  <div class='ocr_page' id='page_1' title='image "/cluster/home/n/w/nwhite01/storage/ocr_20150623/43/hvd.32044012717385/045.png"; bbox 0 0 4054 6470; ppageno 0'>
   <div class='ocr_carea' id='block_1_1' title="bbox 509 352 3789 433">
    <p class='ocr_par' dir='ltr' id='par_1_1' title="bbox 509 352 3789 433">
     <span class='ocr_line' id='line_1_1' title="bbox 509 352 3789 433; baseline 0.002 -12"><span class='ocrx_word' id='word_1_1' title='bbox 509 364 579 421; x_wconf 64' lang='grc' dir='ltr'><strong>τε</strong></span> <span class='ocrx_word' id='word_1_2' title='bbox 1326 366 1595 421; x_wconf 66' lang='lat' dir='ltr'><strong>CONTIH</strong></span> <span class='ocrx_word' id='word_1_3' title='bbox 1639 363 2016 418; x_wconf 76' lang='lat' dir='ltr'><strong>El~‘lS’l‘0l..\.\l</strong></span> <span class='ocrx_word' id='word_1_4' title='bbox 2059 352 2498 433; x_wconf 57' lang='lat' dir='ltr'><strong>cantu-must,</strong></span> <span class='ocrx_word' id='word_1_5' title='bbox 2541 367 2594 420; x_wconf 87' lang='lat' dir='ltr'><strong>s.</strong></span> <span class='ocrx_word' id='word_1_6' title='bbox 2640 363 3003 423; x_wconf 67' lang='lat' dir='ltr'><strong>AUGUSTINI</strong></span> <span class='ocrx_word' id='word_1_7' title='bbox 3721 365 3789 428; x_wconf 78' lang='lat' dir='ltr'><strong>se</strong></span> 
     </span>
    </p>
   </div>
   <div class='ocr_carea' id='block_1_2' title="bbox 508 478 2098 552">
    <p class='ocr_par' dir='ltr' id='par_1_2' title="bbox 508 478 2098 552">
     <span class='ocr_line' id='line_1_2' title="bbox 508 478 2098 552; baseline -0.007 -11"><span class='ocrx_word' id='word_1_8' title='bbox 508 485 694 552; x_wconf 81' lang='lat' dir='ltr'><strong>sentit,</strong></span> <span class='ocrx_word' id='word_1_9' title='bbox 724 498 848 540; x_wconf 82' lang='lat' dir='ltr'><strong>cum</strong></span> <span class='ocrx_word' id='word_1_10' title='bbox 894 482 993 537; x_wconf 92' lang='lat' dir='ltr'><strong>hoc</strong></span> <span class='ocrx_word' id='word_1_11' title='bbox 1023 483 1201 552; x_wconf 89' lang='lat' dir='ltr'><strong>culpet</strong></span> <span class='ocrx_word' id='word_1_12' title='bbox 1237 490 1394 550; x_wconf 94' lang='lat' dir='ltr'><strong>atque</strong></span> <span class='ocrx_word' id='word_1_13' title='bbox 1438 478 1831 549; x_wconf 80' lang='lat' dir='ltr'><strong>reprehendat:</strong></span> <span class='ocrx_word' id='word_1_14' title='bbox 1877 493 1977 533; x_wconf 91' lang='lat' dir='ltr'><strong>nec</strong></span> <span class='ocrx_word' id='word_1_15' title='bbox 2005 491 2098 532; x_wconf 90' lang='lat' dir='ltr'><strong>eos</strong></span> 
     </span>
    </p>
   </div>
   <div class='ocr_carea' id='block_1_3' title="bbox 511 569 2100 648">
    <p class='ocr_par' dir='ltr' id='par_1_3' title="bbox 511 569 2100 648">
     <span class='ocr_line' id='line_1_3' title="bbox 511 569 2100 648; baseline -0.006 -14"><span class='ocrx_word' id='word_1_16' title='bbox 511 579 578 633; x_wconf 83' lang='lat' dir='ltr'><strong>ad</strong></span> <span class='ocrx_word' id='word_1_17' title='bbox 609 576 956 648; x_wconf 88' lang='lat' dir='ltr'><strong>peccandum,</strong></span> <span class='ocrx_word' id='word_1_18' title='bbox 986 574 1079 630; x_wconf 91' lang='lat' dir='ltr'><strong>sed</strong></span> <span class='ocrx_word' id='word_1_19' title='bbox 1109 573 1174 628; x_wconf 90' lang='lat' dir='ltr'><strong>ad</strong></span> <span class='ocrx_word' id='word_1_20' title='bbox 1203 573 1301 627; x_wconf 88' lang='lat' dir='ltr'><strong>hoc</strong></span> <span class='ocrx_word' id='word_1_21' title='bbox 1322 572 1554 641; x_wconf 89' lang='lat' dir='ltr'><strong>adjuvat,</strong></span> <span class='ocrx_word' id='word_1_22' title='bbox 1587 571 1729 626; x_wconf 86' lang='lat' dir='ltr'><strong>unde</strong></span> <span class='ocrx_word' id='word_1_23' title='bbox 1755 571 1996 626; x_wconf 90' lang='lat' dir='ltr'><strong>Christus</strong></span> <span class='ocrx_word' id='word_1_24' title='bbox 2025 569 2100 624; x_wconf 82' lang='lat' dir='ltr'><strong>la-</strong></span> 
     </span>
    </p>
   </div>
   <div class='ocr_carea' id='block_1_4' title="bbox 510 663 2101 741">
    <p class='ocr_par' dir='ltr' id='par_1_4' title="bbox 510 663 2101 741">
     <span class='ocr_line' id='line_1_4' title="bbox 510 663 2101 741; baseline -0.006 -16"><span class='ocrx_word' id='word_1_25' title='bbox 510 669 617 725; x_wconf 86' lang='lat' dir='ltr'><strong>tius</strong></span> <span class='ocrx_word' id='word_1_26' title='bbox 643 669 984 741; x_wconf 69' lang='lat' dir='ltr'><strong>prauiicetnr,</strong></span> <span class='ocrx_word' id='word_1_27' title='bbox 1013 677 1066 720; x_wconf 93' lang='lat' dir='ltr'><strong>et</strong></span> <span class='ocrx_word' id='word_1_28' title='bbox 1089 665 1158 719; x_wconf 92' lang='lat' dir='ltr'><strong>ab</strong></span> <span class='ocrx_word' id='word_1_29' title='bbox 1190 664 1270 719; x_wconf 86' lang='lat' dir='ltr'><strong>his</strong></span> <span class='ocrx_word' id='word_1_30' title='bbox 1305 663 1393 734; x_wconf 90' lang='lat' dir='ltr'><strong>qui</strong></span> <span class='ocrx_word' id='word_1_31' title='bbox 1425 663 1644 718; x_wconf 87' lang='lat' dir='ltr'><strong>audiunt</strong></span> <span class='ocrx_word' id='word_1_32' title='bbox 1672 673 1725 718; x_wconf 92' lang='lat' dir='ltr'><strong>ct</strong></span> <span class='ocrx_word' id='word_1_33' title='bbox 1765 664 1965 718; x_wconf 86' lang='lat' dir='ltr'><strong>faciunt</strong></span> <span class='ocrx_word' id='word_1_34' title='bbox 2004 677 2101 732; x_wconf 89' lang='lat' dir='ltr'><strong>per</strong></span> 
     </span>
    </p>
   </div>
   <div class='ocr_carea' id='block_1_5' title="bbox 509 752 2096 832">
    <p class='ocr_par' dir='ltr' id='par_1_5' title="bbox 509 752 2096 832">
     <span class='ocr_line' id='line_1_5' title="bbox 509 752 2096 832; baseline -0.006 -15"><span class='ocrx_word' id='word_1_35' title='bbox 509 769 607 817; x_wconf 70' lang='grc' dir='ltr'><strong>θος</strong></span> <span class='ocrx_word' id='word_1_36' title='bbox 644 761 734 832; x_wconf 87' lang='lat' dir='ltr'><strong>qui</strong></span> <span class='ocrx_word' id='word_1_37' title='bbox 763 758 905 832; x_wconf 88' lang='lat' dir='ltr'><strong>quod</strong></span> <span class='ocrx_word' id='word_1_38' title='bbox 951 757 1133 811; x_wconf 91' lang='lat' dir='ltr'><strong>dicunt</strong></span> <span class='ocrx_word' id='word_1_39' title='bbox 1181 771 1286 809; x_wconf 93' lang='lat' dir='ltr'><strong>non</strong></span> <span class='ocrx_word' id='word_1_40' title='bbox 1332 752 1549 820; x_wconf 81' lang='lat' dir='ltr'><strong>faciunt,</strong></span> <span class='ocrx_word' id='word_1_41' title='bbox 1582 755 1796 810; x_wconf 89' lang='lat' dir='ltr'><strong>Christo</strong></span> <span class='ocrx_word' id='word_1_42' title='bbox 1826 754 2096 818; x_wconf 77' lang='lat' dir='ltr'><strong>credatur,</strong></span> 
     </span>
    </p>
   </div>
   <div class='ocr_carea' id='block_1_6' title="bbox 510 847 2098 922">
    <p class='ocr_par' dir='ltr' id='par_1_6' title="bbox 510 847 2098 922">
     <span class='ocr_line' id='line_1_6' title="bbox 510 847 2098 922; baseline -0.004 -13"><span class='ocrx_word' id='word_1_43' title='bbox 510 856 564 909; x_wconf 89' lang='lat' dir='ltr'><strong>iu</strong></span> <span class='ocrx_word' id='word_1_44' title='bbox 594 853 808 910; x_wconf 85' lang='lat' dir='ltr'><strong>Christo</strong></span> <span class='ocrx_word' id='word_1_45' title='bbox 836 860 1099 922; x_wconf 91' lang='lat' dir='ltr'><strong>speretur,</strong></span> <span class='ocrx_word' id='word_1_46' title='bbox 1125 847 1375 904; x_wconf 84' lang='lat' dir='ltr'><strong>Christus</strong></span> <span class='ocrx_word' id='word_1_47' title='bbox 1410 849 1678 918; x_wconf 71' lang='lat' dir='ltr'><strong>diligatur.</strong></span> <span class='ocrx_word' id='word_1_48' title='bbox 1707 847 1926 903; x_wconf 81' lang='lat' dir='ltr'><strong>Talibus</strong></span> <span class='ocrx_word' id='word_1_49' title='bbox 1954 848 2098 902; x_wconf 91' lang='lat' dir='ltr'><strong>enim</strong></span> 
     </span>
    </p>
   </div>
   <div class='ocr_carea' id='block_1_7' title="bbox 506 938 2097 1018">
    <p class='ocr_par' dir='ltr' id='par_1_7' title="bbox 506 938 2097 1018">
     <span class='ocr_line' id='line_1_7' title="bbox 506 938 2097 1018; baseline -0.007 -15"><span class='ocrx_word' id='word_1_50' title='bbox 506 947 746 1018; x_wconf 65' lang='grc' dir='ltr'><strong>ιιι-κείμὴ</strong></span> <span class='ocrx_word' id='word_1_51' title='bbox 789 945 927 1000; x_wconf 90' lang='lat' dir='ltr'><strong>idem</strong></span> <span class='ocrx_word' id='word_1_52' title='bbox 959 941 1232 1014; x_wconf 79' lang='lat' dir='ltr'><strong>apostolus</strong></span> <span class='ocrx_word' id='word_1_53' title='bbox 1257 941 1479 997; x_wconf 84' lang='lat' dir='ltr'><strong>dicens:</strong></span> <span class='ocrx_word' id='word_1_54' title='bbox 1513 938 1690 995; x_wconf 80' lang='lat' dir='ltr'><strong>Nolite</strong></span> <span class='ocrx_word' id='word_1_55' title='bbox 1717 940 1956 1010; x_wconf 79' lang='lat' dir='ltr'><strong>conjungi</strong></span> <span class='ocrx_word' id='word_1_56' title='bbox 1983 955 2097 992; x_wconf 86' lang='lat' dir='ltr'><strong>cum</strong></span> 
     </span>
    </p>
   </div>
   <div class='ocr_carea' id='block_1_8' title="bbox 507 1033 2096 1110">
    <p class='ocr_par' dir='ltr' id='par_1_8' title="bbox 507 1033 2096 1110">
     <span class='ocr_line' id='line_1_8' title="bbox 507 1033 2096 1110; baseline -0.007 -16"><span class='ocrx_word' id='word_1_57' title='bbox 507 1038 819 1110; x_wconf 71' lang='lat' dir='ltr'><strong>inﬁdelibus.</strong></span> <span class='ocrx_word' id='word_1_58' title='bbox 853 1036 979 1103; x_wconf 78' lang='lat' dir='ltr'><strong>Qua:</strong></span> <span class='ocrx_word' id='word_1_59' title='bbox 1006 1035 1136 1089; x_wconf 85' lang='lat' dir='ltr'><strong>enim</strong></span> <span class='ocrx_word' id='word_1_60' title='bbox 1178 1034 1498 1106; x_wconf 83' lang='lat' dir='ltr'><strong>participatio</strong></span> <span class='ocrx_word' id='word_1_61' title='bbox 1528 1033 1744 1104; x_wconf 81' lang='lat' dir='ltr'><strong>jnstitite</strong></span> <span class='ocrx_word' id='word_1_62' title='bbox 1767 1049 1879 1086; x_wconf 88' lang='lat' dir='ltr'><strong>cum</strong></span> <span class='ocrx_word' id='word_1_63' title='bbox 1910 1033 2096 1102; x_wconf 81' lang='lat' dir='ltr'><strong>iniqui-</strong></span> 
     </span>
    </p>
   </div>
   <div class='ocr_carea' id='block_1_9' title="bbox 507 1123 2100 1196">
    <p class='ocr_par' dir='ltr' id='par_1_9' title="bbox 507 1123 2100 1196">
     <span class='ocr_line' id='line_1_9' title="bbox 507 1123 2100 1196; baseline -0.004 -12"><span class='ocrx_word' id='word_1_64' title='bbox 507 1129 650 1184; x_wconf 76' lang='lat' dir='ltr'><strong>tate?</strong></span> <span class='ocrx_word' id='word_1_65' title='bbox 692 1129 819 1196; x_wconf 77' lang='lat' dir='ltr'><strong>Qua:</strong></span> <span class='ocrx_word' id='word_1_66' title='bbox 861 1127 1248 1182; x_wconf 89' lang='lat' dir='ltr'><strong>communicatio</strong></span> <span class='ocrx_word' id='word_1_67' title='bbox 1291 1136 1362 1180; x_wconf 89' lang='lat' dir='ltr'><strong>est</strong></span> <span class='ocrx_word' id='word_1_68' title='bbox 1411 1126 1511 1179; x_wconf 90' lang='lat' dir='ltr'><strong>luci</strong></span> <span class='ocrx_word' id='word_1_69' title='bbox 1555 1125 1623 1178; x_wconf 88' lang='lat' dir='ltr'><strong>ad</strong></span> <span class='ocrx_word' id='word_1_70' title='bbox 1653 1125 1924 1179; x_wconf 83' lang='lat' dir='ltr'><strong>tenebras.&quot;</strong></span> <span class='ocrx_word' id='word_1_71' title='bbox 1975 1123 2100 1190; x_wconf 81' lang='lat' dir='ltr'><strong>Qute</strong></span> 
     </span>
    </p>
   </div>
   <div class='ocr_carea' id='block_1_10' title="bbox 505 1215 2100 1285">
    <p class='ocr_par' dir='ltr' id='par_1_10' title="bbox 505 1215 2100 1285">
     <span class='ocr_line' id='line_1_10' title="bbox 505 1215 2100 1285; baseline -0.004 -10"><span class='ocrx_word' id='word_1_72' title='bbox 505 1229 675 1275; x_wconf 79' lang='lat' dir='ltr'><strong>autem</strong></span> <span class='ocrx_word' id='word_1_73' title='bbox 703 1219 964 1272; x_wconf 74' lang='lat' dir='ltr'><strong>conventio</strong></span> <span class='ocrx_word' id='word_1_74' title='bbox 992 1217 1182 1273; x_wconf 86' lang='lat' dir='ltr'><strong>Christi</strong></span> <span class='ocrx_word' id='word_1_75' title='bbox 1208 1217 1276 1270; x_wconf 88' lang='lat' dir='ltr'><strong>ad</strong></span> <span class='ocrx_word' id='word_1_76' title='bbox 1300 1216 1507 1271; x_wconf 81' lang='lat' dir='ltr'><strong>Belial?</strong></span> <span class='ocrx_word' id='word_1_77' title='bbox 1532 1217 1634 1270; x_wconf 80' lang='lat' dir='ltr'><strong>Aut</strong></span> <span class='ocrx_word' id='word_1_78' title='bbox 1661 1232 1775 1285; x_wconf 77' lang='lat' dir='ltr'><strong>qua:</strong></span> <span class='ocrx_word' id='word_1_79' title='bbox 1799 1233 1918 1284; x_wconf 86' lang='lat' dir='ltr'><strong>pars</strong></span> <span class='ocrx_word' id='word_1_80' title='bbox 1958 1215 2100 1284; x_wconf 86' lang='lat' dir='ltr'><strong>[ideli</strong></span> 
     </span>
    </p>
   </div>
   <div class='ocr_carea' id='block_1_11' title="bbox 503 1307 2101 1380">
    <p class='ocr_par' dir='ltr' id='par_1_11' title="bbox 503 1307 2101 1380">
     <span class='ocr_line' id='line_1_11' title="bbox 503 1307 2101 1380; baseline -0.001 -16"><span class='ocrx_word' id='word_1_81' title='bbox 503 1323 619 1364; x_wconf 82' lang='lat' dir='ltr'><strong>cum</strong></span> <span class='ocrx_word' id='word_1_82' title='bbox 659 1310 858 1380; x_wconf 77' lang='lat' dir='ltr'><strong>inﬁdeli</strong></span> <span class='ocrx_word' id='word_1_83' title='bbox 880 1311 905 1363; x_wconf 85' lang='lat'><strong><em>?</em></strong></span> <span class='ocrx_word' id='word_1_84' title='bbox 953 1309 1057 1378; x_wconf 82' lang='lat' dir='ltr'><strong>Qui</strong></span> <span class='ocrx_word' id='word_1_85' title='bbox 1100 1319 1266 1364; x_wconf 81' lang='lat' dir='ltr'><strong>autem</strong></span> <span class='ocrx_word' id='word_1_86' title='bbox 1309 1323 1582 1363; x_wconf 84' lang='lat' dir='ltr'><strong>consensus</strong></span> <span class='ocrx_word' id='word_1_87' title='bbox 1623 1308 1810 1378; x_wconf 84' lang='lat' dir='ltr'><strong>templo</strong></span> <span class='ocrx_word' id='word_1_88' title='bbox 1849 1307 1944 1361; x_wconf 86' lang='lat' dir='ltr'><strong>Dei</strong></span> <span class='ocrx_word' id='word_1_89' title='bbox 1983 1324 2101 1362; x_wconf 85' lang='lat' dir='ltr'><strong>cum</strong></span> 
     </span>
    </p>
   </div>
   <div class='ocr_carea' id='block_1_12' title="bbox 502 1395 2099 1469">
    <p class='ocr_par' dir='ltr' id='par_1_12' title="bbox 502 1395 2099 1469">
     <span class='ocr_line' id='line_1_12' title="bbox 502 1395 2099 1469; baseline -0.004 -12"><span class='ocrx_word' id='word_1_90' title='bbox 502 1401 837 1458; x_wconf 77' lang='lat' dir='ltr'><strong>simulacris?</strong></span> <span class='ocrx_word' id='word_1_91' title='bbox 880 1399 978 1455; x_wconf 77' lang='lat' dir='ltr'><strong>Vos</strong></span> <span class='ocrx_word' id='word_1_92' title='bbox 1016 1401 1147 1454; x_wconf 85' lang='lat' dir='ltr'><strong>enim</strong></span> <span class='ocrx_word' id='word_1_93' title='bbox 1188 1401 1430 1469; x_wconf 77' lang='lat' dir='ltr'><strong>templum</strong></span> <span class='ocrx_word' id='word_1_94' title='bbox 1477 1399 1571 1454; x_wconf 81' lang='lat' dir='ltr'><strong>Dei</strong></span> <span class='ocrx_word' id='word_1_95' title='bbox 1615 1400 1738 1452; x_wconf 78' lang='lat' dir='ltr'><strong>vivi&#39;</strong></span> <span class='ocrx_word' id='word_1_96' title='bbox 1790 1400 1925 1453; x_wconf 91' lang='lat' dir='ltr'><strong>estis.</strong></span> <span class='ocrx_word' id='word_1_97' title='bbox 1964 1395 2099 1452; x_wconf 82' lang='lat' dir='ltr'><strong>Dicit</strong></span> 
     </span>
    </p>
   </div>
   <div class='ocr_carea' id='block_1_13' title="bbox 502 1488 2098 1560">
    <p class='ocr_par' dir='ltr' id='par_1_13' title="bbox 502 1488 2098 1560">
     <span class='ocr_line' id='line_1_13' title="bbox 502 1488 2098 1560; baseline -0.004 -12"><span class='ocrx_word' id='word_1_98' title='bbox 502 1495 680 1548; x_wconf 83' lang='lat' dir='ltr'><strong>enim:</strong></span> <span class='ocrx_word' id='word_1_99' title='bbox 711 1492 844 1560; x_wconf 83' lang='lat' dir='ltr'><strong>Quia</strong></span> <span class='ocrx_word' id='word_1_100' title='bbox 893 1491 1180 1547; x_wconf 70' lang='lat' dir='ltr'><strong>inhabitabo</strong></span> <span class='ocrx_word' id='word_1_101' title='bbox 1223 1491 1274 1544; x_wconf 90' lang='lat' dir='ltr'><strong>in</strong></span> <span class='ocrx_word' id='word_1_102' title='bbox 1317 1491 1409 1556; x_wconf 87' lang='lat' dir='ltr'><strong>eis,</strong></span> <span class='ocrx_word' id='word_1_103' title='bbox 1441 1500 1484 1544; x_wconf 88' lang='lat' dir='ltr'><strong>et</strong></span> <span class='ocrx_word' id='word_1_104' title='bbox 1526 1488 1892 1552; x_wconf 81' lang='lat' dir='ltr'><strong>inambulabo;</strong></span> <span class='ocrx_word' id='word_1_105' title='bbox 1938 1496 1984 1542; x_wconf 90' lang='lat' dir='ltr'><strong>et</strong></span> <span class='ocrx_word' id='word_1_106' title='bbox 2012 1504 2098 1542; x_wconf 92' lang='lat' dir='ltr'><strong>ero</strong></span> 
     </span>
    </p>
   </div>
   <div class='ocr_carea' id='block_1_14' title="bbox 497 1580 2098 1656">
    <p class='ocr_par' dir='ltr' id='par_1_14' title="bbox 497 1580 2098 1656">
     <span class='ocr_line' id='line_1_14' title="bbox 497 1580 2098 1656; baseline -0.005 -15"><span class='ocrx_word' id='word_1_107' title='bbox 497 1587 706 1641; x_wconf 81' lang='lat' dir='ltr'><strong>illorum</strong></span> <span class='ocrx_word' id='word_1_108' title='bbox 735 1584 898 1652; x_wconf 88' lang='lat' dir='ltr'><strong>Deus,</strong></span> <span class='ocrx_word' id='word_1_109' title='bbox 925 1595 972 1639; x_wconf 87' lang='lat' dir='ltr'><strong>et</strong></span> <span class='ocrx_word' id='word_1_110' title='bbox 997 1585 1098 1656; x_wconf 87' lang='lat' dir='ltr'><strong>ipsi</strong></span> <span class='ocrx_word' id='word_1_111' title='bbox 1122 1594 1266 1638; x_wconf 87' lang='lat' dir='ltr'><strong>erunt</strong></span> <span class='ocrx_word' id='word_1_112' title='bbox 1291 1583 1414 1636; x_wconf 88' lang='lat' dir='ltr'><strong>mihi</strong></span> <span class='ocrx_word' id='word_1_113' title='bbox 1441 1583 1680 1654; x_wconf 86' lang='lat' dir='ltr'><strong>populus.</strong></span> <span class='ocrx_word' id='word_1_114' title='bbox 1728 1580 1944 1651; x_wconf 80' lang='lat' dir='ltr'><strong>Propter</strong></span> <span class='ocrx_word' id='word_1_115' title='bbox 1964 1581 2098 1650; x_wconf 88' lang='lat' dir='ltr'><strong>quod</strong></span> 
     </span>
    </p>
   </div>
   <div class='ocr_carea' id='block_1_15' title="bbox 499 1673 2096 1743">
    <p class='ocr_par' dir='ltr' id='par_1_15' title="bbox 499 1673 2096 1743">
     <span class='ocr_line' id='line_1_15' title="bbox 499 1673 2096 1743; baseline -0.003 -12"><span class='ocrx_word' id='word_1_116' title='bbox 499 1679 634 1734; x_wconf 79' lang='lat' dir='ltr'><strong>exite</strong></span> <span class='ocrx_word' id='word_1_117' title='bbox 676 1678 741 1732; x_wconf 88' lang='lat' dir='ltr'><strong>de</strong></span> <span class='ocrx_word' id='word_1_118' title='bbox 787 1677 951 1731; x_wconf 89' lang='lat' dir='ltr'><strong>medio</strong></span> <span class='ocrx_word' id='word_1_119' title='bbox 980 1691 1172 1743; x_wconf 87' lang='lat' dir='ltr'><strong>eorum,</strong></span> <span class='ocrx_word' id='word_1_120' title='bbox 1205 1675 1325 1729; x_wconf 86' lang='lat' dir='ltr'><strong>dicit</strong></span> <span class='ocrx_word' id='word_1_121' title='bbox 1375 1673 1644 1735; x_wconf 84' lang='lat' dir='ltr'><strong>Dominus,</strong></span> <span class='ocrx_word' id='word_1_122' title='bbox 1685 1684 1732 1727; x_wconf 92' lang='lat' dir='ltr'><strong>et</strong></span> <span class='ocrx_word' id='word_1_123' title='bbox 1780 1673 2096 1726; x_wconf 86' lang='lat' dir='ltr'><strong>immundum</strong></span> 
     </span>
    </p>
   </div>
   <div class='ocr_carea' id='block_1_16' title="bbox 501 1766 2092 1842">
    <p class='ocr_par' dir='ltr' id='par_1_16' title="bbox 501 1766 2092 1842">
     <span class='ocr_line' id='line_1_16' title="bbox 501 1766 2092 1842; baseline -0.004 -17"><span class='ocrx_word' id='word_1_124' title='bbox 501 1777 566 1825; x_wconf 77' lang='lat' dir='ltr'><strong>ne</strong></span> <span class='ocrx_word' id='word_1_125' title='bbox 595 1770 889 1842; x_wconf 74' lang='lat' dir='ltr'><strong>tetigeritis;</strong></span> <span class='ocrx_word' id='word_1_126' title='bbox 936 1779 982 1823; x_wconf 82' lang='lat' dir='ltr'><strong>et</strong></span> <span class='ocrx_word' id='word_1_127' title='bbox 1009 1785 1100 1840; x_wconf 87' lang='lat' dir='ltr'><strong>ego</strong></span> <span class='ocrx_word' id='word_1_128' title='bbox 1125 1768 1365 1839; x_wconf 85' lang='lat' dir='ltr'><strong>recipiant</strong></span> <span class='ocrx_word' id='word_1_129' title='bbox 1393 1783 1500 1833; x_wconf 79' lang='lat' dir='ltr'><strong>vos,</strong></span> <span class='ocrx_word' id='word_1_130' title='bbox 1534 1777 1577 1820; x_wconf 85' lang='lat' dir='ltr'><strong>et</strong></span> <span class='ocrx_word' id='word_1_131' title='bbox 1621 1784 1704 1820; x_wconf 81' lang='lat' dir='ltr'><strong>ero</strong></span> <span class='ocrx_word' id='word_1_132' title='bbox 1746 1766 1881 1820; x_wconf 77' lang='lat' dir='ltr'><strong>vobis</strong></span> <span class='ocrx_word' id='word_1_133' title='bbox 1925 1767 1975 1820; x_wconf 89' lang='lat' dir='ltr'><strong>in</strong></span> <span class='ocrx_word' id='word_1_134' title='bbox 2002 1783 2092 1836; x_wconf 85' lang='lat' dir='ltr'><strong>pa-</strong></span> 
     </span>
    </p>
   </div>
   <div class='ocr_carea' id='block_1_17' title="bbox 501 1857 2097 1929">
    <p class='ocr_par' dir='ltr' id='par_1_17' title="bbox 501 1857 2097 1929">
     <span class='ocr_line' id='line_1_17' title="bbox 501 1857 2097 1929; baseline -0.001 -15"><span class='ocrx_word' id='word_1_135' title='bbox 501 1872 650 1926; x_wconf 79' lang='lat' dir='ltr'><strong>trem,</strong></span> <span class='ocrx_word' id='word_1_136' title='bbox 678 1871 725 1916; x_wconf 86' lang='lat' dir='ltr'><strong>et</strong></span> <span class='ocrx_word' id='word_1_137' title='bbox 749 1879 833 1916; x_wconf 77' lang='lat' dir='ltr'><strong>vos</strong></span> <span class='ocrx_word' id='word_1_138' title='bbox 857 1861 994 1916; x_wconf 84' lang='lat' dir='ltr'><strong>eritis</strong></span> <span class='ocrx_word' id='word_1_139' title='bbox 1018 1861 1139 1914; x_wconf 81' lang='lat' dir='ltr'><strong>milii</strong></span> <span class='ocrx_word' id='word_1_140' title='bbox 1167 1861 1218 1914; x_wconf 89' lang='lat' dir='ltr'><strong>in</strong></span> <span class='ocrx_word' id='word_1_141' title='bbox 1257 1860 1392 1929; x_wconf 85' lang='lat' dir='ltr'><strong>ﬁlios</strong></span> <span class='ocrx_word' id='word_1_142' title='bbox 1415 1868 1459 1912; x_wconf 89' lang='lat' dir='ltr'><strong>et</strong></span> <span class='ocrx_word' id='word_1_143' title='bbox 1501 1860 1654 1928; x_wconf 80' lang='lat' dir='ltr'><strong>ﬁlius,</strong></span> <span class='ocrx_word' id='word_1_144' title='bbox 1684 1860 1804 1912; x_wconf 78' lang='lat' dir='ltr'><strong>dicit</strong></span> <span class='ocrx_word' id='word_1_145' title='bbox 1848 1857 2097 1913; x_wconf 79' lang='lat' dir='ltr'><strong>Daminus</strong></span> 
     </span>
    </p>
   </div>
   <div class='ocr_carea' id='block_1_18' title="bbox 501 1950 2095 2026">
    <p class='ocr_par' dir='ltr' id='par_1_18' title="bbox 501 1950 2095 2026">
     <span class='ocr_line' id='line_1_18' title="bbox 501 1950 2095 2026; baseline -0.002 -18"><span class='ocrx_word' id='word_1_146' title='bbox 501 1955 816 2026; x_wconf 82' lang='lat' dir='ltr'><strong>omnipotens</strong></span> <span class='ocrx_word' id='word_1_147' title='bbox 845 1952 919 2024; x_wconf 85' lang='lat' dir='ltr'><strong>(ll</strong></span> <span class='ocrx_word' id='word_1_148' title='bbox 950 1953 1068 2009; x_wconf 86' lang='lat' dir='ltr'><strong>Cor.</strong></span> <span class='ocrx_word' id='word_1_149' title='bbox 1105 1967 1176 2014; x_wconf 89' lang='lat' dir='ltr'><strong>vt,</strong></span> <span class='ocrx_word' id='word_1_150' title='bbox 1208 1951 1396 2024; x_wconf 64' lang='lat'>“48)</span> <span class='ocrx_word' id='word_1_151' title='bbox 1446 1951 1575 2018; x_wconf 68' lang='lat' dir='ltr'><strong>Qum</strong></span> <span class='ocrx_word' id='word_1_152' title='bbox 1600 1951 1757 2006; x_wconf 88' lang='lat' dir='ltr'><strong>verba</strong></span> <span class='ocrx_word' id='word_1_153' title='bbox 1784 1950 1870 2006; x_wconf 85' lang='lat' dir='ltr'><strong>isti</strong></span> <span class='ocrx_word' id='word_1_154' title='bbox 1909 1966 2095 2005; x_wconf 87' lang='lat' dir='ltr'><strong>carna-</strong></span> 
     </span>
    </p>
   </div>
   <div class='ocr_carea' id='block_1_19' title="bbox 503 2043 2094 2116">
    <p class='ocr_par' dir='ltr' id='par_1_19' title="bbox 503 2043 2094 2116">
     <span class='ocr_line' id='line_1_19' title="bbox 503 2043 2094 2116; baseline -0.003 -14"><span class='ocrx_word' id='word_1_155' title='bbox 503 2047 624 2101; x_wconf 89' lang='lat' dir='ltr'><strong>liter</strong></span> <span class='ocrx_word' id='word_1_156' title='bbox 649 2048 962 2112; x_wconf 89' lang='lat' dir='ltr'><strong>sentientes,</strong></span> <span class='ocrx_word' id='word_1_157' title='bbox 994 2059 1088 2116; x_wconf 90' lang='lat' dir='ltr'><strong>per</strong></span> <span class='ocrx_word' id='word_1_158' title='bbox 1117 2052 1196 2099; x_wconf 87' lang='lat' dir='ltr'><strong>tot</strong></span> <span class='ocrx_word' id='word_1_159' title='bbox 1219 2045 1508 2099; x_wconf 77' lang='lat' dir='ltr'><strong>divisiones</strong></span> <span class='ocrx_word' id='word_1_160' title='bbox 1535 2058 1597 2099; x_wconf 87' lang='lat' dir='ltr'><strong>se</strong></span> <span class='ocrx_word' id='word_1_161' title='bbox 1621 2044 1766 2113; x_wconf 80' lang='lat' dir='ltr'><strong>ipsos</strong></span> <span class='ocrx_word' id='word_1_162' title='bbox 1797 2043 2094 2099; x_wconf 88' lang='lat' dir='ltr'><strong>minutatim</strong></span> 
     </span>
    </p>
   </div>
   <div class='ocr_carea' id='block_1_20' title="bbox 502 2135 2097 2212">
    <p class='ocr_par' dir='ltr' id='par_1_20' title="bbox 502 2135 2097 2212">
     <span class='ocr_line' id='line_1_20' title="bbox 502 2135 2097 2212; baseline -0.003 -18"><span class='ocrx_word' id='word_1_163' title='bbox 502 2141 555 2195; x_wconf 84' lang='lat' dir='ltr'><strong>in</strong></span> <span class='ocrx_word' id='word_1_164' title='bbox 601 2142 712 2212; x_wconf 89' lang='lat' dir='ltr'><strong>ipsa</strong></span> <span class='ocrx_word' id='word_1_165' title='bbox 739 2153 844 2194; x_wconf 85' lang='lat' dir='ltr'><strong>una</strong></span> <span class='ocrx_word' id='word_1_166' title='bbox 884 2137 1063 2194; x_wconf 79' lang='lat' dir='ltr'><strong>Africa</strong></span> <span class='ocrx_word' id='word_1_167' title='bbox 1094 2137 1401 2192; x_wconf 90' lang='lat' dir='ltr'><strong>concidunt.</strong></span> <span class='ocrx_word' id='word_1_168' title='bbox 1447 2135 1563 2190; x_wconf 81' lang='lat' dir='ltr'><strong>Non</strong></span> <span class='ocrx_word' id='word_1_169' title='bbox 1608 2138 1750 2190; x_wconf 88' lang='lat' dir='ltr'><strong>enim</strong></span> <span class='ocrx_word' id='word_1_170' title='bbox 1797 2135 2097 2205; x_wconf 87' lang='lat' dir='ltr'><strong>intelligunt</strong></span> 
     </span>
    </p>
   </div>
   <div class='ocr_carea' id='block_1_21' title="bbox 504 2225 2097 2301">
    <p class='ocr_par' dir='ltr' id='par_1_21' title="bbox 504 2225 2097 2301">
     <span class='ocr_line' id='line_1_21' title="bbox 504 2225 2097 2301; baseline -0.004 -15"><span class='ocrx_word' id='word_1_171' title='bbox 504 2233 775 2286; x_wconf 84' lang='lat' dir='ltr'><strong>neminem</strong></span> <span class='ocrx_word' id='word_1_172' title='bbox 823 2229 1072 2301; x_wconf 82' lang='lat' dir='ltr'><strong>cnnjungi</strong></span> <span class='ocrx_word' id='word_1_173' title='bbox 1131 2240 1251 2284; x_wconf 83' lang='lat' dir='ltr'><strong>eum</strong></span> <span class='ocrx_word' id='word_1_174' title='bbox 1305 2226 1636 2300; x_wconf 80' lang='lat' dir='ltr'><strong>inﬁdelibus,</strong></span> <span class='ocrx_word' id='word_1_175' title='bbox 1687 2226 1785 2281; x_wconf 87' lang='lat' dir='ltr'><strong>nisi</strong></span> <span class='ocrx_word' id='word_1_176' title='bbox 1833 2227 1920 2297; x_wconf 86' lang='lat' dir='ltr'><strong>qui</strong></span> <span class='ocrx_word' id='word_1_177' title='bbox 1971 2225 2097 2280; x_wconf 86' lang='lat' dir='ltr'><strong>facit</strong></span> 
     </span>
    </p>
   </div>
   <div class='ocr_carea' id='block_1_22' title="bbox 500 2318 2096 2396">
    <p class='ocr_par' dir='ltr' id='par_1_22' title="bbox 500 2318 2096 2396">
     <span class='ocr_line' id='line_1_22' title="bbox 500 2318 2096 2396; baseline -0.004 -16"><span class='ocrx_word' id='word_1_178' title='bbox 500 2332 720 2396; x_wconf 84' lang='lat' dir='ltr'><strong>peccata</strong></span> <span class='ocrx_word' id='word_1_179' title='bbox 748 2323 1135 2393; x_wconf 80' lang='lat' dir='ltr'><strong>Paganorum’,</strong></span> <span class='ocrx_word' id='word_1_180' title='bbox 1167 2319 1250 2376; x_wconf 90' lang='lat' dir='ltr'><strong>vel</strong></span> <span class='ocrx_word' id='word_1_181' title='bbox 1279 2320 1398 2374; x_wconf 87' lang='lat' dir='ltr'><strong>talia</strong></span> <span class='ocrx_word' id='word_1_182' title='bbox 1432 2319 1744 2374; x_wconf 89' lang='lat' dir='ltr'><strong>facientibus</strong></span> <span class='ocrx_word' id='word_1_183' title='bbox 1790 2318 1962 2384; x_wconf 76' lang='lat' dir='ltr'><strong>favet;</strong></span> <span class='ocrx_word' id='word_1_184' title='bbox 1996 2334 2096 2374; x_wconf 85' lang='lat' dir='ltr'><strong>nec</strong></span> 
     </span>
    </p>
   </div>
   <div class='ocr_carea' id='block_1_23' title="bbox 498 2411 2094 2488">
    <p class='ocr_par' dir='ltr' id='par_1_23' title="bbox 498 2411 2094 2488">
     <span class='ocr_line' id='line_1_23' title="bbox 498 2411 2094 2488; baseline -0.003 -17"><span class='ocrx_word' id='word_1_185' title='bbox 498 2427 822 2488; x_wconf 87' lang='lat' dir='ltr'><strong>quemquam</strong></span> <span class='ocrx_word' id='word_1_186' title='bbox 849 2414 960 2470; x_wconf 87' lang='lat' dir='ltr'><strong>fieri</strong></span> <span class='ocrx_word' id='word_1_187' title='bbox 982 2413 1292 2486; x_wconf 90' lang='lat' dir='ltr'><strong>participem</strong></span> <span class='ocrx_word' id='word_1_188' title='bbox 1319 2411 1631 2482; x_wconf 82' lang='lat' dir='ltr'><strong>iniquitatis,</strong></span> <span class='ocrx_word' id='word_1_189' title='bbox 1664 2411 1763 2466; x_wconf 91' lang='lat' dir='ltr'><strong>nisi</strong></span> <span class='ocrx_word' id='word_1_190' title='bbox 1792 2411 1878 2482; x_wconf 90' lang='lat' dir='ltr'><strong>qui</strong></span> <span class='ocrx_word' id='word_1_191' title='bbox 1916 2411 2094 2481; x_wconf 81' lang='lat' dir='ltr'><strong>iniqua</strong></span> 
     </span>
    </p>
   </div>
   <div class='ocr_carea' id='block_1_24' title="bbox 499 2504 2095 2579">
    <p class='ocr_par' dir='ltr' id='par_1_24' title="bbox 499 2504 2095 2579">
     <span class='ocr_line' id='line_1_24' title="bbox 499 2504 2095 2579; baseline -0.002 -18"><span class='ocrx_word' id='word_1_192' title='bbox 499 2507 587 2564; x_wconf 88' lang='lat' dir='ltr'><strong>vel</strong></span> <span class='ocrx_word' id='word_1_193' title='bbox 614 2508 723 2579; x_wconf 79' lang='lat' dir='ltr'><strong>agit</strong></span> <span class='ocrx_word' id='word_1_194' title='bbox 750 2507 833 2563; x_wconf 87' lang='lat' dir='ltr'><strong>vel</strong></span> <span class='ocrx_word' id='word_1_195' title='bbox 865 2507 1142 2576; x_wconf 78' lang='lat' dir='ltr'><strong>approbat.</strong></span> <span class='ocrx_word' id='word_1_196' title='bbox 1191 2504 1321 2571; x_wconf 85' lang='lat' dir='ltr'><strong>Quis</strong></span> <span class='ocrx_word' id='word_1_197' title='bbox 1349 2513 1522 2559; x_wconf 79' lang='lat' dir='ltr'><strong>autem</strong></span> <span class='ocrx_word' id='word_1_198' title='bbox 1551 2504 1909 2559; x_wconf 85' lang='lat' dir='ltr'><strong>communicat</strong></span> <span class='ocrx_word' id='word_1_199' title='bbox 1949 2512 2095 2558; x_wconf 87' lang='lat' dir='ltr'><strong>tene-</strong></span> 
     </span>
    </p>
   </div>
   <div class='ocr_carea' id='block_1_25' title="bbox 501 2597 2092 2671">
    <p class='ocr_par' dir='ltr' id='par_1_25' title="bbox 501 2597 2092 2671">
     <span class='ocr_line' id='line_1_25' title="bbox 501 2597 2092 2671; baseline -0.003 -15"><span class='ocrx_word' id='word_1_200' title='bbox 501 2601 642 2668; x_wconf 77' lang='lat' dir='ltr'><strong>lrris,</strong></span> <span class='ocrx_word' id='word_1_201' title='bbox 689 2601 790 2656; x_wconf 86' lang='lat' dir='ltr'><strong>nisi</strong></span> <span class='ocrx_word' id='word_1_202' title='bbox 838 2601 925 2671; x_wconf 92' lang='lat' dir='ltr'><strong>qui</strong></span> <span class='ocrx_word' id='word_1_203' title='bbox 985 2615 1082 2670; x_wconf 82' lang='lat' dir='ltr'><strong>per</strong></span> <span class='ocrx_word' id='word_1_204' title='bbox 1129 2598 1377 2654; x_wconf 89' lang='lat' dir='ltr'><strong>tenebras</strong></span> <span class='ocrx_word' id='word_1_205' title='bbox 1427 2597 1798 2652; x_wconf 87' lang='lat' dir='ltr'><strong>consensionis</strong></span> <span class='ocrx_word' id='word_1_206' title='bbox 1853 2613 1964 2652; x_wconf 63' lang='lat' dir='ltr'><strong>suae</strong></span> <span class='ocrx_word' id='word_1_207' title='bbox 2009 2597 2092 2652; x_wconf 88' lang='lat' dir='ltr'><strong>di-</strong></span> 
     </span>
    </p>
   </div>
   <div class='ocr_carea' id='block_1_26' title="bbox 502 2687 2096 2764">
    <p class='ocr_par' dir='ltr' id='par_1_26' title="bbox 502 2687 2096 2764">
     <span class='ocr_line' id='line_1_26' title="bbox 502 2687 2096 2764; baseline -0.004 -14"><span class='ocrx_word' id='word_1_208' title='bbox 502 2697 667 2750; x_wconf 84' lang='lat' dir='ltr'><strong>misso</strong></span> <span class='ocrx_word' id='word_1_209' title='bbox 687 2694 902 2751; x_wconf 86' lang='lat' dir='ltr'><strong>Christo</strong></span> <span class='ocrx_word' id='word_1_210' title='bbox 930 2693 1168 2764; x_wconf 89' lang='lat' dir='ltr'><strong>sequitur</strong></span> <span class='ocrx_word' id='word_1_211' title='bbox 1197 2690 1401 2746; x_wconf 86' lang='lat' dir='ltr'><strong>Belial?</strong></span> <span class='ocrx_word' id='word_1_212' title='bbox 1427 2692 1556 2756; x_wconf 84' lang='lat' dir='ltr'><strong>Quis</strong></span> <span class='ocrx_word' id='word_1_213' title='bbox 1583 2689 1731 2760; x_wconf 90' lang='lat' dir='ltr'><strong>ponit</strong></span> <span class='ocrx_word' id='word_1_214' title='bbox 1757 2704 1877 2744; x_wconf 90' lang='lat' dir='ltr'><strong>cum</strong></span> <span class='ocrx_word' id='word_1_215' title='bbox 1911 2687 2096 2744; x_wconf 90' lang='lat' dir='ltr'><strong>infide-</strong></span> 
     </span>
    </p>
   </div>
   <div class='ocr_carea' id='block_1_27' title="bbox 502 2777 2090 2856">
    <p class='ocr_par' dir='ltr' id='par_1_27' title="bbox 502 2777 2090 2856">
     <span class='ocr_line' id='line_1_27' title="bbox 502 2777 2090 2856; baseline -0.004 -16"><span class='ocrx_word' id='word_1_216' title='bbox 502 2787 642 2842; x_wconf 85' lang='lat' dir='ltr'><strong>libus</strong></span> <span class='ocrx_word' id='word_1_217' title='bbox 680 2795 882 2856; x_wconf 87' lang='lat' dir='ltr'><strong>partem</strong></span> <span class='ocrx_word' id='word_1_218' title='bbox 913 2800 1086 2849; x_wconf 90' lang='lat' dir='ltr'><strong>suam,</strong></span> <span class='ocrx_word' id='word_1_219' title='bbox 1115 2783 1215 2838; x_wconf 88' lang='lat' dir='ltr'><strong>nisi</strong></span> <span class='ocrx_word' id='word_1_220' title='bbox 1241 2782 1328 2852; x_wconf 90' lang='lat' dir='ltr'><strong>qui</strong></span> <span class='ocrx_word' id='word_1_221' title='bbox 1355 2780 1471 2852; x_wconf 88' lang='lat' dir='ltr'><strong>ejus</strong></span> <span class='ocrx_word' id='word_1_222' title='bbox 1493 2777 1818 2834; x_wconf 89' lang='lat' dir='ltr'><strong>inlidelitalis</strong></span> <span class='ocrx_word' id='word_1_223' title='bbox 1844 2779 1899 2833; x_wconf 88' lang='lat' dir='ltr'><strong>fit</strong></span> <span class='ocrx_word' id='word_1_224' title='bbox 1931 2779 2090 2850; x_wconf 87' lang='lat' dir='ltr'><strong>parti-</strong></span> 
     </span>
    </p>
   </div>
   <div class='ocr_carea' id='block_1_28' title="bbox 499 2869 2096 2948">
    <p class='ocr_par' dir='ltr' id='par_1_28' title="bbox 499 2869 2096 2948">
     <span class='ocr_line' id='line_1_28' title="bbox 499 2869 2096 2948; baseline -0.005 -15"><span class='ocrx_word' id='word_1_225' title='bbox 499 2877 668 2948; x_wconf 73' lang='lat' dir='ltr'><strong>ceps?</strong></span> <span class='ocrx_word' id='word_1_226' title='bbox 703 2875 775 2930; x_wconf 91' lang='lat' dir='ltr'><strong>Ita</strong></span> <span class='ocrx_word' id='word_1_227' title='bbox 821 2875 963 2931; x_wconf 89' lang='lat' dir='ltr'><strong>enim</strong></span> <span class='ocrx_word' id='word_1_228' title='bbox 1011 2873 1266 2943; x_wconf 81' lang='lat' dir='ltr'><strong>templum</strong></span> <span class='ocrx_word' id='word_1_229' title='bbox 1319 2873 1410 2926; x_wconf 91' lang='lat' dir='ltr'><strong>Dei</strong></span> <span class='ocrx_word' id='word_1_230' title='bbox 1459 2886 1579 2925; x_wconf 85' lang='lat' dir='ltr'><strong>esse</strong></span> <span class='ocrx_word' id='word_1_231' title='bbox 1623 2869 1836 2933; x_wconf 89' lang='lat' dir='ltr'><strong>desinit,</strong></span> <span class='ocrx_word' id='word_1_232' title='bbox 1890 2885 1988 2924; x_wconf 90' lang='lat' dir='ltr'><strong>nec</strong></span> <span class='ocrx_word' id='word_1_233' title='bbox 2037 2884 2096 2925; x_wconf 88' lang='lat' dir='ltr'><strong>se</strong></span> 
     </span>
    </p>
   </div>
   <div class='ocr_carea' id='block_1_29' title="bbox 500 2962 2092 3036">
    <p class='ocr_par' dir='ltr' id='par_1_29' title="bbox 500 2962 2092 3036">
     <span class='ocr_line' id='line_1_29' title="bbox 500 2962 2092 3036; baseline -0.003 -14"><span class='ocrx_word' id='word_1_234' title='bbox 500 2970 657 3024; x_wconf 79' lang='lat' dir='ltr'><strong>aliter</strong></span> <span class='ocrx_word' id='word_1_235' title='bbox 697 2965 999 3023; x_wconf 86' lang='lat' dir='ltr'><strong>simulacris</strong></span> <span class='ocrx_word' id='word_1_236' title='bbox 1035 2964 1290 3036; x_wconf 83' lang='lat' dir='ltr'><strong>adjnngit.</strong></span> <span class='ocrx_word' id='word_1_237' title='bbox 1324 2962 1423 3031; x_wconf 91' lang='lat' dir='ltr'><strong>Qui</strong></span> <span class='ocrx_word' id='word_1_238' title='bbox 1463 2971 1640 3017; x_wconf 90' lang='lat' dir='ltr'><strong>autem</strong></span> <span class='ocrx_word' id='word_1_239' title='bbox 1684 2972 1807 3017; x_wconf 90' lang='lat' dir='ltr'><strong>sunt</strong></span> <span class='ocrx_word' id='word_1_240' title='bbox 1839 2963 2092 3032; x_wconf 89' lang='lat' dir='ltr'><strong>templum</strong></span> 
     </span>
    </p>
   </div>
   <div class='ocr_carea' id='block_1_30' title="bbox 506 3055 2096 3126">
    <p class='ocr_par' dir='ltr' id='par_1_30' title="bbox 506 3055 2096 3126">
     <span class='ocr_line' id='line_1_30' title="bbox 506 3055 2096 3126; baseline -0.004 -10"><span class='ocrx_word' id='word_1_241' title='bbox 506 3061 597 3116; x_wconf 80' lang='lat' dir='ltr'><strong>llei</strong></span> <span class='ocrx_word' id='word_1_242' title='bbox 624 3059 750 3126; x_wconf 87' lang='lat' dir='ltr'><strong>vivi,</strong></span> <span class='ocrx_word' id='word_1_243' title='bbox 775 3057 908 3113; x_wconf 83' lang='lat' dir='ltr'><strong>etin</strong></span> <span class='ocrx_word' id='word_1_244' title='bbox 949 3055 1123 3110; x_wconf 81' lang='lat' dir='ltr'><strong>medio</strong></span> <span class='ocrx_word' id='word_1_245' title='bbox 1153 3055 1384 3109; x_wconf 87' lang='lat' dir='ltr'><strong>nationis</strong></span> <span class='ocrx_word' id='word_1_246' title='bbox 1424 3062 1678 3108; x_wconf 74' lang='lat' dir='ltr'><strong>tortuosa:</strong></span> <span class='ocrx_word' id='word_1_247' title='bbox 1717 3069 1781 3107; x_wconf 88' lang='lat' dir='ltr'><strong>ac</strong></span> <span class='ocrx_word' id='word_1_248' title='bbox 1826 3068 2096 3123; x_wconf 61' lang='lat' dir='ltr'><strong>perversa:</strong></span> 
     </span>
    </p>
   </div>
   <div class='ocr_carea' id='block_1_31' title="bbox 499 3146 2095 3225">
    <p class='ocr_par' dir='ltr' id='par_1_31' title="bbox 499 3146 2095 3225">
     <span class='ocr_line' id='line_1_31' title="bbox 499 3146 2095 3225; baseline -0.002 -20"><span class='ocrx_word' id='word_1_249' title='bbox 499 3158 763 3225; x_wconf 74' lang='lat' dir='ltr'><strong>apparent</strong></span> <span class='ocrx_word' id='word_1_250' title='bbox 823 3151 961 3206; x_wconf 84' lang='lat' dir='ltr'><strong>sicut</strong></span> <span class='ocrx_word' id='word_1_251' title='bbox 1025 3149 1301 3203; x_wconf 88' lang='lat' dir='ltr'><strong>luminaria</strong></span> <span class='ocrx_word' id='word_1_252' title='bbox 1359 3147 1412 3202; x_wconf 85' lang='lat' dir='ltr'><strong>in</strong></span> <span class='ocrx_word' id='word_1_253' title='bbox 1478 3146 1673 3201; x_wconf 89' lang='lat' dir='ltr'><strong>mundo</strong></span> <span class='ocrx_word' id='word_1_254' title='bbox 1714 3147 1932 3201; x_wconf 89' lang='lat' dir='ltr'><strong>verbum</strong></span> <span class='ocrx_word' id='word_1_255' title='bbox 1974 3147 2095 3202; x_wconf 76' lang='lat' dir='ltr'><strong>vitae</strong></span> 
     </span>
    </p>
   </div>
   <div class='ocr_carea' id='block_1_32' title="bbox 504 3235 2096 3312">
    <p class='ocr_par' dir='ltr' id='par_1_32' title="bbox 504 3235 2096 3312">
     <span class='ocr_line' id='line_1_32' title="bbox 504 3235 2096 3312; baseline -0.003 -14"><span class='ocrx_word' id='word_1_256' title='bbox 504 3245 764 3299; x_wconf 78' lang='lat' dir='ltr'><strong>habentes</strong></span> <span class='ocrx_word' id='word_1_257' title='bbox 796 3240 1054 3312; x_wconf 82' lang='lat' dir='ltr'><strong>(Philipp.</strong></span> <span class='ocrx_word' id='word_1_258' title='bbox 1083 3255 1140 3307; x_wconf 86' lang='grc' dir='ltr'><strong>ιι,</strong></span> <span class='ocrx_word' id='word_1_259' title='bbox 1165 3239 1275 3310; x_wconf 68' lang='lat' dir='ltr'><strong>l5),</strong></span> <span class='ocrx_word' id='word_1_260' title='bbox 1303 3237 1433 3292; x_wconf 84' lang='lat' dir='ltr'><strong>nihil</strong></span> <span class='ocrx_word' id='word_1_261' title='bbox 1463 3251 1556 3292; x_wconf 91' lang='lat' dir='ltr'><strong>eos</strong></span> <span class='ocrx_word' id='word_1_262' title='bbox 1595 3235 1734 3306; x_wconf 88' lang='lat' dir='ltr'><strong>quod</strong></span> <span class='ocrx_word' id='word_1_263' title='bbox 1774 3251 1868 3307; x_wconf 92' lang='lat' dir='ltr'><strong>pro</strong></span> <span class='ocrx_word' id='word_1_264' title='bbox 1893 3237 2096 3294; x_wconf 89' lang='lat' dir='ltr'><strong>unitate</strong></span> 
     </span>
    </p>
   </div>
   <div class='ocr_carea' id='block_1_33' title="bbox 505 3327 2096 3402">
    <p class='ocr_par' dir='ltr' id='par_1_33' title="bbox 505 3327 2096 3402">
     <span class='ocr_line' id='line_1_33' title="bbox 505 3327 2096 3402; baseline -0.003 -13"><span class='ocrx_word' id='word_1_265' title='bbox 505 3338 734 3392; x_wconf 77' lang='lat' dir='ltr'><strong>tolerant</strong></span> <span class='ocrx_word' id='word_1_266' title='bbox 765 3334 969 3396; x_wconf 88' lang='lat' dir='ltr'><strong>inlicit;</strong></span> <span class='ocrx_word' id='word_1_267' title='bbox 1004 3345 1103 3388; x_wconf 90' lang='lat' dir='ltr'><strong>nec</strong></span> <span class='ocrx_word' id='word_1_268' title='bbox 1127 3338 1498 3402; x_wconf 78' lang='lat' dir='ltr'><strong>angustantirr,</strong></span> <span class='ocrx_word' id='word_1_269' title='bbox 1527 3330 1646 3399; x_wconf 74' lang='lat' dir='ltr'><strong>quia</strong></span> <span class='ocrx_word' id='word_1_270' title='bbox 1677 3330 1735 3382; x_wconf 90' lang='lat' dir='ltr'><strong>in</strong></span> <span class='ocrx_word' id='word_1_271' title='bbox 1766 3329 1868 3384; x_wconf 81' lang='lat' dir='ltr'><strong>illis</strong></span> <span class='ocrx_word' id='word_1_272' title='bbox 1895 3327 2096 3385; x_wconf 87' lang='lat' dir='ltr'><strong>habitat</strong></span> 
     </span>
    </p>
   </div>
   <div class='ocr_carea' id='block_1_34' title="bbox 500 3421 2090 3490">
    <p class='ocr_par' dir='ltr' id='par_1_34' title="bbox 500 3421 2090 3490">
     <span class='ocr_line' id='line_1_34' title="bbox 500 3421 2090 3490; baseline -0.005 -7"><span class='ocrx_word' id='word_1_273' title='bbox 500 3439 555 3485; x_wconf 75' lang='lat' dir='ltr'><strong>t1</strong></span> <span class='ocrx_word' id='word_1_274' title='bbox 582 3427 886 3483; x_wconf 86' lang='lat' dir='ltr'><strong>deambulat</strong></span> <span class='ocrx_word' id='word_1_275' title='bbox 932 3425 1072 3480; x_wconf 87' lang='lat' dir='ltr'><strong>Deus</strong></span> <span class='ocrx_word' id='word_1_276' title='bbox 1101 3441 1113 3474; x_wconf 87' lang='lat'><strong>:</strong></span> <span class='ocrx_word' id='word_1_277' title='bbox 1143 3433 1199 3478; x_wconf 91' lang='lat' dir='ltr'><strong>et</strong></span> <span class='ocrx_word' id='word_1_278' title='bbox 1242 3431 1437 3478; x_wconf 84' lang='lat' dir='ltr'><strong>exeunt</strong></span> <span class='ocrx_word' id='word_1_279' title='bbox 1477 3422 1544 3476; x_wconf 89' lang='lat' dir='ltr'><strong>de</strong></span> <span class='ocrx_word' id='word_1_280' title='bbox 1590 3421 1765 3475; x_wconf 86' lang='lat' dir='ltr'><strong>medio</strong></span> <span class='ocrx_word' id='word_1_281' title='bbox 1811 3422 2090 3490; x_wconf 83' lang='lat' dir='ltr'><strong>malorum,</strong></span> 
     </span>
    </p>
   </div>
   <div class='ocr_carea' id='block_1_35' title="bbox 502 3511 2092 3592">
    <p class='ocr_par' dir='ltr' id='par_1_35' title="bbox 502 3511 2092 3592">
     <span class='ocr_line' id='line_1_35' title="bbox 502 3511 2092 3592; baseline -0.005 -16"><span class='ocrx_word' id='word_1_282' title='bbox 502 3534 664 3592; x_wconf 77' lang='lat' dir='ltr'><strong>atque</strong></span> <span class='ocrx_word' id='word_1_283' title='bbox 708 3527 1021 3590; x_wconf 77' lang='lat' dir='ltr'><strong>separantur</strong></span> <span class='ocrx_word' id='word_1_284' title='bbox 1071 3516 1280 3570; x_wconf 88' lang='lat' dir='ltr'><strong>interitu</strong></span> <span class='ocrx_word' id='word_1_285' title='bbox 1329 3514 1524 3579; x_wconf 76' lang='lat' dir='ltr'><strong>corde;</strong></span> <span class='ocrx_word' id='word_1_286' title='bbox 1573 3529 1640 3566; x_wconf 89' lang='lat' dir='ltr'><strong>ne</strong></span> <span class='ocrx_word' id='word_1_287' title='bbox 1688 3511 1824 3568; x_wconf 86' lang='lat' dir='ltr'><strong>forte</strong></span> <span class='ocrx_word' id='word_1_288' title='bbox 1866 3529 1986 3568; x_wconf 89' lang='lat' dir='ltr'><strong>cum</strong></span> <span class='ocrx_word' id='word_1_289' title='bbox 2042 3514 2092 3568; x_wconf 91' lang='lat' dir='ltr'><strong>id</strong></span> 
     </span>
    </p>
   </div>
   <div class='ocr_carea' id='block_1_36' title="bbox 505 3604 2090 3683">
    <p class='ocr_par' dir='ltr' id='par_1_36' title="bbox 505 3604 2090 3683">
     <span class='ocr_line' id='line_1_36' title="bbox 505 3604 2090 3683; baseline -0.006 -14"><span class='ocrx_word' id='word_1_290' title='bbox 505 3616 682 3670; x_wconf 80' lang='lat' dir='ltr'><strong>facere</strong></span> <span class='ocrx_word' id='word_1_291' title='bbox 715 3627 808 3683; x_wconf 78' lang='lat' dir='ltr'><strong>per</strong></span> <span class='ocrx_word' id='word_1_292' title='bbox 836 3609 1152 3666; x_wconf 78' lang='lat' dir='ltr'><strong>Seditionem</strong></span> <span class='ocrx_word' id='word_1_293' title='bbox 1183 3606 1488 3661; x_wconf 85' lang='lat' dir='ltr'><strong>schismatis</strong></span> <span class='ocrx_word' id='word_1_294' title='bbox 1520 3604 1720 3669; x_wconf 85' lang='lat' dir='ltr'><strong>volunt,</strong></span> <span class='ocrx_word' id='word_1_295' title='bbox 1752 3604 1896 3674; x_wconf 88' lang='lat' dir='ltr'><strong>prius</strong></span> <span class='ocrx_word' id='word_1_296' title='bbox 1926 3620 1952 3658; x_wconf 87' lang='lat' dir='ltr'><strong>a</strong></span> <span class='ocrx_word' id='word_1_297' title='bbox 1994 3605 2090 3660; x_wconf 82' lang='lat' dir='ltr'><strong>bo-</strong></span> 
     </span>
    </p>
   </div>
   <div class='ocr_carea' id='block_1_37' title="bbox 505 3696 2091 3782">
    <p class='ocr_par' dir='ltr' id='par_1_37' title="bbox 505 3696 2091 3782">
     <span class='ocr_line' id='line_1_37' title="bbox 505 3696 2091 3782; baseline -0.006 -21"><span class='ocrx_word' id='word_1_298' title='bbox 505 3707 590 3761; x_wconf 84' lang='lat' dir='ltr'><strong>nis</strong></span> <span class='ocrx_word' id='word_1_299' title='bbox 641 3701 1006 3775; x_wconf 80' lang='lat' dir='ltr'><strong>Spiritualiter,</strong></span> <span class='ocrx_word' id='word_1_300' title='bbox 1053 3713 1210 3771; x_wconf 90' lang='lat' dir='ltr'><strong>quam</strong></span> <span class='ocrx_word' id='word_1_301' title='bbox 1262 3713 1290 3751; x_wconf 78' lang='grc' dir='ltr'><strong>ο</strong></span> <span class='ocrx_word' id='word_1_302' title='bbox 1340 3696 1495 3752; x_wconf 82' lang='lat' dir='ltr'><strong>malis</strong></span> <span class='ocrx_word' id='word_1_303' title='bbox 1542 3696 1893 3782; x_wconf 79' lang='lat' dir='ltr'><strong>corporaliter</strong></span> <span class='ocrx_word' id='word_1_304' title='bbox 1935 3709 2091 3768; x_wconf 83' lang='lat' dir='ltr'><strong>sepa-</strong></span> 
     </span>
    </p>
   </div>
   <div class='ocr_carea' id='block_1_38' title="bbox 503 3807 708 3856">
    <p class='ocr_par' dir='ltr' id='par_1_38' title="bbox 503 3807 708 3856">
     <span class='ocr_line' id='line_1_38' title="bbox 503 3807 708 3856; baseline -0.029 0"><span class='ocrx_word' id='word_1_305' title='bbox 503 3807 708 3856; x_wconf 67' lang='lat' dir='ltr'><strong>mnltll‘.</strong></span> 
     </span>
    </p>
   </div>
   <div class='ocr_carea' id='block_1_39' title="bbox 571 3882 2092 3955">
    <p class='ocr_par' dir='ltr' id='par_1_39' title="bbox 571 3882 2092 3955">
     <span class='ocr_line' id='line_1_39' title="bbox 571 3882 2092 3955; baseline -0.007 -8"><span class='ocrx_word' id='word_1_306' title='bbox 571 3887 800 3946; x_wconf 81' lang='lat' dir='ltr'><strong>CAPUT</strong></span> <span class='ocrx_word' id='word_1_307' title='bbox 829 3884 1167 3955; x_wconf 55' lang='grc' dir='ltr'><strong>χιι--δθε</strong></span> <span class='ocrx_word' id='word_1_308' title='bbox 1201 3883 1352 3951; x_wconf 83' lang='lat' dir='ltr'><strong>Quod</strong></span> <span class='ocrx_word' id='word_1_309' title='bbox 1385 3898 1512 3955; x_wconf 82' lang='lat' dir='ltr'><strong>ergo</strong></span> <span class='ocrx_word' id='word_1_310' title='bbox 1535 3883 1786 3954; x_wconf 89' lang='lat' dir='ltr'><strong>scriptum</strong></span> <span class='ocrx_word' id='word_1_311' title='bbox 1817 3890 1900 3938; x_wconf 92' lang='lat' dir='ltr'><strong>est</strong></span> <span class='ocrx_word' id='word_1_312' title='bbox 1931 3882 2092 3937; x_wconf 88' lang='lat' dir='ltr'><strong>Demn</strong></span> 
     </span>
    </p>
   </div>
   <div class='ocr_carea' id='block_1_40' title="bbox 500 3976 2095 4053">
    <p class='ocr_par' dir='ltr' id='par_1_40' title="bbox 500 3976 2095 4053">
     <span class='ocr_line' id='line_1_40' title="bbox 500 3976 2095 4053; baseline -0.009 -10"><span class='ocrx_word' id='word_1_313' title='bbox 500 3985 724 4052; x_wconf 76' lang='lat' dir='ltr'><strong>dixisse,</strong></span> <span class='ocrx_word' id='word_1_314' title='bbox 753 3981 858 4038; x_wconf 83' lang='lat' dir='ltr'><strong>Eos</strong></span> <span class='ocrx_word' id='word_1_315' title='bbox 882 3983 967 4053; x_wconf 88' lang='lat' dir='ltr'><strong>qui</strong></span> <span class='ocrx_word' id='word_1_316' title='bbox 1009 3996 1090 4034; x_wconf 90' lang='lat' dir='ltr'><strong>me</strong></span> <span class='ocrx_word' id='word_1_317' title='bbox 1121 3979 1424 4048; x_wconf 78' lang='lat' dir='ltr'><strong>clariﬁcant,</strong></span> <span class='ocrx_word' id='word_1_318' title='bbox 1454 3977 1744 4046; x_wconf 78' lang='lat' dir='ltr'><strong>cluriﬁcabo</strong></span> <span class='ocrx_word' id='word_1_319' title='bbox 1762 3994 1781 4042; x_wconf 85' lang='lat'><em>;</em></span> <span class='ocrx_word' id='word_1_320' title='bbox 1821 3986 1866 4030; x_wconf 85' lang='lat' dir='ltr'><strong>et</strong></span> <span class='ocrx_word' id='word_1_321' title='bbox 1903 3976 1985 4042; x_wconf 82' lang='lat' dir='ltr'><strong>qui</strong></span> <span class='ocrx_word' id='word_1_322' title='bbox 2016 3992 2095 4029; x_wconf 88' lang='lat' dir='ltr'><strong>me</strong></span> 
     </span>
    </p>
   </div>
   <div class='ocr_carea' id='block_1_41' title="bbox 503 4061 2094 4150">
    <p class='ocr_par' dir='ltr' id='par_1_41' title="bbox 503 4061 2094 4150">
     <span class='ocr_line' id='line_1_41' title="bbox 503 4061 2094 4150; baseline -0.008 -17"><span class='ocrx_word' id='word_1_323' title='bbox 503 4079 722 4150; x_wconf 74' lang='lat' dir='ltr'><strong>spernit,</strong></span> <span class='ocrx_word' id='word_1_324' title='bbox 753 4082 1014 4146; x_wconf 85' lang='lat' dir='ltr'><strong>speruetur</strong></span> <span class='ocrx_word' id='word_1_325' title='bbox 1041 4072 1090 4144; x_wconf 86' lang='grc' dir='ltr'><strong>(ι</strong></span> <span class='ocrx_word' id='word_1_326' title='bbox 1116 4061 1242 4142; x_wconf 74' lang='lat' dir='ltr'><strong>Reg.</strong></span> <span class='ocrx_word' id='word_1_327' title='bbox 1274 4087 1330 4133; x_wconf 84' lang='grc' dir='ltr'><strong>ιι,</strong></span> <span class='ocrx_word' id='word_1_328' title='bbox 1363 4069 1492 4139; x_wconf 77' lang='lat' dir='ltr'><strong>3U);</strong></span> <span class='ocrx_word' id='word_1_329' title='bbox 1525 4068 1624 4138; x_wconf 89' lang='lat' dir='ltr'><strong>ipsi</strong></span> <span class='ocrx_word' id='word_1_330' title='bbox 1653 4067 1883 4122; x_wconf 86' lang='lat' dir='ltr'><strong>maxime</strong></span> <span class='ocrx_word' id='word_1_331' title='bbox 1909 4065 2094 4121; x_wconf 87' lang='lat' dir='ltr'><strong>nolunt</strong></span> 
     </span>
    </p>
   </div>
   <div class='ocr_carea' id='block_1_42' title="bbox 506 4157 2095 4234">
    <p class='ocr_par' dir='ltr' id='par_1_42' title="bbox 506 4157 2095 4234">
     <span class='ocr_line' id='line_1_42' title="bbox 506 4157 2095 4234; baseline -0.008 -10"><span class='ocrx_word' id='word_1_332' title='bbox 506 4167 722 4224; x_wconf 89' lang='lat' dir='ltr'><strong>intueri.</strong></span> <span class='ocrx_word' id='word_1_333' title='bbox 763 4165 1041 4234; x_wconf 80' lang='lat' dir='ltr'><strong>Quomodo</strong></span> <span class='ocrx_word' id='word_1_334' title='bbox 1066 4163 1208 4218; x_wconf 89' lang='lat' dir='ltr'><strong>enim</strong></span> <span class='ocrx_word' id='word_1_335' title='bbox 1241 4161 1534 4214; x_wconf 88' lang='lat' dir='ltr'><strong>clarificant</strong></span> <span class='ocrx_word' id='word_1_336' title='bbox 1571 4160 1756 4225; x_wconf 87' lang='lat' dir='ltr'><strong>Deum,</strong></span> <span class='ocrx_word' id='word_1_337' title='bbox 1789 4158 1878 4228; x_wconf 90' lang='lat' dir='ltr'><strong>qui</strong></span> <span class='ocrx_word' id='word_1_338' title='bbox 1913 4157 2095 4213; x_wconf 89' lang='lat' dir='ltr'><strong>dicunt</strong></span> 
     </span>
    </p>
   </div>
   <div class='ocr_carea' id='block_1_43' title="bbox 507 4251 2090 4334">
    <p class='ocr_par' dir='ltr' id='par_1_43' title="bbox 507 4251 2090 4334">
     <span class='ocr_line' id='line_1_43' title="bbox 507 4251 2090 4334; baseline -0.011 -16"><span class='ocrx_word' id='word_1_339' title='bbox 507 4277 603 4334; x_wconf 80' lang='lat' dir='ltr'><strong>per</strong></span> <span class='ocrx_word' id='word_1_340' title='bbox 627 4261 812 4316; x_wconf 89' lang='lat' dir='ltr'><strong>orbem</strong></span> <span class='ocrx_word' id='word_1_341' title='bbox 841 4267 1100 4312; x_wconf 79' lang='lat' dir='ltr'><strong>terrarum</strong></span> <span class='ocrx_word' id='word_1_342' title='bbox 1131 4252 1336 4323; x_wconf 86' lang='lat' dir='ltr'><strong>impleri</strong></span> <span class='ocrx_word' id='word_1_343' title='bbox 1367 4267 1475 4306; x_wconf 83' lang='lat' dir='ltr'><strong>non</strong></span> <span class='ocrx_word' id='word_1_344' title='bbox 1497 4266 1650 4319; x_wconf 82' lang='lat' dir='ltr'><strong>posse</strong></span> <span class='ocrx_word' id='word_1_345' title='bbox 1671 4251 1788 4319; x_wconf 84' lang='lat' dir='ltr'><strong>ejus</strong></span> <span class='ocrx_word' id='word_1_346' title='bbox 1813 4251 2090 4319; x_wconf 73' lang='lat' dir='ltr'><strong>promiSSa,</strong></span> 
     </span>
    </p>
   </div>
   <div class='ocr_carea' id='block_1_44' title="bbox 505 4341 2094 4430">
    <p class='ocr_par' dir='ltr' id='par_1_44' title="bbox 505 4341 2094 4430">
     <span class='ocr_line' id='line_1_44' title="bbox 505 4341 2094 4430; baseline -0.011 -17"><span class='ocrx_word' id='word_1_347' title='bbox 505 4373 627 4430; x_wconf 80' lang='lat' dir='ltr'><strong>qua:</strong></span> <span class='ocrx_word' id='word_1_348' title='bbox 655 4351 896 4426; x_wconf 73' lang='lat' dir='ltr'><strong>promisit</strong></span> <span class='ocrx_word' id='word_1_349' title='bbox 941 4347 1179 4420; x_wconf 88' lang='lat' dir='ltr'><strong>patribus</strong></span> <span class='ocrx_word' id='word_1_350' title='bbox 1205 4345 1421 4410; x_wconf 86' lang='lat' dir='ltr'><strong>nostris,</strong></span> <span class='ocrx_word' id='word_1_351' title='bbox 1452 4343 1700 4408; x_wconf 80' lang='lat' dir='ltr'><strong>Abralue,</strong></span> <span class='ocrx_word' id='word_1_352' title='bbox 1733 4343 1894 4406; x_wconf 86' lang='lat' dir='ltr'><strong>Isaac,</strong></span> <span class='ocrx_word' id='word_1_353' title='bbox 1922 4350 1976 4396; x_wconf 90' lang='lat' dir='ltr'><strong>et</strong></span> <span class='ocrx_word' id='word_1_354' title='bbox 1999 4341 2094 4398; x_wconf 72' lang='lat' dir='ltr'><strong>Ja-</strong></span> 
     </span>
    </p>
   </div>
   <div class='ocr_carea' id='block_1_45' title="bbox 507 4435 2092 4518">
    <p class='ocr_par' dir='ltr' id='par_1_45' title="bbox 507 4435 2092 4518">
     <span class='ocr_line' id='line_1_45' title="bbox 507 4435 2092 4518; baseline -0.002 -24"><span class='ocrx_word' id='word_1_355' title='bbox 507 4449 647 4512; x_wconf 64' lang='grc' dir='ltr'><strong>τοὺς</strong></span> <span class='ocrx_word' id='word_1_356' title='bbox 699 4460 822 4518; x_wconf 84' lang='lat' dir='ltr'><strong>quae</strong></span> <span class='ocrx_word' id='word_1_357' title='bbox 871 4457 967 4514; x_wconf 91' lang='lat' dir='ltr'><strong>per</strong></span> <span class='ocrx_word' id='word_1_358' title='bbox 1011 4439 1306 4509; x_wconf 82' lang='lat' dir='ltr'><strong>Prophetas</strong></span> <span class='ocrx_word' id='word_1_359' title='bbox 1352 4446 1497 4491; x_wconf 87' lang='lat' dir='ltr'><strong>tanto</strong></span> <span class='ocrx_word' id='word_1_360' title='bbox 1540 4444 1662 4491; x_wconf 89' lang='lat' dir='ltr'><strong>ante</strong></span> <span class='ocrx_word' id='word_1_361' title='bbox 1710 4435 2092 4504; x_wconf 71' lang='lat' dir='ltr'><strong>prmnumians,</strong></span> 
     </span>
    </p>
   </div>
   <div class='ocr_carea' id='block_1_46' title="bbox 505 4529 2095 4610">
    <p class='ocr_par' dir='ltr' id='par_1_46' title="bbox 505 4529 2095 4610">
     <span class='ocr_line' id='line_1_46' title="bbox 505 4529 2095 4610; baseline -0.011 -10"><span class='ocrx_word' id='word_1_362' title='bbox 505 4540 748 4600; x_wconf 79' lang='lat' dir='ltr'><strong>exhibuit</strong></span> <span class='ocrx_word' id='word_1_363' title='bbox 787 4552 887 4610; x_wconf 90' lang='lat' dir='ltr'><strong>per</strong></span> <span class='ocrx_word' id='word_1_364' title='bbox 924 4533 1150 4590; x_wconf 89' lang='lat' dir='ltr'><strong>Unicum</strong></span> <span class='ocrx_word' id='word_1_365' title='bbox 1181 4545 1357 4595; x_wconf 89' lang='lat' dir='ltr'><strong>suum,</strong></span> <span class='ocrx_word' id='word_1_366' title='bbox 1390 4530 1477 4600; x_wconf 85' lang='lat' dir='ltr'><strong>qui</strong></span> <span class='ocrx_word' id='word_1_367' title='bbox 1523 4529 1690 4582; x_wconf 87' lang='lat' dir='ltr'><strong>lactus</strong></span> <span class='ocrx_word' id='word_1_368' title='bbox 1716 4537 1796 4582; x_wconf 71' lang='lat' dir='ltr'><strong>est</strong></span> <span class='ocrx_word' id='word_1_369' title='bbox 1835 4529 1882 4583; x_wconf 92' lang='lat' dir='ltr'><strong>ei</strong></span> <span class='ocrx_word' id='word_1_370' title='bbox 1911 4543 1974 4583; x_wconf 73' lang='lat' dir='ltr'><strong>ex</strong></span> <span class='ocrx_word' id='word_1_371' title='bbox 2011 4542 2095 4584; x_wconf 84' lang='lat' dir='ltr'><strong>se-</strong></span> 
     </span>
    </p>
   </div>
   <div class='ocr_carea' id='block_1_47' title="bbox 509 4621 2104 4694">
    <p class='ocr_par' dir='ltr' id='par_1_47' title="bbox 509 4621 2104 4694">
     <span class='ocr_line' id='line_1_47' title="bbox 509 4621 2104 4694; baseline -0.009 -4"><span class='ocrx_word' id='word_1_372' title='bbox 509 4637 654 4692; x_wconf 85' lang='lat' dir='ltr'><strong>mine</strong></span> <span class='ocrx_word' id='word_1_373' title='bbox 683 4629 846 4687; x_wconf 77' lang='lat' dir='ltr'><strong>Da&#39;vid</strong></span> <span class='ocrx_word' id='word_1_374' title='bbox 889 4625 1178 4684; x_wconf 87' lang='lat' dir='ltr'><strong>secundum</strong></span> <span class='ocrx_word' id='word_1_375' title='bbox 1213 4638 1426 4679; x_wconf 89' lang='lat' dir='ltr'><strong>carnem</strong></span> <span class='ocrx_word' id='word_1_376' title='bbox 1470 4621 1642 4694; x_wconf 81' lang='lat' dir='ltr'><strong>(Rom.</strong></span> <span class='ocrx_word' id='word_1_377' title='bbox 1673 4637 1710 4687; x_wconf 87' lang='grc' dir='ltr'><strong>ι,</strong></span> <span class='ocrx_word' id='word_1_378' title='bbox 1735 4622 1789 4686; x_wconf 77' lang='lat'><strong>9.,</strong></span> <span class='ocrx_word' id='word_1_379' title='bbox 1832 4623 1908 4693; x_wconf 79' lang='grc'><strong>5),</strong></span> <span class='ocrx_word' id='word_1_380' title='bbox 1943 4630 2002 4676; x_wconf 90' lang='lat' dir='ltr'><strong>ut</strong></span> <span class='ocrx_word' id='word_1_381' title='bbox 2042 4621 2104 4677; x_wconf 78' lang='lat' dir='ltr'><strong>in&#39;</strong></span> 
     </span>
    </p>
   </div>
   <div class='ocr_carea' id='block_1_48' title="bbox 509 4713 2097 4791">
    <p class='ocr_par' dir='ltr' id='par_1_48' title="bbox 509 4713 2097 4791">
     <span class='ocr_line' id='line_1_48' title="bbox 509 4713 2097 4791; baseline -0.009 -7"><span class='ocrx_word' id='word_1_382' title='bbox 509 4729 624 4790; x_wconf 82' lang='lat' dir='ltr'><strong>illo,</strong></span> <span class='ocrx_word' id='word_1_383' title='bbox 653 4724 705 4780; x_wconf 92' lang='lat' dir='ltr'><strong>id</strong></span> <span class='ocrx_word' id='word_1_384' title='bbox 735 4731 839 4791; x_wconf 76' lang='lat' dir='ltr'><strong>est,</strong></span> <span class='ocrx_word' id='word_1_385' title='bbox 873 4721 923 4775; x_wconf 91' lang='lat' dir='ltr'><strong>in</strong></span> <span class='ocrx_word' id='word_1_386' title='bbox 953 4717 1157 4774; x_wconf 89' lang='lat' dir='ltr'><strong>semine</strong></span> <span class='ocrx_word' id='word_1_387' title='bbox 1185 4715 1414 4772; x_wconf 80' lang='lat' dir='ltr'><strong>Abraluc</strong></span> <span class='ocrx_word' id='word_1_388' title='bbox 1440 4713 1882 4770; x_wconf 88' lang='lat' dir='ltr'><strong>hencdieerentur</strong></span> <span class='ocrx_word' id='word_1_389' title='bbox 1910 4731 2097 4771; x_wconf 85' lang='lat' dir='ltr'><strong>omnes</strong></span> 
     </span>
    </p>
   </div>
   <div class='ocr_carea' id='block_1_49' title="bbox 509 4809 2092 4894">
    <p class='ocr_par' dir='ltr' id='par_1_49' title="bbox 509 4809 2092 4894">
     <span class='ocr_line' id='line_1_49' title="bbox 509 4809 2092 4894; baseline -0.011 -17"><span class='ocrx_word' id='word_1_390' title='bbox 509 4830 698 4894; x_wconf 85' lang='lat' dir='ltr'><strong>gentes</strong></span> <span class='ocrx_word' id='word_1_391' title='bbox 727 4837 742 4875; x_wconf 89' lang='lat'><strong>:</strong></span> <span class='ocrx_word' id='word_1_392' title='bbox 773 4818 864 4890; x_wconf 88' lang='lat' dir='ltr'><strong>qtti</strong></span> <span class='ocrx_word' id='word_1_393' title='bbox 894 4815 1078 4871; x_wconf 83' lang='lat' dir='ltr'><strong>dicunt</strong></span> <span class='ocrx_word' id='word_1_394' title='bbox 1108 4813 1279 4884; x_wconf 79' lang='lat' dir='ltr'><strong>ipsum</strong></span> <span class='ocrx_word' id='word_1_395' title='bbox 1310 4810 1401 4865; x_wconf 88' lang='lat' dir='ltr'><strong>Del</strong></span> <span class='ocrx_word' id='word_1_396' title='bbox 1441 4809 1629 4864; x_wconf 79' lang='lat' dir='ltr'><strong>Filium</strong></span> <span class='ocrx_word' id='word_1_397' title='bbox 1659 4811 1848 4865; x_wconf 90' lang='lat' dir='ltr'><strong>frustra</strong></span> <span class='ocrx_word' id='word_1_398' title='bbox 1875 4809 2092 4873; x_wconf 76' lang='lat' dir='ltr'><strong>dixisse,</strong></span> 
     </span>
    </p>
   </div>
   <div class='ocr_carea' id='block_1_50' title="bbox 511 4902 2093 4981">
    <p class='ocr_par' dir='ltr' id='par_1_50' title="bbox 511 4902 2093 4981">
     <span class='ocr_line' id='line_1_50' title="bbox 511 4902 2093 4981; baseline -0.01 -9"><span class='ocrx_word' id='word_1_399' title='bbox 511 4917 679 4972; x_wconf 82' lang='lat' dir='ltr'><strong>Sinite</strong></span> <span class='ocrx_word' id='word_1_400' title='bbox 706 4922 916 4981; x_wconf 83' lang='lat' dir='ltr'><strong>utraque</strong></span> <span class='ocrx_word' id='word_1_401' title='bbox 944 4921 1163 4963; x_wconf 84' lang='lat' dir='ltr'><strong>crescere</strong></span> <span class='ocrx_word' id='word_1_402' title='bbox 1199 4916 1354 4975; x_wconf 85' lang='lat' dir='ltr'><strong>usque</strong></span> <span class='ocrx_word' id='word_1_403' title='bbox 1382 4903 1450 4957; x_wconf 80' lang='lat' dir='ltr'><strong>ad</strong></span> <span class='ocrx_word' id='word_1_404' title='bbox 1478 4919 1684 4958; x_wconf 85' lang='lat' dir='ltr'><strong>messem</strong></span> <span class='ocrx_word' id='word_1_405' title='bbox 1727 4902 1937 4974; x_wconf 80' lang='lat' dir='ltr'><strong>(Matth.</strong></span> <span class='ocrx_word' id='word_1_406' title='bbox 1979 4915 2093 4970; x_wconf 77' lang='lat' dir='ltr'><strong>xtu,</strong></span> 
     </span>
    </p>
   </div>
   <div class='ocr_carea' id='block_1_51' title="bbox 510 4994 2104 5081">
    <p class='ocr_par' dir='ltr' id='par_1_51' title="bbox 510 4994 2104 5081">
     <span class='ocr_line' id='line_1_51' title="bbox 510 4994 2104 5081; baseline -0.011 -16"><span class='ocrx_word' id='word_1_407' title='bbox 510 5010 601 5081; x_wconf 72' lang='lat'><strong>30)</strong></span> <span class='ocrx_word' id='word_1_408' title='bbox 632 5026 645 5063; x_wconf 92' lang='lat'>:</span> <span class='ocrx_word' id='word_1_409' title='bbox 679 5003 831 5078; x_wconf 86' lang='lat' dir='ltr'><strong>quasi</strong></span> <span class='ocrx_word' id='word_1_410' title='bbox 871 5002 1034 5058; x_wconf 87' lang='lat' dir='ltr'><strong>falsus</strong></span> <span class='ocrx_word' id='word_1_411' title='bbox 1064 4999 1244 5066; x_wconf 85' lang='lat' dir='ltr'><strong>fuerit,</strong></span> <span class='ocrx_word' id='word_1_412' title='bbox 1275 5007 1362 5052; x_wconf 90' lang='lat' dir='ltr'><strong>aut</strong></span> <span class='ocrx_word' id='word_1_413' title='bbox 1392 4997 1505 5066; x_wconf 88' lang='lat' dir='ltr'><strong>ipse</strong></span> <span class='ocrx_word' id='word_1_414' title='bbox 1536 4994 1800 5062; x_wconf 78' lang='lat' dir='ltr'><strong>fefellerit,</strong></span> <span class='ocrx_word' id='word_1_415' title='bbox 1833 5008 1952 5050; x_wconf 85' lang='lat' dir='ltr'><strong>cum</strong></span> <span class='ocrx_word' id='word_1_416' title='bbox 1986 4997 2104 5049; x_wconf 88' lang='lat' dir='ltr'><strong>sola&#39;</strong></span> 
     </span>
    </p>
   </div>
   <div class='ocr_carea' id='block_1_52' title="bbox 509 5087 2098 5169">
    <p class='ocr_par' dir='ltr' id='par_1_52' title="bbox 509 5087 2098 5169">
     <span class='ocr_line' id='line_1_52' title="bbox 509 5087 2098 5169; baseline -0.012 -12"><span class='ocrx_word' id='word_1_417' title='bbox 509 5101 712 5157; x_wconf 76' lang='lat' dir='ltr'><strong>zitania</strong></span> <span class='ocrx_word' id='word_1_418' title='bbox 756 5111 853 5169; x_wconf 88' lang='lat' dir='ltr'><strong>per</strong></span> <span class='ocrx_word' id='word_1_419' title='bbox 878 5091 1132 5149; x_wconf 89' lang='lat' dir='ltr'><strong>mundum</strong></span> <span class='ocrx_word' id='word_1_420' title='bbox 1171 5089 1480 5155; x_wconf 71' lang='lat' dir='ltr'><strong>creverint;</strong></span> <span class='ocrx_word' id='word_1_421' title='bbox 1520 5087 1778 5143; x_wconf 90' lang='lat' dir='ltr'><strong>frumenta</strong></span> <span class='ocrx_word' id='word_1_422' title='bbox 1813 5098 1937 5141; x_wconf 77' lang='lat' dir='ltr'><strong>vero</strong></span> <span class='ocrx_word' id='word_1_423' title='bbox 1964 5101 2098 5157; x_wconf 68' lang='lat' dir='ltr'><strong>pra:-</strong></span> 
     </span>
    </p>
   </div>
   <div class='ocr_carea' id='block_1_53' title="bbox 509 5179 2102 5266">
    <p class='ocr_par' dir='ltr' id='par_1_53' title="bbox 509 5179 2102 5266">
     <span class='ocr_line' id='line_1_53' title="bbox 509 5179 2102 5266; baseline -0.012 -16"><span class='ocrx_word' id='word_1_424' title='bbox 509 5203 592 5249; x_wconf 83' lang='lat' dir='ltr'><strong>tct&#39;</strong></span> <span class='ocrx_word' id='word_1_425' title='bbox 618 5200 825 5266; x_wconf 84' lang='lat' dir='ltr'><strong>partem</strong></span> <span class='ocrx_word' id='word_1_426' title='bbox 861 5184 1072 5249; x_wconf 90' lang='lat' dir='ltr'><strong>Donati,</strong></span> <span class='ocrx_word' id='word_1_427' title='bbox 1098 5184 1148 5237; x_wconf 90' lang='lat' dir='ltr'><strong>in</strong></span> <span class='ocrx_word' id='word_1_428' title='bbox 1181 5191 1291 5236; x_wconf 93' lang='lat' dir='ltr'><strong>toto</strong></span> <span class='ocrx_word' id='word_1_429' title='bbox 1322 5190 1582 5236; x_wconf 88' lang='lat' dir='ltr'><strong>terrarum</strong></span> <span class='ocrx_word' id='word_1_430' title='bbox 1613 5180 1741 5234; x_wconf 89' lang='lat' dir='ltr'><strong>orbe</strong></span> <span class='ocrx_word' id='word_1_431' title='bbox 1767 5179 2102 5234; x_wconf 77' lang='lat' dir='ltr'><strong>defecerint?</strong></span> 
     </span>
    </p>
   </div>
   <div class='ocr_carea' id='block_1_54' title="bbox 511 5269 2100 5356">
    <p class='ocr_par' dir='ltr' id='par_1_54' title="bbox 511 5269 2100 5356">
     <span class='ocr_line' id='line_1_54' title="bbox 511 5269 2100 5356; baseline -0.01 -17"><span class='ocrx_word' id='word_1_432' title='bbox 511 5279 779 5356; x_wconf 67' lang='lat' dir='ltr'><strong>quomodo</strong></span> <span class='ocrx_word' id='word_1_433' title='bbox 809 5280 907 5335; x_wconf 81' lang='lat' dir='ltr'><strong>ista</strong></span> <span class='ocrx_word' id='word_1_434' title='bbox 953 5276 1244 5332; x_wconf 87' lang='lat' dir='ltr'><strong>sentientes</strong></span> <span class='ocrx_word' id='word_1_435' title='bbox 1271 5273 1572 5344; x_wconf 66' lang='lat' dir='ltr'><strong>glorificatur</strong></span> <span class='ocrx_word' id='word_1_436' title='bbox 1595 5272 1780 5335; x_wconf 85' lang='lat' dir='ltr'><strong>Deum,</strong></span> <span class='ocrx_word' id='word_1_437' title='bbox 1809 5285 1928 5325; x_wconf 90' lang='lat' dir='ltr'><strong>cum</strong></span> <span class='ocrx_word' id='word_1_438' title='bbox 1969 5269 2100 5324; x_wconf 86' lang='lat' dir='ltr'><strong>seri-</strong></span> 
     </span>
    </p>
   </div>
   <div class='ocr_carea' id='block_1_55' title="bbox 515 5363 2101 5446">
    <p class='ocr_par' dir='ltr' id='par_1_55' title="bbox 515 5363 2101 5446">
     <span class='ocr_line' id='line_1_55' title="bbox 515 5363 2101 5446; baseline -0.008 -20"><span class='ocrx_word' id='word_1_439' title='bbox 515 5387 670 5446; x_wconf 78' lang='lat' dir='ltr'><strong>plmtl&#39;</strong></span> <span class='ocrx_word' id='word_1_440' title='bbox 691 5375 780 5441; x_wconf 83' lang='lat' dir='ltr'><strong>sit,</strong></span> <span class='ocrx_word' id='word_1_441' title='bbox 810 5371 880 5426; x_wconf 81' lang='grc' dir='ltr'><strong>1η·</strong></span> <span class='ocrx_word' id='word_1_442' title='bbox 908 5368 1175 5426; x_wconf 82' lang='lat' dir='ltr'><strong>latitudine</strong></span> <span class='ocrx_word' id='word_1_443' title='bbox 1208 5369 1368 5439; x_wconf 69' lang='lat' dir='ltr'><strong>gentis</strong></span> <span class='ocrx_word' id='word_1_444' title='bbox 1399 5367 1562 5436; x_wconf 79' lang='lat' dir='ltr'><strong>gloria</strong></span> <span class='ocrx_word' id='word_1_445' title='bbox 1591 5365 1758 5435; x_wconf 74' lang='lat' dir='ltr'><strong>regis;</strong></span> <span class='ocrx_word' id='word_1_446' title='bbox 1799 5365 1848 5416; x_wconf 88' lang='lat' dir='ltr'><strong>in</strong></span> <span class='ocrx_word' id='word_1_447' title='bbox 1881 5363 2101 5416; x_wconf 79' lang='lat' dir='ltr'><strong>diutinu-</strong></span> 
     </span>
    </p>
   </div>
   <div class='ocr_carea' id='block_1_56' title="bbox 516 5453 2099 5533">
    <p class='ocr_par' dir='ltr' id='par_1_56' title="bbox 516 5453 2099 5533">
     <span class='ocr_line' id='line_1_56' title="bbox 516 5453 2099 5533; baseline -0.009 -13"><span class='ocrx_word' id='word_1_448' title='bbox 516 5471 650 5521; x_wconf 84' lang='lat' dir='ltr'><strong>tione</strong></span> <span class='ocrx_word' id='word_1_449' title='bbox 677 5473 841 5518; x_wconf 76' lang='lat' dir='ltr'><strong>autem</strong></span> <span class='ocrx_word' id='word_1_450' title='bbox 871 5462 1046 5533; x_wconf 83' lang='lat' dir='ltr'><strong>populi</strong></span> <span class='ocrx_word' id='word_1_451' title='bbox 1071 5459 1304 5514; x_wconf 84' lang='lat' dir='ltr'><strong>contritio</strong></span> <span class='ocrx_word' id='word_1_452' title='bbox 1334 5457 1575 5528; x_wconf 67' lang='lat' dir='ltr'><strong>principis</strong></span> <span class='ocrx_word' id='word_1_453' title='bbox 1614 5453 1794 5524; x_wconf 79' lang='lat' dir='ltr'><strong>(Prov.</strong></span> <span class='ocrx_word' id='word_1_454' title='bbox 1828 5471 1938 5516; x_wconf 81' lang='lat' dir='ltr'><strong>xlv,</strong></span> <span class='ocrx_word' id='word_1_455' title='bbox 1967 5453 2099 5524; x_wconf 64' lang='lat'><strong>“28)?</strong></span> 
     </span>
    </p>
   </div>
   <div class='ocr_carea' id='block_1_57' title="bbox 517 5545 2096 5626">
    <p class='ocr_par' dir='ltr' id='par_1_57' title="bbox 517 5545 2096 5626">
     <span class='ocr_line' id='line_1_57' title="bbox 517 5545 2096 5626; baseline -0.011 -12"><span class='ocrx_word' id='word_1_456' title='bbox 517 5562 618 5614; x_wconf 77' lang='lat' dir='ltr'><strong>Aut</strong></span> <span class='ocrx_word' id='word_1_457' title='bbox 661 5555 926 5626; x_wconf 84' lang='lat' dir='ltr'><strong>qu-nnodo</strong></span> <span class='ocrx_word' id='word_1_458' title='bbox 971 5570 1076 5607; x_wconf 90' lang='lat' dir='ltr'><strong>non</strong></span> <span class='ocrx_word' id='word_1_459' title='bbox 1122 5558 1378 5622; x_wconf 87' lang='lat' dir='ltr'><strong>spernunt</strong></span> <span class='ocrx_word' id='word_1_460' title='bbox 1423 5550 1611 5612; x_wconf 84' lang='lat' dir='ltr'><strong>Deum,</strong></span> <span class='ocrx_word' id='word_1_461' title='bbox 1642 5547 1728 5616; x_wconf 86' lang='lat' dir='ltr'><strong>qui</strong></span> <span class='ocrx_word' id='word_1_462' title='bbox 1773 5545 2096 5614; x_wconf 74' lang='lat' dir='ltr'><strong>Baptismum</strong></span> 
     </span>
    </p>
   </div>
   <div class='ocr_carea' id='block_1_58' title="bbox 578 5700 1598 5772">
    <p class='ocr_par' dir='ltr' id='par_1_58' title="bbox 578 5700 1598 5772">
     <span class='ocr_line' id='line_1_58' title="bbox 578 5700 1598 5772; baseline -0.013 -10"><span class='ocrx_word' id='word_1_463' title='bbox 578 5718 591 5747; x_wconf 81' lang='grc'>¹</span> <span class='ocrx_word' id='word_1_464' title='bbox 623 5722 668 5762; x_wconf 93' lang='lat' dir='ltr'><strong>In</strong></span> <span class='ocrx_word' id='word_1_465' title='bbox 689 5719 790 5761; x_wconf 73' lang='lat' dir='ltr'><strong>Mss.</strong></span> <span class='ocrx_word' id='word_1_466' title='bbox 818 5712 892 5760; x_wconf 90' lang='lat' dir='ltr'><strong>hie</strong></span> <span class='ocrx_word' id='word_1_467' title='bbox 918 5718 964 5760; x_wconf 84' lang='lat' dir='ltr'><strong>et</strong></span> <span class='ocrx_word' id='word_1_468' title='bbox 993 5709 1127 5767; x_wconf 79' lang='lat' dir='ltr'><strong>infra,</strong></span> <span class='ocrx_word' id='word_1_469' title='bbox 1153 5705 1328 5768; x_wconf 86' lang='lat' dir='ltr'><strong>templa</strong></span> <span class='ocrx_word' id='word_1_470' title='bbox 1357 5703 1441 5754; x_wconf 78' lang='lat' dir='ltr'><strong>Dei</strong></span> <span class='ocrx_word' id='word_1_471' title='bbox 1459 5700 1598 5772; x_wconf 40' lang='grc' dir='ltr'><strong>ι’ἱυίη.</strong></span> 
     </span>
    </p>
   </div>
   <div class='ocr_carea' id='block_1_59' title="bbox 583 5767 2101 5834">
    <p class='ocr_par' dir='ltr' id='par_1_59' title="bbox 583 5767 2101 5834">
     <span class='ocr_line' id='line_1_59' title="bbox 583 5767 2101 5834; baseline -0.008 -10"><span class='ocrx_word' id='word_1_472' title='bbox 583 5777 755 5831; x_wconf 63' lang='lat' dir='ltr'><strong>&#39;l-‘tliti,</strong></span> <span class='ocrx_word' id='word_1_473' title='bbox 789 5782 1033 5832; x_wconf 80' lang='lat' dir='ltr'><strong>perrutmn</strong></span> <span class='ocrx_word' id='word_1_474' title='bbox 1072 5767 1384 5834; x_wconf 68' lang='lat' dir='ltr'><strong>rogauerunt.</strong></span> <span class='ocrx_word' id='word_1_475' title='bbox 1413 5775 1466 5815; x_wconf 79' lang='lat' dir='ltr'><strong>At</strong></span> <span class='ocrx_word' id='word_1_476' title='bbox 1505 5767 1711 5812; x_wconf 74' lang='lat' dir='ltr'><strong>\aticant</strong></span> <span class='ocrx_word' id='word_1_477' title='bbox 1745 5767 1867 5823; x_wconf 68' lang='lat' dir='ltr'><strong>Mss,</strong></span> <span class='ocrx_word' id='word_1_478' title='bbox 1910 5768 2101 5824; x_wconf 63' lang='lat' dir='ltr'><strong>peccata</strong></span> 
     </span>
    </p>
   </div>
   <div class='ocr_carea' id='block_1_60' title="bbox 523 5849 831 5901">
    <p class='ocr_par' dir='ltr' id='par_1_60' title="bbox 523 5849 831 5901">
     <span class='ocr_line' id='line_1_60' title="bbox 523 5849 831 5901; baseline -0.003 -15"><span class='ocrx_word' id='word_1_479' title='bbox 523 5849 831 5901; x_wconf 57' lang='lat' dir='ltr'><strong>ivngunt/nation</strong></span> 
     </span>
    </p>
   </div>
   <div class='ocr_carea' id='block_1_61' title="bbox 2209 477 3790 559">
    <p class='ocr_par' dir='ltr' id='par_1_61' title="bbox 2209 477 3790 559">
     <span class='ocr_line' id='line_1_61' title="bbox 2209 477 3790 559; baseline 0.007 -27"><span class='ocrx_word' id='word_1_480' title='bbox 2209 477 2324 544; x_wconf 86' lang='lat' dir='ltr'><strong>ejus</strong></span> <span class='ocrx_word' id='word_1_481' title='bbox 2356 479 2406 533; x_wconf 92' lang='lat' dir='ltr'><strong>in</strong></span> <span class='ocrx_word' id='word_1_482' title='bbox 2435 480 2512 534; x_wconf 91' lang='lat' dir='ltr'><strong>eis</strong></span> <span class='ocrx_word' id='word_1_483' title='bbox 2537 496 2760 550; x_wconf 88' lang='lat' dir='ltr'><strong>quorum</strong></span> <span class='ocrx_word' id='word_1_484' title='bbox 2789 496 3003 538; x_wconf 85' lang='lat' dir='ltr'><strong>causam</strong></span> <span class='ocrx_word' id='word_1_485' title='bbox 3031 493 3136 538; x_wconf 82' lang='lat' dir='ltr'><strong>non</strong></span> <span class='ocrx_word' id='word_1_486' title='bbox 3164 481 3463 553; x_wconf 82' lang='lat' dir='ltr'><strong>audierunt,</strong></span> <span class='ocrx_word' id='word_1_487' title='bbox 3496 496 3548 544; x_wconf 95' lang='lat' dir='ltr'><strong>et</strong></span> <span class='ocrx_word' id='word_1_488' title='bbox 3577 489 3642 545; x_wconf 89' lang='lat' dir='ltr'><strong>de</strong></span> <span class='ocrx_word' id='word_1_489' title='bbox 3672 489 3790 559; x_wconf 88' lang='lat' dir='ltr'><strong>qui-</strong></span> 
     </span>
    </p>
   </div>
   <div class='ocr_carea' id='block_1_62' title="bbox 2209 566 3780 644">
    <p class='ocr_par' dir='ltr' id='par_1_62' title="bbox 2209 566 3780 644">
     <span class='ocr_line' id='line_1_62' title="bbox 2209 566 3780 644; baseline 0.009 -22"><span class='ocrx_word' id='word_1_490' title='bbox 2209 566 2306 623; x_wconf 90' lang='lat' dir='ltr'><strong>bus</strong></span> <span class='ocrx_word' id='word_1_491' title='bbox 2343 569 2487 624; x_wconf 91' lang='lat' dir='ltr'><strong>nullo</strong></span> <span class='ocrx_word' id='word_1_492' title='bbox 2511 571 2669 625; x_wconf 89' lang='lat' dir='ltr'><strong>modo</strong></span> <span class='ocrx_word' id='word_1_493' title='bbox 2691 572 2932 642; x_wconf 85' lang='lat' dir='ltr'><strong>judicare</strong></span> <span class='ocrx_word' id='word_1_494' title='bbox 2957 581 3262 644; x_wconf 91' lang='lat' dir='ltr'><strong>potuerunt,</strong></span> <span class='ocrx_word' id='word_1_495' title='bbox 3294 577 3589 634; x_wconf 90' lang='lat' dir='ltr'><strong>incredibili</strong></span> <span class='ocrx_word' id='word_1_496' title='bbox 3617 589 3780 636; x_wconf 87' lang='lat' dir='ltr'><strong>teme-</strong></span> 
     </span>
    </p>
   </div>
   <div class='ocr_carea' id='block_1_63' title="bbox 2208 660 3790 741">
    <p class='ocr_par' dir='ltr' id='par_1_63' title="bbox 2208 660 3790 741">
     <span class='ocr_line' id='line_1_63' title="bbox 2208 660 3790 741; baseline 0.009 -29"><span class='ocrx_word' id='word_1_497' title='bbox 2208 660 2363 715; x_wconf 89' lang='lat' dir='ltr'><strong>ritate</strong></span> <span class='ocrx_word' id='word_1_498' title='bbox 2408 661 2695 732; x_wconf 88' lang='lat' dir='ltr'><strong>impietatis</strong></span> <span class='ocrx_word' id='word_1_499' title='bbox 2741 664 3042 730; x_wconf 76' lang='lat' dir='ltr'><strong>exsurdant,</strong></span> <span class='ocrx_word' id='word_1_500' title='bbox 3074 674 3128 720; x_wconf 86' lang='lat' dir='ltr'><strong>et</strong></span> <span class='ocrx_word' id='word_1_501' title='bbox 3173 667 3271 722; x_wconf 88' lang='lat' dir='ltr'><strong>sibi</strong></span> <span class='ocrx_word' id='word_1_502' title='bbox 3315 667 3511 723; x_wconf 83' lang='lat' dir='ltr'><strong>audent</strong></span> <span class='ocrx_word' id='word_1_503' title='bbox 3540 685 3790 741; x_wconf 71' lang='lat' dir='ltr'><strong>arrogans</strong></span> 
     </span>
    </p>
   </div>
   <div class='ocr_carea' id='block_1_64' title="bbox 2207 753 3792 834">
    <p class='ocr_par' dir='ltr' id='par_1_64' title="bbox 2207 753 3792 834">
     <span class='ocr_line' id='line_1_64' title="bbox 2207 753 3792 834; baseline 0.007 -28"><span class='ocrx_word' id='word_1_504' title='bbox 2207 753 2348 824; x_wconf 87' lang='lat' dir='ltr'><strong>quod</strong></span> <span class='ocrx_word' id='word_1_505' title='bbox 2391 754 2481 809; x_wconf 89' lang='lat' dir='ltr'><strong>Dei</strong></span> <span class='ocrx_word' id='word_1_506' title='bbox 2520 766 2635 820; x_wconf 91' lang='lat' dir='ltr'><strong>est;</strong></span> <span class='ocrx_word' id='word_1_507' title='bbox 2664 772 2693 809; x_wconf 89' lang='lat' dir='ltr'><strong>a</strong></span> <span class='ocrx_word' id='word_1_508' title='bbox 2736 772 2796 812; x_wconf 89' lang='lat' dir='ltr'><strong>se</strong></span> <span class='ocrx_word' id='word_1_509' title='bbox 2821 756 3100 813; x_wconf 85' lang='lat' dir='ltr'><strong>damnatos</strong></span> <span class='ocrx_word' id='word_1_510' title='bbox 3141 759 3192 813; x_wconf 94' lang='lat' dir='ltr'><strong>in</strong></span> <span class='ocrx_word' id='word_1_511' title='bbox 3237 759 3526 816; x_wconf 89' lang='lat' dir='ltr'><strong>honoribus</strong></span> <span class='ocrx_word' id='word_1_512' title='bbox 3573 761 3792 834; x_wconf 74' lang='lat' dir='ltr'><strong>integris</strong></span> 
     </span>
    </p>
   </div>
   <div class='ocr_carea' id='block_1_65' title="bbox 2208 846 3788 918">
    <p class='ocr_par' dir='ltr' id='par_1_65' title="bbox 2208 846 3788 918">
     <span class='ocr_line' id='line_1_65' title="bbox 2208 846 3788 918; baseline 0.006 -19"><span class='ocrx_word' id='word_1_513' title='bbox 2208 860 2307 915; x_wconf 91' lang='lat' dir='ltr'><strong>pro</strong></span> <span class='ocrx_word' id='word_1_514' title='bbox 2350 846 2537 901; x_wconf 87' lang='lat' dir='ltr'><strong>Donati</strong></span> <span class='ocrx_word' id='word_1_515' title='bbox 2583 862 2712 917; x_wconf 89' lang='lat' dir='ltr'><strong>pace</strong></span> <span class='ocrx_word' id='word_1_516' title='bbox 2754 848 3033 918; x_wconf 91' lang='lat' dir='ltr'><strong>recipiunt,</strong></span> <span class='ocrx_word' id='word_1_517' title='bbox 3068 859 3122 905; x_wconf 89' lang='lat' dir='ltr'><strong>et</strong></span> <span class='ocrx_word' id='word_1_518' title='bbox 3149 862 3178 904; x_wconf 88' lang='lat' dir='ltr'><strong>a</strong></span> <span class='ocrx_word' id='word_1_519' title='bbox 3222 866 3281 906; x_wconf 89' lang='lat' dir='ltr'><strong>se</strong></span> <span class='ocrx_word' id='word_1_520' title='bbox 3309 851 3573 907; x_wconf 85' lang='lat' dir='ltr'><strong>inauditos</strong></span> <span class='ocrx_word' id='word_1_521' title='bbox 3602 864 3788 908; x_wconf 89' lang='lat' dir='ltr'><strong>contra</strong></span> 
     </span>
    </p>
   </div>
   <div class='ocr_carea' id='block_1_66' title="bbox 2207 938 3789 1011">
    <p class='ocr_par' dir='ltr' id='par_1_66' title="bbox 2207 938 3789 1011">
     <span class='ocr_line' id='line_1_66' title="bbox 2207 938 3789 1011; baseline 0.006 -21"><span class='ocrx_word' id='word_1_522' title='bbox 2207 951 2392 1006; x_wconf 85' lang='lat' dir='ltr'><strong>pacem</strong></span> <span class='ocrx_word' id='word_1_523' title='bbox 2423 938 2629 993; x_wconf 91' lang='lat' dir='ltr'><strong>Domini</strong></span> <span class='ocrx_word' id='word_1_524' title='bbox 2655 939 3022 1005; x_wconf 77' lang='lat' dir='ltr'><strong>detestantur;</strong></span> <span class='ocrx_word' id='word_1_525' title='bbox 3066 941 3330 1011; x_wconf 82' lang='lat' dir='ltr'><strong>Baptisma</strong></span> <span class='ocrx_word' id='word_1_526' title='bbox 3375 943 3426 997; x_wconf 93' lang='lat' dir='ltr'><strong>in</strong></span> <span class='ocrx_word' id='word_1_527' title='bbox 3475 943 3576 998; x_wconf 93' lang='lat' dir='ltr'><strong>illis</strong></span> <span class='ocrx_word' id='word_1_528' title='bbox 3622 953 3789 999; x_wconf 86' lang='lat' dir='ltr'><strong>terra-</strong></span> 
     </span>
    </p>
   </div>
   <div class='ocr_carea' id='block_1_67' title="bbox 2205 1032 3791 1106">
    <p class='ocr_par' dir='ltr' id='par_1_67' title="bbox 2205 1032 3791 1106">
     <span class='ocr_line' id='line_1_67' title="bbox 2205 1032 3791 1106; baseline 0.004 -20"><span class='ocrx_word' id='word_1_529' title='bbox 2205 1048 2320 1086; x_wconf 89' lang='lat' dir='ltr'><strong>rum</strong></span> <span class='ocrx_word' id='word_1_530' title='bbox 2352 1032 2585 1102; x_wconf 86' lang='lat' dir='ltr'><strong>partibus</strong></span> <span class='ocrx_word' id='word_1_531' title='bbox 2615 1049 2708 1102; x_wconf 87' lang='lat' dir='ltr'><strong>per</strong></span> <span class='ocrx_word' id='word_1_532' title='bbox 2758 1034 3042 1102; x_wconf 77' lang='lat' dir='ltr'><strong>Apostolos</strong></span> <span class='ocrx_word' id='word_1_533' title='bbox 3088 1035 3339 1090; x_wconf 89' lang='lat' dir='ltr'><strong>traditum</strong></span> <span class='ocrx_word' id='word_1_534' title='bbox 3389 1036 3613 1106; x_wconf 78' lang='lat' dir='ltr'><strong>periisse</strong></span> <span class='ocrx_word' id='word_1_535' title='bbox 3660 1047 3791 1092; x_wconf 85' lang='lat' dir='ltr'><strong>con-</strong></span> 
     </span>
    </p>
   </div>
   <div class='ocr_carea' id='block_1_68' title="bbox 2206 1124 3792 1196">
    <p class='ocr_par' dir='ltr' id='par_1_68' title="bbox 2206 1124 3792 1196">
     <span class='ocr_line' id='line_1_68' title="bbox 2206 1124 3792 1196; baseline 0.004 -19"><span class='ocrx_word' id='word_1_536' title='bbox 2206 1124 2448 1189; x_wconf 90' lang='lat' dir='ltr'><strong>tendunt,</strong></span> <span class='ocrx_word' id='word_1_537' title='bbox 2480 1133 2533 1178; x_wconf 92' lang='lat' dir='ltr'><strong>et</strong></span> <span class='ocrx_word' id='word_1_538' title='bbox 2575 1140 2668 1195; x_wconf 89' lang='lat' dir='ltr'><strong>per</strong></span> <span class='ocrx_word' id='word_1_539' title='bbox 2705 1125 3028 1180; x_wconf 81' lang='lat' dir='ltr'><strong>Felicianum</strong></span> <span class='ocrx_word' id='word_1_540' title='bbox 3063 1126 3199 1196; x_wconf 91' lang='lat' dir='ltr'><strong>apud</strong></span> <span class='ocrx_word' id='word_1_541' title='bbox 3239 1127 3653 1184; x_wconf 80' lang='lat' dir='ltr'><strong>Maximianistas</strong></span> <span class='ocrx_word' id='word_1_542' title='bbox 3684 1137 3792 1184; x_wconf 85' lang='lat' dir='ltr'><strong>tra-</strong></span> 
     </span>
    </p>
   </div>
   <div class='ocr_carea' id='block_1_69' title="bbox 2203 1214 3789 1289">
    <p class='ocr_par' dir='ltr' id='par_1_69' title="bbox 2203 1214 3789 1289">
     <span class='ocr_line' id='line_1_69' title="bbox 2203 1214 3789 1289; baseline 0.005 -22"><span class='ocrx_word' id='word_1_543' title='bbox 2203 1214 2370 1268; x_wconf 88' lang='lat' dir='ltr'><strong>ditum</strong></span> <span class='ocrx_word' id='word_1_544' title='bbox 2412 1230 2516 1270; x_wconf 92' lang='lat' dir='ltr'><strong>non</strong></span> <span class='ocrx_word' id='word_1_545' title='bbox 2567 1215 2788 1285; x_wconf 87' lang='lat' dir='ltr'><strong>periisse</strong></span> <span class='ocrx_word' id='word_1_546' title='bbox 2822 1219 3193 1272; x_wconf 74' lang='lat' dir='ltr'><strong>concedunt“?</strong></span> <span class='ocrx_word' id='word_1_547' title='bbox 3233 1216 3481 1274; x_wconf 70' lang='lat' dir='ltr'><strong>Jamvero</strong></span> <span class='ocrx_word' id='word_1_548' title='bbox 3518 1221 3789 1289; x_wconf 87' lang='lat' dir='ltr'><strong>quomodo</strong></span> 
     </span>
    </p>
   </div>
   <div class='ocr_carea' id='block_1_70' title="bbox 2204 1305 3784 1382">
    <p class='ocr_par' dir='ltr' id='par_1_70' title="bbox 2204 1305 3784 1382">
     <span class='ocr_line' id='line_1_70' title="bbox 2204 1305 3784 1382; baseline 0.003 -20"><span class='ocrx_word' id='word_1_549' title='bbox 2204 1305 2462 1362; x_wconf 71' lang='lat' dir='ltr'><strong>Catholici</strong></span> <span class='ocrx_word' id='word_1_550' title='bbox 2515 1321 2619 1360; x_wconf 91' lang='lat' dir='ltr'><strong>non</strong></span> <span class='ocrx_word' id='word_1_551' title='bbox 2660 1307 2954 1363; x_wconf 86' lang='lat' dir='ltr'><strong>clarificant</strong></span> <span class='ocrx_word' id='word_1_552' title='bbox 3009 1310 3196 1375; x_wconf 92' lang='lat' dir='ltr'><strong>Deum,</strong></span> <span class='ocrx_word' id='word_1_553' title='bbox 3228 1311 3315 1380; x_wconf 88' lang='lat' dir='ltr'><strong>qui</strong></span> <span class='ocrx_word' id='word_1_554' title='bbox 3365 1311 3624 1380; x_wconf 79' lang='lat' dir='ltr'><strong>promiSSa</strong></span> <span class='ocrx_word' id='word_1_555' title='bbox 3669 1311 3784 1382; x_wconf 74' lang='lat' dir='ltr'><strong>ejus</strong></span> 
     </span>
    </p>
   </div>
   <div class='ocr_carea' id='block_1_71' title="bbox 2203 1397 3780 1472">
    <p class='ocr_par' dir='ltr' id='par_1_71' title="bbox 2203 1397 3780 1472">
     <span class='ocr_line' id='line_1_71' title="bbox 2203 1397 3780 1472; baseline 0.004 -22"><span class='ocrx_word' id='word_1_556' title='bbox 2203 1397 2362 1451; x_wconf 74' lang='lat' dir='ltr'><strong>nullis</strong></span> <span class='ocrx_word' id='word_1_557' title='bbox 2407 1398 2681 1453; x_wconf 91' lang='lat' dir='ltr'><strong>hominum</strong></span> <span class='ocrx_word' id='word_1_558' title='bbox 2729 1399 3040 1464; x_wconf 78' lang='lat' dir='ltr'><strong>sceleribus,</strong></span> <span class='ocrx_word' id='word_1_559' title='bbox 3087 1401 3374 1472; x_wconf 82' lang='lat' dir='ltr'><strong>quominus</strong></span> <span class='ocrx_word' id='word_1_560' title='bbox 3417 1403 3780 1472; x_wconf 89' lang='lat' dir='ltr'><strong>implerentur,</strong></span> 
     </span>
    </p>
   </div>
   <div class='ocr_carea' id='block_1_72' title="bbox 2204 1489 3784 1565">
    <p class='ocr_par' dir='ltr' id='par_1_72' title="bbox 2204 1489 3784 1565">
     <span class='ocr_line' id='line_1_72' title="bbox 2204 1489 3784 1565; baseline 0.006 -23"><span class='ocrx_word' id='word_1_561' title='bbox 2204 1489 2446 1559; x_wconf 89' lang='lat' dir='ltr'><strong>impediri</strong></span> <span class='ocrx_word' id='word_1_562' title='bbox 2497 1505 2652 1559; x_wconf 88' lang='lat' dir='ltr'><strong>posse</strong></span> <span class='ocrx_word' id='word_1_563' title='bbox 2698 1491 3007 1556; x_wconf 88' lang='lat' dir='ltr'><strong>confidunt;</strong></span> <span class='ocrx_word' id='word_1_564' title='bbox 3048 1494 3135 1563; x_wconf 89' lang='lat' dir='ltr'><strong>qui</strong></span> <span class='ocrx_word' id='word_1_565' title='bbox 3184 1504 3512 1549; x_wconf 89' lang='lat' dir='ltr'><strong>sacramenta</strong></span> <span class='ocrx_word' id='word_1_566' title='bbox 3552 1495 3669 1565; x_wconf 85' lang='lat' dir='ltr'><strong>ejus</strong></span> <span class='ocrx_word' id='word_1_567' title='bbox 3717 1499 3784 1551; x_wconf 79' lang='lat' dir='ltr'><strong>ita</strong></span> 
     </span>
    </p>
   </div>
   <div class='ocr_carea' id='block_1_73' title="bbox 2202 1581 3787 1654">
    <p class='ocr_par' dir='ltr' id='par_1_73' title="bbox 2202 1581 3787 1654">
     <span class='ocr_line' id='line_1_73' title="bbox 2202 1581 3787 1654; baseline 0.005 -20"><span class='ocrx_word' id='word_1_568' title='bbox 2202 1581 2379 1635; x_wconf 88' lang='lat' dir='ltr'><strong>debita</strong></span> <span class='ocrx_word' id='word_1_569' title='bbox 2418 1583 2761 1638; x_wconf 85' lang='lat' dir='ltr'><strong>veneratione</strong></span> <span class='ocrx_word' id='word_1_570' title='bbox 2801 1594 3212 1654; x_wconf 86' lang='lat' dir='ltr'><strong>prosequuntur,</strong></span> <span class='ocrx_word' id='word_1_571' title='bbox 3255 1595 3312 1639; x_wconf 91' lang='lat' dir='ltr'><strong>ut</strong></span> <span class='ocrx_word' id='word_1_572' title='bbox 3348 1601 3411 1641; x_wconf 89' lang='lat' dir='ltr'><strong>ea</strong></span> <span class='ocrx_word' id='word_1_573' title='bbox 3441 1586 3484 1640; x_wconf 87' lang='lat' dir='ltr'><strong>si</strong></span> <span class='ocrx_word' id='word_1_574' title='bbox 3515 1588 3675 1642; x_wconf 90' lang='lat' dir='ltr'><strong>etiam</strong></span> <span class='ocrx_word' id='word_1_575' title='bbox 3721 1589 3787 1642; x_wconf 76' lang='lat' dir='ltr'><strong>at.</strong></span> 
     </span>
    </p>
   </div>
   <div class='ocr_carea' id='block_1_74' title="bbox 2202 1671 3787 1748">
    <p class='ocr_par' dir='ltr' id='par_1_74' title="bbox 2202 1671 3787 1748">
     <span class='ocr_line' id='line_1_74' title="bbox 2202 1671 3787 1748; baseline 0.006 -23"><span class='ocrx_word' id='word_1_576' title='bbox 2202 1671 2669 1743; x_wconf 80' lang='lat' dir='ltr'><strong>indignistractata</strong></span> <span class='ocrx_word' id='word_1_577' title='bbox 2702 1675 2932 1740; x_wconf 87' lang='lat' dir='ltr'><strong>fuerint;</strong></span> <span class='ocrx_word' id='word_1_578' title='bbox 2985 1676 3088 1730; x_wconf 67' lang='lat' dir='ltr'><strong>illis</strong></span> <span class='ocrx_word' id='word_1_579' title='bbox 3132 1673 3227 1732; x_wconf 76' lang='lat' dir='ltr'><strong>sua</strong></span> <span class='ocrx_word' id='word_1_580' title='bbox 3267 1679 3614 1748; x_wconf 79' lang='lat' dir='ltr'><strong>perversitate</strong></span> <span class='ocrx_word' id='word_1_581' title='bbox 3636 1679 3787 1734; x_wconf 85' lang='lat' dir='ltr'><strong>dam-</strong></span> 
     </span>
    </p>
   </div>
   <div class='ocr_carea' id='block_1_75' title="bbox 2202 1765 3787 1840">
    <p class='ocr_par' dir='ltr' id='par_1_75' title="bbox 2202 1765 3787 1840">
     <span class='ocr_line' id='line_1_75' title="bbox 2202 1765 3787 1840; baseline 0.006 -22"><span class='ocrx_word' id='word_1_582' title='bbox 2202 1765 2374 1829; x_wconf 87' lang='lat' dir='ltr'><strong>natis,</strong></span> <span class='ocrx_word' id='word_1_583' title='bbox 2436 1765 2521 1820; x_wconf 93' lang='lat' dir='ltr'><strong>illa</strong></span> <span class='ocrx_word' id='word_1_584' title='bbox 2588 1767 2900 1823; x_wconf 86' lang='lat' dir='ltr'><strong>intemerata</strong></span> <span class='ocrx_word' id='word_1_585' title='bbox 2961 1769 3244 1825; x_wconf 78' lang='lat' dir='ltr'><strong>sanctitate</strong></span> <span class='ocrx_word' id='word_1_586' title='bbox 3309 1784 3623 1840; x_wconf 85' lang='lat' dir='ltr'><strong>permanere</strong></span> <span class='ocrx_word' id='word_1_587' title='bbox 3688 1770 3787 1827; x_wconf 88' lang='lat' dir='ltr'><strong>de-</strong></span> 
     </span>
    </p>
   </div>
   <div class='ocr_carea' id='block_1_76' title="bbox 2203 1859 2548 1913">
    <p class='ocr_par' dir='ltr' id='par_1_76' title="bbox 2203 1859 2548 1913">
     <span class='ocr_line' id='line_1_76' title="bbox 2203 1859 2548 1913; baseline 0.003 -1"><span class='ocrx_word' id='word_1_588' title='bbox 2203 1859 2548 1913; x_wconf 78' lang='lat' dir='ltr'><strong>monstrent?</strong></span> 
     </span>
    </p>
   </div>
   <div class='ocr_carea' id='block_1_77' title="bbox 2271 1949 3788 2027">
    <p class='ocr_par' dir='ltr' id='par_1_77' title="bbox 2271 1949 3788 2027">
     <span class='ocr_line' id='line_1_77' title="bbox 2271 1949 3788 2027; baseline 0.004 -22"><span class='ocrx_word' id='word_1_589' title='bbox 2271 1949 2496 2007; x_wconf 71' lang='lat' dir='ltr'><strong>CAPUT</strong></span> <span class='ocrx_word' id='word_1_590' title='bbox 2525 1950 2718 2006; x_wconf 80' lang='lat' dir='ltr'><strong>XX.-——</strong></span> <span class='ocrx_word' id='word_1_591' title='bbox 2737 1952 2826 2008; x_wconf 76' lang='lat'><strong>39.</strong></span> <span class='ocrx_word' id='word_1_592' title='bbox 2853 1970 2872 2004; x_wconf 75' lang='grc' dir='ltr'><strong><em>ι</em></strong></span> <span class='ocrx_word' id='word_1_593' title='bbox 2905 1951 3120 2018; x_wconf 86' lang='lat' dir='ltr'><strong>lterum,</strong></span> <span class='ocrx_word' id='word_1_594' title='bbox 3148 1967 3168 2006; x_wconf 82' lang='lat' dir='ltr'><strong>t</strong></span> <span class='ocrx_word' id='word_1_595' title='bbox 3193 1956 3464 2025; x_wconf 85' lang='lat' dir='ltr'><strong>inquiunt,</strong></span> <span class='ocrx_word' id='word_1_596' title='bbox 3485 1974 3501 2006; x_wconf 76' lang='grc' dir='ltr'>ι</span> <span class='ocrx_word' id='word_1_597' title='bbox 3528 1955 3788 2027; x_wconf 71' lang='lat' dir='ltr'><strong>scriptum</strong></span> 
     </span>
    </p>
   </div>
   <div class='ocr_carea' id='block_1_78' title="bbox 2200 2041 3790 2118">
    <p class='ocr_par' dir='ltr' id='par_1_78' title="bbox 2200 2041 3790 2118">
     <span class='ocr_line' id='line_1_78' title="bbox 2200 2041 3790 2118; baseline 0.003 -22"><span class='ocrx_word' id='word_1_598' title='bbox 2200 2051 2282 2097; x_wconf 79' lang='lat' dir='ltr'><strong>est</strong></span> <span class='ocrx_word' id='word_1_599' title='bbox 2308 2061 2320 2096; x_wconf 94' lang='lat'>:</span> <span class='ocrx_word' id='word_1_600' title='bbox 2355 2041 2528 2096; x_wconf 81' lang='lat' dir='ltr'><strong>Nolite</strong></span> <span class='ocrx_word' id='word_1_601' title='bbox 2555 2045 2925 2099; x_wconf 85' lang='lat' dir='ltr'><strong>communicare</strong></span> <span class='ocrx_word' id='word_1_602' title='bbox 2950 2045 3184 2115; x_wconf 65' lang='lat' dir='ltr'><strong>aper-ilius</strong></span> <span class='ocrx_word' id='word_1_603' title='bbox 3211 2045 3538 2118; x_wconf 80' lang='lat' dir='ltr'><strong>infructuosis</strong></span> <span class='ocrx_word' id='word_1_604' title='bbox 3568 2047 3790 2102; x_wconf 80' lang='lat' dir='ltr'><strong>tenebra-</strong></span> 
     </span>
    </p>
   </div>
   <div class='ocr_carea' id='block_1_79' title="bbox 2201 2138 3784 2211">
    <p class='ocr_par' dir='ltr' id='par_1_79' title="bbox 2201 2138 3784 2211">
     <span class='ocr_line' id='line_1_79' title="bbox 2201 2138 3784 2211; baseline 0.004 -23"><span class='ocrx_word' id='word_1_605' title='bbox 2201 2152 2314 2188; x_wconf 78' lang='lat' dir='ltr'><strong>rum</strong></span> <span class='ocrx_word' id='word_1_606' title='bbox 2335 2176 2348 2199; x_wconf 93' lang='lat'><strong>,</strong></span> <span class='ocrx_word' id='word_1_607' title='bbox 2381 2141 2541 2207; x_wconf 80' lang='lat' dir='ltr'><strong>magis</strong></span> <span class='ocrx_word' id='word_1_608' title='bbox 2565 2146 2730 2190; x_wconf 83' lang='lat' dir='ltr'><strong>autem</strong></span> <span class='ocrx_word' id='word_1_609' title='bbox 2757 2138 3061 2210; x_wconf 81' lang='lat' dir='ltr'><strong>redarguite.</strong></span> <span class='ocrx_word' id='word_1_610' title='bbox 3098 2138 3225 2204; x_wconf 67' lang='lat' dir='ltr'><strong>Quae</strong></span> <span class='ocrx_word' id='word_1_611' title='bbox 3249 2139 3381 2193; x_wconf 86' lang='lat' dir='ltr'><strong>enim</strong></span> <span class='ocrx_word' id='word_1_612' title='bbox 3409 2140 3539 2208; x_wconf 70' lang='lat' dir='ltr'><strong>[iam</strong></span> <span class='ocrx_word' id='word_1_613' title='bbox 3567 2142 3629 2192; x_wconf 83' lang='lat' dir='ltr'><strong>ab</strong></span> <span class='ocrx_word' id='word_1_614' title='bbox 3653 2141 3784 2211; x_wconf 82' lang='lat' dir='ltr'><strong>ipsis</strong></span> 
     </span>
    </p>
   </div>
   <div class='ocr_carea' id='block_1_80' title="bbox 2201 2227 3787 2302">
    <p class='ocr_par' dir='ltr' id='par_1_80' title="bbox 2201 2227 3787 2302">
     <span class='ocr_line' id='line_1_80' title="bbox 2201 2227 3787 2302; baseline 0.003 -22"><span class='ocrx_word' id='word_1_615' title='bbox 2201 2227 2436 2292; x_wconf 78' lang='lat' dir='ltr'><strong>latenter,</strong></span> <span class='ocrx_word' id='word_1_616' title='bbox 2470 2238 2617 2298; x_wconf 89' lang='lat' dir='ltr'><strong>turpe</strong></span> <span class='ocrx_word' id='word_1_617' title='bbox 2644 2237 2719 2282; x_wconf 85' lang='lat' dir='ltr'><strong>est</strong></span> <span class='ocrx_word' id='word_1_618' title='bbox 2746 2237 2792 2282; x_wconf 88' lang='lat' dir='ltr'><strong>et</strong></span> <span class='ocrx_word' id='word_1_619' title='bbox 2821 2228 2988 2282; x_wconf 78' lang='lat' dir='ltr'><strong>dicere</strong></span> <span class='ocrx_word' id='word_1_620' title='bbox 3024 2247 3042 2281; x_wconf 78' lang='grc' dir='ltr'><strong><em>ι</em></strong></span> <span class='ocrx_word' id='word_1_621' title='bbox 3076 2228 3291 2298; x_wconf 80' lang='lat' dir='ltr'><strong>(Ephes.</strong></span> <span class='ocrx_word' id='word_1_622' title='bbox 3320 2245 3376 2297; x_wconf 91' lang='lat' dir='ltr'><strong>v,</strong></span> <span class='ocrx_word' id='word_1_623' title='bbox 3402 2231 3460 2284; x_wconf 76' lang='lat' dir='ltr'><strong>ll</strong></span> <span class='ocrx_word' id='word_1_624' title='bbox 3487 2271 3502 2298; x_wconf 95' lang='lat'><strong>,</strong></span> <span class='ocrx_word' id='word_1_625' title='bbox 3529 2231 3636 2302; x_wconf 74' lang='grc'><strong>12).</strong></span> <span class='ocrx_word' id='word_1_626' title='bbox 3660 2229 3787 2285; x_wconf 73' lang='lat' dir='ltr'><strong>Jam</strong></span> 
     </span>
    </p>
   </div>
   <div class='ocr_carea' id='block_1_81' title="bbox 2202 2321 3776 2392">
    <p class='ocr_par' dir='ltr' id='par_1_81' title="bbox 2202 2321 3776 2392">
     <span class='ocr_line' id='line_1_81' title="bbox 2202 2321 3776 2392; baseline 0.002 -18"><span class='ocrx_word' id='word_1_627' title='bbox 2202 2321 2312 2390; x_wconf 85' lang='lat' dir='ltr'><strong>ipsa</strong></span> <span class='ocrx_word' id='word_1_628' title='bbox 2338 2321 2497 2376; x_wconf 89' lang='lat' dir='ltr'><strong>verba</strong></span> <span class='ocrx_word' id='word_1_629' title='bbox 2525 2321 2972 2392; x_wconf 75' lang='lat' dir='ltr'><strong>quemadmodum</strong></span> <span class='ocrx_word' id='word_1_630' title='bbox 3002 2321 3344 2392; x_wconf 83' lang='lat' dir='ltr'><strong>intelligenda</strong></span> <span class='ocrx_word' id='word_1_631' title='bbox 3379 2323 3488 2377; x_wconf 89' lang='lat' dir='ltr'><strong>sint</strong></span> <span class='ocrx_word' id='word_1_632' title='bbox 3512 2324 3776 2390; x_wconf 74' lang='lat' dir='ltr'><strong>diximus,</strong></span> 
     </span>
    </p>
   </div>
   <div class='ocr_carea' id='block_1_82' title="bbox 2199 2415 3785 2487">
    <p class='ocr_par' dir='ltr' id='par_1_82' title="bbox 2199 2415 3785 2487">
     <span class='ocr_line' id='line_1_82' title="bbox 2199 2415 3785 2487; baseline 0.004 -23"><span class='ocrx_word' id='word_1_633' title='bbox 2199 2415 2321 2484; x_wconf 87' lang='lat' dir='ltr'><strong>quia</strong></span> <span class='ocrx_word' id='word_1_634' title='bbox 2369 2430 2473 2469; x_wconf 90' lang='lat' dir='ltr'><strong>non</strong></span> <span class='ocrx_word' id='word_1_635' title='bbox 2520 2416 2917 2471; x_wconf 85' lang='lat' dir='ltr'><strong>communicare</strong></span> <span class='ocrx_word' id='word_1_636' title='bbox 2962 2425 3045 2471; x_wconf 60' lang='lat' dir='ltr'><strong>est</strong></span> <span class='ocrx_word' id='word_1_637' title='bbox 3087 2430 3192 2471; x_wconf 83' lang='lat' dir='ltr'><strong>non</strong></span> <span class='ocrx_word' id='word_1_638' title='bbox 3235 2417 3540 2472; x_wconf 84' lang='lat' dir='ltr'><strong>consentire</strong></span> <span class='ocrx_word' id='word_1_639' title='bbox 3582 2434 3596 2472; x_wconf 91' lang='lat'><strong>:</strong></span> <span class='ocrx_word' id='word_1_640' title='bbox 3636 2417 3785 2487; x_wconf 85' lang='lat' dir='ltr'><strong>quod</strong></span> 
     </span>
    </p>
   </div>
   <div class='ocr_carea' id='block_1_83' title="bbox 2202 2505 3787 2577">
    <p class='ocr_par' dir='ltr' id='par_1_83' title="bbox 2202 2505 3787 2577">
     <span class='ocr_line' id='line_1_83' title="bbox 2202 2505 3787 2577; baseline 0.001 -17"><span class='ocrx_word' id='word_1_641' title='bbox 2202 2515 2417 2575; x_wconf 88' lang='lat' dir='ltr'><strong>propter</strong></span> <span class='ocrx_word' id='word_1_642' title='bbox 2448 2506 2701 2560; x_wconf 79' lang='lat' dir='ltr'><strong>Ecclesia:</strong></span> <span class='ocrx_word' id='word_1_643' title='bbox 2727 2505 3065 2575; x_wconf 87' lang='lat' dir='ltr'><strong>disciplinam</strong></span> <span class='ocrx_word' id='word_1_644' title='bbox 3107 2521 3294 2577; x_wconf 89' lang='lat' dir='ltr'><strong>parum</strong></span> <span class='ocrx_word' id='word_1_645' title='bbox 3335 2516 3448 2574; x_wconf 83' lang='lat' dir='ltr'><strong>est,</strong></span> <span class='ocrx_word' id='word_1_646' title='bbox 3481 2508 3581 2562; x_wconf 90' lang='lat' dir='ltr'><strong>nisi</strong></span> <span class='ocrx_word' id='word_1_647' title='bbox 3621 2508 3787 2562; x_wconf 89' lang='lat' dir='ltr'><strong>etiam</strong></span> 
     </span>
    </p>
   </div>
   <div class='ocr_carea' id='block_1_84' title="bbox 2201 2598 3798 2671">
    <p class='ocr_par' dir='ltr' id='par_1_84' title="bbox 2201 2598 3798 2671">
     <span class='ocr_line' id='line_1_84' title="bbox 2201 2598 3798 2671; baseline 0.003 -20"><span class='ocrx_word' id='word_1_648' title='bbox 2201 2598 2606 2668; x_wconf 82' lang='lat' dir='ltr'><strong>rcdarguantur,</strong></span> <span class='ocrx_word' id='word_1_649' title='bbox 2633 2599 2905 2669; x_wconf 80' lang='lat' dir='ltr'><strong>utcorrigi</strong></span> <span class='ocrx_word' id='word_1_650' title='bbox 2937 2599 3162 2670; x_wconf 87' lang='lat' dir='ltr'><strong>possint.</strong></span> <span class='ocrx_word' id='word_1_651' title='bbox 3195 2599 3302 2654; x_wconf 88' lang='lat' dir='ltr'><strong>Sed</strong></span> <span class='ocrx_word' id='word_1_652' title='bbox 3339 2598 3451 2654; x_wconf 79' lang='lat' dir='ltr'><strong>lucc</strong></span> <span class='ocrx_word' id='word_1_653' title='bbox 3476 2601 3620 2654; x_wconf 87' lang='lat' dir='ltr'><strong>salva</strong></span> <span class='ocrx_word' id='word_1_654' title='bbox 3653 2615 3798 2671; x_wconf 78' lang='lat' dir='ltr'><strong>pace</strong></span> 
     </span>
    </p>
   </div>
   <div class='ocr_carea' id='block_1_85' title="bbox 2208 2689 3790 2761">
    <p class='ocr_par' dir='ltr' id='par_1_85' title="bbox 2208 2689 3790 2761">
     <span class='ocr_line' id='line_1_85' title="bbox 2208 2689 3790 2761; baseline 0.002 -17"><span class='ocrx_word' id='word_1_655' title='bbox 2208 2689 2447 2745; x_wconf 74' lang='lat' dir='ltr'><strong>facienda</strong></span> <span class='ocrx_word' id='word_1_656' title='bbox 2489 2698 2646 2758; x_wconf 89' lang='lat' dir='ltr'><strong>sunt,</strong></span> <span class='ocrx_word' id='word_1_657' title='bbox 2674 2701 2725 2746; x_wconf 91' lang='lat' dir='ltr'><strong>et</strong></span> <span class='ocrx_word' id='word_1_658' title='bbox 2757 2700 3009 2761; x_wconf 87' lang='lat' dir='ltr'><strong>quantum</strong></span> <span class='ocrx_word' id='word_1_659' title='bbox 3037 2691 3270 2747; x_wconf 88' lang='lat' dir='ltr'><strong>admittit</strong></span> <span class='ocrx_word' id='word_1_660' title='bbox 3298 2692 3531 2748; x_wconf 79' lang='lat' dir='ltr'><strong>oﬁieinm</strong></span> <span class='ocrx_word' id='word_1_661' title='bbox 3561 2709 3790 2748; x_wconf 87' lang='lat' dir='ltr'><strong>conser-</strong></span> 
     </span>
    </p>
   </div>
   <div class='ocr_carea' id='block_1_86' title="bbox 2201 2783 3618 2848">
    <p class='ocr_par' dir='ltr' id='par_1_86' title="bbox 2201 2783 3618 2848">
     <span class='ocr_line' id='line_1_86' title="bbox 2201 2783 3618 2848; baseline 0.004 -12"><span class='ocrx_word' id='word_1_662' title='bbox 2201 2784 2385 2838; x_wconf 66' lang='lat' dir='ltr'><strong>vanda:</strong></span> <span class='ocrx_word' id='word_1_663' title='bbox 2408 2783 2648 2848; x_wconf 78' lang='lat' dir='ltr'><strong>unitatis,</strong></span> <span class='ocrx_word' id='word_1_664' title='bbox 2680 2800 2746 2838; x_wconf 87' lang='lat' dir='ltr'><strong>ne</strong></span> <span class='ocrx_word' id='word_1_665' title='bbox 2777 2785 2936 2838; x_wconf 90' lang='lat' dir='ltr'><strong>simul</strong></span> <span class='ocrx_word' id='word_1_666' title='bbox 2963 2785 3266 2840; x_wconf 90' lang='lat' dir='ltr'><strong>cradicetur</strong></span> <span class='ocrx_word' id='word_1_667' title='bbox 3290 2794 3343 2841; x_wconf 90' lang='lat' dir='ltr'><strong>et</strong></span> <span class='ocrx_word' id='word_1_668' title='bbox 3366 2786 3618 2841; x_wconf 89' lang='lat' dir='ltr'><strong>triticmn.</strong></span> 
     </span>
    </p>
   </div>
   <div class='ocr_carea' id='block_1_87' title="bbox 2270 2874 3791 2933">
    <p class='ocr_par' dir='ltr' id='par_1_87' title="bbox 2270 2874 3791 2933">
     <span class='ocr_line' id='line_1_87' title="bbox 2270 2874 3791 2933; baseline 0.002 -3"><span class='ocrx_word' id='word_1_669' title='bbox 2270 2874 2500 2931; x_wconf 85' lang='lat' dir='ltr'><strong>CAPUT</strong></span> <span class='ocrx_word' id='word_1_670' title='bbox 2538 2875 2680 2930; x_wconf 82' lang='grc' dir='ltr'><strong>ΧΧΙ.</strong></span> <span class='ocrx_word' id='word_1_671' title='bbox 2703 2906 2775 2916; x_wconf 90' lang='grc'><strong><em>-</em></strong></span> <span class='ocrx_word' id='word_1_672' title='bbox 2797 2876 2884 2932; x_wconf 68' lang='grc'><strong>40.</strong></span> <span class='ocrx_word' id='word_1_673' title='bbox 2915 2894 2934 2928; x_wconf 73' lang='grc' dir='ltr'><strong><em>ι</em></strong></span> <span class='ocrx_word' id='word_1_674' title='bbox 2973 2877 3165 2932; x_wconf 90' lang='lat' dir='ltr'><strong>lterum</strong></span> <span class='ocrx_word' id='word_1_675' title='bbox 3187 2876 3252 2932; x_wconf 91' lang='lat' dir='ltr'><strong>ad</strong></span> <span class='ocrx_word' id='word_1_676' title='bbox 3275 2876 3612 2933; x_wconf 78' lang='lat' dir='ltr'><strong>Timotheum</strong></span> <span class='ocrx_word' id='word_1_677' title='bbox 3641 2877 3791 2933; x_wconf 90' lang='lat' dir='ltr'><strong>idem</strong></span> 
     </span>
    </p>
   </div>
   <div class='ocr_carea' id='block_1_88' title="bbox 2198 2967 3851 3040">
    <p class='ocr_par' dir='ltr' id='par_1_88' title="bbox 2198 2967 3851 3040">
     <span class='ocr_line' id='line_1_88' title="bbox 2198 2967 3851 3040; baseline -0.001 -16"><span class='ocrx_word' id='word_1_678' title='bbox 2198 2968 2492 3040; x_wconf 85' lang='lat' dir='ltr'><strong>apostolus,</strong></span> <span class='ocrx_word' id='word_1_679' title='bbox 2522 2967 2626 3035; x_wconf 84' lang='lat' dir='ltr'><strong>Ne,</strong></span> <span class='ocrx_word' id='word_1_680' title='bbox 2652 2969 2838 3040; x_wconf 90' lang='lat' dir='ltr'><strong>inquit,</strong></span> <span class='ocrx_word' id='word_1_681' title='bbox 2861 2970 3308 3025; x_wconf 78' lang='lat' dir='ltr'><strong>communicavcris</strong></span> <span class='ocrx_word' id='word_1_682' title='bbox 3339 2972 3556 3039; x_wconf 84' lang='lat' dir='ltr'><strong>peccatis</strong></span> <span class='ocrx_word' id='word_1_683' title='bbox 3580 2972 3794 3037; x_wconf 78' lang='lat' dir='ltr'><strong>alienis;</strong></span> <span class='ocrx_word' id='word_1_684' title='bbox 3846 3009 3851 3014; x_wconf 84' lang='lat'><strong>.</strong></span> 
     </span>
    </p>
   </div>
   <div class='ocr_carea' id='block_1_89' title="bbox 2199 3058 3798 3134">
    <p class='ocr_par' dir='ltr' id='par_1_89' title="bbox 2199 3058 3798 3134">
     <span class='ocr_line' id='line_1_89' title="bbox 2199 3058 3798 3134; baseline 0.001 -19"><span class='ocrx_word' id='word_1_685' title='bbox 2199 3071 2246 3115; x_wconf 88' lang='lat' dir='ltr'><strong>te</strong></span> <span class='ocrx_word' id='word_1_686' title='bbox 2273 3062 2439 3130; x_wconf 86' lang='lat' dir='ltr'><strong>ipsum</strong></span> <span class='ocrx_word' id='word_1_687' title='bbox 2465 3071 2654 3116; x_wconf 80' lang='lat' dir='ltr'><strong>castum</strong></span> <span class='ocrx_word' id='word_1_688' title='bbox 2684 3061 2880 3116; x_wconf 86' lang='lat' dir='ltr'><strong>custodi</strong></span> <span class='ocrx_word' id='word_1_689' title='bbox 2913 3080 2932 3113; x_wconf 74' lang='grc' dir='ltr'><strong><em>ι</em></strong></span> <span class='ocrx_word' id='word_1_690' title='bbox 2969 3061 3021 3134; x_wconf 94' lang='grc' dir='ltr'>(Ι</span> <span class='ocrx_word' id='word_1_691' title='bbox 3057 3061 3187 3116; x_wconf 80' lang='lat' dir='ltr'><strong>Titii.</strong></span> <span class='ocrx_word' id='word_1_692' title='bbox 3213 3076 3266 3127; x_wconf 90' lang='lat' dir='ltr'><strong>v,</strong></span> <span class='ocrx_word' id='word_1_693' title='bbox 3311 3058 3442 3131; x_wconf 71' lang='lat'><strong>2&#39;2).</strong></span> <span class='ocrx_word' id='word_1_694' title='bbox 3493 3063 3680 3117; x_wconf 90' lang='lat' dir='ltr'><strong>Docuit</strong></span> <span class='ocrx_word' id='word_1_695' title='bbox 3716 3078 3798 3117; x_wconf 55' lang='lat' dir='ltr'><strong>ex</strong></span> 
     </span>
    </p>
   </div>
   <div class='ocr_carea' id='block_1_90' title="bbox 2198 3151 3792 3224">
    <p class='ocr_par' dir='ltr' id='par_1_90' title="bbox 2198 3151 3792 3224">
     <span class='ocr_line' id='line_1_90' title="bbox 2198 3151 3792 3224; baseline -0.001 -17"><span class='ocrx_word' id='word_1_696' title='bbox 2198 3155 2564 3224; x_wconf 70' lang='lat' dir='ltr'><strong>consequenti,</strong></span> <span class='ocrx_word' id='word_1_697' title='bbox 2595 3153 3040 3224; x_wconf 85' lang='lat' dir='ltr'><strong>quemadmodum</strong></span> <span class='ocrx_word' id='word_1_698' title='bbox 3061 3152 3201 3224; x_wconf 90' lang='lat' dir='ltr'><strong>quod</strong></span> <span class='ocrx_word' id='word_1_699' title='bbox 3222 3151 3376 3223; x_wconf 89' lang='lat' dir='ltr'><strong>prius</strong></span> <span class='ocrx_word' id='word_1_700' title='bbox 3397 3153 3548 3217; x_wconf 90' lang='lat' dir='ltr'><strong>dixit,</strong></span> <span class='ocrx_word' id='word_1_701' title='bbox 3582 3153 3792 3208; x_wconf 80' lang='lat' dir='ltr'><strong>intelli-</strong></span> 
     </span>
    </p>
   </div>
   <div class='ocr_carea' id='block_1_91' title="bbox 2197 3243 3808 3314">
    <p class='ocr_par' dir='ltr' id='par_1_91' title="bbox 2197 3243 3808 3314">
     <span class='ocr_line' id='line_1_91' title="bbox 2197 3243 3808 3314; baseline 0.002 -17"><span class='ocrx_word' id='word_1_702' title='bbox 2197 3244 2429 3314; x_wconf 86' lang='lat' dir='ltr'><strong>gendum</strong></span> <span class='ocrx_word' id='word_1_703' title='bbox 2456 3245 2544 3298; x_wconf 89' lang='lat' dir='ltr'><strong>sit.</strong></span> <span class='ocrx_word' id='word_1_704' title='bbox 2573 3244 2670 3312; x_wconf 86' lang='lat' dir='ltr'><strong>Qui</strong></span> <span class='ocrx_word' id='word_1_705' title='bbox 2698 3243 2840 3298; x_wconf 88' lang='lat' dir='ltr'><strong>enim</strong></span> <span class='ocrx_word' id='word_1_706' title='bbox 2879 3259 2937 3299; x_wconf 90' lang='lat' dir='ltr'><strong>se</strong></span> <span class='ocrx_word' id='word_1_707' title='bbox 2977 3244 3147 3314; x_wconf 88' lang='lat' dir='ltr'><strong>ipsum</strong></span> <span class='ocrx_word' id='word_1_708' title='bbox 3181 3255 3390 3301; x_wconf 85' lang='lat' dir='ltr'><strong>castum</strong></span> <span class='ocrx_word' id='word_1_709' title='bbox 3418 3255 3632 3307; x_wconf 80' lang='lat' dir='ltr'><strong>servat,</strong></span> <span class='ocrx_word' id='word_1_710' title='bbox 3675 3252 3808 3300; x_wconf 58' lang='lat' dir='ltr'><strong>non”</strong></span> 
     </span>
    </p>
   </div>
   <div class='ocr_carea' id='block_1_92' title="bbox 2199 3334 3790 3406">
    <p class='ocr_par' dir='ltr' id='par_1_92' title="bbox 2199 3334 3790 3406">
     <span class='ocr_line' id='line_1_92' title="bbox 2199 3334 3790 3406; baseline 0 -16"><span class='ocrx_word' id='word_1_711' title='bbox 2199 3337 2557 3391; x_wconf 79' lang='lat' dir='ltr'><strong>communicat</strong></span> <span class='ocrx_word' id='word_1_712' title='bbox 2587 3336 2820 3406; x_wconf 87' lang='lat' dir='ltr'><strong>peccatis</strong></span> <span class='ocrx_word' id='word_1_713' title='bbox 2844 3334 3056 3391; x_wconf 90' lang='lat' dir='ltr'><strong>alienis.</strong></span> <span class='ocrx_word' id='word_1_714' title='bbox 3098 3337 3155 3390; x_wconf 91' lang='lat' dir='ltr'><strong>Si</strong></span> <span class='ocrx_word' id='word_1_715' title='bbox 3199 3338 3341 3393; x_wconf 90' lang='lat' dir='ltr'><strong>enim</strong></span> <span class='ocrx_word' id='word_1_716' title='bbox 3384 3337 3790 3403; x_wconf 90' lang='lat' dir='ltr'><strong>communicat,</strong></span> 
     </span>
    </p>
   </div>
   <div class='ocr_carea' id='block_1_93' title="bbox 2199 3425 3810 3497">
    <p class='ocr_par' dir='ltr' id='par_1_93' title="bbox 2199 3425 3810 3497">
     <span class='ocr_line' id='line_1_93' title="bbox 2199 3425 3810 3497; baseline -0.001 -15"><span class='ocrx_word' id='word_1_717' title='bbox 2199 3427 2499 3482; x_wconf 84' lang='lat' dir='ltr'><strong>consentit:</strong></span> <span class='ocrx_word' id='word_1_718' title='bbox 2524 3427 2566 3481; x_wconf 92' lang='lat' dir='ltr'><strong>si</strong></span> <span class='ocrx_word' id='word_1_719' title='bbox 2589 3427 2876 3494; x_wconf 85' lang='lat' dir='ltr'><strong>consentit,</strong></span> <span class='ocrx_word' id='word_1_720' title='bbox 2903 3428 3299 3497; x_wconf 81' lang='lat' dir='ltr'><strong>corrumpitur:</strong></span> <span class='ocrx_word' id='word_1_721' title='bbox 3325 3425 3369 3482; x_wconf 90' lang='lat' dir='ltr'><strong>si</strong></span> <span class='ocrx_word' id='word_1_722' title='bbox 3398 3429 3810 3497; x_wconf 69' lang='lat' dir='ltr'><strong>eor-rumpitur,</strong></span> 
     </span>
    </p>
   </div>
   <div class='ocr_carea' id='block_1_94' title="bbox 2201 3517 3800 3585">
    <p class='ocr_par' dir='ltr' id='par_1_94' title="bbox 2201 3517 3800 3585">
     <span class='ocr_line' id='line_1_94' title="bbox 2201 3517 3800 3585; baseline 0 -13"><span class='ocrx_word' id='word_1_723' title='bbox 2201 3529 2402 3573; x_wconf 80' lang='lat' dir='ltr'><strong>castum</strong></span> <span class='ocrx_word' id='word_1_724' title='bbox 2447 3532 2507 3573; x_wconf 91' lang='lat' dir='ltr'><strong>se</strong></span> <span class='ocrx_word' id='word_1_725' title='bbox 2552 3533 2656 3573; x_wconf 89' lang='lat' dir='ltr'><strong>non</strong></span> <span class='ocrx_word' id='word_1_726' title='bbox 2704 3527 2901 3573; x_wconf 88' lang='lat' dir='ltr'><strong>servat.</strong></span> <span class='ocrx_word' id='word_1_727' title='bbox 2933 3517 3039 3572; x_wconf 90' lang='lat' dir='ltr'><strong>Sed</strong></span> <span class='ocrx_word' id='word_1_728' title='bbox 3084 3527 3215 3572; x_wconf 67' lang='lat' dir='ltr'><strong>sane</strong></span> <span class='ocrx_word' id='word_1_729' title='bbox 3255 3518 3466 3573; x_wconf 84' lang='lat' dir='ltr'><strong>tandem</strong></span> <span class='ocrx_word' id='word_1_730' title='bbox 3497 3518 3800 3585; x_wconf 83' lang='lat' dir='ltr'><strong>aliquando</strong></span> 
     </span>
    </p>
   </div>
   <div class='ocr_carea' id='block_1_95' title="bbox 2201 3609 3791 3681">
    <p class='ocr_par' dir='ltr' id='par_1_95' title="bbox 2201 3609 3791 3681">
     <span class='ocr_line' id='line_1_95' title="bbox 2201 3609 3791 3681; baseline -0.001 -15"><span class='ocrx_word' id='word_1_731' title='bbox 2201 3609 2473 3681; x_wconf 80' lang='lat' dir='ltr'><strong>evigilavit</strong></span> <span class='ocrx_word' id='word_1_732' title='bbox 2516 3610 2926 3674; x_wconf 83' lang='lat' dir='ltr'><strong>Parmenianus,</strong></span> <span class='ocrx_word' id='word_1_733' title='bbox 2951 3617 3006 3665; x_wconf 85' lang='lat' dir='ltr'><strong>et</strong></span> <span class='ocrx_word' id='word_1_734' title='bbox 3045 3609 3272 3664; x_wconf 85' lang='lat' dir='ltr'><strong>attendit</strong></span> <span class='ocrx_word' id='word_1_735' title='bbox 3309 3609 3433 3679; x_wconf 86' lang='lat' dir='ltr'><strong>quid</strong></span> <span class='ocrx_word' id='word_1_736' title='bbox 3459 3609 3662 3664; x_wconf 88' lang='lat' dir='ltr'><strong>diceret</strong></span> <span class='ocrx_word' id='word_1_737' title='bbox 3691 3610 3791 3664; x_wconf 87' lang='lat' dir='ltr'><strong>Ti-</strong></span> 
     </span>
    </p>
   </div>
   <div class='ocr_carea' id='block_1_96' title="bbox 2199 3700 3793 3770">
    <p class='ocr_par' dir='ltr' id='par_1_96' title="bbox 2199 3700 3793 3770">
     <span class='ocr_line' id='line_1_96' title="bbox 2199 3700 3793 3770; baseline -0.001 -14"><span class='ocrx_word' id='word_1_738' title='bbox 2199 3701 2452 3766; x_wconf 75' lang='lat' dir='ltr'><strong>CllOlilllS,-</strong></span> <span class='ocrx_word' id='word_1_739' title='bbox 2476 3700 2570 3755; x_wconf 87' lang='lat' dir='ltr'><strong>sed</strong></span> <span class='ocrx_word' id='word_1_740' title='bbox 2603 3700 2792 3754; x_wconf 86' lang='lat' dir='ltr'><strong>frustra</strong></span> <span class='ocrx_word' id='word_1_741' title='bbox 2821 3701 3036 3755; x_wconf 82' lang='lat' dir='ltr'><strong>:statitn</strong></span> <span class='ocrx_word' id='word_1_742' title='bbox 3068 3701 3264 3770; x_wconf 88' lang='lat' dir='ltr'><strong>quippe</strong></span> <span class='ocrx_word' id='word_1_743' title='bbox 3289 3711 3474 3756; x_wconf 80' lang='lat' dir='ltr'><strong>artiore</strong></span> <span class='ocrx_word' id='word_1_744' title='bbox 3502 3703 3793 3755; x_wconf 67' lang='lat' dir='ltr'><strong>sententia:</strong></span> 
     </span>
    </p>
   </div>
   <div class='ocr_carea' id='block_1_97' title="bbox 2199 3793 3795 3849">
    <p class='ocr_par' dir='ltr' id='par_1_97' title="bbox 2199 3793 3795 3849">
     <span class='ocr_line' id='line_1_97' title="bbox 2199 3793 3795 3849; baseline 0 0"><span class='ocrx_word' id='word_1_745' title='bbox 2199 3809 2310 3849; x_wconf 77' lang='lat' dir='ltr'><strong>suae</strong></span> <span class='ocrx_word' id='word_1_746' title='bbox 2330 3803 2513 3848; x_wconf 85' lang='lat' dir='ltr'><strong>contra</strong></span> <span class='ocrx_word' id='word_1_747' title='bbox 2540 3795 2812 3849; x_wconf 86' lang='lat' dir='ltr'><strong>veritatem</strong></span> <span class='ocrx_word' id='word_1_748' title='bbox 2835 3794 3019 3848; x_wconf 91' lang='lat' dir='ltr'><strong>oculos</strong></span> <span class='ocrx_word' id='word_1_749' title='bbox 3039 3795 3248 3848; x_wconf 87' lang='lat' dir='ltr'><strong>clausit.</strong></span> <span class='ocrx_word' id='word_1_750' title='bbox 3267 3793 3356 3848; x_wconf 77' lang='lat' dir='ltr'><strong>Ait</strong></span> <span class='ocrx_word' id='word_1_751' title='bbox 3372 3793 3514 3849; x_wconf 83' lang='lat' dir='ltr'><strong>enim</strong></span> <span class='ocrx_word' id='word_1_752' title='bbox 3541 3811 3554 3848; x_wconf 89' lang='lat'><strong>:</strong></span> <span class='ocrx_word' id='word_1_753' title='bbox 3585 3815 3601 3846; x_wconf 73' lang='grc' dir='ltr'>ι</span> <span class='ocrx_word' id='word_1_754' title='bbox 3627 3793 3795 3849; x_wconf 84' lang='lat' dir='ltr'><strong>Num-</strong></span> 
     </span>
    </p>
   </div>
   <div class='ocr_carea' id='block_1_98' title="bbox 2199 3884 3796 3956">
    <p class='ocr_par' dir='ltr' id='par_1_98' title="bbox 2199 3884 3796 3956">
     <span class='ocr_line' id='line_1_98' title="bbox 2199 3884 3796 3956; baseline 0.002 -17"><span class='ocrx_word' id='word_1_755' title='bbox 2199 3885 2346 3955; x_wconf 84' lang='lat' dir='ltr'><strong>quid,</strong></span> <span class='ocrx_word' id='word_1_756' title='bbox 2372 3885 2534 3939; x_wconf 90' lang='lat' dir='ltr'><strong>frater</strong></span> <span class='ocrx_word' id='word_1_757' title='bbox 2550 3885 2883 3950; x_wconf 87' lang='lat' dir='ltr'><strong>charissime,</strong></span> <span class='ocrx_word' id='word_1_758' title='bbox 2909 3899 3013 3939; x_wconf 92' lang='lat' dir='ltr'><strong>non</strong></span> <span class='ocrx_word' id='word_1_759' title='bbox 3037 3884 3278 3955; x_wconf 88' lang='lat' dir='ltr'><strong>polluunt</strong></span> <span class='ocrx_word' id='word_1_760' title='bbox 3299 3885 3432 3940; x_wconf 89' lang='lat' dir='ltr'><strong>alios</strong></span> <span class='ocrx_word' id='word_1_761' title='bbox 3456 3885 3628 3940; x_wconf 89' lang='lat' dir='ltr'><strong>aliena</strong></span> <span class='ocrx_word' id='word_1_762' title='bbox 3662 3902 3796 3956; x_wconf 57' lang='lat' dir='ltr'><strong>pec:</strong></span> 
     </span>
    </p>
   </div>
   <div class='ocr_carea' id='block_1_99' title="bbox 2199 3978 3793 4045">
    <p class='ocr_par' dir='ltr' id='par_1_99' title="bbox 2199 3978 3793 4045">
     <span class='ocr_line' id='line_1_99' title="bbox 2199 3978 3793 4045; baseline 0.001 -12"><span class='ocrx_word' id='word_1_763' title='bbox 2199 3989 2340 4044; x_wconf 88' lang='lat' dir='ltr'><strong>cata,</strong></span> <span class='ocrx_word' id='word_1_764' title='bbox 2374 3987 2428 4034; x_wconf 91' lang='lat' dir='ltr'><strong>et</strong></span> <span class='ocrx_word' id='word_1_765' title='bbox 2457 3978 2559 4033; x_wconf 86' lang='lat' dir='ltr'><strong>hoc</strong></span> <span class='ocrx_word' id='word_1_766' title='bbox 2587 3987 2669 4034; x_wconf 90' lang='lat' dir='ltr'><strong>cst</strong></span> <span class='ocrx_word' id='word_1_767' title='bbox 2698 3978 3013 4033; x_wconf 85' lang='lat' dir='ltr'><strong>facinorosis</strong></span> <span class='ocrx_word' id='word_1_768' title='bbox 3039 3993 3144 4032; x_wconf 91' lang='lat' dir='ltr'><strong>non</strong></span> <span class='ocrx_word' id='word_1_769' title='bbox 3183 3979 3581 4033; x_wconf 88' lang='lat' dir='ltr'><strong>communicare</strong></span> <span class='ocrx_word' id='word_1_770' title='bbox 3600 4021 3616 4045; x_wconf 96' lang='lat'><strong>,</strong></span> <span class='ocrx_word' id='word_1_771' title='bbox 3658 3979 3793 4034; x_wconf 85' lang='lat' dir='ltr'><strong>licet</strong></span> 
     </span>
    </p>
   </div>
   <div class='ocr_carea' id='block_1_100' title="bbox 2199 4067 3794 4140">
    <p class='ocr_par' dir='ltr' id='par_1_100' title="bbox 2199 4067 3794 4140">
     <span class='ocr_line' id='line_1_100' title="bbox 2199 4067 3794 4140; baseline 0.001 -17"><span class='ocrx_word' id='word_1_772' title='bbox 2199 4084 2319 4124; x_wconf 88' lang='lat' dir='ltr'><strong>cum</strong></span> <span class='ocrx_word' id='word_1_773' title='bbox 2367 4070 2494 4140; x_wconf 88' lang='lat' dir='ltr'><strong>ipsis</strong></span> <span class='ocrx_word' id='word_1_774' title='bbox 2531 4069 2851 4133; x_wconf 86' lang='lat' dir='ltr'><strong>convenias,</strong></span> <span class='ocrx_word' id='word_1_775' title='bbox 2877 4084 3066 4124; x_wconf 86' lang='lat' dir='ltr'><strong>eorum</strong></span> <span class='ocrx_word' id='word_1_776' title='bbox 3112 4070 3244 4123; x_wconf 87' lang='lat' dir='ltr'><strong>facta</strong></span> <span class='ocrx_word' id='word_1_777' title='bbox 3286 4085 3391 4122; x_wconf 92' lang='lat' dir='ltr'><strong>non</strong></span> <span class='ocrx_word' id='word_1_778' title='bbox 3433 4067 3643 4124; x_wconf 84' lang='lat' dir='ltr'><strong>facere?</strong></span> <span class='ocrx_word' id='word_1_779' title='bbox 3672 4089 3691 4121; x_wconf 76' lang='grc' dir='ltr'><strong><em>ι</em></strong></span> <span class='ocrx_word' id='word_1_780' title='bbox 3724 4071 3794 4124; x_wconf 85' lang='lat' dir='ltr'><strong>Et</strong></span> 
     </span>
    </p>
   </div>
   <div class='ocr_carea' id='block_1_101' title="bbox 2202 4159 3801 4216">
    <p class='ocr_par' dir='ltr' id='par_1_101' title="bbox 2202 4159 3801 4216">
     <span class='ocr_line' id='line_1_101' title="bbox 2202 4159 3801 4216; baseline 0.001 -1"><span class='ocrx_word' id='word_1_781' title='bbox 2202 4170 2376 4216; x_wconf 91' lang='lat' dir='ltr'><strong>tamen</strong></span> <span class='ocrx_word' id='word_1_782' title='bbox 2406 4176 2510 4215; x_wconf 91' lang='lat' dir='ltr'><strong>non</strong></span> <span class='ocrx_word' id='word_1_783' title='bbox 2541 4170 2708 4216; x_wconf 91' lang='lat' dir='ltr'><strong>totum</strong></span> <span class='ocrx_word' id='word_1_784' title='bbox 2737 4160 2890 4214; x_wconf 83' lang='lat' dir='ltr'><strong>dixit.</strong></span> <span class='ocrx_word' id='word_1_785' title='bbox 2924 4160 3114 4214; x_wconf 82' lang='lat' dir='ltr'><strong>Parum</strong></span> <span class='ocrx_word' id='word_1_786' title='bbox 3142 4168 3227 4214; x_wconf 89' lang='lat' dir='ltr'><strong>est</strong></span> <span class='ocrx_word' id='word_1_787' title='bbox 3256 4159 3398 4214; x_wconf 88' lang='lat' dir='ltr'><strong>enim</strong></span> <span class='ocrx_word' id='word_1_788' title='bbox 3429 4174 3613 4216; x_wconf 90' lang='lat' dir='ltr'><strong>eorum</strong></span> <span class='ocrx_word' id='word_1_789' title='bbox 3646 4159 3801 4216; x_wconf 80' lang='lat' dir='ltr'><strong>facta-</strong></span> 
     </span>
    </p>
   </div>
   <div class='ocr_carea' id='block_1_102' title="bbox 2202 4253 3786 4324">
    <p class='ocr_par' dir='ltr' id='par_1_102' title="bbox 2202 4253 3786 4324">
     <span class='ocr_line' id='line_1_102' title="bbox 2202 4253 3786 4324; baseline 0.001 -16"><span class='ocrx_word' id='word_1_790' title='bbox 2202 4270 2307 4309; x_wconf 91' lang='lat' dir='ltr'><strong>non</strong></span> <span class='ocrx_word' id='word_1_791' title='bbox 2331 4254 2526 4320; x_wconf 86' lang='lat' dir='ltr'><strong>facere,</strong></span> <span class='ocrx_word' id='word_1_792' title='bbox 2554 4255 2653 4309; x_wconf 90' lang='lat' dir='ltr'><strong>nisi</strong></span> <span class='ocrx_word' id='word_1_793' title='bbox 2676 4254 2991 4324; x_wconf 87' lang='lat' dir='ltr'><strong>displiceant</strong></span> <span class='ocrx_word' id='word_1_794' title='bbox 3017 4271 3030 4307; x_wconf 89' lang='lat'><strong>:</strong></span> <span class='ocrx_word' id='word_1_795' title='bbox 3055 4269 3240 4324; x_wconf 88' lang='lat' dir='ltr'><strong>parum</strong></span> <span class='ocrx_word' id='word_1_796' title='bbox 3258 4263 3340 4308; x_wconf 90' lang='lat' dir='ltr'><strong>est</strong></span> <span class='ocrx_word' id='word_1_797' title='bbox 3361 4262 3418 4308; x_wconf 91' lang='lat' dir='ltr'><strong>ut</strong></span> <span class='ocrx_word' id='word_1_798' title='bbox 3439 4253 3786 4324; x_wconf 88' lang='lat' dir='ltr'><strong>displiceant,</strong></span> 
     </span>
    </p>
   </div>
   <div class='ocr_carea' id='block_1_103' title="bbox 2202 4346 3802 4417">
    <p class='ocr_par' dir='ltr' id='par_1_103' title="bbox 2202 4346 3802 4417">
     <span class='ocr_line' id='line_1_103' title="bbox 2202 4346 3802 4417; baseline 0.001 -15"><span class='ocrx_word' id='word_1_799' title='bbox 2202 4349 2304 4402; x_wconf 83' lang='lat' dir='ltr'><strong>nisi</strong></span> <span class='ocrx_word' id='word_1_800' title='bbox 2351 4347 2756 4417; x_wconf 85' lang='lat' dir='ltr'><strong>redarguantur.</strong></span> <span class='ocrx_word' id='word_1_801' title='bbox 2796 4346 2951 4401; x_wconf 81' lang='lat' dir='ltr'><strong>Aliud</strong></span> <span class='ocrx_word' id='word_1_802' title='bbox 2981 4347 3123 4401; x_wconf 91' lang='lat' dir='ltr'><strong>enim</strong></span> <span class='ocrx_word' id='word_1_803' title='bbox 3151 4356 3234 4401; x_wconf 92' lang='lat' dir='ltr'><strong>est</strong></span> <span class='ocrx_word' id='word_1_804' title='bbox 3271 4361 3376 4401; x_wconf 91' lang='lat' dir='ltr'><strong>non</strong></span> <span class='ocrx_word' id='word_1_805' title='bbox 3409 4346 3614 4412; x_wconf 84' lang='lat' dir='ltr'><strong>facere,</strong></span> <span class='ocrx_word' id='word_1_806' title='bbox 3643 4347 3802 4403; x_wconf 83' lang='lat' dir='ltr'><strong>aliud</strong></span> 
     </span>
    </p>
   </div>
   <div class='ocr_carea' id='block_1_104' title="bbox 2203 4438 3804 4510">
    <p class='ocr_par' dir='ltr' id='par_1_104' title="bbox 2203 4438 3804 4510">
     <span class='ocr_line' id='line_1_104' title="bbox 2203 4438 3804 4510; baseline 0 -14"><span class='ocrx_word' id='word_1_807' title='bbox 2203 4456 2309 4496; x_wconf 93' lang='lat' dir='ltr'><strong>non</strong></span> <span class='ocrx_word' id='word_1_808' title='bbox 2337 4439 2755 4507; x_wconf 90' lang='lat' dir='ltr'><strong>communicare,</strong></span> <span class='ocrx_word' id='word_1_809' title='bbox 2781 4438 2832 4494; x_wconf 92' lang='lat' dir='ltr'><strong>id</strong></span> <span class='ocrx_word' id='word_1_810' title='bbox 2859 4447 2962 4506; x_wconf 91' lang='lat' dir='ltr'><strong>est,</strong></span> <span class='ocrx_word' id='word_1_811' title='bbox 2987 4454 3090 4494; x_wconf 90' lang='lat' dir='ltr'><strong>non</strong></span> <span class='ocrx_word' id='word_1_812' title='bbox 3116 4440 3422 4494; x_wconf 88' lang='lat' dir='ltr'><strong>consentire</strong></span> <span class='ocrx_word' id='word_1_813' title='bbox 3444 4439 3804 4510; x_wconf 58' lang='lat' dir='ltr'><strong>humentibus,</strong></span> 
     </span>
    </p>
   </div>
   <div class='ocr_carea' id='block_1_105' title="bbox 2202 4531 3792 4604">
    <p class='ocr_par' dir='ltr' id='par_1_105' title="bbox 2202 4531 3792 4604">
     <span class='ocr_line' id='line_1_105' title="bbox 2202 4531 3792 4604; baseline 0.002 -18"><span class='ocrx_word' id='word_1_814' title='bbox 2202 4534 2342 4591; x_wconf 76' lang='lat' dir='ltr'><strong>aliud</strong></span> <span class='ocrx_word' id='word_1_815' title='bbox 2370 4534 2529 4589; x_wconf 86' lang='lat' dir='ltr'><strong>etiam</strong></span> <span class='ocrx_word' id='word_1_816' title='bbox 2559 4533 2900 4604; x_wconf 75' lang='lat' dir='ltr'><strong>redarguere.</strong></span> <span class='ocrx_word' id='word_1_817' title='bbox 2923 4531 3030 4587; x_wconf 91' lang='lat' dir='ltr'><strong>Cur</strong></span> <span class='ocrx_word' id='word_1_818' title='bbox 3047 4547 3176 4602; x_wconf 84' lang='lat' dir='ltr'><strong>ergo</strong></span> <span class='ocrx_word' id='word_1_819' title='bbox 3197 4532 3497 4587; x_wconf 85' lang='lat' dir='ltr'><strong>ubi-videre</strong></span> <span class='ocrx_word' id='word_1_820' title='bbox 3523 4545 3792 4603; x_wconf 74' lang='lat' dir='ltr'><strong>cmperat,</strong></span> 
     </span>
    </p>
   </div>
   <div class='ocr_carea' id='block_1_106' title="bbox 2203 4625 3792 4696">
    <p class='ocr_par' dir='ltr' id='par_1_106' title="bbox 2203 4625 3792 4696">
     <span class='ocr_line' id='line_1_106' title="bbox 2203 4625 3792 4696; baseline 0.001 -15"><span class='ocrx_word' id='word_1_821' title='bbox 2203 4628 2379 4682; x_wconf 85' lang='lat' dir='ltr'><strong>statim</strong></span> <span class='ocrx_word' id='word_1_822' title='bbox 2409 4643 2467 4681; x_wconf 82' lang='lat' dir='ltr'><strong>se</strong></span> <span class='ocrx_word' id='word_1_823' title='bbox 2496 4627 2706 4690; x_wconf 77' lang='lat' dir='ltr'><strong>avertit,</strong></span> <span class='ocrx_word' id='word_1_824' title='bbox 2737 4635 2791 4681; x_wconf 78' lang='lat' dir='ltr'><strong>e‘t</strong></span> <span class='ocrx_word' id='word_1_825' title='bbox 2821 4639 2988 4696; x_wconf 88' lang='lat' dir='ltr'><strong>usque</strong></span> <span class='ocrx_word' id='word_1_826' title='bbox 3011 4625 3063 4679; x_wconf 92' lang='lat' dir='ltr'><strong>in</strong></span> <span class='ocrx_word' id='word_1_827' title='bbox 3094 4625 3252 4680; x_wconf 84' lang='lat' dir='ltr'><strong>linem</strong></span> <span class='ocrx_word' id='word_1_828' title='bbox 3277 4625 3444 4679; x_wconf 83' lang='lat' dir='ltr'><strong>noluit</strong></span> <span class='ocrx_word' id='word_1_829' title='bbox 3478 4628 3792 4696; x_wconf 87' lang='lat' dir='ltr'><strong>pervenire,</strong></span> 
     </span>
    </p>
   </div>
   <div class='ocr_carea' id='block_1_107' title="bbox 2203 4716 3798 4789">
    <p class='ocr_par' dir='ltr' id='par_1_107' title="bbox 2203 4716 3798 4789">
     <span class='ocr_line' id='line_1_107' title="bbox 2203 4716 3798 4789; baseline 0.001 -16"><span class='ocrx_word' id='word_1_830' title='bbox 2203 4731 2256 4773; x_wconf 91' lang='lat' dir='ltr'><strong>et</strong></span> <span class='ocrx_word' id='word_1_831' title='bbox 2277 4719 2361 4773; x_wconf 89' lang='lat' dir='ltr'><strong>vix</strong></span> <span class='ocrx_word' id='word_1_832' title='bbox 2387 4719 2636 4772; x_wconf 84' lang='lat' dir='ltr'><strong>trientem</strong></span> <span class='ocrx_word' id='word_1_833' title='bbox 2658 4717 2726 4772; x_wconf 89' lang='lat' dir='ltr'><strong>de</strong></span> <span class='ocrx_word' id='word_1_834' title='bbox 2752 4726 2863 4771; x_wconf 91' lang='lat' dir='ltr'><strong>toto</strong></span> <span class='ocrx_word' id='word_1_835' title='bbox 2887 4716 3100 4788; x_wconf 78' lang='lat' dir='ltr'><strong>posuit?</strong></span> <span class='ocrx_word' id='word_1_836' title='bbox 3124 4717 3206 4772; x_wconf 84' lang='lat' dir='ltr'><strong>An</strong></span> <span class='ocrx_word' id='word_1_837' title='bbox 3239 4717 3376 4772; x_wconf 90' lang='lat' dir='ltr'><strong>sicut</strong></span> <span class='ocrx_word' id='word_1_838' title='bbox 3400 4717 3467 4773; x_wconf 89' lang='lat' dir='ltr'><strong>de</strong></span> <span class='ocrx_word' id='word_1_839' title='bbox 3493 4720 3691 4789; x_wconf 83' lang='lat' dir='ltr'><strong>pepnlo</strong></span> <span class='ocrx_word' id='word_1_840' title='bbox 3717 4722 3798 4776; x_wconf 79' lang='lat' dir='ltr'><strong>fe-</strong></span> 
     </span>
    </p>
   </div>
   <div class='ocr_carea' id='block_1_108' title="bbox 2203 4809 3794 4882">
    <p class='ocr_par' dir='ltr' id='par_1_108' title="bbox 2203 4809 3794 4882">
     <span class='ocr_line' id='line_1_108' title="bbox 2203 4809 3794 4882; baseline 0.002 -17"><span class='ocrx_word' id='word_1_841' title='bbox 2203 4819 2412 4875; x_wconf 90' lang='lat' dir='ltr'><strong>cerunt,</strong></span> <span class='ocrx_word' id='word_1_842' title='bbox 2438 4819 2491 4864; x_wconf 91' lang='lat' dir='ltr'><strong>et</strong></span> <span class='ocrx_word' id='word_1_843' title='bbox 2515 4811 2834 4864; x_wconf 86' lang='lat' dir='ltr'><strong>sententiam</strong></span> <span class='ocrx_word' id='word_1_844' title='bbox 2862 4809 3102 4864; x_wconf 82' lang='lat' dir='ltr'><strong>veritatis</strong></span> <span class='ocrx_word' id='word_1_845' title='bbox 3127 4809 3522 4879; x_wconf 71' lang='lat' dir='ltr'><strong>prmcidendam</strong></span> <span class='ocrx_word' id='word_1_846' title='bbox 3553 4815 3794 4882; x_wconf 73' lang='lat' dir='ltr'><strong>putavit?</strong></span> 
     </span>
    </p>
   </div>
   <div class='ocr_carea' id='block_1_109' title="bbox 2203 4901 3794 4972">
    <p class='ocr_par' dir='ltr' id='par_1_109' title="bbox 2203 4901 3794 4972">
     <span class='ocr_line' id='line_1_109' title="bbox 2203 4901 3794 4972; baseline 0.003 -16"><span class='ocrx_word' id='word_1_847' title='bbox 2203 4902 2310 4957; x_wconf 84' lang='lat' dir='ltr'><strong>Nos</strong></span> <span class='ocrx_word' id='word_1_848' title='bbox 2338 4903 2583 4968; x_wconf 88' lang='lat' dir='ltr'><strong>dicimus,</strong></span> <span class='ocrx_word' id='word_1_849' title='bbox 2614 4901 2753 4971; x_wconf 84' lang='lat' dir='ltr'><strong>quod</strong></span> <span class='ocrx_word' id='word_1_850' title='bbox 2781 4902 2868 4972; x_wconf 89' lang='lat' dir='ltr'><strong>qui</strong></span> <span class='ocrx_word' id='word_1_851' title='bbox 2899 4918 3002 4956; x_wconf 91' lang='lat' dir='ltr'><strong>non</strong></span> <span class='ocrx_word' id='word_1_852' title='bbox 3031 4901 3156 4956; x_wconf 89' lang='lat' dir='ltr'><strong>facit</strong></span> <span class='ocrx_word' id='word_1_853' title='bbox 3183 4903 3411 4970; x_wconf 86' lang='lat' dir='ltr'><strong>malum,</strong></span> <span class='ocrx_word' id='word_1_854' title='bbox 3444 4919 3544 4959; x_wconf 89' lang='lat' dir='ltr'><strong>nec</strong></span> <span class='ocrx_word' id='word_1_855' title='bbox 3575 4903 3794 4961; x_wconf 84' lang='lat' dir='ltr'><strong>facienti</strong></span> 
     </span>
    </p>
   </div>
   <div class='ocr_carea' id='block_1_110' title="bbox 2204 4993 3800 5067">
    <p class='ocr_par' dir='ltr' id='par_1_110' title="bbox 2204 4993 3800 5067">
     <span class='ocr_line' id='line_1_110' title="bbox 2204 4993 3800 5067; baseline 0.001 -16"><span class='ocrx_word' id='word_1_856' title='bbox 2204 4996 2499 5060; x_wconf 86' lang='lat' dir='ltr'><strong>consentit,</strong></span> <span class='ocrx_word' id='word_1_857' title='bbox 2531 5003 2586 5049; x_wconf 86' lang='lat' dir='ltr'><strong>et</strong></span> <span class='ocrx_word' id='word_1_858' title='bbox 2617 4994 2897 5050; x_wconf 76' lang='lat' dir='ltr'><strong>facientem</strong></span> <span class='ocrx_word' id='word_1_859' title='bbox 2944 4993 3115 5063; x_wconf 82' lang='lat' dir='ltr'><strong>arguit</strong></span> <span class='ocrx_word' id='word_1_860' title='bbox 3140 5037 3154 5061; x_wconf 95' lang='lat'><strong>,</strong></span> <span class='ocrx_word' id='word_1_861' title='bbox 3183 4993 3368 5049; x_wconf 83' lang='lat' dir='ltr'><strong>firmus</strong></span> <span class='ocrx_word' id='word_1_862' title='bbox 3393 5004 3554 5066; x_wconf 91' lang='lat' dir='ltr'><strong>atque</strong></span> <span class='ocrx_word' id='word_1_863' title='bbox 3583 4997 3800 5067; x_wconf 77' lang='lat' dir='ltr'><strong>integer</strong></span> 
     </span>
    </p>
   </div>
   <div class='ocr_carea' id='block_1_111' title="bbox 2206 5083 3798 5157">
    <p class='ocr_par' dir='ltr' id='par_1_111' title="bbox 2206 5083 3798 5157">
     <span class='ocr_line' id='line_1_111' title="bbox 2206 5083 3798 5157; baseline -0.001 -15"><span class='ocrx_word' id='word_1_864' title='bbox 2206 5088 2345 5142; x_wconf 88' lang='lat' dir='ltr'><strong>inter</strong></span> <span class='ocrx_word' id='word_1_865' title='bbox 2387 5086 2596 5154; x_wconf 87' lang='lat' dir='ltr'><strong>iniquos</strong></span> <span class='ocrx_word' id='word_1_866' title='bbox 2637 5093 2886 5154; x_wconf 87' lang='lat' dir='ltr'><strong>tanquam</strong></span> <span class='ocrx_word' id='word_1_867' title='bbox 2931 5083 3254 5138; x_wconf 87' lang='lat' dir='ltr'><strong>frumentum</strong></span> <span class='ocrx_word' id='word_1_868' title='bbox 3283 5085 3421 5140; x_wconf 91' lang='lat' dir='ltr'><strong>inter</strong></span> <span class='ocrx_word' id='word_1_869' title='bbox 3447 5086 3628 5157; x_wconf 89' lang='lat' dir='ltr'><strong>paleas</strong></span> <span class='ocrx_word' id='word_1_870' title='bbox 3656 5102 3798 5140; x_wconf 89' lang='lat' dir='ltr'><strong>con-</strong></span> 
     </span>
    </p>
   </div>
   <div class='ocr_carea' id='block_1_112' title="bbox 2204 5173 3801 5242">
    <p class='ocr_par' dir='ltr' id='par_1_112' title="bbox 2204 5173 3801 5242">
     <span class='ocr_line' id='line_1_112' title="bbox 2204 5173 3801 5242; baseline -0.001 -9"><span class='ocrx_word' id='word_1_871' title='bbox 2204 5185 2467 5233; x_wconf 75' lang='lat' dir='ltr'><strong>versatur.</strong></span> <span class='ocrx_word' id='word_1_872' title='bbox 2511 5175 2602 5229; x_wconf 84' lang='lat' dir='ltr'><strong>llle</strong></span> <span class='ocrx_word' id='word_1_873' title='bbox 2637 5173 3213 5230; x_wconf 83' lang='lat' dir='ltr'><strong>autemtantutnmodo</strong></span> <span class='ocrx_word' id='word_1_874' title='bbox 3242 5176 3344 5242; x_wconf 91' lang='lat' dir='ltr'><strong>ait,</strong></span> <span class='ocrx_word' id='word_1_875' title='bbox 3379 5194 3398 5228; x_wconf 68' lang='grc' dir='ltr'>ς</span> <span class='ocrx_word' id='word_1_876' title='bbox 3427 5191 3614 5232; x_wconf 88' lang='lat' dir='ltr'><strong>eorum</strong></span> <span class='ocrx_word' id='word_1_877' title='bbox 3653 5176 3801 5236; x_wconf 79' lang='lat' dir='ltr'><strong>facta</strong></span> 
     </span>
    </p>
   </div>
   <div class='ocr_carea' id='block_1_113' title="bbox 2208 5267 3795 5340">
    <p class='ocr_par' dir='ltr' id='par_1_113' title="bbox 2208 5267 3795 5340">
     <span class='ocr_line' id='line_1_113' title="bbox 2208 5267 3795 5340; baseline -0.001 -14"><span class='ocrx_word' id='word_1_878' title='bbox 2208 5285 2311 5326; x_wconf 91' lang='lat' dir='ltr'><strong>non</strong></span> <span class='ocrx_word' id='word_1_879' title='bbox 2336 5268 2532 5324; x_wconf 82' lang='lat' dir='ltr'><strong>facere.</strong></span> <span class='ocrx_word' id='word_1_880' title='bbox 2566 5288 2583 5318; x_wconf 76' lang='grc' dir='ltr'><strong><em>ι</em></strong></span> <span class='ocrx_word' id='word_1_881' title='bbox 2617 5267 2684 5321; x_wconf 80' lang='lat' dir='ltr'><strong>Et</strong></span> <span class='ocrx_word' id='word_1_882' title='bbox 2713 5267 2924 5321; x_wconf 88' lang='lat' dir='ltr'><strong>tertiam</strong></span> <span class='ocrx_word' id='word_1_883' title='bbox 2953 5277 3128 5321; x_wconf 87' lang='lat' dir='ltr'><strong>tamen</strong></span> <span class='ocrx_word' id='word_1_884' title='bbox 3151 5267 3217 5322; x_wconf 91' lang='lat' dir='ltr'><strong>de</strong></span> <span class='ocrx_word' id='word_1_885' title='bbox 3243 5276 3351 5322; x_wconf 89' lang='lat' dir='ltr'><strong>tota</strong></span> <span class='ocrx_word' id='word_1_886' title='bbox 3382 5268 3646 5323; x_wconf 85' lang='lat' dir='ltr'><strong>sententia</strong></span> <span class='ocrx_word' id='word_1_887' title='bbox 3677 5285 3795 5340; x_wconf 86' lang='lat' dir='ltr'><strong>par-</strong></span> 
     </span>
    </p>
   </div>
   <div class='ocr_carea' id='block_1_114' title="bbox 2209 5357 3461 5430">
    <p class='ocr_par' dir='ltr' id='par_1_114' title="bbox 2209 5357 3461 5430">
     <span class='ocr_line' id='line_1_114' title="bbox 2209 5357 3461 5430; baseline -0.004 -13"><span class='ocrx_word' id='word_1_888' title='bbox 2209 5363 2420 5417; x_wconf 89' lang='lat' dir='ltr'><strong>ticulam</strong></span> <span class='ocrx_word' id='word_1_889' title='bbox 2451 5358 2899 5430; x_wconf 86' lang='lat' dir='ltr'><strong>quemadmodum</strong></span> <span class='ocrx_word' id='word_1_890' title='bbox 2931 5357 3137 5414; x_wconf 86' lang='lat' dir='ltr'><strong>refellat</strong></span> <span class='ocrx_word' id='word_1_891' title='bbox 3163 5359 3461 5414; x_wconf 87' lang='lat' dir='ltr'><strong>videamus.</strong></span> 
     </span>
    </p>
   </div>
   <div class='ocr_carea' id='block_1_115' title="bbox 2280 5451 3798 5523">
    <p class='ocr_par' dir='ltr' id='par_1_115' title="bbox 2280 5451 3798 5523">
     <span class='ocr_line' id='line_1_115' title="bbox 2280 5451 3798 5523; baseline -0.003 -12"><span class='ocrx_word' id='word_1_892' title='bbox 2280 5457 2366 5511; x_wconf 72' lang='grc'><strong>41..</strong></span> <span class='ocrx_word' id='word_1_893' title='bbox 2416 5474 2433 5506; x_wconf 72' lang='grc' dir='ltr'>ι</span> <span class='ocrx_word' id='word_1_894' title='bbox 2467 5453 2617 5521; x_wconf 87' lang='lat' dir='ltr'><strong>Quod</strong></span> <span class='ocrx_word' id='word_1_895' title='bbox 2655 5461 2838 5506; x_wconf 80' lang='lat' dir='ltr'><strong>contra</strong></span> <span class='ocrx_word' id='word_1_896' title='bbox 2880 5452 3049 5520; x_wconf 82' lang='lat' dir='ltr'><strong>legem</strong></span> <span class='ocrx_word' id='word_1_897' title='bbox 3089 5467 3207 5506; x_wconf 87' lang='lat' dir='ltr'><strong>esse</strong></span> <span class='ocrx_word' id='word_1_898' title='bbox 3237 5451 3507 5518; x_wconf 84' lang='lat' dir='ltr'><strong>divinam,</strong></span> <span class='ocrx_word' id='word_1_899' title='bbox 3541 5453 3798 5523; x_wconf 64' lang='lat' dir='ltr'><strong>r‘inquit,</strong></span> 
     </span>
    </p>
   </div>
   <div class='ocr_carea' id='block_1_116' title="bbox 2213 5542 3797 5615">
    <p class='ocr_par' dir='ltr' id='par_1_116' title="bbox 2213 5542 3797 5615">
     <span class='ocr_line' id='line_1_116' title="bbox 2213 5542 3797 5615; baseline -0.003 -15"><span class='ocrx_word' id='word_1_900' title='bbox 2213 5567 2232 5600; x_wconf 70' lang='grc' dir='ltr'><strong><em>ι</em></strong></span> <span class='ocrx_word' id='word_1_901' title='bbox 2273 5547 2447 5603; x_wconf 91' lang='lat' dir='ltr'><strong>nullus</strong></span> <span class='ocrx_word' id='word_1_902' title='bbox 2473 5545 2562 5615; x_wconf 90' lang='lat' dir='ltr'><strong>qui</strong></span> <span class='ocrx_word' id='word_1_903' title='bbox 2595 5546 2764 5614; x_wconf 81' lang='lat' dir='ltr'><strong>legem</strong></span> <span class='ocrx_word' id='word_1_904' title='bbox 2795 5553 3108 5606; x_wconf 76' lang='lat' dir='ltr'><strong>veneratur,</strong></span> <span class='ocrx_word' id='word_1_905' title='bbox 3153 5542 3378 5613; x_wconf 86' lang='lat' dir='ltr'><strong>ignorat.</strong></span> <span class='ocrx_word' id='word_1_906' title='bbox 3416 5563 3434 5595; x_wconf 73' lang='grc' dir='ltr'><strong><em>ι</em></strong></span> <span class='ocrx_word' id='word_1_907' title='bbox 3468 5544 3655 5598; x_wconf 87' lang='lat' dir='ltr'><strong>Adhuc</strong></span> <span class='ocrx_word' id='word_1_908' title='bbox 3695 5545 3797 5598; x_wconf 89' lang='lat' dir='ltr'><strong>ista</strong></span> 
     </span>
    </p>
   </div>
   <div class='ocr_carea' id='block_1_117' title="bbox 2210 5634 3799 5704">
    <p class='ocr_par' dir='ltr' id='par_1_117' title="bbox 2210 5634 3799 5704">
     <span class='ocr_line' id='line_1_117' title="bbox 2210 5634 3799 5704; baseline -0.006 -8"><span class='ocrx_word' id='word_1_909' title='bbox 2210 5642 2368 5697; x_wconf 90' lang='lat' dir='ltr'><strong>verba</strong></span> <span class='ocrx_word' id='word_1_910' title='bbox 2398 5637 2752 5695; x_wconf 84' lang='lat' dir='ltr'><strong>communiter</strong></span> <span class='ocrx_word' id='word_1_911' title='bbox 2776 5636 2876 5690; x_wconf 90' lang='lat' dir='ltr'><strong>dici</strong></span> <span class='ocrx_word' id='word_1_912' title='bbox 2922 5643 3159 5704; x_wconf 85' lang='lat' dir='ltr'><strong>possunt.</strong></span> <span class='ocrx_word' id='word_1_913' title='bbox 3205 5635 3384 5689; x_wconf 87' lang='lat' dir='ltr'><strong>Potest</strong></span> <span class='ocrx_word' id='word_1_914' title='bbox 3410 5634 3552 5690; x_wconf 87' lang='lat' dir='ltr'><strong>enim</strong></span> <span class='ocrx_word' id='word_1_915' title='bbox 3583 5644 3631 5689; x_wconf 91' lang='lat' dir='ltr'><strong>et</strong></span> <span class='ocrx_word' id='word_1_916' title='bbox 3660 5635 3799 5688; x_wconf 89' lang='lat' dir='ltr'><strong>alius</strong></span> 
     </span>
    </p>
   </div>
   <div class='ocr_carea' id='block_1_118' title="bbox 2279 5812 3424 5880">
    <p class='ocr_par' dir='ltr' id='par_1_118' title="bbox 2279 5812 3424 5880">
     <span class='ocr_line' id='line_1_118' title="bbox 2279 5812 3424 5880; baseline -0.007 -13"><span class='ocrx_word' id='word_1_917' title='bbox 2279 5823 2291 5853; x_wconf 82' lang='grc'>¹</span> <span class='ocrx_word' id='word_1_918' title='bbox 2319 5819 2459 5880; x_wconf 73' lang='lat' dir='ltr'><strong>ultu,</strong></span> <span class='ocrx_word' id='word_1_919' title='bbox 2479 5815 2777 5866; x_wconf 70' lang='lat' dir='ltr'><strong>contemtum.</strong></span> <span class='ocrx_word' id='word_1_920' title='bbox 2808 5812 2970 5861; x_wconf 67' lang='lat' dir='ltr'><strong>\ieliuv</strong></span> <span class='ocrx_word' id='word_1_921' title='bbox 2998 5821 3118 5876; x_wconf 61' lang='lat' dir='ltr'><strong>Mss,</strong></span> <span class='ocrx_word' id='word_1_922' title='bbox 3145 5813 3424 5862; x_wconf 78' lang='lat' dir='ltr'><strong>(attceduut.</strong></span> 
     </span>
    </p>
   </div>
  </div>
