4054 6472
208 424 263 480 8|
1532 420 1725 477 Lmen
1765 419 2088 474 manus.
3422 430 3493 487 8.2

210 547 273 598 di
292 554 384 595 ere
405 580 421 603 ,
454 536 611 606 Quod
641 536 931 594 secundum
963 536 1131 607 legem
1159 550 1277 590 esse
1300 533 1532 589 divinam
1560 576 1576 599 ,
1626 533 1799 587 nullus

160 646 167 691 ξ
211 628 297 699 qui
324 630 500 704 legem
527 641 832 696 veneratur,
863 630 1087 700 ignorat.
1135 628 1241 685 Sed
1271 641 1405 697 opus
1441 635 1522 683 est
1548 625 1795 696 probare,

213 740 315 779 non
340 724 545 781 dicere.
575 722 925 780 Attendamus
954 737 1082 791 ergo
1108 719 1557 791 quemadmodum
1588 717 1796 788 probet.

220 840 236 870 ι
269 815 405 887 Quid
432 817 579 875 enim
611 816 859 886 prodest,
891 833 909 867 ι
942 815 1143 885 inquit,
1179 833 1198 867 ι
1235 813 1591 868 innocentiam
1620 820 1799 865 custo-

212 912 351 965 disse
373 950 388 974 ,
426 909 475 963 si
500 924 621 964 cum
655 910 761 963 reis
787 909 982 962 mixtus
1009 917 1090 962 est
1118 916 1175 962 et
1202 905 1447 961 obnoxiis
1464 904 1491 957 ἒς
1523 924 1541 957 ι
1577 902 1719 958 Sane
1756 902 1800 957 si

212 1004 279 1060 ita
306 1012 410 1067 est,
443 1002 802 1059 innocentiam
832 1001 1127 1056 custodisse
1157 1016 1260 1055 non
1289 999 1506 1070 prodest
1527 999 1565 1065 ',
1596 997 1689 1053 sed
1718 998 1798 1050 in-

212 1096 463 1152 nocentia
498 1095 760 1150 custodita
801 1111 906 1149 non
945 1104 1045 1148 est.
1092 1094 1284 1148 Mixtus
1309 1094 1450 1147 enim
1487 1091 1591 1146 reis
1618 1100 1671 1145 et
1701 1091 1799 1145 ob-

213 1188 409 1252 noxiis,
436 1187 537 1243 nisi
563 1202 657 1257 per
674 1185 1011 1241 conscientia:
1029 1184 1345 1239 maculatam
1366 1182 1797 1247 consensionem,

212 1280 389 1334 nullus
429 1287 577 1334 recte
617 1278 718 1332 dici
753 1286 947 1347 potest.
993 1275 1090 1343 Qui
1123 1290 1250 1329 vero
1281 1274 1466 1343 implet
1496 1272 1636 1343 quod
1664 1272 1800 1327 seri—

214 1380 359 1440 ptum
393 1379 511 1434 est,
545 1368 695 1424 Iusto
721 1368 851 1423 nihil
876 1368 1038 1438 placet
1066 1367 1294 1437 iniquum
1341 1363 1519 1434 (Prov.
1556 1378 1631 1417 xu
1651 1404 1665 1426 ,
1694 1362 1758 1420 21
1787 1404 1800 1427 ,

212 1480 307 1517 sec.
328 1461 521 1530 LXX);
544 1459 763 1515 ubilibet
779 1474 902 1517 cum
925 1457 1123 1513 versari
1145 1456 1396 1526 qua-libet
1414 1454 1702 1511 necessitas
1720 1468 1803 1510 co-

213 1563 316 1624 gat,
337 1552 555 1609 misceri
577 1551 942 1622 iniquitatibus
963 1565 1073 1607 non
1093 1557 1287 1619 potest.
1314 1568 1331 1600 ι
1361 1547 1455 1603 Vel
1473 1546 1761 1617 quomodo,
1781 1566 1796 1596 ο

214 1645 403 1715 inquit,
428 1663 446 1695 ι
482 1644 818 1711 incorruptus
858 1642 1058 1711 poteris
1090 1655 1404 1710 permanere
1428 1680 1442 1704 ,
1468 1638 1511 1691 si
1540 1637 1806 1706 corruptis

215 1734 471 1790 sociaris?
492 1754 512 1786 ι
536 1733 609 1793 lla
635 1733 806 1802 plane,
826 1732 870 1786 si
896 1731 1148 1796 sociatur,
1171 1730 1223 1783 id
1252 1738 1357 1795 est,
1387 1730 1430 1782 si
1460 1728 1581 1782 mali
1608 1726 1804 1795 aliquid

216 1843 330 1881 cum
361 1827 444 1881 eis
471 1824 791 1889 committit,
823 1832 914 1878 aut
936 1821 1392 1878 committentibns
1422 1820 1560 1874 favet
1592 1837 1603 1872 :
1634 1819 1676 1873 si
1708 1834 1805 1872 au-

217 1929 315 1971 tem
348 1926 602 1971 neutrum
634 1916 777 1981 facit,
810 1914 1119 1969 nnllomodo
1149 1913 1404 1967 sociatur.
1437 1912 1604 1966 Porro
1633 1912 1675 1966 si
1706 1909 1804 1964 ad-

216 2011 298 2065 dat
325 2010 583 2075 tcrtium,
629 2020 685 2063 ut
711 2023 816 2062 non
843 2008 912 2062 sit
938 2008 988 2062 in
1016 2005 1336 2061 vindicando
1379 2003 1542 2075 piger,
1585 2002 1681 2059 sed
1724 2002 1806 2057 vel

214 2100 467 2169 corripiat
493 2099 670 2168 justus
697 2099 747 2153 in
777 2096 1141 2153 misericordia
1168 2105 1223 2150 et
1252 2104 1439 2165 arguat
1458 2135 1472 2160 ,
1506 2094 1589 2149 vel
1618 2094 1802 2159 etiam,

214 2193 255 2246 si
290 2207 412 2246 eam
460 2205 743 2260 personam
773 2190 943 2259 gerit,
973 2197 1027 2244 et
1072 2188 1207 2241 ratio
1236 2185 1616 2243 Conservanda:
1663 2184 1808 2254 pacis

215 2284 463 2347 admittit,
503 2299 688 2339 coram
719 2283 966 2339 onmibus
996 2291 1280 2353 peccantes
1308 2290 1515 2352 arguat,
1545 2290 1599 2334 ut
1628 2280 1807 2335 caeteri

219 2381 465 2443 timeant;
491 2385 769 2433 removeat
787 2376 947 2431 etiam
972 2377 1052 2431 vel
1083 2376 1151 2429 ab
1176 2376 1352 2443 aliquo
1377 2373 1543 2443 gradu
1568 2372 1804 2438 honoris,

220 2473 297 2526 vel
339 2471 409 2525 ab
461 2471 575 2540 ipsa
620 2469 998 2523 communione
1042 2467 1551 2528 Saeramentorum,
1596 2474 1650 2519 et
1692 2463 1809 2519 hsce

218 2564 390 2619 omnia
425 2577 549 2616 eum
580 2559 868 2621 dilectione
896 2557 1218 2628 corrigendi,
1250 2572 1355 2615 non
1376 2571 1499 2612 cum
1526 2555 1651 2611 odio
1682 2570 1807 2625 per-

216 2653 469 2724 sequendi
492 2652 575 2722 (a)
594 2669 608 2716 ;
628 2651 987 2721 plenissimum
1003 2647 1255 2713 ofﬁcium,
1277 2662 1377 2702 non
1395 2646 1566 2702 solum
1578 2645 1812 2700 castissi-

221 2761 315 2798 ma:
343 2742 691 2803 inuocentim,
717 2740 810 2795 sed
835 2742 995 2795 etiam
1026 2737 1443 2810 diligentissima:
1468 2738 1769 2795 severitatis
1790 2738 1810 2768 ²

224 2836 480 2903 implevit.
534 2834 633 2889 Ubi
672 2842 849 2887 autem
889 2839 1080 2887 emtera
1128 2829 1522 2899 impediuntur,
1575 2829 1664 2882 illa
1706 2828 1813 2882 duo

223 2942 434 2996 semper
479 2934 685 2980 retenta
713 2924 1081 2992 incorruptum
1107 2931 1419 2991 castumque
1459 2919 1769 2975 custodiunt
1793 2960 1809 2983 ,

223 3028 275 3075 ut
303 3034 401 3072 nec
430 3016 591 3072 faciat
623 3016 841 3079 malum,
872 3029 971 3069 nec
999 3013 1260 3084 approbet
1284 3012 1505 3068 factum.

288 3107 515 3164 CAPUT
557 3106 815 3166 XXll.-
847 3106 936 3163 42.
962 3105 1067 3161 Sed
1118 3114 1292 3159 tamen
1345 3104 1622 3160 videamus
1668 3102 1811 3161 unde

220 3201 316 3255 iste
342 3200 539 3254 doceat
564 3197 707 3268 quod
733 3196 965 3251 affirmat
994 3216 1007 3251 :
1043 3214 1060 3247 ι
1089 3194 1226 3257 Cum
1255 3196 1509 3264 scriptum
1541 3194 1641 3261 sit,
1676 3212 1695 3246 ι
1727 3195 1811 3248 in-

219 3292 363 3359 quit,
394 3308 414 3341 ¢
449 3289 713 3343 Modicum
738 3288 1040 3359 fermentum
1066 3296 1222 3340 totam
1243 3302 1459 3339 massam
1484 3287 1762 3357 corrumpit
1786 3304 1805 3337 ι

222 3382 274 3449 (Ι
303 3381 425 3437 Cor.
458 3396 508 3444 v,
546 3379 627 3451 ϐ).
662 3379 804 3433 Dixit
848 3379 949 3434 hoc
991 3378 1406 3439 Parmenianus,
1446 3387 1606 3448 atque
1644 3378 1809 3433 abiit:

219 3488 317 3528 nec
345 3472 394 3528 ei
425 3486 571 3525 nunc
599 3470 805 3537 ostendi
836 3480 1030 3540 potest,
1060 3469 1113 3524 in
1150 3481 1300 3539 parte
1333 3470 1552 3533 Donati,
1578 3485 1683 3524 non
1726 3485 1812 3524 so-

219 3564 325 3627 lum
374 3562 649 3617 modicum
698 3562 943 3616 fermeuti
964 3603 977 3627 ,
1008 3560 1101 3615 sed
1134 3560 1360 3615 multum
1390 3561 1580 3616 veneni
1611 3576 1673 3616 ex
1707 3562 1811 3616 illis

220 3657 331 3709 ovis
360 3654 609 3725 aspidum
638 3655 837 3724 ruptis,
876 3663 932 3707 et
977 3654 1275 3722 praevalidis
1315 3652 1425 3723 jam
1472 3653 1812 3723 serpentibus

220 3765 314 3827 pro
346 3749 618 3803 Primiano
639 3747 905 3802 damnatis
926 3787 938 3808 ,
963 3756 1015 3800 et
1042 3746 1107 3800 ad
1134 3746 1463 3801 Primianum
1497 3747 1689 3802 iterum
1718 3764 1810 3804 re-

222 3841 420 3901 vocatis
440 3840 483 3917 ξ
508 3838 617 3895 Sed
644 3838 870 3894 correcti
892 3848 1033 3899 sunt,
1056 3839 1244 3909 inquit.
1274 3840 1380 3894 Deo
1402 3841 1620 3909 gratias.
1643 3841 1697 3896 Si
1722 3857 1811 3897 ve-

224 3948 338 3986 rum
372 3941 485 3996 est,
516 3947 622 3986 non
656 3930 886 3997 invideo,
917 3940 1077 4001 atque
1110 3932 1309 3984 utinam
1343 3931 1393 3986 id
1434 3932 1670 4002 perfecte
1701 3931 1807 3986 fiat.

224 4024 272 4077 Si
304 4022 448 4077 enim
491 4038 520 4076 a
568 4022 972 4076 Maximianistis
1004 4022 1181 4077 redire
1223 4022 1289 4075 ad
1342 4032 1544 4091 partem
1586 4024 1808 4088 Donati,

284 4181 298 4209 ¹
327 4185 486 4236 Forte,
511 4189 606 4225 non
623 4175 937 4225 innocentiam
959 4175 1219 4227 custodisse
1236 4189 1327 4226 non
1351 4177 1557 4238 prodest.

256 4244 303 4308 ,ι
329 4240 495 4289 Plures
534 4246 663 4299 Mss,
702 4238 929 4289 severitas
958 4240 1202 4302 :suppte,
1228 4237 1508 4288 innocentia:
1546 4238 1812 4302 diligentis-

249 4316 375 4347 ιιηιτ.

226 4315 261 4349 δ’
279 4314 426 4470 Eii).
451 4368 524 4411 Er.
562 4368 615 4411 et
637 4362 819 4425 aliquot
841 4369 965 4423 Mss,
991 4369 1036 4413 et
1060 4363 1124 4411 ad
1152 4360 1446 4413 Nimianum
1468 4360 1659 4412 tertium
1684 4377 1812 4421 revo-

226 4437 276 4470 t‘t.‘
298 4439 355 4470 ts.

244 4440 355 4471 rarts.

226 4437 355 4475 mus.

285 4486 359 4547 (tt)
392 4496 497 4549 Snp;
518 4485 770 4553 lc,fuci..l.

232 4605 387 4618 ξ

1910 534 2193 588 uoimullus
2239 538 2583 594 correctionis
2634 550 2711 595 cst
2764 540 2959 611 gradus
2987 540 3039 608 ¹;
3068 551 3268 613 quanto
3308 547 3484 600 verior

1910 622 2299 696 perfectiorque
2334 632 2595 685 correctio
2620 641 2722 698 εει,
2752 632 2819 687 ab
2850 632 2959 701 ipsa
3003 643 3149 703 parte
3193 634 3380 690 Donati
3420 638 3486 691 ad

1910 714 2165 770 unitatem
2196 718 2509 775 catholicam
2537 723 2809 776 remeare?
2838 724 2901 777 Et
2940 723 3229 781 Tichonius
3268 724 3481 795 quidem

1911 806 2072 859 multa
2095 806 2247 874 dixit,
2275 824 2394 879 qua:
2420 811 2521 865 illis
2551 812 2899 881 temporibus,
2919 823 2971 869 et
2992 815 3129 871 sicut
3156 816 3375 871 interior
3398 832 3494 871 no-

1910 908 2077 963 verat,
2108 915 2264 970 quam
2295 917 2400 956 non
2432 904 2661 970 modico,
2686 906 2778 960 sed
2808 907 2974 962 multo
2998 906 3296 978 fermento,
3328 917 3493 963 totam

1910 1007 2059 1048 suam
2090 1010 2319 1050 massam
2342 996 2544 1051 nollent
2569 996 2720 1053 fateri
2747 1010 3072 1071 corruptam,
3100 1002 3189 1072 qui
3220 1009 3390 1057 totum
3416 1017 3496 1058 or-

1911 1084 2031 1139 bem
2080 1094 2339 1142 terrarum
2384 1090 2614 1158 peccatis
2657 1091 2903 1146 Afrorum
2950 1091 3324 1150 fermentatum
3372 1108 3495 1149 esse

1910 1176 2342 1234 criminarentur.
2376 1180 2480 1235 Sed
2507 1195 2605 1252 ego
2633 1182 2761 1237 istos
2792 1184 2983 1249 miror,
3010 1186 3053 1241 si
3076 1185 3250 1241 adhuc
3271 1186 3350 1242 eis
3376 1187 3492 1257 pla-

1912 1279 1996 1324 cet
2022 1270 2135 1326 hcee
2156 1272 2445 1341 apostolica
2468 1274 2627 1328 verba
2647 1276 2667 1305 ³
2690 1274 2767 1329 sic
2791 1274 3108 1347 intelligere,
3134 1276 3203 1332 ita
3226 1292 3318 1334 eos
3338 1277 3494 1349 Opta-

1914 1370 2024 1416 tum
2056 1362 2432 1418 Gildonianum
2457 1364 2595 1421 velle
2629 1363 2954 1432 defendere,
2986 1378 3044 1422 ut
3082 1382 3182 1424 nec
3222 1368 3489 1425 modicum

1913 1452 2159 1509 fermeuti
2182 1471 2301 1509 cum
2324 1455 2486 1513 fuisse
2505 1457 2803 1513 concedant
2824 1458 2864 1511 '.
2889 1458 3040 1525 Quod
3065 1460 3110 1514 si
3135 1460 3216 1515 vel
3244 1460 3343 1516 hoc
3366 1475 3495 1516 eon-

1914 1546 2128 1611 eedunt,
2156 1562 2314 1617 quam
2344 1562 2587 1618 magnam
2620 1558 2805 1619 putant
2830 1564 2950 1605 esse
2980 1564 3209 1605 massam
3239 1565 3412 1620 suam,
3439 1561 3499 1607 ut

1916 1653 2021 1691 non
2061 1640 2293 1709 potuerit
2332 1647 2438 1695 tota
2460 1641 2877 1711 corrumpi?aut
2915 1642 2959 1697 si
3002 1642 3054 1696 in
3096 1642 3175 1698 eis
3213 1643 3343 1698 solis
3386 1652 3496 1699 tota

1914 1739 2161 1799 corrupta
2187 1739 2269 1786 est
2289 1771 2304 1795 ,
2337 1731 2530 1801 quibus
2571 1732 2742 1801 placet
2768 1731 3021 1803 Optatus;
3055 1735 3261 1803 experti
3290 1733 3500 1790 discant

1916 1819 2213 1890 intelligere
2238 1822 2378 1891 quod
2402 1822 2602 1893 legunt,
2631 1823 2751 1893 quia
2780 1824 2919 1879 inest
2944 1832 3051 1879 tota
3080 1838 3252 1879 massa
3274 1824 3339 1879 ad
3362 1840 3498 1896 quos

1917 1913 2142 1981 pertinet
2166 1914 2306 1983 quod
2328 1913 2520 1969 dicitur
2543 1924 2730 1981 totum,
2750 1916 2862 1972 sive
2889 1917 3108 1984 bonum,
3131 1918 3245 1973 sive
3267 1918 3497 1973 malum:

1915 2005 1981 2059 ad
2004 2021 2098 2059 eos
2128 2007 2358 2074 pertinet
2381 2007 2469 2077 qui
2496 2008 2863 2074 consentiunt;
2885 2009 2949 2063 ad
2972 2026 3065 2063 eos
3086 2020 3262 2065 autem
3282 2012 3371 2082 qui
3394 2026 3501 2067 non

1916 2100 2277 2164 consentiunt,
2308 2100 2527 2154 omnino
2554 2115 2657 2155 non
2694 2102 2925 2171 pertinet
2958 2120 2970 2156 :
2998 2114 3051 2156 et
3079 2101 3200 2157 ideo
3220 2102 3503 2173 disciplina

1915 2190 2270 2245 ecclesiastica
2295 2189 2315 2219 ⁸
2344 2190 2716 2261 corrigendum
2747 2201 2848 2256 est,
2873 2208 2939 2246 ne
2968 2192 3032 2247 ad
3064 2194 3256 2248 multos
3284 2208 3505 2264 persua-

1915 2282 2091 2336 dendo
2119 2283 2419 2351 perveniat;
2452 2283 2592 2353 quod
2622 2283 2706 2338 ubi
2735 2283 2846 2339 fieri
2882 2285 3140 2354 permittit
3167 2286 3303 2339 ratio
3328 2286 3499 2356 pacis,

1914 2382 1967 2427 et
1998 2389 2104 2427 non
2133 2373 2210 2438 fit,
2242 2374 2353 2442 ipsa
2384 2374 2703 2445 negligentia
2731 2375 2941 2444 culpam
2972 2376 3162 2439 trahit,
3189 2387 3243 2430 et
3272 2377 3323 2430 in
3354 2376 3501 2447 peri-

1914 2465 2037 2520 culo
2063 2465 2427 2519 consentiendi
2455 2474 2539 2537 est
2566 2480 2659 2535 per
2690 2465 2947 2520 desidiam
2975 2467 3295 2537 corrigendi.

1985 2555 2211 2611 CAPUT
2251 2555 2436 2610 XXlll.
2462 2585 2532 2599 ——
2553 2556 2641 2611 43.
2665 2556 2745 2611 Ex
2766 2572 2867 2627 qua
2900 2558 3080 2628 regula
3111 2567 3163 2612 ct
3197 2558 3331 2613 illud
3350 2560 3503 2613 intel-

1916 2645 2186 2717 ligendum
2230 2645 2555 2714 est',quod
2599 2656 2993 2717 consequenter
3031 2649 3271 2717 opponit,
3318 2648 3505 2705 dicens

1918 2752 2039 2793 esse
2064 2737 2319 2806 scriptum
2346 2755 2357 2790 :
2389 2736 2471 2791 Sit
2496 2737 2634 2790 vobis
2660 2738 2938 2808 legitimum
2961 2747 3206 2793 internum
3236 2740 3289 2792 in
3318 2756 3503 2811 proge-

1919 2831 2025 2887 nies
2049 2839 2253 2890 vestras.
2284 2828 2511 2884 dividere
2531 2830 2582 2882 in
2613 2829 2777 2882 medio
2807 2840 3099 2883 sanctarum
3123 2840 3169 2884 et
3196 2830 3505 2901 irreligioso-

1918 2940 2049 2989 rum,
2084 2934 2130 2979 et
2159 2925 2211 2977 in
2238 2923 2400 2977 medio
2427 2924 2733 2977 mandarunt
2758 2934 2804 2977 et
2832 2925 3204 2979 immundorum
3235 2924 3417 2997 (ιενιι.
3445 2942 3503 2992 x,

1918 3015 2111 3085 9,10).
2134 3016 2305 3072 Tanto
2345 3016 2489 3071 enim
2529 3015 2754 3087 quisque
2785 3017 2976 3071 melius
2999 3018 3100 3073 hoc
3127 3015 3281 3085 facit,
3307 3028 3509 3088 quanto

1919 3110 2087 3177 magis
2114 3108 2164 3161 in
2197 3108 2435 3163 Ecclesia
2466 3108 2694 3177 proficit.
2728 3107 2856 3165 Cum
2886 3110 3026 3164 enim
3057 3111 3288 3166 crevisset
3315 3111 3507 3179 herba,

1918 3209 1967 3252 et
1991 3199 2209 3268 fructum
2235 3200 2453 3269 fecisset,
2480 3208 2598 3252 tunc
2618 3210 2965 3268 apparuerunt
2992 3200 3209 3255 zizania.
3231 3201 3303 3255 Et
3320 3217 3509 3272 quam-

1920 3292 1999 3346 vis
2026 3294 2162 3345 inter
2186 3300 2468 3360 utrumque
2488 3290 2765 3360 jam-servi
2785 3291 3181 3360 patrisfamilias
3201 3293 3511 3363 cognitione

1918 3385 2216 3441 dividerent
2244 3394 2400 3454 atque
2425 3382 2839 3452 distinguerent;
2867 3382 3121 3452 jubentur
3142 3393 3317 3438 tamen
3345 3400 3404 3437 ea
3430 3385 3509 3440 si-

1920 3490 2047 3529 nere
2091 3488 2335 3529 crescere
2353 3515 2369 3540 ,
2408 3481 2462 3526 et
2490 3472 2589 3527 hoc
2618 3489 2775 3543 usque
2802 3473 2870 3526 ad
2896 3490 3102 3528 messem
3132 3474 3343 3545 (Matth.
3373 3492 3507 3542 xm,

1918 3567 2137 3636 26-50).
2170 3565 2275 3621 Sed
2300 3564 2413 3619 haec
2443 3564 2700 3620 hactenus
2724 3582 2738 3618 :
2761 3580 2821 3619 ea
2849 3566 2992 3619 enim
3020 3581 3138 3635 qua:
3160 3575 3383 3631 restant,
3412 3568 3508 3622 ali-

1918 3667 2116 3730 quanto
2140 3657 2443 3728 diligentius
2469 3656 2537 3712 ab
2562 3655 3318 3715 alioexordioconsideranda
3341 3667 3509 3730 atque

1921 3750 2191 3808 tractanda
2225 3758 2370 3809 sunt.
3448 3738 3451 3739 ⁷

3326 3854 3384 3899 φτ

1984 3930 2159 3987 'Fditi,
2217 3933 2288 3979 est
2336 3926 2522 3977 modus.
2556 3924 2712 3976 Nostri
2746 3930 2911 3987 autem
2959 3922 3181 3987 Gallicani
3221 3932 3327 3987 mss.
3360 3924 3507 3975 simul

1917 4007 2027 4049 cum
2052 3986 2285 4040 Vaticanis
2308 3990 2516 4047 habent,
2541 3994 2610 4049 est
2646 3986 2846 4048 gradus.
2873 3994 2999 4035 Hanc
3032 3986 3293 4049 lectionem
3316 3986 3365 4035 in
3386 4000 3509 4049 utar-

1917 4046 2034 4117 gine
2075 4051 2459 4117 Amerbaehianat
2494 4046 2728 4117 editionis
2764 4054 3056 4117 annotatam,
3101 4046 3377 4117 eligendam
3418 4046 3508 4117 du-

1918 4110 2062 4167 cebat
2100 4114 2334 4163 Henricus
2372 4111 2586 4170 Gravius,
2627 4112 2667 4162 si
2714 4110 2856 4171 modo
2897 4116 3115 4165 exstaret
3154 4111 3201 4159 in
3242 4112 3508 4161 manuscri-

1940 4180 2029 4229 ,tis.

1920 4194 2029 4241 [,IIS.

1981 4244 2002 4273 ί
2024 4246 2151 4296 Mss,
2170 4236 2274 4287 hwc
2293 4234 2513 4299 Epistolw
2533 4232 2693 4299 verba.

1984 4304 2005 4335 ³
2026 4303 2097 4353 sic
2115 4309 2219 4349 Mss.
2244 4307 2298 4349 At
2323 4296 2457 4355 editi,
2481 4296 2787 4347 contendant.

1983 4365 2003 4395 ⁸
2028 4363 2164 4420 aliti,
2187 4366 2232 4410 et
2256 4360 2364 4410 ideo
2397 4354 2449 4408 in
2485 4356 2742 4421 disciplina
2785 4354 3123 4407 ecclesiastica.
3146 4356 3323 4417 Abest,
3362 4356 3440 4417 in,
3482 4369 3510 4410 ι

1921 4424 2269 4484 nianuseriptis.
2308 4442 2313 4447 ·

1983 4491 2002 4520 ⁸
2029 4481 2173 4545 Editi,
2186 4483 2468 4535 intuendum
2490 4488 2560 4533 est
2585 4494 2603 4532 :
2628 4481 2881 4531 mendose.

1254 4686 1732 4792 LIBER
1822 4684 2561 4793 TERTIUS.

1024 4868 1502 4931 “cllqtla.tracta.itttr
1526 4870 1627 4920 loca
1650 4874 1903 4934 scriptura:
1927 4884 2037 4934 qure
2057 4872 2392 4920 Parmenianus
2413 4869 2705 4932 objectabat.

1618 5028 2105 5056 WW-

289 5142 513 5201 CAPUT
555 5141 840 5199 PRIMUM.
866 5172 935 5183 -
975 5142 1027 5195 ir.
1054 5140 1191 5197 Cum
1232 5142 1407 5196 omnis
1451 5141 1532 5211 pia
1577 5142 1716 5196 ratio
1759 5152 1811 5197 et

225 5235 410 5291 modus
434 5236 817 5291 ecclesiastica:
852 5234 1145 5303 disciplina:
1194 5235 1450 5290 unitatem
1495 5236 1713 5305 spiritus
1756 5238 1806 5291 in

226 5325 433 5379 vinculo
464 5328 610 5397 pacis
633 5326 862 5380 maxime
886 5323 1078 5379 debeat
1103 5326 1318 5387 intueri,
1340 5326 1482 5396 quod
1526 5328 1812 5396 Apostolus

196 5416 523 5491 ‘sull‘crcndo
552 5417 785 5472 invicem
815 5417 1052 5486 prtccipit
1079 5416 1347 5473 custodire
1379 5416 1596 5489 (Ep/ws.
1635 5436 1708 5488 tv,
1739 5421 1773 5474 5
1794 5462 1807 5487 ,

224 5505 298 5573 2),
327 5517 383 5561 et
412 5524 515 5577 quo
543 5525 648 5563 non
676 5508 939 5562 custodito
961 5508 1224 5563 medicina
1246 5509 1491 5564 vindictze
1520 5511 1537 5542 ¹
1563 5527 1668 5566 non
1695 5521 1812 5566 tan-

227 5607 333 5651 tum
357 5599 646 5666 superflua,
670 5598 765 5653 sed
786 5599 946 5653 etiam
970 5599 1290 5670 perniciosa,
1319 5609 1374 5655 et
1399 5610 1678 5669 pr0pterea
1701 5604 1809 5671 jam

225 5703 321 5743 nec
352 5692 613 5744 medicina
644 5705 765 5745 esse
790 5691 1124 5747 convincitur
1148 5710 1160 5746 :
1187 5692 1260 5747 illi
1287 5692 1377 5755 ﬁlii
1406 5693 1546 5757 mali,
1580 5694 1674 5763 qui
1703 5710 1807 5749 non

228 5781 349 5834 odio
372 5780 705 5851 iniquitatnm
733 5784 1047 5853 alienarum,
1081 5784 1174 5840 sed
1204 5785 1382 5842 studio
1410 5787 1807 5851 contentionum

273 5916 285 5944 ε
323 5915 398 5959 Sic
424 5920 522 5965 3N5.
554 5923 603 5967 Al
632 5917 765 5980 editi,
784 5917 1035 5972 medicina:
1060 5918 1282 5971 vindicta.

1918 5158 2133 5198 suarum
2158 5142 2394 5202 inﬁrmas
2418 5143 2600 5213 plebes
2621 5143 2873 5213 jactautia
2896 5146 2977 5201 sui
3003 5146 3230 5201 nominis
3252 5145 3503 5209 irretitas.

1920 5236 2000 5293 vel
2035 5243 2172 5291 totas
2202 5235 2412 5291 trahere
2431 5278 2446 5303 ,
2476 5235 2558 5291 vel
2588 5244 2737 5291 certe
2757 5234 2995 5292 dividere
3015 5236 3287 5301 affectant,
3312 5250 3501 5306 supcr-

1918 5329 2002 5384 bia
2033 5327 2238 5395 ttuuidi,
2261 5328 2555 5398 pervicacia
2586 5327 2792 5394 vesani,
2814 5328 3094 5383 calumniis
3124 5324 3385 5391 insidiosi,
3411 5340 3499 5381 se-

1918 5422 2209 5477 ditionibus
2234 5420 2553 5485 turbulenti;
2579 5435 2646 5476 ne
2697 5419 2813 5476 luce
2852 5419 3090 5475 veritatis
3116 5432 3299 5473 carere
3325 5428 3505 5475 osten—

1918 5513 2132 5579 dantur,
2165 5514 2409 5568 umbram
2436 5512 2617 5583 rigidae
2644 5512 2947 5569 severitatis
2968 5508 3291 5577 obtendunt,»
3310 5518 3367 5565 et
3383 5526 3504 5581 qua:

1921 5607 1975 5661 in
2018 5605 2309 5676 Scripturis
2350 5606 2550 5661 sanctis
2590 5604 2732 5659 salva
2775 5601 3081 5665 dilectionis
3106 5602 3413 5658 sinceritate
3453 5609 3512 5661 et.

1920 5697 2181 5752 custodita
2216 5696 2357 5767 pacis
2388 5697 2587 5749 unitate
2609 5738 2621 5758 ,
2661 5694 2725 5748 ad
2766 5692 3080 5763 corrigenda
3112 5692 3341 5750 fraterna
3377 5693 3501 5747 vitia

1924 5786 2243 5842 mordaciori
2267 5789 2281 5818 ¹
2317 5784 2595 5840 curatione
2623 5784 2735 5838 ﬁeri
2764 5792 3027 5853 przeccpta
3054 5794 3175 5839 sunt
3196 5824 3210 5851 ,
3239 5784 3303 5838 ad
3333 5784 3500 5838 sacri-

1985 5922 1997 5953 ¹
2028 5921 2160 5983 Edili,
2195 5915 2518 5971 mmlcmliori.
2557 5918 2717 5979 Aptius
2756 5925 2880 5981 3153.,
2924 5915 3229 5969 mordaciori.
3281 5914 3471 5975 L'oquitu
