4054 6466
559 395 630 452 ss
1338 385 1610 444 CONTRA
1647 380 2026 441 EPISTOLAM
2053 380 2507 451 PARMENIANI,
2549 385 2607 442 s.
2651 387 3012 448 AUGUSTINI
3750 402 3816 457 ει

557 509 752 579 legium
780 503 1082 562 schismatis
1101 512 1156 559 et
1176 501 1241 556 ad
1266 499 1598 556 occasionem
1623 497 1952 569 prmcisionis
1977 510 2137 552 usur-

558 608 684 670 pant
705 641 720 665 ,
748 596 988 653 dicentes
1009 637 1022 661 ,
1053 613 1071 646 ι
1101 595 1240 650 Ecce
1268 593 1342 648 ait
1367 592 1656 663 Apostolus
1675 632 1691 658 ,
1713 591 1919 663 Auferte
1943 591 2139 645 malum

559 709 622 748 cx
646 692 782 746 vobis
809 691 952 760 ipsis.
979 686 1132 756 Quod
1178 686 1376 740 malum
1423 685 1606 756 utique
1648 685 1694 739 si
1737 684 1975 754 integris,
2005 701 2026 735 ι
2053 684 2135 738 in-

557 783 766 856 quiunt,
805 803 822 836 ι
857 797 961 838 non
991 779 1228 845 obesset,
1256 795 1353 835 nec
1374 778 1650 849 juberetur
1677 777 1896 833 auferri.
1936 795 1954 828 ι

627 876 681 931 2.
720 875 935 931 Interim
960 872 1234 928 videamus
1261 886 1327 926 ne
1350 872 1484 926 forte
1509 885 1613 924 non
1639 870 1829 924 frustra
1857 885 1960 923 non
1989 867 2140 923 dixe-

560 970 630 1024 rit
655 966 962 1037 Apostolus,
992 964 1214 1019 Auferte
1239 963 1409 1018 malos
1432 979 1462 1016 a
1489 962 1901 1032 congregatione
1930 971 2134 1024 vestra;

558 1063 651 1118 sed
673 1104 688 1130 ,
715 1063 923 1133 Auferte
948 1061 1139 1114 malum
1165 1075 1229 1113 ex
1252 1059 1388 1112 vobis
1417 1057 1540 1128 ipsis
1568 1071 1587 1110 :
1617 1056 1738 1125 quia
1768 1069 1889 1109 cum
1915 1053 2138 1124 quisque

556 1153 843 1224 impeditur
866 1153 933 1208 ab
961 1152 1212 1208 Ecclesia:
1238 1149 1648 1221 congregatione
1691 1147 1860 1201 malos
1896 1146 2140 1200 homines

554 1259 825 1314 separare,
855 1245 899 1299 si
928 1260 990 1299 ex
1018 1259 1077 1300 se
1103 1244 1220 1314 ipso
1242 1241 1450 1297 auferat
1478 1240 1703 1306 malum,
1735 1254 1839 1292 non
1867 1239 1946 1293 eis
1977 1237 2140 1292 corde

555 1337 813 1392 miscetur
836 1335 940 1407 (a);
961 1343 1118 1406 atque
1141 1335 1211 1390 ita
1232 1331 1580 1404 spiritualiter
1602 1346 1706 1385 non
1725 1329 1897 1385 solum
1919 1328 2140 1398 conjun-

555 1427 698 1496 gitur
726 1425 902 1493 bonis,
926 1425 1022 1482 sed
1050 1425 1208 1481 etiam
1240 1430 1516 1494 separatur
1541 1435 1570 1476 a
1597 1419 1769 1475 malis.
1799 1419 1889 1474 Sic
1913 1420 2054 1474 enim
2087 1417 2138 1472 in

557 1517 653 1574 illo
678 1517 798 1574 loco
821 1517 889 1572 ad
915 1516 1253 1572 Timotheum
1283 1530 1404 1572 eum
1432 1514 1672 1576 dixisset,
1707 1511 1884 1581 Neque
1911 1527 2140 1564 commu-

559 1612 808 1667 nicaveris
851 1611 1069 1682 peccatis
1110 1609 1329 1664 alienis:
1359 1617 1610 1677 tanquam
1643 1606 1732 1661 ille
1754 1605 1990 1667 diceret,
2022 1604 2140 1659 ﬂeri

557 1718 716 1774 posse
748 1711 804 1757 ut
832 1701 1040 1772 aliquos
1064 1700 1232 1756 malos
1257 1700 1324 1754 ab
1355 1697 1609 1754 Ecclesia:
1629 1695 2039 1767 congregatione
2065 1711 2143 1749 se-

557 1810 749 1864 parare
789 1809 895 1850 non
943 1801 1159 1864 posset,
1190 1801 1242 1848 et
1272 1792 1392 1847 ideo
1419 1792 1647 1846 tolerare
1669 1799 1987 1860 cogeretur;
2021 1799 2139 1844 tan-

559 1903 718 1958 quam
744 1886 1025 1943 consilium
1049 1885 1183 1942 dans
1205 1884 1651 1956 quemadmodum
1698 1885 1931 1954 peccatis
1955 1899 2138 1938 eorum

533 2041 536 2043 λ
561 1997 670 2037 non
700 1981 1156 2046 communicaret,
1187 1979 1256 2034 Te
1282 1980 1448 2047 ipsum
1468 2022 1482 2045 ,
1514 1979 1701 2046 inquit,
1725 1988 1916 2032 castum
1945 1977 2142 2030 custodi

563 2074 826 2145 (lTim.v,
853 2073 926 2128 2%
946 2074 986 2144 ).
1008 2073 1137 2128 Nam
1168 2073 1324 2128 malis
1355 2073 1524 2127 malus
1550 2072 1759 2127 misceri
1777 2081 1952 2142 potest
1974 2073 2013 2135 ³,
2044 2071 2139 2126 bo-

561 2182 663 2222 nus
685 2174 864 2221 autem
895 2165 1045 2220 nullo
1075 2165 1236 2220 modo
1256 2208 1270 2230 ,
1297 2165 1539 2235 quamvis
1567 2179 1686 2218 cum
1710 2165 1788 2217 eis
1808 2163 1860 2218 in
1888 2178 1986 2217 una
2009 2178 2141 2217 con-

559 2259 870 2330 gregatlone
915 2267 1174 2313 versetur.
1218 2257 1292 2312 Ita
1334 2265 1388 2310 et
1434 2256 1519 2311 hic
1563 2257 1628 2311 ad
1671 2256 1979 2312 Corinthios
2023 2272 2142 2310 cum

561 2349 804 2415 uixisset,
829 2348 942 2417 Quo
968 2348 1102 2403 enim
1129 2348 1252 2402 mihi
1279 2347 1341 2401 de
1368 2347 1448 2401 his
1473 2348 1558 2418 qui
1584 2348 1708 2417 foris
1736 2357 1852 2402 sunt
1868 2348 2144 2418 judicare?

564 2439 750 2494 Nonne
769 2440 833 2494 de
854 2439 934 2494 his
957 2439 1043 2509 qui
1066 2440 1202 2492 intus
1222 2448 1337 2492 sunt
1359 2455 1444 2492 vos
1455 2437 1745 2508 judicatis?
1771 2453 1838 2492 ne
1867 2437 2002 2493 forte
2029 2447 2144 2492 tur-

563 2532 818 2588 barentnr
837 2530 1012 2601 aliqua
1039 2529 1300 2584 malorum
1328 2529 1729 2592 numerositate,
1760 2530 1837 2584 sic
1866 2530 2144 2599 permixtis

563 2620 868 2688 frumentis,
898 2629 956 2675 ut
984 2620 1102 2676 sine
1127 2619 1342 2675 illorum
1370 2620 1648 2675 vexatione
1665 2608 1841 2690 colligi
1872 2620 2144 2689 separari-

562 2729 668 2782 qne
693 2727 798 2768 non
826 2721 1072 2783 possent;
1101 2711 1328 2783 Auferte,
1356 2712 1544 2782 inquit,
1565 2712 1758 2765 malum
1781 2729 1841 2766 ex
1861 2712 1996 2766 vobis
2021 2713 2144 2780 ipsis

565 2801 1111 2874 (Ιϐον.ν,12,15)ε
1143 2809 1203 2857 ut
1247 2803 1291 2857 si
1337 2802 1474 2857 forte
1523 2817 1628 2858 non
1678 2813 1890 2873 possent
1933 2803 2146 2860 auferre

539 2895 735 2962 malos
761 2909 792 2949 a
819 2895 1234 2966 congregatione
1261 2909 1387 2960 sua;
1418 2894 1710 2950 auferendo
1740 2894 1937 2949 mahnn
1979 2911 2043 2950 ex
2083 2910 2143 2950 se

567 2987 719 3056 ipsis,
749 2987 799 3042 id
826 2995 928 3055 est,
963 3001 1069 3042 non
1096 3001 1216 3042 cum
1247 2987 1325 3043 eis
1353 2987 1655 3058 peccando,
1689 3001 1788 3043 nec
1813 2987 1892 3042 eis
1917 2987 1982 3042 ad
2014 3001 2143 3058 pec-

564 3079 792 3135 candum
822 3079 1206 3136 eonsentiendo
1233 3087 1326 3134 aut
1352 3077 1612 3145 favendo,
1641 3079 1972 3149 integerrimi
2005 3079 2144 3135 inter

565 3187 661 3229 eos
687 3179 741 3226 et
768 3171 1208 3242 iucorruptissimi
1237 3178 1596 3228 versarentur.
1633 3171 1766 3238 Quia
1808 3185 1908 3241 per
1947 3171 2144 3226 malum

566 3280 722 3319 suum
755 3266 906 3320 malis
929 3267 1154 3336 quisque
1178 3266 1461 3320 consentit.
1485 3263 1543 3320 Si
1567 3273 1743 3320 autem
1765 3279 1794 3319 a
1823 3279 1883 3320 se
1911 3265 2028 3336 ipso
2051 3280 2144 3319 au-

562 3356 703 3411 ferat
749 3357 946 3412 malum
970 3397 985 3422 ,
1011 3357 1187 3413 alieno
1211 3357 1356 3413 malo
1384 3372 1489 3413 non
1523 3365 1609 3413 est
1644 3357 1786 3414 unde
1821 3358 2143 3414 consentiat.

564 3449 899 3520 Quapropter
918 3449 1158 3520 quisquis
1175 3451 1335 3506 etiam
1374 3451 1756 3521 contempserit
1777 3450 2032 3506 Ecclesiae
2051 3451 2143 3506 Dei

567 3539 923 3610 disciplinam,
955 3549 1012 3596 ut
1035 3542 1205 3598 malos
1232 3557 1353 3597 cum
1379 3542 1571 3614 quibus
1595 3556 1703 3598 non
1733 3552 1918 3614 peccat
1947 3551 2000 3598 et
2025 3543 2145 3614 qui-

566 3631 668 3687 bus
696 3648 802 3690 non
833 3633 1010 3700 favet,
1039 3634 1263 3690 desistat
1287 3649 1508 3690 monere
1526 3677 1540 3702 ,
1568 3637 1871 3705 corrigere,
1901 3651 2144 3705 arguere,

566 3734 621 3779 et
646 3724 690 3779 si
723 3723 880 3780 talem
910 3726 1046 3796 gerit
1072 3740 1353 3796 personam
1376 3765 1392 3792 ,
1422 3733 1478 3781 et
1506 3741 1604 3795 pax
1645 3726 1898 3781 Ecclesia:
1921 3727 2140 3797 patitur,

567 3817 727 3871 etiam
748 3831 778 3870 a
799 3815 1262 3872 Sacramentorum
1285 3816 1688 3888 participatione
1707 3821 2019 3890 separare”;
2042 3835 2146 3874 non

563 3907 742 3962 alieno
767 3908 909 3963 malo
935 3918 1151 3978 peccat,
1175 3905 1274 3964 sed
1302 3924 1418 3964 suo.
1455 3907 1569 3980 Ipsa
1599 3909 1794 3980 quippe
1824 3911 1876 3964 in
1917 3918 2059 3964 tanta
2089 3925 2147 3964 re

565 3999 884 4069 negligentia
905 4014 1066 4070 grave
1088 4001 1282 4056 malum
1304 4007 1422 4056 est:
1452 4010 1506 4057 et
1533 4001 1672 4068 ideo,
1699 4001 1836 4058 sicut
1859 4003 2147 4073 Apostolus

566 4099 772 4156 monet,
795 4092 839 4145 si
860 4092 1065 4148 auferat
1091 4093 1287 4147 malum
1308 4108 1338 4147 a
1365 4107 1425 4148 se
1455 4090 1591 4164 ipso,
1613 4110 1716 4149 non
1745 4096 1914 4150 solum
1941 4096 2147 4152 auferet

569 4181 843 4236 audaciam
863 4181 1247 4249 committendi,
1263 4191 1354 4237 aut
1377 4184 1732 4252 pestilentiam
1748 4186 2144 4252 consentiendi;

571 4271 665 4327 sed
692 4272 851 4326 etiam
878 4271 1142 4343 pigritiam
1169 4273 1504 4344 corrigendi,
1531 4283 1584 4329 et
1625 4275 1998 4346 negligentiam
2028 4277 2148 4330 vin-

571 4363 801 4426 dicandi,
828 4363 1064 4420 adhibita
1097 4364 1375 4434 prudentia
1397 4373 1452 4420 et
1475 4364 1776 4420 obedientia
1804 4365 1856 4420 in
1878 4381 1942 4421 eo
1966 4367 2106 4436 quod
2124 4367 2146 4399 ³

569 4455 809 4526 praecipit
834 4454 1106 4520 Dominus,
1135 4469 1203 4511 ne
1230 4453 1492 4511 frumenta
1521 4455 1783 4512 laedantur
1804 4456 2144 4528 (Matth.x1n,

567 4545 696 4614 9.9).
727 4545 804 4600 Ea
832 4545 1028 4617 quippe
1057 4546 1351 4602 intentione
1375 4547 1614 4618 quisquis
1641 4547 1782 4603 inter
1807 4548 2038 4604 triticum
2067 4551 2146 4604 zi-

565 4637 720 4691 zauia
745 4636 1068 4702 toleraverit,
1093 4637 1380 4693 auferendo
1401 4653 1430 4692 a
1460 4653 1519 4693 se
1546 4637 1662 4708 ipso
1691 4639 1910 4706 malum,
1938 4655 2044 4694 non
2071 4641 2150 4696 eis

569 4729 927 4784 communicat
954 4746 968 4784 :
996 4738 1049 4784 et
1075 4745 1136 4784 ea
1176 4729 1454 4800 distinguit
1493 4743 1556 4784 ac
1591 4727 1795 4799 jndicat
1836 4730 2046 4786 interim
2082 4733 2148 4786 ad

569 4819 742 4886 diem;
778 4835 886 4876 non
911 4821 1051 4876 enim
1084 4821 1230 4877 novit
1259 4820 1382 4891 quid
1413 4836 1535 4876 cras
1567 4822 1797 4876 futurum
1825 4823 1893 4877 sit
1915 4841 1926 4876 :
1948 4833 2001 4879 et
2027 4822 2148 4878 ideo

570 4911 856 4967 dilectione
898 4921 1141 4977 servata,
1173 4928 1278 4968 nou
1317 4913 1434 4968 sine
1472 4927 1567 4982 spe
1595 4916 1940 4969 correctionis
1973 4915 2147 4969 vindi-

566 5005 794 5060 candum
816 5012 918 5071 est,
941 5003 1196 5076 quidquid
1216 5004 1375 5060 etiam
1397 5005 1539 5075 cogit
1566 5006 1865 5064 neCessaria
1892 5007 2147 5061 severitas

560 5174 742 5225 quippe
778 5159 843 5210 de
880 5161 940 5212 iis
972 5159 1396 5225 sa'ipttutelocis,
1437 5161 1614 5225 quibus
1653 5159 1888 5211 acriorem
1929 5164 2151 5225 vitiorum

564 5223 918 5285 correptionem
942 5223 1336 5285 praecipientibus
1349 5223 1673 5274 abutebantur
1691 5226 1946 5274 Donatista:
1965 5224 2026 5273 ad
2044 5240 2154 5276 sua-

563 5283 771 5334 dendam
793 5283 1150 5346 separationem
1171 5296 1199 5333 a
1222 5283 1375 5346 malis.

563 5349 651 5457 m;
671 5344 866 5397 omnes
888 5354 1012 5398 Mss:
1039 5353 1131 5396 Nec
1175 5344 1300 5396 enim
1340 5345 1479 5398 malis
1514 5345 1609 5400 nisi
1645 5347 1800 5399 malus
1831 5345 2024 5399 misceri
2065 5361 2151 5412 po-

627 5490 648 5521 ί
667 5488 747 5555 _sic_
763 5494 869 5539 Mss.
884 5489 1002 5555 editi
1024 5501 1160 5550 vero,
1176 5489 1220 5555 si
1238 5489 1380 5541 etiam
1402 5488 1543 5540 talem
1562 5491 1684 5554 gerit
1705 5503 1972 5555 personam,
1991 5496 2037 5540 et
2054 5503 2154 5555 pax

563 5547 792 5617 Ecclesiae
827 5550 1025 5617 patitur,
1049 5557 1100 5601 ut
1131 5547 1275 5602 etiam
1308 5565 1340 5602 α
1361 5547 1774 5617 sacramentorum
1794 5547 2153 5617 participatione

561 5612 840 5726 :qumpiam
882 5612 1026 5675 possit
1063 5627 1307 5677 separare,
1344 5626 1437 5663 non
1475 5613 1631 5666 alieno
1671 5612 1804 5671 maid
1835 5612 2022 5676 peccat,
2065 5617 2152 5668 sed

633 5757 653 5789 ³
675 5762 804 5817 tam,
830 5768 884 5808 eo
905 5756 1033 5819 quod
1053 5771 1069 5819 ;
1086 5759 1261 5809 omissa
1285 5758 1530 5822 particula,
1557 5758 1624 5812 in.

630 5861 703 5924 (α)
729 5868 760 5911 ll
785 5869 1009 5924 πρυ-εισι,
1031 5876 1134 5926 cap.
1167 5864 1238 5912 l7.

2247 496 2502 553 vindicari
2528 500 2569 555 ⁸.
2595 499 2746 569 Quod
2772 511 2829 558 ut
2855 504 2983 558 satis
3003 513 3273 574 appareat,
3301 514 3466 562 totum
3496 509 3666 580 ipsum
3697 512 3816 583 Epi-

2243 591 2396 647 stolas
2419 595 2722 662 apostolica
2751 595 2928 650 locum
2955 597 3260 668 diligentius
3291 608 3597 658 tractemus.

2311 683 2365 736 3.
2399 683 2536 752 Quid
2560 685 2738 752 vultis,
2780 687 2986 758 inquit?
3017 687 3082 743 In
3116 691 3254 760 virga
3283 693 3477 746 veniam
3508 693 3576 746 ad
3599 710 3717 760 vos,
3749 713 3816 750 an

2242 779 2295 832 in
2321 778 2563 832 charitate
2587 787 2633 831 et
2659 777 2840 848 spiritu
2863 781 3306 835 mansuetudinis?
3331 781 3448 837 Jam
3480 783 3566 838 hic
3596 797 3815 855 apparet

2242 885 2364 926 eum
2393 869 2535 940 loqui
2573 869 2640 924 de
2671 869 2898 925 vindicta
2921 911 2936 934 ,
2963 870 3028 925 ad
3057 872 3208 942 cujus
3245 873 3683 944 significationem
3715 879 3822 932 vir-

2242 975 2363 1032 gam
2391 961 2700 1014 nominavit.
2734 959 2994 1028 Numquid
3025 971 3200 1017 tamen
3231 972 3285 1018 et
3323 964 3464 1036 virga
3492 966 3608 1021 sine
3644 966 3821 1022 chari-

2245 1064 2354 1110 tate
2373 1063 2474 1120 est,
2498 1055 2618 1124 quia
2645 1055 2716 1108 ita
2742 1054 3034 1120 contexuit,
3066 1053 3134 1109 In
3154 1057 3294 1126 virga
3320 1059 3514 1111 veniam
3534 1060 3600 1111 ad
3621 1075 3726 1123 vos,
3757 1078 3824 1116 an

2243 1149 2296 1202 in
2321 1149 2600 1203 charitate?
2622 1146 2725 1203 Sed
2752 1147 2890 1218 quod
2909 1150 3165 1218 sequitur,
3187 1151 3367 1219 spiritu
3385 1155 3782 1208 mansuetudinis
3804 1196 3820 1219 ,

2244 1240 2494 1296 admonet
2513 1239 2752 1310 intelligi,
2781 1241 2904 1310 quia
2931 1249 2988 1295 et
3014 1241 3158 1312 virga
3183 1241 3492 1298 cliaritatem
3518 1244 3697 1300 habet.
3717 1244 3826 1301 Sed

2244 1333 2383 1390 aliud
2413 1343 2494 1389 est
2521 1332 2752 1388 cliaritas
2777 1333 3072 1388 severitatis
3095 1377 3109 1399 ,
3132 1335 3274 1391 aliud
3303 1335 3532 1392 charitas
3573 1353 3826 1394 mansueo

2244 1427 2463 1483 tudinis.
2510 1427 2621 1483 Una
2646 1427 2859 1497 quidem
2888 1427 3116 1483 charitas
3145 1437 3228 1484 est
3248 1471 3263 1496 ,
3295 1429 3387 1484 sed
3415 1430 3622 1485 diversa
3654 1431 3706 1484 in
3747 1431 3830 1486 di«

2243 1518 2413 1574 versis
2450 1527 2718 1589 operatur.
2775 1517 3025 1584 Omnino,
3072 1520 3261 1590 inquit,
3316 1521 3524 1575 auditur
3566 1523 3697 1576 inter
3740 1539 3829 1577 vos

2245 1611 2532 1681 fornicatio,
2565 1621 2611 1664 ct
2633 1611 2747 1664 talis
2774 1611 3064 1683 fornicatio,
3092 1611 3256 1681 qualis
3284 1629 3372 1665 nec
3398 1612 3449 1665 in
3472 1611 3730 1674 Gentibus,
3756 1615 3830 1667 ita

2243 1709 2301 1756 ut
2319 1719 2524 1756 uxorem
2553 1702 2710 1772 patris
2754 1702 2831 1755 sui
2861 1702 2971 1772 quis
3009 1702 3205 1756 habeat.
3254 1703 3327 1759 De
3356 1712 3460 1758 tam
3508 1703 3724 1759 immani
3752 1703 3833 1757 fa-

2245 1801 2333 1848 cto
2371 1792 2642 1848 videamus
2687 1792 3131 1862 quemadmodum
3168 1809 3261 1848 eos
3300 1793 3486 1849 smvire
3529 1796 3828 1866 prmeipiat.

2247 1882 2315 1938 Et
2344 1900 2449 1952 vos,
2479 1883 2668 1954 inqttit,
2691 1883 2858 1953 inﬂati
2875 1884 3016 1948 estis,
3043 1893 3090 1938 et
3126 1900 3225 1937 non
3251 1885 3417 1954 potius
3438 1886 3626 1939 luctum
3650 1885 3833 1940 habui-

2246 1977 2356 2042 stis,
2398 1986 2450 2028 ut
2485 1976 2743 2030 tolleretur
2767 1975 2830 2029 de
2858 1974 3021 2028 medio
3050 1985 3265 2029 vestrum
3297 1977 3383 2046 qui
3417 1977 3512 2030 hoc
3537 1994 3664 2047 Opus
3689 1978 3830 2048 fecit.

2246 2071 2420 2138 Quare
2450 2070 2634 2124 luctum
2663 2068 2848 2137 potius,
2871 2079 2924 2122 et
2950 2083 3055 2122 non
3093 2068 3223 2122 iram
3247 2111 3260 2132 ,
3291 2069 3390 2123 nisi
3417 2069 3536 2140 quia
3564 2071 3606 2124 si
3634 2071 3834 2140 patitur

2249 2178 2409 2217 unum
2488 2161 2827 2226 membrum,
2882 2160 3275 2230 compatiuntur
3346 2162 3521 2216 omnia
3589 2163 3832 2219 membra

2252 2253 2303 2325 (l
2334 2252 2451 2308 Cor.
2483 2269 2579 2319 xu,
2609 2252 2751 2324 26)?
2773 2261 2826 2308 et
2859 2269 2964 2306 non
2992 2252 3213 2319 luctum,
3247 2255 3368 2324 quia
3399 2255 3708 2322 tollebatur;
3732 2257 3833 2312 sed

2248 2345 2456 2406 luctum,
2491 2344 2677 2414 inquit,
2707 2351 2760 2396 ut
2784 2344 3040 2397 tolleretur
3064 2361 3085 2398 .’
3113 2343 3164 2398 id
3195 2355 3294 2410 est,
3327 2354 3382 2398 ιιι
3411 2346 3702 2416 lugentium
3725 2347 3833 2403 do-

2247 2435 2330 2490 lor
2356 2435 2421 2489 ad
2450 2435 2614 2490 Deum
2641 2433 2972 2495 ascenderet,
3001 2444 3054 2490 et
3095 2435 3209 2504 ipse
3238 2435 3447 2491 tolleret
3480 2436 3582 2492 hoc
3603 2451 3735 2508 opus
3759 2437 3836 2494 de

2248 2529 2424 2583 medio
2447 2543 2652 2588 eorum,
2676 2529 2813 2582 sicut
2833 2527 2948 2598 ipse
2968 2527 3146 2594 sciret,
3173 2543 3238 2582 ne
3264 2526 3402 2584 forte
3427 2530 3496 2584 illi
3529 2544 3623 2600 per
3644 2533 3835 2584 huma-

2249 2634 2370 2674 nam
2413 2618 2728 2689 imperitiam
2767 2617 3101 2673 eradicarent
3137 2627 3193 2672 et
3235 2619 3485 2674 triticum.
3529 2620 3660 2675 Cum
3699 2635 3837 2691 ergo

2248 2710 2314 2764 ad
2344 2709 2501 2764 talem
2527 2708 2814 2763 vindictam
2846 2709 3136 2764 necessitas
3167 2709 3326 2779 cogit,
3351 2709 3618 2764 humilitas
3647 2710 3838 2782 lugen-

2249 2802 2378 2856 tium
2424 2800 2581 2856 debet
2624 2800 2910 2870 impetrare
2948 2799 3362 2854 misericordiam
3387 2842 3401 2866 ,
3433 2816 3589 2871 quam
3618 2801 3839 2872 repellit

2248 2893 2494 2964 superbia
2533 2893 2865 2949 saevientium
2893 2893 2914 2924 '
2948 2909 2962 2946 :
2990 2907 3090 2947 nec
3119 2893 3258 2949 illius
3301 2892 3466 2962 ipsius
3504 2894 3592 2963 qui
3621 2893 3690 2949 de
3719 2909 3838 2949 me-

2249 2983 2339 3040 dio
2367 2984 2583 3039 fratrum
2615 2983 2819 3038 tollitur
2845 2982 3005 3038 debet
3032 2983 3221 3053 negligi
3249 2983 3422 3049 salus;
3446 2982 3540 3038 sed
3568 2986 3637 3038 ita
3665 3000 3841 3056 agen-

2249 3073 2374 3130 dum
2412 3084 2511 3140 est,
2575 3082 2632 3128 ut
2674 3075 2722 3128 ei
2775 3074 2895 3128 talis
2921 3073 3150 3129 vindicta
3181 3075 3249 3128 sit
3268 3075 3445 3141 utilis;
3489 3085 3544 3131 et
3567 3077 3838 3147 agendum

2250 3177 2373 3225 voto
2411 3177 2467 3224 et
2495 3168 2739 3238 precibus
2758 3211 2772 3235 ,
2803 3168 2845 3222 si
2872 3169 3064 3239 corrigi
3107 3168 3566 3239 objurgationibus
3591 3187 3698 3226 non
3729 3187 3838 3241 po-

2252 3270 2374 3316 test.
2428 3260 2657 3330 Ideoque
2707 3261 2947 3332 scquitur
2981 3270 3036 3316 et
3065 3261 3194 3316 dicit
3237 3279 3247 3314 :
3283 3261 3391 3333 Ego
3426 3262 3624 3333 quidem
3653 3265 3840 3320 absens

2250 3371 2496 3426 corpore,
2542 3370 2761 3425 prasens
2799 3361 2962 3408 autem
3001 3354 3201 3424 spiritu,
3244 3354 3358 3425 jam
3393 3356 3621 3427 judicavi
3687 3359 3842 3426 quasi

2251 3462 2470 3519 prtesens
2511 3462 2626 3500 eum
2673 3445 2760 3515 qui
2786 3445 2857 3499 sic
2884 3453 3122 3516 operatus
3160 3454 3252 3511 est,
3286 3445 3336 3498 in
3386 3447 3585 3500 nomine
3625 3445 3841 3504 Domini

2250 3538 2408 3592 nostri
2431 3536 2464 3592 J
2471 3553 2556 3591 esu
2581 3536 2767 3591 Christi
2783 3536 3098 3607 congregatis
3118 3535 3250 3589 vobis
3273 3547 3318 3589 et
3345 3553 3455 3590 meo
3479 3538 3680 3609 spiritu,
3709 3557 3834 3594 cum

2249 3632 2432 3686 virtute
2464 3629 2671 3685 Domini
2700 3631 2856 3685 nostri
2896 3629 3021 3684 Jesu
3059 3629 3270 3695 Christi,
3301 3631 3499 3686 tradere
3541 3632 3841 3703 hujusmodi

2250 3733 2443 3779 satana:
2460 3725 2512 3777 in
2533 3723 2789 3777 interitum
2825 3724 3023 3787 carnis,
3053 3733 3109 3777 ut
3133 3725 3339 3793 spiritus
3380 3724 3546 3779 salvus
3570 3726 3632 3779 sit
3660 3727 3711 3779 in
3751 3728 3840 3781 die

2253 3815 2458 3870 Domini
2504 3815 2622 3885 (Id.
2657 3831 2728 3877 tv,
2755 3813 2924 3881 '21-v,
2954 3817 3047 3888 5).
3091 3816 3226 3883 Quid
3279 3832 3407 3887 ergo
3450 3817 3635 3888 agebat
3684 3822 3838 3886 Apo-

2251 3905 2450 3973 stolus,
2482 3905 2584 3960 nisi
2630 3916 2686 3960 ut
2729 3921 2822 3976 per
2863 3907 3132 3961 interitum
3168 3909 3346 3963 carnis
3388 3909 3541 3964 saluti
3568 3911 3840 3980 spiritnali

2249 3998 2592 4064 consuleret,
2620 4007 2675 4052 ut
2706 4000 2818 4053 sive
2845 3997 3018 4068 aliqua
3053 4014 3208 4068 pmna
3241 3999 3316 4054 vel
3347 4009 3515 4055 morte
3543 4005 3837 4071 corporali,

2252 4093 2389 4148 sicut
2418 4092 2650 4147 Ananias
2678 4102 2732 4146 et
2759 4107 2894 4146 uxor
2919 4091 3036 4161 ejus
3061 4101 3185 4146 ante
3223 4091 3384 4161 pedes
3414 4093 3639 4163 apostoli
3689 4095 3838 4150 l’ctri

2252 4183 2562 4239 ceciderunt
2591 4181 2611 4252 (
2634 4183 2747 4236 Act.
2780 4199 2810 4235 ν
2835 4223 2852 4248 ,
2880 4182 2933 4247 5,
2976 4180 3110 4254 10);
3163 4184 3280 4237 sive
3318 4199 3413 4251 per
3441 4185 3838 4253 pmnitentiam,

2253 4276 2500 4346 quoniam
2531 4284 2728 4328 satana:
2753 4275 2973 4329 traditus
3000 4285 3153 4343 erat,
3187 4277 3515 4334 interimeret
3543 4279 3594 4333 in
3627 4293 3685 4334 se
3715 4297 3842 4336 scc-

2254 4368 2472 4423 leratam
2497 4369 2670 4422 carnis
2687 4369 3354 4437 concupiscentiam?Quia
3386 4371 3498 4440 ipse
3529 4370 3656 4426 item
3683 4372 3840 4440 dicit,

2256 4459 2562 4530 Mortiﬁcate
2591 4461 2810 4514 membra
2836 4470 2998 4514 vestra
3022 4478 3134 4530 qute
3172 4473 3288 4516 sunt
3311 4481 3463 4532 super
3492 4474 3678 4518 terram
3707 4483 3725 4521 :
3754 4467 3842 4520 in-

2257 4561 2338 4606 ter
2373 4567 2491 4620 quae
2525 4558 2579 4606 et
2601 4591 2616 4616 ,
2647 4550 3030 4619 fornicationem
3059 4563 3444 4608 commemorat
3477 4553 3714 4625 (Coloss.
3759 4575 3842 4626 ttt,

2255 4643 2343 4715 5).
2379 4644 2443 4698 Et
2469 4643 2658 4698 iterum
2695 4660 2708 4699 :
2748 4641 2808 4699 Si
2851 4645 2983 4698 enim
3031 4646 3300 4698 secundum
3347 4663 3547 4702 carnem
3593 4649 3842 4714 vixeritis,

2255 4735 2573 4799 moriemini;
2599 4736 2643 4788 si
2665 4744 2831 4790 autem
2868 4737 3048 4807 spiritu
3093 4741 3228 4808 facta
3262 4739 3429 4793 carnis
3457 4741 3846 4810 mortificaveri-

2256 4827 2340 4891 tis,
2362 4826 2530 4882 vivetis
2557 4824 2575 4899 (
2600 4824 2750 4880 Rom.
2786 4843 2898 4895 vut,
2930 4826 3056 4900 15).
3099 4828 3213 4882 Non
3241 4838 3416 4883 tamen
3443 4829 3510 4884 ab
3535 4847 3600 4886 eo
3644 4830 3845 4888 frater-

2257 4932 2376 4971 nam
2411 4926 2621 4987 separat
2642 4918 2977 4982 charitatem,
3003 4935 3156 4986 quem
3189 4919 3253 4974 de
3279 4918 3512 4975 fraterna
3543 4936 3844 4994 congrega-

2257 5009 2400 5062 tione
2429 5006 2450 5038 ³
2483 5007 2989 5078 prrocipitseparari.
3011 5008 3120 5062 lloc
3146 5011 3286 5065 enim
3309 5013 3543 5081 apertius
3570 5015 3635 5069 ad
3665 5015 3848 5073 Thcs-

2256 5098 2615 5153 salonieenses
2648 5097 2775 5152 dicit
2812 5115 2826 5151 :
2865 5099 2926 5152 Si
2953 5099 3062 5169 quis
3101 5112 3268 5156 autem
3310 5118 3410 5156 non
3457 5105 3662 5159 obaudit
3693 5109 3850 5164 verbo

2258 5199 2430 5243 nostro
2453 5205 2542 5258 per
2566 5188 2862 5258 epistolam,
2892 5188 3024 5244 hunc
3069 5201 3236 5247 notate
3263 5234 3278 5259 ,
3311 5203 3358 5248 et
3386 5211 3487 5249 non
3515 5198 3848 5252 commiscea-

2258 5281 2380 5336 mins'
2405 5297 2520 5336 cum
2543 5281 2654 5349 illo,
2695 5290 2750 5335 ut
2787 5283 3085 5339 erubescat:
3111 5292 3159 5339 et
3198 5302 3299 5341 non
3337 5296 3392 5341 ut
3431 5287 3686 5342 inimicum
3730 5307 3850 5346 eum

2293 5497 2307 5509 .
2323 5437 2340 5469 ι
2366 5443 2432 5487 tta
2581 5443 2636 5487 At
2660 5437 2803 5509 editi,
2817 5437 3056 5503 quidquid
3071 5439 3252 5505 corrigi
3271 5441 3342 5494 vel
3363 5442 3602 5495 vindicari
3623 5458 3850 5498 necessa-

2257 5499 2336 5549 ria
2356 5499 2578 5549 severitas
2600 5499 2819 5560 postulat.

2323 5563 2342 5592 ²
2368 5569 2484 5619 Vox,
2507 5560 2816 5618 sectantium,
2835 5565 3107 5614 restituitur
3148 5577 3211 5614 ex
3253 5565 3497 5617 codicibus
3517 5567 3768 5619 Vaticanis.
3797 5577 3851 5621 tn

2259 5621 2366 5674 aliis
2380 5623 2664 5689 quibusdam
2687 5631 2791 5689 uss.
2820 5626 3015 5686 legitur,
3035 5627 3309 5689 superbiam
3331 5627 3534 5679 animus.
3560 5631 3677 5678 Vide
3706 5631 3851 5689 infra.

2260 5698 2365 5746 cap.
2511 5698 2559 5733 n.
2595 5685 2672 5755 5,,
2715 5687 2797 5755 ubi
2858 5684 3047 5736 rursum
3090 5684 3331 5740 humilitas
3375 5689 3637 5756 lugentium
3680 5684 3850 5744 contra

2261 5747 2536 5808 superbiam
2557 5747 2865 5797 stridentium.

2329 5810 2348 5840 ³
2370 5817 2468 5856 Am.
2495 5814 2565 5856 Er.
2588 5817 2637 5856 et
2660 5816 2783 5877 Mss...
2811 5823 3066 5870 supernam
3088 5819 3278 5878 separat
3299 5812 3596 5875 charitatem,
3623 5827 3758 5880 quem
3783 5819 3850 5873 ds

2265 5882 2467 5932 superna
2491 5882 2623 5934 δοται*
2636 5880 2862 5932 ι’(ιίιιιοηρ.
