4054 6474
260 410 323 465 ss
1556 415 1561 421 ι
1647 396 1849 454 Lini-Lit
1888 395 2201 453 Tenruts.
3471 415 3536 470 εδ

257 523 535 589 aestimetis,
579 523 668 578 sed
702 522 935 594 corripite
963 530 1016 577 ut
1068 526 1295 594 fratrem.
1331 519 1559 575 Audiam
1611 517 1695 573 isti
1741 514 1842 569 ali-

258 614 492 687 quando,
527 622 585 670 et
608 615 903 688 intelligant
942 612 1388 686 quemadmodum
1436 620 1639 683 satagat
1664 610 1845 666 chari-

259 720 335 763 tas
361 708 677 777 apostolica,
710 716 767 762 ut
797 706 1112 762 sufferentes
1138 706 1364 761 invicem
1393 704 1702 760 studeamus
1718 717 1847 757 con-

260 813 472 854 servare
498 800 755 854 unitatem
787 798 1003 869 spiritus
1029 797 1081 853 in
1102 797 1313 852 vinculo
1337 795 1484 867 pacis
1512 794 1739 867 (Ephes.
1770 809 1839 860 tv,

258 892 309 958 2,
334 892 368 946 5
390 892 433 960 ).
462 890 597 946 Nam
639 900 693 947 et
730 890 815 946 hic
842 906 961 945 cum
989 890 1245 957 dixisset,
1276 887 1342 942 Et
1372 905 1471 943 non
1509 896 1560 941 ut
1587 886 1844 941 inimicum

259 1001 365 1039 eum
392 985 670 1049 testimetis,
692 984 780 1040 sed
799 984 1032 1053 corripite
1049 993 1099 1037 ut
1130 986 1370 1055 fratrem;
1392 992 1639 1052 tauquam
1662 990 1841 1035 osten-

257 1078 385 1133 dens
411 1093 512 1133 cur
545 1078 647 1133 hoc
673 1079 888 1145 dixerit,
925 1078 1174 1133 continuo
1200 1077 1491 1147 subjunxit,
1522 1073 1639 1145 Ipse
1676 1083 1841 1128 autem

255 1168 393 1223 Deus
441 1171 584 1239 pacis
633 1172 717 1225 det
752 1171 887 1227 vobis
931 1187 1104 1242 pacem
1164 1187 1357 1239 semper
1415 1170 1466 1223 in
1529 1168 1664 1223 omni
1712 1166 1841 1222 bono

257 1259 318 1331 (Il
346 1258 527 1315 Thess.
572 1276 650 1323 ιιι.
696 1261 863 1317 14-16
884 1259 925 1332 ).
968 1261 1040 1317 lta
1070 1271 1122 1316 et
1151 1260 1216 1317 de
1248 1261 1348 1316 isto
1377 1260 1465 1330 qui
1495 1275 1712 1315 uxorem
1744 1274 1841 1330 pa-

251 1350 344 1404 tris
382 1351 467 1403 sui
504 1350 709 1417 habuit,
757 1351 956 1407 luctum
1006 1352 1178 1421 potius
1224 1350 1428 1417 indicit,
1473 1358 1527 1405 et
1566 1350 1836 1420 pacificam

253 1442 564 1497 charitatem
598 1443 791 1515 ubique
816 1442 1155 1499 commendat
1184 1458 1196 1496 :
1227 1444 1433 1498 sicutet
1454 1442 1520 1497 de
1539 1443 1715 1512 seipso
1742 1442 1835 1506 ait,

255 1532 333 1587 Ne
348 1535 530 1587 iterunt
553 1551 667 1588 cum
696 1551 872 1589 venero
902 1535 968 1588 ad
994 1552 1079 1589 vos
1097 1576 1111 1600 ,
1140 1534 1365 1588 humiliet
1390 1549 1469 1587 me
1504 1531 1662 1599 Deus,
1687 1542 1732 1586 et
1758 1532 1837 1586 lu-

252 1641 389 1696 geant
414 1626 602 1679 multos
624 1641 686 1679 ea:
709 1626 786 1679 his
818 1627 903 1696 qui
928 1635 1043 1679 ante
1070 1634 1399 1695 peccaverunt
1434 1635 1479 1678 et
1507 1641 1603 1678 non
1630 1636 1836 1695 egerunt

253 1716 597 1785 penitentiam
623 1733 774 1787 super
810 1718 1131 1771 immunditia
1153 1758 1168 1784 ,
1197 1727 1242 1771 et
1274 1715 1505 1782 luxuria,
1536 1727 1582 1771 et
1613 1719 1835 1787 fornica-

214 1830 219 1834 ·
252 1808 377 1862 tione
399 1825 556 1879 quam
580 1819 859 1879 gesserunt.
893 1809 960 1864 Et
1004 1809 1159 1879 paulo
1185 1818 1305 1878 post
1330 1809 1404 1863 ait
1446 1826 1458 1863 :
1494 1808 1722 1863 Pra'dixi
1744 1850 1758 1875 ,
1788 1821 1834 1863 et

249 1900 467 1968 prtedico
492 1900 625 1953 sicut
650 1916 871 1970 premens
897 1900 1137 1967 secundo,
1169 1909 1215 1953 et
1244 1916 1376 1954 nunc
1398 1899 1575 1955 absens
1598 1942 1612 1967 ,
1646 1900 1721 1953 his
1746 1902 1832 1970 qui

247 1998 355 2044 ante
390 2000 765 2060 peccaverunt,
811 2000 859 2045 et
887 1992 1077 2045 cteteris
1116 1992 1365 2057 omnibus,
1411 1992 1529 2062 quia
1570 1993 1613 2045 si
1654 2008 1831 2047 venero

246 2081 443 2149 iterum,
474 2098 576 2135 non
624 2099 827 2153 parcant
855 2082 873 2155 (
897 2082 936 2137 ll
968 2082 1086 2137 Cor.
1115 2099 1210 2148 xu,
1234 2084 1334 2150 21,
1363 2092 1417 2138 ct
1441 2099 1553 2151 xm,
1574 2082 1609 2136 2
1635 2084 1673 2153 ).
1705 2084 1829 2139 ldeo

245 2174 470 2245 lugendo
492 2176 765 2245 judicabat
793 2177 845 2243 ',
879 2186 933 2231 ut
965 2176 1054 2229 Dei
1089 2176 1451 2231 misericordia
1488 2177 1603 2231 sine
1645 2192 1828 2231 corru-

244 2267 418 2336 ptione
448 2268 644 2323 vinculi
672 2268 836 2339 pacis,
862 2268 947 2322 ubi
969 2268 1112 2322 salus
1150 2276 1255 2322 tota
1282 2268 1553 2333 consistit,
1584 2276 1828 2323 contere-

243 2366 317 2413 ret
342 2367 626 2428 peccantes
659 2368 815 2429 atque
841 2359 1127 2428 corrigeret
1152 2376 1164 2425 ;
1198 2360 1334 2414 sicut
1363 2358 1430 2413 de
1461 2359 1563 2413 isto
1593 2359 1707 2430 ipso
1735 2358 1823 2428 qui

242 2466 355 2505 cum
384 2451 554 2519 patris
584 2465 752 2505 uxore
790 2450 959 2505 fuerat
987 2450 1274 2506 fornicatus
1297 2493 1310 2517 ,
1340 2449 1529 2506 fecisse
1570 2450 1815 2521 intelligi-

241 2552 341 2599 tur.
369 2544 502 2599 Nam
533 2560 637 2597 non
670 2542 931 2599 invenitur
958 2542 1025 2597 de
1075 2558 1179 2612 quo
1216 2542 1322 2597 alio
1364 2541 1619 2612 significet
1654 2543 1704 2596 in
1738 2557 1825 2597 sc-

241 2637 403 2693 cunda
432 2635 675 2706 Epistola
701 2634 767 2689 ad
795 2635 1010 2690 eosdem
1034 2632 1359 2701 Corinthios,
1390 2649 1511 2688 cum
1538 2633 1611 2689 ait
1641 2652 1651 2686 :
1686 2637 1822 2687 Nam

240 2748 296 2785 at
320 2731 480 2785 multa
505 2728 827 2783 tribulatione
852 2737 897 2781 et
921 2728 1155 2799 angustia
1181 2728 1348 2781 cordis
1372 2727 1554 2797 scripsi
1574 2726 1709 2780 vobis
1734 2743 1823 2796 per

239 2826 417 2877 multas
455 2824 741 2893 lacrymas,
786 2838 886 2874 non
930 2829 985 2873 ut
1030 2819 1389 2874 contristemini
1409 2859 1425 2885 ,
1456 2819 1543 2873 sed
1572 2830 1626 2871 ut
1652 2819 1823 2873 sciatis

239 2915 548 2969 dilectionem
592 2931 743 2984 quam
786 2912 943 2968 habeo
984 2913 1325 2967 abundantius
1375 2912 1427 2966 in
1475 2929 1577 2967 vos.
1610 2914 1670 2967 Si
1712 2914 1822 2982 quis

238 3022 395 3063 autem
428 3008 763 3073 contristavit,
798 3024 898 3061 non
918 3023 995 3060 me
1015 3007 1321 3060 contristavit
1348 3048 1363 3073 ,
1391 3006 1479 3059 sed
1498 3023 1559 3061 ea:
1586 3017 1745 3076 parte,
1768 3015 1821 3058 ut

236 3118 329 3154 non
349 3118 555 3154 onerem
586 3115 755 3153 omnes
774 3115 877 3153 vos.
909 3098 1105 3168 Sufficit
1135 3098 1179 3151 ei
1204 3098 1452 3167 correptio
1482 3097 1588 3151 htec
1613 3113 1724 3166 qua:
1763 3097 1822 3165 [it

236 3209 265 3244 a
290 3193 482 3258 multis,
513 3192 584 3245 ita
611 3200 665 3244 ut
691 3207 718 3245 e
741 3191 994 3245 contrario
1023 3205 1106 3244 vos
1133 3189 1325 3245 donetis
1351 3232 1368 3258 ,
1397 3200 1444 3244 et
1469 3189 1816 3256 consolemini,

237 3302 293 3338 ne
313 3284 520 3356 quando
551 3284 736 3356 majori
760 3283 967 3338 tristitia
992 3283 1313 3337 absorbeatur
1335 3284 1421 3354 qui
1447 3283 1695 3355 ejusmodi
1723 3293 1814 3337 est.

238 3376 453 3448 Propter
476 3376 613 3447 quod
638 3378 839 3431 obsecro
866 3393 971 3443 vos,
1014 3386 1066 3429 ut
1098 3378 1403 3447 conﬁrmetis
1431 3377 1481 3431 in
1510 3393 1621 3431 eum
1652 3376 1816 3430 chari-

237 3478 401 3524 tatem.
428 3469 512 3523 Ad
546 3469 640 3523 hoc
668 3471 797 3523 enim
824 3479 872 3523 et
897 3469 1111 3540 scripsi,
1138 3480 1193 3523 ut
1230 3487 1526 3541 cognoscam
1568 3470 1819 3540 probatio-

238 3577 342 3615 nem
384 3570 624 3628 vestram,
667 3562 711 3616 si
752 3562 804 3615 in
834 3562 1427 3617 omnibus—obaudientes
1473 3563 1610 3616 estis.
1650 3561 1713 3616 Si
1737 3563 1818 3615 cui

238 3665 397 3708 autem
431 3654 626 3723 aliquid
651 3653 974 3717 donaveritis,
1005 3664 1052 3706 et
1073 3670 1182 3723 ego.
1216 3651 1353 3706 Nam
1374 3663 1418 3708 et
1439 3670 1528 3724 ego
1553 3654 1597 3707 si
1621 3655 1705 3705 cui
1726 3654 1817 3707 do-

238 3747 364 3813 nari,
406 3755 614 3816 pmpter
636 3762 739 3812 vos,
776 3746 827 3799 in
858 3762 1070 3815 persona
1098 3746 1280 3799 Christi
1302 3787 1314 3807 ,
1344 3755 1396 3799 ut
1422 3764 1520 3799 non
1555 3748 1816 3815 possidea-

238 3856 345 3890 mur
364 3857 395 3890 a
414 3849 598 3892 satana
624 3854 643 3892 :
674 3856 773 3891 non
803 3839 933 3891 enim
962 3838 1250 3906 ignoramus
1274 3846 1458 3890 mentes
1478 3839 1587 3907 ejus
1613 3838 1721 3907 (Id.
1756 3855 1813 3905 tt,

239 3932 322 3984 4-1
342 3932 358 3985 ι
381 3933 420 4000 ).
478 3930 615 3996 Quid
644 3930 969 3986 moderatius
990 3973 1004 3995 ,
1037 3929 1160 3998 quid
1191 3929 1516 3999 diligentius,
1550 3931 1674 4000 quid
1702 3931 1813 3986 sol-

239 4021 504 4076 licitudine
534 4024 616 4091 pia
642 4030 695 4075 et
722 4030 935 4090 paterna
966 4037 1025 4075 ac
1053 4029 1287 4075 materna
1328 4020 1585 4075 cbaritate
1614 4022 1816 4091 plenius

239 4118 342 4171 fieri
373 4126 467 4172 aut
487 4116 590 4170 diei
625 4116 830 4187 potest?
860 4116 1005 4170 Sicut
1032 4116 1271 4185 peccauti
1306 4114 1523 4169 adhibet
1565 4116 1818 4170 emenda-

240 4212 452 4276 tionem,
485 4210 563 4263 sic
600 4218 843 4263 correcta
870 4249 886 4276 ,
923 4218 976 4263 et
1002 4207 1296 4263 conterenti
1333 4216 1489 4277 atque
1520 4207 1815 4261 bumilianti

237 4301 285 4353 in
317 4301 625 4371 putuitentia
658 4316 751 4355 cor
780 4317 964 4366 suum,
999 4301 1113 4355 vult
1139 4299 1288 4354 reddi
1314 4299 1731 4354 consolationem
1759 4302 1812 4366 ’;

238 4410 293 4447 ne
312 4395 515 4464 majori,
547 4394 714 4463 inquit
740 4435 753 4458 ,
789 4393 987 4447 tristitia
1015 4392 1355 4447 absorbeatur.
1399 4391 1500 4446 Sed
1534 4392 1657 4461 quid
1686 4392 1815 4447 illud

235 4501 333 4553 quo
360 4486 623 4540 conclusit
663 4486 814 4539 istaut
847 4487 1164 4540 sententiam
1190 4528 1203 4548 ,
1240 4485 1307 4540 Ut
1337 4503 1436 4539 non
1472 4486 1817 4555 possideantur

233 4578 496 4631 asatana?
536 4575 653 4629 Non
693 4578 857 4642 enim,
898 4578 1087 4648 inquit,
1137 4577 1425 4648 ignoramus
1468 4586 1653 4630 mentes
1684 4578 1811 4647 ejus.

233 4668 344 4736 ipse
369 4679 454 4725 est
470 4670 613 4724 enim
646 4670 732 4739 qui
762 4686 854 4739 per
882 4670 1160 4740 imaginem
1192 4670 1339 4740 quasi
1378 4670 1534 4739 justie
1564 4672 1816 4725 severita-

234 4761 295 4812 tis
319 4759 592 4815 crudelem
621 4761 876 4814 sguvitiam
906 4760 1206 4829 persuadet,
1232 4760 1359 4814 nihil
1390 4760 1530 4815 aliud
1558 4774 1815 4839 appetens

231 4853 646 4908 venenosissima
676 4854 903 4908 versutia
946 4869 1060 4920 sua,
1094 4854 1193 4908 nisi
1240 4865 1294 4909 ut
1321 4867 1626 4926 corrumpat
1656 4868 1815 4926 atque

230 4945 525 5018 disrumpat
551 4946 816 5011 vinculum
849 4949 989 5017 pacis
1033 4958 1086 5004 et
1112 4949 1405 5016 charitatis,
1459 4966 1565 5021 quo
1590 4966 1811 5005 conser-

227 5050 346 5095 vato
396 5042 535 5095 inter
583 5038 947 5108 Christianos,
991 5044 1128 5096 vires
1174 5045 1289 5112 ejus
1346 5059 1531 5097 omnes
1571 5043 1813 5097 invalida:

229 5132 356 5187 fiunt
384 5133 451 5188 ad
476 5133 801 5200 nocendum,
834 5144 886 5189 et
912 5136 1217 5211 muscipulp:
1247 5136 1554 5189 insidiarum
1583 5138 1811 5189 commi-

228 5236 478 5287 nnuatur,
507 5234 564 5281 et
592 5226 811 5280 consilia
839 5228 1129 5281 eversionis
1154 5238 1499 5282 evanescunt.

292 5318 521 5375 CAPUT
546 5317 609 5372 ll.
644 5348 714 5357 —
740 5318 789 5372 4.
822 5317 925 5373 Sed
952 5319 1047 5373 etsi
1076 5321 1141 5373 de
1166 5320 1341 5388 aliquo
1367 5320 1469 5372 alio
1496 5320 1549 5373 in
1579 5321 1811 5376 secunda

224 5411 289 5466 ad
317 5412 624 5467 Corinthios
655 5411 889 5481 Epistula
934 5411 1140 5467 locutus
1181 5422 1264 5466 est
1310 5412 1597 5480 Apostolus
1617 5454 1630 5479 ,
1662 5423 1719 5468 et
1742 5413 1811 5467 ibi

287 5572 302 5601 ⁸
327 5569 462 5626 aditi.
484 5566 751 5621 indicabat.
773 5568 941 5618 Melius
964 5576 1088 5629 Mss,
1104 5567 1373 5630 judicabat.

285 5635 304 5661 ²
328 5633 461 5689 aditi.
476 5629 672 5693 adhibet
685 5629 1050 5689 damnationem,
1063 5629 1131 5682 sic
1150 5637 1359 5682 correcta
1369 5635 1508 5693 atque
1524 5636 1812 5684 contremen-

225 5692 361 5741 ti.....
383 5694 480 5745 vult
516 5692 733 5756 reddere
764 5692 1143 5743 consolationem.
1172 5695 1333 5756 Aptius
1370 5692 1574 5741 Vaticani
1600 5694 1808 5756 entheos,

222 5756 406 5805 ιιτϋιίιιει
428 5754 829 5815 emendationem.
849 5763 964 5803 Tum
987 5757 1151 5805 ueteri
1166 5754 1267 5804 uss.
1293 5768 1402 5803 cum
1422 5755 1595 5804 iisdem
1610 5754 1807 5815 habent,

222 5826 357 5877 atque
378 5814 744 5868 contuenti”...
769 5816 863 5864 vult
887 5815 1026 5867 reddi
1049 5815 1408 5867 consolationth
1435 5831 1449 5869 :
1478 5830 1617 5879 execr
1636 5826 1684 5869 to
1717 5814 1811 5869 uno

222 5882 510 5943 luvium-nsi,
538 5881 622 5941 qui
640 5880 849 5940 przcl'ct‘t,
878 5887 1014 5942 atque
1040 5880 1337 5929 converterat.

1956 520 2131 569 tamen
2147 516 2455 586 significavit
2473 529 2665 591 quanta
2683 522 2948 580 charitate
2977 523 3027 578 in
3056 538 3319 597 quemque
3346 526 3539 583 debeat

1950 604 2305 662 ecclesiastica
2335 608 2567 665 vindicta
2606 614 2912 683 procedere.
2947 614 3059 670 lloc
3105 626 3182 671 est
3236 616 3360 671 illud
3390 631 3530 689 quoa

1950 695 2037 751 isti
2071 714 2175 753 non
2202 700 2554 773 intelligentes
2588 708 2725 763 inter
2750 710 3044 765 calumnias
3072 726 3195 767 suas
3238 713 3412 768 solent
3441 713 3533 767 ba-

1950 787 2075 846 bcre
2107 794 2427 864 praecipuum
2459 815 2470 851 :
2500 796 2798 855 Emendabit
2835 819 2911 857 nte
2946 804 3113 875 justus
3146 805 3199 858 in
3251 807 3534 859 misericor-

1947 878 2051 944 dia,
2077 890 2122 936 et
2150 895 2323 954 arguet
2361 903 2473 954 me;
2502 890 2668 943 oleum
2693 902 2855 946 autent
2896 898 3168 963 peccatoris
3212 914 3311 950 non
3341 898 3529 951 inmin-

1945 984 2062 1043 guet
2088 986 2239 1047 caput
2255 980 2745 1051 meum(Psal.cst.,
2779 985 2855 1057 ὅ).
2887 988 3019 1055 Quia
3051 1005 3175 1044 vero
3221 991 3303 1044 isti
3338 1007 3443 1045 non
3478 993 3527 1045 in

1946 1066 2307 1124 misericordia
2348 1073 2632 1131 emendare
2660 1086 2953 1142 noverunt,
2986 1090 3041 1135 et
3068 1080 3335 1137 C:eeiliani
3365 1084 3516 1138 inno-

1943 1162 2169 1216 eentiam
2200 1166 2355 1221 smvis
2396 1168 2784 1238 suSpicionibus
2813 1173 3053 1229 inscctati
3080 1186 3236 1243 sunt,
3268 1187 3319 1231 et
3346 1177 3524 1247 Optati

1944 1250 2246 1310 Giido:.iani
2292 1262 2580 1327 potentiam
2629 1262 2829 1319 fallacis
2850 1266 2970 1321 oleo
3007 1267 3324 1323 adulationis
3353 1287 3521 1325 unxe—

1941 1354 2081 1397 runt.
2140 1346 2270 1402 Nam
2323 1352 2365 1403 si
2424 1362 2640 1423 prepter
2676 1356 2942 1411 vinculum
3000 1360 3143 1427 pacis
3190 1358 3521 1431 iniquitatem

1940 1436 2113 1506 Optati
2144 1451 2415 1509 gementes
2453 1445 2798 1518 lugentesque
2836 1449 3162 1516 tolerarent,
3194 1467 3299 1507 non
3344 1453 3525 1523 utique

1943 1542 2123 1596 pacem
2162 1530 2502 1589 christianam
2537 1547 2695 1607 atque
2736 1540 3051 1596 catholicam
3082 1543 3133 1596 in
3171 1543 3301 1599 orbe
3357 1555 3523 1600 terra-

1938 1633 2077 1688 rum,
2106 1632 2449 1697 sanctamque
2480 1629 2732 1686 unitatem
2772 1633 3168 1704 disrumperent
3192 1638 3232 1704 ‘,
3264 1646 3355 1693 aut
3376 1649 3522 1694 certe

1936 1726 1967 1766 a
1995 1714 2284 1783 majoribus
2308 1721 2416 1775 suis
2450 1720 2648 1776 nefaria
2678 1725 2914 1779 cmcitate
2945 1726 3236 1796 disruptam
3265 1729 3335 1782 ita
3362 1729 3512 1784 dole-

1935 1814 2070 1871 rent,
2102 1814 2158 1859 ιιι
2182 1808 2367 1863 saltem
2413 1812 2551 1880 apud
2579 1828 2637 1870 se
2676 1816 2881 1883 experti
2925 1832 3083 1886 quam
3132 1817 3327 1873 multos
3353 1820 3521 1875 malos

1936 1909 2031 1963 pro
2060 1911 2189 1966 pace
2234 1900 2421 1955 Donati
2471 1901 2609 1957 ferre
2645 1915 2931 1975 cogantur,
2983 1908 3272 1978 impacatas
3313 1910 3523 1965 illorum

1932 1987 2224 2045 calumnias
2252 2007 2377 2060 pace
2403 2009 2514 2047 sum
2540 1998 2888 2052 correctionis
2913 2000 3337 2069 exstinguerent.

2003 2081 2054 2135 5.
2083 2081 2189 2137 Sed
2218 2094 2272 2138 et
2296 2084 2361 2137 ad
2402 2085 2545 2140 illius
2586 2089 2771 2156 prima:
2801 2089 2866 2143 ad
2912 2090 3218 2146 Corinthios
3266 2092 3518 2161 Epistulae

1930 2175 2310 2243 consequentia
2358 2177 2660 2232 redeamus.
2722 2180 2857 2235 Cum
2909 2181 3132 2238 dixisset
3180 2186 3466 2254 Apostolus
3497 2226 3514 2251 ,

1933 2260 2151 2318 Tradere
2178 2266 2470 2337 hujusmodi
2496 2279 2686 2325 satana:
2711 2272 2764 2325 in
2804 2273 3057 2327 interitum
3091 2276 3257 2329 carnis
3277 2316 3292 2342 ,
3326 2287 3380 2331 ut
3405 2280 3515 2348 spi-

1928 2354 2054 2407 ritus
2083 2356 2249 2411 saluas
2270 2358 2331 2411 sit
2360 2360 2410 2412 in
2440 2360 2521 2414 die
2543 2360 2749 2415 Domini
2775 2361 2901 2418 Iesu
2931 2380 2949 2417 .'
2975 2364 3135 2419 etiam
3162 2374 3323 2435 atque
3351 2368 3519 2423 etiam

1928 2449 2307 2504 commendans
2353 2452 2652 2509 humilitate
2692 2455 2983 2525 lugentium
3006 2457 3107 2513 hoc
3149 2457 3346 2515 debere
3374 2460 3510 2523 fieri,

1927 2555 2032 2595 nou
2076 2542 2323 2611 superbia
2377 2545 2747 2613 saevientium,
2794 2549 3049 2603 continuo
3089 2548 3335 2619 subjecit,
3389 2550 3511 2606 Non

1927 2635 2055 2688 bona
2084 2636 2315 2704 gloriatio
2330 2647 2527 2692 vestra:
2554 2639 2637 2694 vel
2666 2655 2760 2709 per
2780 2640 3241 2710 exprobrationem
3264 2658 3503 2713 prouun~

1926 2724 2178 2792 tiatiouis,
2233 2724 2379 2780 Bona
2406 2729 2639 2799 gloriatio
2679 2742 2860 2784 vestra.
2887 2730 2979 2786 Sic
2998 2732 3139 2786 cnim
3166 2734 3426 2801 nonnulli,
3454 2745 3509 2789 et

1923 2818 2155 2872 maxime
2181 2818 2328 2874 latini
2352 2820 2565 2875 codices
2593 2821 2810 2889 habent,
2841 2839 2963 2878 cum
2999 2824 3185 2879 eadem
3212 2825 3265 2880 in
3282 2835 3510 2897 utroque

1923 2910 2185 2964 sententia
2234 2921 2493 2967 teneatur.
2518 2912 2633 2968 Non
2655 2915 2795 2969 enim
2826 2916 3167 2971 metuendum
3191 2926 3275 2974 est
3299 2920 3508 2988 nequis

1926 3003 2183 3075 intelligat
2213 3004 2476 3061 laudando
2502 3022 2596 3063 eos
2621 3007 2841 3074 dixisse,
2864 3008 3011 3065 Bona
3036 3011 3271 3081 gloriatio
3302 3023 3460 3065 vestra
3489 3028 3507 3065 :

1922 3110 2040 3149 cum
2074 3104 2126 3152 et
2153 3099 2398 3167 superius
2422 3099 2634 3165 dixerit,
2665 3098 2845 3171 Iri/lati
2873 3104 3008 3166 estis,
3035 3113 3079 3156 et
3111 3122 3211 3158 non
3240 3105 3408 3173 potius
3433 3104 3509 3158 lu-

1921 3195 2053 3241 ctum
2081 3188 2355 3256 habuistis;
2402 3200 2453 3245 et
2492 3190 2579 3245 hic
2615 3193 2868 3247 continuo
2914 3194 3197 3265 subjuugat
3223 3235 3243 3262 ,
3288 3194 3508 3251 Nescitis

1921 3280 2039 3349 quia
2087 3281 2337 3335 modicum
2386 3286 2682 3353 fermentum
2746 3295 2901 3339 totam
2950 3304 3167 3341 massam
3227 3290 3507 3358 corrumpit

1922 3372 1973 3441 (Ι
2003 3373 2119 3427 (.‘or.
2169 3389 2221 3438 ν,
2269 3376 2343 3444 6)
2387 3376 2574 3445 :quod
2619 3376 2686 3431 ad
2737 3378 2903 3447 ipsam
2957 3380 3125 3434 innuis
3173 3380 3506 3451 gioriationis

1922 3466 2319 3535 corruptionem
2346 3469 2725 3536 congruentius
2753 3468 2937 3525 referri
2966 3479 3140 3541 potest
3159 3472 3201 3523 ¹.
3244 3471 3504 3543 Superbia

1920 3560 2116 3628 quippe
2163 3576 2227 3614 ex
2285 3568 2547 3616 vetustate
2575 3561 2596 3593 '
2629 3562 2784 3631 primi
2825 3562 3075 3628 hominis,
3125 3564 3214 3633 qui
3253 3564 3505 3634 superbia

1921 3652 2098 3721 lapsus
2119 3662 2223 3720 est,
2253 3654 2401 3723 quasi
2449 3656 2764 3710 fermentata
2791 3664 2847 3711 et
2883 3668 3133 3725 corrupta
3166 3668 3344 3713 mente
3378 3658 3509 3713 facit

1919 3746 2087 3799 elatos
2114 3746 2164 3799 in
2194 3760 2352 3799 unam
2378 3746 2814 3816 conSpersionem
2837 3789 2851 3811 ,
2882 3749 2969 3816 qui
3016 3749 3227 3803 sibimet
3258 3752 3307 3803 in
3339 3765 3458 3803 eam
3482 3749 3505 3780 δ

1918 3836 2079 3890 simili
2105 3838 2374 3907 jactautiat
2399 3838 2630 3893 vanitate
2649 3840 3005 3895 consentiunt.
3046 3841 3112 3893 Et
3140 3842 3353 3909 gloriari
3382 3844 3501 3911 qui-

1917 3928 2062 3993 dem,
2097 3930 2288 3983 nonde
2308 3930 2536 3999 peccatis
2563 3930 2694 3998 suis,
2723 3930 2815 3985 sed
2842 3947 3002 4001 super
3017 3932 3237 3987 alterius
3262 3942 3497 4002 peccata,

1921 4031 2167 4091 tanquam
2200 4037 2266 4075 ex
2296 4022 2690 4091 comparatione
2717 4023 3035 4077 innocentitn
3063 4039 3198 4089 suae,
3227 4024 3496 4079 modicum

1919 4113 2127 4167 videtur
2166 4112 2518 4177 fermentum;
2548 4113 2670 4183 quia
2702 4112 2767 4167 de
2792 4113 2902 4169 suis
2930 4114 3089 4169 etiam
3136 4114 3503 4184 iniquitatibus

1917 4206 2158 4276 gloriari,
2190 4207 2413 4260 multum
2459 4207 2778 4262 fermentum
2803 4218 2885 4262 est
2921 4226 2933 4261 :
2965 4208 3061 4262 sed
3091 4217 3144 4263 et
3175 4209 3303 4263 illud
3333 4210 3503 4263 modi-

1918 4314 2039 4354 cum
2069 4308 2229 4353 totam
2260 4314 2490 4354 massam
2521 4300 2832 4369 corrumpit.
2863 4299 3016 4354 Cadit
3063 4301 3205 4354 enim
3241 4304 3504 4371 superbus

1918 4393 2110 4446 merito
2139 4391 2398 4461 superbia:
2449 4407 2581 4457 sua),
2636 4400 2691 4445 ct
2733 4391 2916 4461 incipit
2957 4392 3117 4445 etiam
3150 4400 3363 4461 peccata
3405 4409 3501 4448 sua

1916 4482 2257 4539 defendendo
2282 4484 2418 4538 velle
2440 4483 2674 4553 gloriari.
2703 4484 2854 4551 Quod
2888 4484 3181 4552 praevidens
3203 4485 3339 4539 idem
3369 4501 3501 4555 apo-

1917 4575 2085 4629 stolus
2112 4576 2225 4629 ait:
2264 4574 2614 4645 Quapmpter,
2646 4577 2733 4645 qui
2775 4594 2829 4629 se
2869 4586 3009 4646 putat
3052 4587 3206 4642 stare,
3251 4578 3416 4631 videat
3442 4594 3504 4633 ne

1918 4667 2066 4720 cadat
2114 4667 2233 4737 (Id.
2287 4667 2502 4736 x,12).
2551 4668 2617 4721 Ει
2665 4670 2852 4722 iterum
2912 4687 2924 4721 :
2984 4668 3044 4724 Si
3116 4682 3503 4741 pra’occupatus

1919 4760 2067 4829 fuerit
2097 4762 2244 4814 homo
2273 4761 2323 4814 in
2361 4762 2529 4831 aliqua
2556 4762 2738 4815 delicto
2756 4803 2771 4827 ,
2800 4778 2883 4817 ros
2924 4763 3008 4832 qui
3033 4764 3321 4831 spirituales
3361 4768 3499 4827 estis.

1916 4840 2153 4907 instruite
2174 4853 2467 4920 lmjusmodi
2494 4853 2545 4905 in
2569 4853 2748 4921 spiritu
2780 4854 3196 4918 mansuetudinis,
3230 4855 3497 4909 intendens

1918 4944 2159 5012 teipsum,
2196 4961 2256 4996 ne
2282 4954 2328 4996 et
2358 4954 2411 4997 tu
2449 4944 2671 4997 tenteris.
2704 4945 2841 4997 Alter
2868 4943 3076 4999 alterius
3103 4962 3255 4999 onera
3282 4957 3497 5016 portate,

1917 5049 1961 5091 et
1992 5039 2064 5092 sic
2093 5038 2431 5107 adimplebitis
2460 5038 2617 5107 legem
2648 5036 2835 5092 Christi
2865 5037 3058 5109 (Galat.
3090 5056 3164 5104 vt,
3184 5038 3239 5105 1,
3262 5040 3339 5111 2).
3361 5042 3497 5105 Quid

1916 5140 1998 5185 cst
2038 5130 2121 5184 lex
2162 5128 2395 5193 Christi,
2431 5130 2551 5193 nisi,
2586 5129 2884 5183 Mandatum
2930 5146 3109 5183 novum
3139 5131 3204 5184 do
3234 5130 3367 5183 vobis
3394 5172 3405 5191 .
3448 5142 3501 5184 ut

1914 5221 2138 5291 diligatis
2164 5221 2373 5274 invicem
2396 5220 2413 5290 (
2436 5218 2589 5273 Joan.
2623 5236 2736 5287 xm,
2770 5221 2908 5289 54)?
2936 5222 3073 5289 Quid
3107 5231 3187 5275 est
3228 5220 3310 5273 lex
3336 5221 3493 5273 Chri-

1914 5312 2005 5378 sti,
2034 5312 2134 5365 nisi
2161 5355 2175 5376 ,
2208 5310 2395 5365 Pacem
2423 5302 2583 5365 me’am
2612 5312 2677 5365 do
2705 5312 2861 5376 robis,
2890 5329 3061 5381 pacem
3114 5312 3338 5377 relinquo
3365 5312 3503 5365 vobis

1979 5449 1994 5478 ί
2023 5447 2227 5495 ι’θιίςθιιί
2262 5452 2390 5507 Mss,
2416 5443 2466 5495 in
2488 5444 2616 5495 orbis
2637 5454 2875 5496 terrarum
2895 5450 3059 5493 sancta
3084 5442 3259 5493 unitate
3284 5445 3499 5497 disrum-

2114 5570 2317 5619 Vaticani
2333 5569 2541 5619 codices.
2564 5577 2620 5620 At
2643 5568 2789 5628 editi,
2814 5565 2931 5629 quid
2955 5565 3021 5616 ad
3044 5565 3298 5631 ipsant.....
3326 5570 3529 5634 referri.

1914 5642 2059 5696 potest
2081 5634 2104 5683 1’
2124 5635 2281 5696 minus
2296 5639 2449 5681 recte.

1979 5698 1997 5727 ³
2022 5696 2156 5755 l-‘tlili,
2182 5694 2305 5757 velut
2329 5705 2392 5742 ea:
2432 5698 2671 5742 vetustate.
2698 5690 3012 5752 Expuugitur,
3045 5690 3186 5751 velut,
3213 5696 3505 5757 auctoritate

1913 5757 2090 5806 cmiicns
2110 5756 2325 5806 Casalitti.

1976 5822 1997 5850 ³
2022 5820 2185 5868 Plures
2233 5827 2369 5875 uss,
2415 5814 2461 5864 in
2507 5827 2599 5863 una
2665 5814 3030 5877 eonspersionc.
3075 5828 3158 5877 qut
3219 5816 3402 5867 sibi.th
3448 5816 3495 5876 ut

1914 5895 1983 5931 Cll.
