4054 6470
186 342 188 345 ·
238 345 303 408 ερ
1608 336 1809 393 unca
1851 337 2163 398 manus.
3448 355 3518 414 tto

239 475 523 544 raperent,
559 468 734 526 usuris
767 463 1237 536 multiplicantibus
1277 463 1426 516 fenus
1453 468 1726 530 augerent.
1755 459 1822 514 Et

242 572 298 618 ιιι
320 560 661 631 apertissime
698 558 1006 614 ostenderet
1031 555 1098 610 dc
1124 554 1206 608 his
1231 569 1290 608 se
1317 553 1493 607 dicere
1514 594 1528 616 ,
1557 567 1676 606 cum
1707 551 1828 620 qui-

241 658 334 722 bus
375 655 430 709 in
471 653 635 708 unius
665 651 917 707 Ecclesite
943 647 1314 705 communione
1341 645 1585 710 vivebat,
1635 659 1829 699 consc-

239 753 463 816 quenter
481 743 738 798 aunexuit
759 761 773 797 :
797 760 815 793 ι
835 739 971 808 Quid
993 754 1097 794 non
1119 737 1322 808 perpeti
1341 737 1472 793 tales
1490 751 1583 804 pro
1599 735 1831 807 peccatis

243 834 546 906 huiusmodi
571 848 897 889 mereremnr
921 850 938 882 ι
975 830 1299 902 (Cyprianus,
1317 827 1481 884 Serm.
1503 826 1564 880 de
1585 824 1830 897 Lupus)?

241 931 353 988 Non
384 931 530 986 enim
553 930 648 993 ait,
681 927 1038 990 Mercrentur;
1069 923 1184 989 sed,
1217 941 1236 975 ι
1255 935 1615 976 mereremur:
1644 937 1662 971 ι
1689 917 1830 988 quod

242 1025 384 1080 nullo
416 1022 579 1077 modo
605 1021 860 1084 dixisset,
883 1034 1001 1072 cum
1034 1017 1153 1070 talis
1178 1015 1360 1084 utique
1389 1013 1503 1083 ipse
1530 1027 1633 1066 non
1657 1020 1828 1075 esset,

246 1118 341 1174 nisi
373 1113 720 1180 manifestare
749 1113 906 1184 vellet
932 1125 1116 1164 eorum
1150 1107 1285 1161 facta
1315 1121 1373 1161 se
1401 1119 1636 1175 gemere,
1667 1102 1754 1172 qui
1782 1102 1831 1158 ei

246 1226 346 1264 non
374 1208 550 1262 solum
583 1205 836 1261 Ecclesim
868 1206 1068 1256 unitate
1087 1202 1126 1266 ί,
1157 1198 1249 1254 sed
1278 1197 1436 1253 etiam
1467 1195 1672 1264 collegii
1705 1210 1834 1247 eon-

188 1300 203 1370 ἲ
246 1304 412 1360 sortio
455 1301 842 1372 jungerentur,
884 1294 1127 1372 quamvis
1156 1291 1224 1345 ab
1262 1291 1341 1346 eis
1371 1291 1510 1352 vita,
1559 1287 1829 1352 moribus,

242 1394 424 1471 corde,
446 1368 721 1462 proposito
736 1368 1292 1484 discreparet/Dicant
1308 1395 1432 1452 ergo
1451 1380 1536 1436 isti
1556 1377 1830 1432 meliorem

245 1469 382 1542 nunc
421 1500 546 1540 esse
588 1481 880 1539 Ecclesiatn
919 1469 1104 1537 suam',
1150 1483 1205 1531 et
1229 1489 1336 1542 non
1364 1488 1423 1531 se
1451 1471 1648 1524 habere
1677 1469 1829 1532 tales,

245 1578 435 1652 quales
475 1575 661 1631 habuit
688 1574 741 1628 in
780 1572 898 1641 ipsa,
923 1569 1121 1635 unitate
1153 1565 1470 1639 Cyprianus.
1495 1560 1728 1632 Caedunt
1754 1560 1833 1624 eis

243 1674 328 1748 qui
352 1673 562 1737 volunt,
581 1677 636 1723 et
656 1667 912 1736 adversus
928 1678 989 1732 ea
1008 1661 1146 1729 mala
1163 1675 1280 1729 qua:
1301 1657 1368 1723 de
1388 1655 1625 1711 moribus
1649 1669 1830 1710 eorum

243 1743 549 1818 insimulata
580 1757 836 1821 fuerint’,
869 1753 1051 1816 oculos
1075 1749 1323 1818 claudant
1348 1765 1361 1801 :
1384 1762 1484 1818 ego
1510 1761 1604 1800 eos
1630 1744 1696 1815 ad
1744 1743 1831 1798 illa

246 1858 352 1925 ipsa
384 1854 563 1924 priora
589 1849 804 1916 unitatis
829 1856 1067 1916 tempora
1093 1841 1375 1907 revocabo,
1406 1848 1460 1895 ct
1484 1837 1552 1899 ab
1578 1838 1656 1892 eis
1683 1852 1831 1908 qua:—

244 1966 352 2014 ram
377 1991 395 2014 ,
449 1958 626 2002 utrum
667 1941 880 2015 quando
911 1940 996 1994 ille
1039 1945 1217 1992 tantus
1255 1935 1535 2004 episcopus
1561 1928 1834 1999 Carthagi-

242 2041 423 2096 nensis
472 2036 730 2094 Ecclesia:
777 2033 1076 2105 Cyprianus
1117 2029 1185 2084 de
1229 2037 1333 2082 tam
1384 2024 1524 2081 malo
1569 2021 1831 2092 collegio,

246 2133 557 2200 testimOnio
585 2128 763 2182 liberte
792 2125 933 2178 vocis
964 2135 1130 2194 usque
1158 2118 1222 2174 ad
1252 2134 1313 2187 ea
1343 2117 1560 2187 scripta,
1590 2131 1711 2186 qua:
1736 2129 1834 2183 po-

242 2223 399 2290 steris
444 2221 605 2274 etiam
651 2215 1035 2287 proderentur,
1090 2209 1380 2280 ingemuit,
1433 2215 1552 2262 erat
1601 2205 1834 2261 Ecclesia

243 2311 464 2375 Christi,
496 2325 563 2364 an
607 2324 714 2363 non
757 2313 891 2361 erat.
919 2303 976 2359 Si
1001 2312 1136 2366 erat,
1182 2297 1834 2371 quatro,quemadmodum

243 2405 541 2476 Cyprianus
568 2409 622 2456 et
649 2398 834 2453 ueteri
853 2396 1057 2452 similes
1076 2394 1192 2467 ejus
1216 2391 1505 2461 implebant
1526 2388 1668 2460 quod
1696 2405 1834 2458 pra:-

245 2498 382 2570 gcpit
411 2494 721 2566 Apostolus,
758 2489 818 2544 Si
854 2490 966 2558 quis
1000 2490 1156 2558 frater
1184 2483 1472 2538 nominatur
1497 2490 1584 2534 aut
1611 2479 1829 2550 fornica-

247 2599 321 2641 tor
339 2628 354 2649 ,
387 2594 479 2638 aut
503 2598 717 2645 avarus,
749 2588 835 2633 aut
861 2575 1012 2631 idolis
1033 2577 1282 2638 serviens,
1310 2581 1396 2626 aut
1424 2569 1718 2631 maledicus,
1747 2578 1836 2622 aut

245 2683 498 2748 ebriosus,
545 2688 634 2732 aut
678 2692 874 2746 rapax,
921 2689 1037 2727 eum
1076 2668 1326 2743 ejusmodi
1367 2683 1455 2721 nec
1482 2665 1644 2719 cibum
1684 2661 1838 2717 simul

245 2770 708 2844 sumere:quando
732 2785 852 2824 eum
882 2767 963 2821 his
991 2763 1165 2820 avaris
1189 2771 1244 2817 ct
1272 2757 1570 2830 rapacibus,
1599 2754 1687 2826 qui
1710 2770 1834 2808 esu-

247 2865 509 2934 rientibus
549 2863 601 2917 in
637 2859 878 2916 Ecclesia
918 2853 1170 2912 fratribus
1197 2851 1397 2906 habere
1425 2857 1702 2919 argentum
1731 2846 1835 2900 lar-

245 2961 378 3031 gitcr
407 2957 643 3022 vellent,
692 2951 884 3007 fundos
923 2947 1192 3006 insidiosis
1235 2941 1508 3000 fraudibus
1549 2947 1832 3008 raperent,

249 3029 422 3110 usuris
447 3042 924 3120 multiplicantibus
946 3039 1097 3097 fenus
1117 3044 1391 3107 augerent,
1417 3046 1609 3104 panem
1628 3029 1834 3090 Domini

249 3139 661 3212 panducabant,
691 3142 746 3191 et
769 3132 991 3188 calicem
1022 3125 1313 3185 bibebant?
1393 3184 1395 3187 ,

311 3232 365 3288 9.
397 3233 480 3285 An
513 3229 653 3283 forte
695 3239 855 3296 parva
881 3231 1005 3278 sunt
1032 3221 1128 3276 ista
1161 3218 1413 3284 crimina,
1441 3224 1495 3272 et
1517 3213 1663 3285 parvi
1694 3213 1836 3267 msti-

247 3322 474 3378 manda?
505 3320 695 3376 Solent
730 3317 873 3374 enim
902 3314 988 3368 isti
1017 3312 1175 3368 etiam
1202 3311 1304 3366 hoc
1328 3309 1526 3374 dicere,
1555 3315 1834 3376 pensantes

244 3432 302 3470 ea
332 3430 440 3468 non
474 3412 529 3466 in
559 3419 758 3471 statera
784 3423 934 3478 aequa
961 3405 1256 3460 divinarum
1283 3401 1710 3472 Scripturarum,
1740 3397 1832 3452 sed

243 3509 294 3571 in
324 3516 528 3560 statera
569 3503 754 3558 dolosa
794 3498 1236 3555 consuetudinum
1285 3509 1525 3550 suarum.
1569 3490 1833 3562 Quidquid

241 3602 382 3655 enim
430 3598 654 3654 sceleris
695 3605 752 3652 et
798 3593 1088 3664 iniquitatis
1134 3589 1361 3645 inebriat
1407 3586 1831 3648 multitudinem,

240 3693 434 3755 amittit
472 3687 738 3745 examinis
785 3686 1079 3754 veritatem.
1118 3680 1226 3738 Sed
1273 3679 1394 3734 ideo
1435 3686 1560 3732 sunt
1585 3685 1832 3742 tanquam

241 3782 668 3846 sincerissimum
700 3777 973 3849 speculum
1000 3773 1266 3847 proposita
1288 3769 1592 3826 hominibus
1620 3767 1832 3822 oracula

241 3875 544 3945 coalestinm
571 3871 903 3944 paginarum,
935 3878 990 3925 ut
1017 3867 1089 3923 ibi
1117 3865 1338 3937 quisque
1359 3861 1537 3920 videat
1560 3858 1834 3930 quodlibet

243 3976 521 4038 peccatum
566 3973 823 4035 quantum
865 3961 964 4027 sit,
997 3959 1138 4031 quod
1167 3956 1305 4012 forte
1341 3967 1593 4025 magnum
1617 3959 1699 4007 est
1721 3992 1736 4014 ,
1779 3959 1835 4006 et

243 4063 378 4121 ante
426 4058 926 4130 viventium'carco
967 4069 1117 4112 more
1162 4043 1541 4108 contemnitur.
1587 4046 1832 4103 Potuitne.

242 4154 453 4225 gravius
506 4150 706 4206 divinis
746 4147 971 4218 eloquiis
1014 4143 1253 4201 accusari
1300 4140 1554 4206 avaritia,
1587 4153 1745 4209 quam
1779 4146 1835 4192 ut

248 4245 561 4310 idololatria:
607 4242 1066 4298 demonstraretur
1095 4235 1347 4307 mqualis,
1384 4243 1439 4290 et
1466 4233 1582 4302 ejus
1619 4231 1834 4300 nomine

252 4340 626 4409 appellaretur,
670 4334 882 4393 dicente
921 4329 1197 4402 Apostolo,
1248 4326 1312 4389 Et
1339 4325 1576 4392 auaritia,
1620 4339 1743 4394 qua:
1764 4332 1832 4376 est

256 4431 493 4494 dolorum
538 4426 752 4480 servitus
796 4421 1014 4494 (Coloss.
1069 4437 1160 4487 tu,
1213 4417 1303 4490 5)?
1349 4416 1596 4479 Potuitne
1646 4414 1830 4484 majori

240 4538 398 4595 χ’)αιιιει
425 4521 588 4590 digna
621 4517 840 4588 iudicari
863 4557 878 4578 ,
916 4529 1075 4585 quam
1109 4520 1169 4566 ut.
1191 4512 1331 4566 inter
1356 4510 1444 4578 illa
1481 4507 1704 4564 crimina
1737 4521 1830 4575 po.

240 4625 493 4679 .tcretttr,
547 4611 741 4682 quibus
780 4607 984 4664 obsessi
1032 4619 1252 4675 regnum
1299 4601 1392 4656 Dei
1437 4615 1543 4656 non
1587 4597 1831 4670 posside-

241 4704 403 4770 bunt?
448 4703 772 4775 Aperiantur
814 4698 954 4756 oculi
993 4696 1206 4760 cordis,
1258 4709 1325 4749 ne
1371 4691 1563 4747 frustra
1620 4697 1834 4760 pateant

240 4801 376 4856 oculi
406 4798 652 4868 corporis
671 4838 684 4861 ,
729 4805 782 4851 et
809 4794 988 4864 legant
1013 4789 1412 4861 pra‘dieatorem
1439 4785 1664 4840 liberum
1693 4782 1832 4837 veri-

241 4892 362 4948 utis
407 4892 459 4945 in
517 4888 706 4942 eadem
753 4887 865 4953 ipsa
913 4882 1082 4952 prima
1135 4879 1198 4932 ad
1242 4875 1548 4931 Corinthios
1597 4875 1830 4944 Epistula

245 4982 613 5036 scribentem:
651 4974 823 5030 Nolite
866 4990 1068 5034 errare;
1118 4987 1274 5038 neque
1331 4967 1624 5039 fornicarii,
1678 4981 1834 5036 neque

248 5073 392 5132 idolis
415 5073 714 5134 servientes,
760 5085 914 5137 neque
941 5065 1186 5129 adulteri,
1228 5078 1384 5130 neque
1425 5061 1633 5123 molles,
1680 5075 1837 5130 neque

309 5235 323 5263 ⁸
351 5233 482 5291 mliti,
510 5243 603 5279 non
628 5225 780 5277 solum
802 5225 852 5275 in
877 5221 1098 5275 Ecclesia:
1117 5221 1307 5271 unitate.
1327 5217 1621 5275 "articulant,
1647 5216 1715 5277 in,
1740 5231 1834 5266 non

247 5293 433 5343 'sahent'
448 5292 704 5350 manuserii
726 5291 778 5337 ti.

309 5339 556 5404 ﬁxisset":
596 5339 805 5404 eculeis,
830 5360 939 5412 qua:
971 5347 1033 5412 de
1065 5345 1271 5412 moribus
1302 5341 1671 5412 conon/“(tritam
1693 5339 1837 5392 dissi-

247 5414 786 5524 mulantitmtlfuqcrint,
809 5405 968 5460 oi’ulos
989 5405 1230 5458 claudunt.
1265 5406 1348 5453 alii
1373 5405 1566 5467 quidam
1601 5412 1704 5452 Mss.
1729 5417 1836 5452 cum

249 5488 368 5524 Αιιι..
391 5491 502 5524 nam
559 5491 584 5524 e
610 5489 686 5523 mo
714 5473 818 5522 ibus
835 5485 999 5521 eorum
1023 5470 1069 5520 in
1093 5468 1263 5524 faciem
1283 5465 1608 5516 simulantium
1641 5466 1836 5524 fuerint,

249 5465 369 5531 Ann.
391 5465 502 5540 qua?
524 5465 584 5526 de
607 5465 686 5523 ἵηο
714 5465 818 5540 ibus
835 5485 999 5540 eorum
1023 5470 1069 5520 in
1093 5468 1263 5540 faciem
1283 5465 1608 5540 simulantium
1641 5466 1836 5526 fuerim,

249 5526 676 5588 oculos'rlamtrmt.
707 5537 1025 5593 It-niguianus
1041 5526 1212 5589 milex,
1239 5541 1348 5593 qme
1362 5529 1422 5577 de
1437 5526 1654 5593 moribus
1676 5540 1840 5593 eorum

250 5601 404 5659 ferunt
447 5601 494 5650 in
519 5601 690 5662 furiem
731 5589 1086 5662 simulmttimn,
1113 5589 1272 5662 oculos
1304 5589 1716 5662 claudantﬂti’ortc
1737 5589 1838 5662 '.|eo

251 5648 491 5720 izenduni,
509 5648 619 5722 q-m'
642 5662 702 5709 de
726 5657 934 5706 nim-ibus
953 5648 1116 5706 eorum
1140 5653 1314 5717 feriunt
1339 5651 1513 5715 [aciem
1529 5648 1836 5699 dissitttttlmt-

251 5722 286 5769 ti
307 5739 388 5778 'nt,
406 5721 567 5773 or't’ti;
586 5723 630 5770 αἰ
653 5721 835 5771 ιιιειέίηῑ.

316 5790 334 5814 τ’
363 5771 519 5834 {iures
545 5793 670 5841 355.,
700 5783 823 5831 Ili’Oll
866 5781 984 5842 furlt‘
1010 5792 1116 5826 rum
1160 5793 1202 5825 m
1228 5790 1312 5836 ιρι·
1336 5789 1380 5824 ut
1405 5781 1490 5834 est,
1517 5787 1579 5824 ex
1614 5771 1737 5824 male
1769 5774 1809 5822 t'i

251 5855 463 5912 uultum.

1940 462 2275 517 masculorum
2315 465 2654 521 concubitores
2676 508 2690 532 ,
2737 484 2892 539 neque
2938 473 3106 540 (una,
3149 486 3302 540 neque
3344 473 3515 538 avari,

1936 570 2092 621 neque
2116 555 2328 619 ebriosi,
2360 574 2515 628 neque
2553 559 2786 613 maledici
2805 601 2820 624 ,
2853 578 3008 632 neque
3037 579 3246 631 rapaces
3266 606 3281 630 ,
3311 580 3520 635 regnum

1935 645 2032 700 Dei
2057 647 2379 718 possidebunt
2401 650 2454 721 (Ι
2479 649 2594 710 Cor.
2625 669 2697 716 vr,
2727 653 2780 719 9,
2815 653 2924 726 {0).
2957 654 3237 723 Quomodo
3262 672 3390 727 ergo
3408 657 3515 727 Cy.-

1939 739 2159 807 prianus
2186 749 2239 795 et
2265 742 2365 795 alia
2394 742 2584 796 similia
2609 743 2875 800 frumenta
2909 745 3174 803 dominica
3201 746 3252 802 in
3277 747 3367 802 illa
3392 756 3518 807 tunc

1937 832 2153 886 unitatis
2185 832 2420 890 Ecclesia
2449 851 2570 890 cum
2613 837 2786 891 avaris
2828 847 2884 892 et
2924 839 3234 909 rapacibus,
3276 854 3397 895 cum
3437 840 3520 894 bis

1934 924 2023 992 qui
2054 939 2277 992 regnum
2310 926 2401 979 Dei
2442 941 2546 981 non
2573 927 2952 996 possidebunt,
2982 945 3086 984 non
3115 930 3264 985 laicis
3290 929 3371 985 vel
3396 929 3516 1000 qui-

1929 1015 2264 1084 buscumque
2311 1016 2554 1086 clericis,
2606 1019 2699 1073 sed
2743 1027 2800 1074 et
2842 1020 2970 1090 ipsis
3013 1022 3278 1091 episcopis
3328 1037 3519 1092 panem

1939 1106 2144 1161 Domini
2192 1108 2618 1176 manducabant,
2659 1121 2710 1166 et
2738 1112 2961 1168 calicem
2995 1114 3201 1168 Domini
3239 1113 3518 1178 bibebant;

1935 1212 2055 1252 cum
2087 1198 2225 1252 idem
2251 1201 2526 1269 apostolus
2555 1202 2823 1271 prmcipiat
2854 1220 2953 1257 non
2995 1205 3073 1258 eis
3093 1205 3440 1270 commisceri,
3467 1212 3522 1263 et

1936 1291 2130 1345 clamet
2157 1309 2270 1345 cum
2296 1294 2546 1364 ejusmodi
2574 1310 2663 1348 nec
2691 1295 2853 1348 cibum
2877 1297 3107 1349 sumere?
3133 1297 3214 1350 An
3257 1295 3379 1366 quia
3413 1312 3518 1351 non

1939 1395 2182 1454 poterant
2221 1386 2290 1442 ah
2331 1390 2408 1442 eis
2437 1388 2788 1458 corporaliter
2810 1390 3045 1460 separari
3069 1431 3085 1455 ,
3128 1405 3194 1445 ne
3219 1389 3375 1444 simul
3403 1404 3523 1444 era-

1937 1477 2176 1532 dicarent
2210 1487 2264 1532 et
2306 1478 2570 1544 triticum,
2613 1479 2913 1542 sufficiebat
2949 1480 3028 1534 eis
3065 1495 3093 1532 a
3126 1479 3318 1534 talibus
3357 1478 3520 1535 corde

1936 1569 2166 1639 seiungi,
2196 1571 2299 1624 vita
2331 1571 2673 1642 moribusque
2713 1571 2987 1642 distingui,
3020 1583 3234 1642 propter
3263 1587 3520 1641 compen-

1937 1661 2196 1716 sationem
2240 1662 2622 1719 cnstodiendia:
2661 1664 2806 1733 pacis
2839 1672 2894 1719 et
2922 1664 3156 1730 unitatis,
3193 1675 3407 1734 propter
3435 1679 3521 1721 sa-

1938 1750 2103 1809 lutem
2135 1751 2466 1808 infirmorum
2506 1762 2563 1811 et
2603 1764 2851 1824 tanquam
2883 1755 3184 1809 lactentium
3227 1755 3520 1809 frumento-

1938 1858 2100 1910 rum,
2156 1847 2224 1900 ne
2277 1845 2513 1900 membra
2571 1847 2813 1917 corporis
2867 1845 3060 1902 Christi
3118 1861 3211 1916 per
3264 1845 3521 1914 sacrilega

1937 1936 2224 1992 schismata
2255 1937 2547 1994 laniarent?

2011 2030 2096 2086 10.
2137 2030 2240 2086 Sed
2267 2045 2394 2087 ecce
2416 2046 2515 2102 ego
2539 2046 2645 2087 non
2676 2045 2838 2102 urgeo
2861 2046 3178 2102 quemquam
3205 2031 3414 2086 illorum
3443 2029 3523 2084 sie

1940 2121 2233 2192 intelligere
2266 2140 2279 2176 :
2311 2123 2410 2192 ipsi
2452 2123 2719 2193 explicent
2761 2121 3208 2192 quemadmodum
3255 2136 3373 2178 esse
3424 2135 3521 2190 ptr-

1941 2213 2098 2266 tuerit
2148 2213 2236 2268 illa
2281 2222 2406 2270 tunc
2480 2213 2712 2275 Ecclesia
2760 2214 2988 2282 gloriosa
3047 2213 3161 2267 sine
3213 2213 3418 2266 macula
3470 2220 3526 2265 et

1939 2317 2065 2370 ruga
2095 2301 2310 2375 (Ephes.
2343 2320 2396 2368 γ,
2428 2304 2544 2373 27),
2580 2304 2665 2358 ubi
2693 2304 3051 2362 esurientibus
3078 2305 3128 2357 in
3158 2303 3392 2358 Ecclesia
3421 2300 3524 2356 fra-

1942 2395 2110 2449 tribus
2141 2397 2337 2452 habere
2363 2397 2577 2466 largiter
2601 2407 2876 2465 argentum
2909 2398 3175 2463 volebant,
3201 2396 3292 2451 ubi
3335 2395 3529 2450 fundos

1941 2485 2210 2542 insidiosis
2235 2487 2502 2542 fraudibus
2524 2489 2820 2556 rapiebant,
2845 2489 2930 2541 ubi
2959 2488 3134 2541 usuris
3161 2487 3526 2556 multiplican-

1943 2581 2080 2635 tibus
2109 2580 2259 2634 fenus
2282 2579 2564 2650 augebant,
2595 2581 2681 2634 ubi
2711 2581 2868 2634 tantis
2893 2589 3042 2633 erant
3071 2579 3290 2633 involuti
3331 2577 3526 2647 iniqui-

1941 2671 2156 2736 tatibus,
2213 2680 2270 2725 ut
2308 2686 2403 2739 per
2443 2671 2560 2726 illas
2606 2685 2825 2740 regnum
2875 2669 2968 2723 Dei
3018 2684 3121 2723 non
3171 2668 3525 2739 possiderent.

1939 2761 2092 2829 Quod
2117 2763 2160 2816 si
2190 2762 2415 2832 gloriosa
2448 2761 2680 2816 Ecclesia
2705 2761 2820 2814 sine
2851 2760 3056 2815 macula
3081 2769 3171 2813 aut
3210 2773 3338 2829 ruga
3366 2759 3418 2813 in
3447 2758 3526 2812 eis

1939 2852 2069 2907 solis
2097 2854 2520 2923 computabatur,
2549 2853 2636 2924 qui
2682 2851 2980 2907 mtercbant
3019 2860 3072 2906 et
3099 2850 3381 2920 gemebant
3409 2849 3528 2904 illas

1941 2943 2266 3013 iniquitates,
2295 2960 2412 3013 qua:
2441 2943 2637 2998 licitam
2658 2943 2708 2996 in
2733 2942 2906 2998 medio
2927 2957 3146 3006 eorum;
3173 2939 3312 2996 unde
3327 2940 3489 2996 etiam
3507 2941 3523 2970 ί

1941 3035 2232 3092 secundum
2261 3037 2428 3094 sancti
2452 3036 2746 3092 Ezechielis
2777 3035 3131 3106 prophetiam,
3159 3033 3291 3088 tales
3310 3032 3528 3104 proprio

1941 3128 2093 3196 signo
2129 3129 2324 3197 signari
2387 3136 2714 3193 meruerunt,
2751 3137 2804 3181 ut
2855 3143 2885 3182 a
2930 3127 3223 3182 vastatione
3263 3134 3318 3180 et
3346 3124 3525 3196 pcrdi-

1942 3221 2086 3275 tionc
2130 3220 2427 3290 iniquorum
2478 3220 2724 3274 tutissimi
2773 3219 3062 3273 evaderent
3094 3236 3106 3272 :
3138 3217 3386 3274 desinant
3433 3232 3528 3272 ca-

1942 3312 2188 3367 lunmiari
2220 3315 2389 3376 bonis,
2421 3328 2524 3367 non
2557 3311 2899 3382 operantibus
2939 3312 3075 3365 mala
3105 3327 3199 3382 per
3228 3309 3524 3366 morbidam

1941 3405 2306 3474 cupiditatem,
2335 3404 2430 3460 sed
2459 3403 2805 3458 tolerantibus
2831 3412 3054 3472 propter
3080 3401 3352 3472 pacilieam
3393 3399 3525 3455 cha-

1940 3501 2172 3560 ritatcm,
2200 3495 2391 3566 quibus
2414 3495 2613 3550 dictum
2639 3503 2738 3556 cst.
2768 3492 2910 3548 Beati
2933 3493 3150 3564 paciﬁci,
3171 3492 3408 3562 quoniam
3431 3493 3526 3560 filii

1938 3589 2038 3644 Dei
2065 3589 2372 3642 vocabuntur
2399 3587 2609 3659 (Matth.
2638 3603 2690 3648 v.
2719 3587 2798 3655 9).
2829 3585 2960 3640 Nam
2991 3593 3269 3655 pr0pterea
3296 3583 3526 3654 Spiritus

1939 3691 2156 3739 sanctus
2188 3698 2281 3752 per
2319 3690 2668 3736 memoratum
2702 3678 3032 3734 Ezechielem
3078 3679 3387 3747 prophetam
3433 3678 3523 3731 tali

1939 3776 2102 3832 verbo
2126 3774 2422 3844 designavit
2443 3774 2630 3838 malos,
2659 3787 2793 3842 quos
2822 3773 2872 3825 in
2899 3772 3098 3826 unitate
3120 3772 3346 3825 tolerant
3375 3769 3522 3831 boni,

1939 3878 1998 3923 ut
2036 3883 2130 3924 eos
2162 3869 2212 3922 in
2258 3865 2436 3921 medio
2464 3865 2723 3919 bonorum
2753 3863 2956 3918 diceret
2999 3863 3314 3916 constitutos
3356 3879 3370 3914 :
3399 3861 3522 3930 quia

1939 3960 1982 4014 si
2012 3959 2181 4013 bonos
2207 3957 2407 4012 diceret
2433 3956 2484 4010 in
2513 3955 2690 4011 medio
2718 3954 3000 4018 malorum,
3033 3954 3106 4008 illi
3136 3953 3286 4024 quasi
3317 3954 3523 4006 extrin-

1939 4064 2095 4106 secus
2137 4059 2192 4103 et
2223 4048 2513 4105 forinsecus
2541 4061 2662 4107 esse
2685 4046 3012 4101 viderentur.
3045 4044 3277 4110 Genium,
3312 4044 3480 4115 inquit
3504 4086 3518 4105 ,

1937 4151 1984 4196 et
2014 4149 2220 4196 niterent
2262 4140 2548 4210 iniquitates
2584 4137 2760 4210 populi
2787 4139 2903 4204 mei,
2933 4154 3046 4208 qua:
3089 4138 3219 4207 ﬁunt
3259 4138 3312 4191 in
3358 4137 3522 4191 medio

1936 4251 2110 4288 eorum
2141 4231 2351 4304 (Ezeclt.
2384 4248 2458 4296 ιχ,
2486 4231 2541 4302 4)
2573 4248 2586 4283 :
2613 4238 2671 4284 ut
2699 4230 2818 4286 illos
2844 4230 3052 4300 iniquos
3082 4245 3186 4283 non
3216 4230 3386 4284 solum
3415 4245 3520 4285 non

1939 4325 2205 4387 exclusos,
2234 4322 2332 4380 sed
2353 4323 2512 4378 etiam
2535 4321 2766 4377 inclusos
2791 4321 3164 4391 cogitaremus.

2011 4417 2098 4471 Η.
2140 4415 2202 4469 Si-
2235 4430 2363 4471 vero
2396 4414 2507 4484 jam
2540 4422 2665 4469 tunc
2692 4429 2796 4468 non
2839 4421 2955 4468 erat
2979 4412 3238 4476 Ecclesia,
3269 4411 3390 4481 quia
3417 4411 3524 4483 Cy-

1941 4509 2156 4578 prianus
2179 4515 2234 4562 ct
2258 4507 2575 4577 quicumque
2602 4519 2723 4560 cum
2747 4518 2816 4560 eo
2837 4517 3028 4559 avaros
3053 4503 3172 4558 illos
3198 4517 3523 4572 rapaces-que

1941 4607 2215 4662 noverant,
2244 4594 2432 4665 quales
2470 4595 2568 4666 ipsi
2593 4609 2696 4650 non
2723 4603 2896 4658 erant,
2936 4593 3177 4664 quamvis
3203 4607 3296 4648 eos
3320 4594 3522 4662 gravis-

1937 4688 2088 4745 simis
2111 4687 2396 4758 gemitibus
2421 4696 2473 4742 et
2501 4685 2916 4756 praeclariSsimis
2945 4686 3161 4739 vocibus
3187 4697 3520 4749 accusarent,

1939 4797 2096 4836 uuam
2129 4789 2302 4834 tamen
2343 4795 2464 4834 cum
2499 4779 2576 4832 eis
2620 4779 2878 4834 intrmites
2920 4779 3221 4838 ecclesiam,
3258 4785 3312 4832 et
3340 4777 3391 4830 iu
3417 4793 3521 4832 una

1939 4874 2350 4944 congregatione
2397 4874 2540 4940 paria
2569 4873 2909 4928 Sacramenta
2957 4863 3266 4935 tractantes,
3299 4887 3394 4942 per
3423 4873 3523 4926 Im-

1936 4966 2167 5035 jusmodi
2208 4965 2636 5021 communionem
2675 4968 2696 4997 ⁵
2743 4966 2883 5034 paris
2929 4965 3089 5020 sortis
3138 4965 3310 5019 ell'eeti
3355 4974 3520 5018 sunt:

1939 5059 2060 5128 quia
2104 5075 2206 5112 non
2235 5058 2733 5127 obtemperaverunt
2776 5057 3030 5126 Apostolo
3063 5056 3289 5126 jubenti,
3322 5065 3378 5108 ut
3402 5071 3521 5110 eum

1941 5148 2242 5219 huiusmodi
2297 5165 2393 5203 nec
2417 5149 2592 5203 cihum
2636 5149 2846 5218 quidem
2877 5149 3032 5202 simul
3077 5153 3386 5210 sumerent;
3427 5156 3482 5200 et
3507 5189 3520 5206 .

1943 5242 2150 5312 Auferte
2173 5241 2360 5294 malum
2389 5257 2449 5294 ea:
2472 5240 2608 5294 vobis
2637 5241 2758 5310 ipsis
2788 5256 2807 5294 :
2838 5241 2962 5308 quid
2988 5239 3165 5304 adhuc
3185 5236 3522 5292 laboramus?

1943 5333 2076 5401 Quid
2109 5349 2165 5388 se
2193 5333 2288 5400 ipsi
2318 5333 2518 5398 jaelattt
2537 5331 2678 5400 quod
2703 5331 2929 5385 habeant
2948 5331 3177 5398 aliquam
3205 5327 3520 5387 Ecclesium,

1943 5426 1986 5480 si
2025 5425 2133 5494 jam
2184 5425 2287 5477 illis
2334 5423 2660 5491 temporibus
2711 5437 2830 5476 esse
2872 5419 3110 5475 destitit?
3159 5419 3344 5474 Dicant
3383 5421 3524 5474 unde

1945 5528 2099 5579 natus
2122 5525 2200 5570 est
2227 5514 2518 5584 Majorititts
2546 5523 2636 5568 aut
2665 5513 2917 5578 Donatus,
2945 5520 3002 5564 ut
3026 5524 3121 5581 per
3144 5525 3239 5566 eos
3277 5525 3524 5565 nascere-

2009 5651 2025 5682 ³
2050 5651 2123 5699 sic
2137 5655 2240 5698 Mss.
2260 5647 2376 5696 Fditi
2400 5659 2536 5704 vero,
2559 5645 2653 5695 imo
2674 5643 2834 5694 etiam.

2007 5714 2028 5744 ³
2053 5714 2257 5760 Vaticani
2289 5710 2480 5758 codices
2505 5709 2682 5755 omisso
2706 5707 2883 5766 verbo,
2909 5711 3165 5757 tractantes
3181 5744 3195 5764 ,
3220 5706 3378 5756 ferunt
3399 5745 3408 5762 ,
3442 5720 3524 5766 rer

1947 5772 2220 5832 huiusmodi
2241 5765 2882 5832 ronummiouent[tabentes
2913 5767 2994 5816 Alii
3024 5777 3148 5830 Mss,
3176 5783 3289 5832 pro,
3315 5765 3524 5818 conmin-

1955 5831 2149 5896 ti'utem,
2176 5835 2372 5898 habent,
2400 5828 2885 5900 (clamauitalienari.
3138 5828 3143 5830 ’
3177 5828 3188 5832 “
3475 5839 3477 5841 ‘
