  <div class='ocr_page' id='page_1' title='image "/cluster/home/n/w/nwhite01/storage/ocr_20150623/43/hvd.32044012717385/051.png"; bbox 0 0 4054 6520; ppageno 0'>
   <div class='ocr_carea' id='block_1_1' title="bbox 489 374 3772 451">
    <p class='ocr_par' dir='ltr' id='par_1_1' title="bbox 489 374 3772 451">
     <span class='ocr_line' id='line_1_1' title="bbox 489 374 3772 451; baseline -0.008 0"><span class='ocrx_word' id='word_1_1' title='bbox 489 393 548 451; x_wconf 80' lang='lat'><strong>9|</strong></span> <span class='ocrx_word' id='word_1_2' title='bbox 1300 383 1566 440; x_wconf 69' lang='lat' dir='ltr'><strong>CONTRA</strong></span> <span class='ocrx_word' id='word_1_3' title='bbox 1610 375 1994 436; x_wconf 71' lang='lat' dir='ltr'><strong>El’lSTOLAM</strong></span> <span class='ocrx_word' id='word_1_4' title='bbox 2036 374 2468 438; x_wconf 66' lang='lat' dir='ltr'><strong>PARMENHNI.</strong></span> <span class='ocrx_word' id='word_1_5' title='bbox 2511 376 2567 432; x_wconf 93' lang='lat' dir='ltr'><strong>S.</strong></span> <span class='ocrx_word' id='word_1_6' title='bbox 2611 377 2982 435; x_wconf 61' lang='lat' dir='ltr'><strong>AUGUSTI)&quot;</strong></span> <span class='ocrx_word' id='word_1_7' title='bbox 3705 379 3772 436; x_wconf 64' lang='grc' dir='ltr'>ω</span> 
     </span>
    </p>
   </div>
   <div class='ocr_carea' id='block_1_2' title="bbox 492 490 2073 573">
    <p class='ocr_par' dir='ltr' id='par_1_2' title="bbox 492 490 2073 573">
     <span class='ocr_line' id='line_1_2' title="bbox 492 490 2073 573; baseline -0.013 -8"><span class='ocrx_word' id='word_1_8' title='bbox 492 519 580 565; x_wconf 92' lang='lat' dir='ltr'><strong>tur</strong></span> <span class='ocrx_word' id='word_1_9' title='bbox 627 505 1010 563; x_wconf 84' lang='lat' dir='ltr'><strong>Parmenianus</strong></span> <span class='ocrx_word' id='word_1_10' title='bbox 1074 509 1235 573; x_wconf 86' lang='lat' dir='ltr'><strong>atque</strong></span> <span class='ocrx_word' id='word_1_11' title='bbox 1291 497 1592 554; x_wconf 89' lang='lat' dir='ltr'><strong>Primianus</strong></span> <span class='ocrx_word' id='word_1_12' title='bbox 1648 494 1750 566; x_wconf 92' lang='lat' dir='ltr'><strong>(a).</strong></span> <span class='ocrx_word' id='word_1_13' title='bbox 1815 491 1952 562; x_wconf 91' lang='lat' dir='ltr'><strong>Quid</strong></span> <span class='ocrx_word' id='word_1_14' title='bbox 1996 490 2073 546; x_wconf 87' lang='lat' dir='ltr'><strong>eis</strong></span> 
     </span>
    </p>
   </div>
   <div class='ocr_carea' id='block_1_3' title="bbox 491 586 2074 672">
    <p class='ocr_par' dir='ltr' id='par_1_3' title="bbox 491 586 2074 672">
     <span class='ocr_line' id='line_1_3' title="bbox 491 586 2074 672; baseline -0.012 -15"><span class='ocrx_word' id='word_1_15' title='bbox 491 600 709 672; x_wconf 86' lang='lat' dir='ltr'><strong>prodest</strong></span> <span class='ocrx_word' id='word_1_16' title='bbox 744 597 887 670; x_wconf 89' lang='lat' dir='ltr'><strong>quod</strong></span> <span class='ocrx_word' id='word_1_17' title='bbox 915 610 1103 652; x_wconf 87' lang='lat' dir='ltr'><strong>avaros</strong></span> <span class='ocrx_word' id='word_1_18' title='bbox 1145 604 1201 650; x_wconf 92' lang='lat' dir='ltr'><strong>et</strong></span> <span class='ocrx_word' id='word_1_19' title='bbox 1228 606 1469 662; x_wconf 79' lang='lat' dir='ltr'><strong>rapaces,</strong></span> <span class='ocrx_word' id='word_1_20' title='bbox 1515 604 1635 645; x_wconf 90' lang='lat' dir='ltr'><strong>cum</strong></span> <span class='ocrx_word' id='word_1_21' title='bbox 1684 587 1873 658; x_wconf 86' lang='lat' dir='ltr'><strong>quibus</strong></span> <span class='ocrx_word' id='word_1_22' title='bbox 1897 586 2074 641; x_wconf 85' lang='lat' dir='ltr'>cibum</span> 
     </span>
    </p>
   </div>
   <div class='ocr_carea' id='block_1_4' title="bbox 492 679 2076 762">
    <p class='ocr_par' dir='ltr' id='par_1_4' title="bbox 492 679 2076 762">
     <span class='ocr_line' id='line_1_4' title="bbox 492 679 2076 762; baseline -0.011 -14"><span class='ocrx_word' id='word_1_23' title='bbox 492 695 628 748; x_wconf 88' lang='lat' dir='ltr'><strong>sumi</strong></span> <span class='ocrx_word' id='word_1_24' title='bbox 676 701 820 749; x_wconf 89' lang='lat' dir='ltr'><strong>vetat</strong></span> <span class='ocrx_word' id='word_1_25' title='bbox 861 690 1166 762; x_wconf 83' lang='lat' dir='ltr'><strong>Apostolus,</strong></span> <span class='ocrx_word' id='word_1_26' title='bbox 1217 684 1377 740; x_wconf 90' lang='lat' dir='ltr'><strong>modo</strong></span> <span class='ocrx_word' id='word_1_27' title='bbox 1421 699 1480 740; x_wconf 89' lang='lat' dir='ltr'><strong>se</strong></span> <span class='ocrx_word' id='word_1_28' title='bbox 1524 682 1608 738; x_wconf 87' lang='lat' dir='ltr'><strong>vel</strong></span> <span class='ocrx_word' id='word_1_29' title='bbox 1657 697 1762 736; x_wconf 92' lang='lat' dir='ltr'><strong>non</strong></span> <span class='ocrx_word' id='word_1_30' title='bbox 1802 679 1999 734; x_wconf 89' lang='lat' dir='ltr'><strong>habere</strong></span> <span class='ocrx_word' id='word_1_31' title='bbox 2026 679 2076 732; x_wconf 93' lang='lat' dir='ltr'><strong>in</strong></span> 
     </span>
    </p>
   </div>
   <div class='ocr_carea' id='block_1_5' title="bbox 493 771 2079 855">
    <p class='ocr_par' dir='ltr' id='par_1_5' title="bbox 493 771 2079 855">
     <span class='ocr_line' id='line_1_5' title="bbox 493 771 2079 855; baseline -0.009 -16"><span class='ocrx_word' id='word_1_32' title='bbox 493 785 900 855; x_wconf 70' lang='lat' dir='ltr'><strong>congregatione</strong></span> <span class='ocrx_word' id='word_1_33' title='bbox 938 795 1051 844; x_wconf 90' lang='lat' dir='ltr'><strong>sua,</strong></span> <span class='ocrx_word' id='word_1_34' title='bbox 1085 778 1170 834; x_wconf 92' lang='lat' dir='ltr'><strong>vel</strong></span> <span class='ocrx_word' id='word_1_35' title='bbox 1201 778 1499 847; x_wconf 87' lang='lat' dir='ltr'><strong>iucognitos</strong></span> <span class='ocrx_word' id='word_1_36' title='bbox 1527 775 1628 830; x_wconf 86' lang='lat' dir='ltr'><strong>sibi</strong></span> <span class='ocrx_word' id='word_1_37' title='bbox 1660 788 1782 828; x_wconf 90' lang='lat' dir='ltr'><strong>esse</strong></span> <span class='ocrx_word' id='word_1_38' title='bbox 1809 771 2079 827; x_wconf 91' lang='lat' dir='ltr'><strong>mentiun-</strong></span> 
     </span>
    </p>
   </div>
   <div class='ocr_carea' id='block_1_6' title="bbox 494 862 2078 944">
    <p class='ocr_par' dir='ltr' id='par_1_6' title="bbox 494 862 2078 944">
     <span class='ocr_line' id='line_1_6' title="bbox 494 862 2078 944; baseline -0.008 -14"><span class='ocrx_word' id='word_1_39' title='bbox 494 886 616 941; x_wconf 88' lang='lat' dir='ltr'><strong>tur;</strong></span> <span class='ocrx_word' id='word_1_40' title='bbox 646 872 1071 944; x_wconf 82' lang='lat' dir='ltr'><strong>quandoquidem</strong></span> <span class='ocrx_word' id='word_1_41' title='bbox 1103 869 1317 925; x_wconf 78' lang='lat' dir='ltr'><strong>luerunt</strong></span> <span class='ocrx_word' id='word_1_42' title='bbox 1353 869 1483 923; x_wconf 91' lang='lat' dir='ltr'><strong>tales</strong></span> <span class='ocrx_word' id='word_1_43' title='bbox 1525 871 1578 921; x_wconf 92' lang='lat' dir='ltr'><strong>in</strong></span> <span class='ocrx_word' id='word_1_44' title='bbox 1612 867 1698 920; x_wconf 92' lang='lat' dir='ltr'><strong>illa</strong></span> <span class='ocrx_word' id='word_1_45' title='bbox 1729 863 1944 919; x_wconf 90' lang='lat' dir='ltr'><strong>unitatis</strong></span> <span class='ocrx_word' id='word_1_46' title='bbox 1974 862 2078 917; x_wconf 85' lang='lat' dir='ltr'><strong>Ec-</strong></span> 
     </span>
    </p>
   </div>
   <div class='ocr_carea' id='block_1_7' title="bbox 495 957 2082 1030">
    <p class='ocr_par' dir='ltr' id='par_1_7' title="bbox 495 957 2082 1030">
     <span class='ocr_line' id='line_1_7' title="bbox 495 957 2082 1030; baseline -0.008 -11"><span class='ocrx_word' id='word_1_47' title='bbox 495 967 676 1030; x_wconf 82' lang='lat' dir='ltr'><strong>clesia,</strong></span> <span class='ocrx_word' id='word_1_48' title='bbox 705 965 843 1019; x_wconf 90' lang='lat' dir='ltr'><strong>unde</strong></span> <span class='ocrx_word' id='word_1_49' title='bbox 869 963 954 1017; x_wconf 90' lang='lat' dir='ltr'><strong>isti</strong></span> <span class='ocrx_word' id='word_1_50' title='bbox 983 971 1205 1018; x_wconf 81' lang='lat' dir='ltr'><strong>exortes</strong></span> <span class='ocrx_word' id='word_1_51' title='bbox 1231 977 1288 1016; x_wconf 88' lang='lat' dir='ltr'><strong>se</strong></span> <span class='ocrx_word' id='word_1_52' title='bbox 1314 961 1392 1015; x_wconf 92' lang='lat' dir='ltr'><strong>sic</strong></span> <span class='ocrx_word' id='word_1_53' title='bbox 1411 961 1637 1029; x_wconf 89' lang='lat' dir='ltr'><strong>jactant,</strong></span> <span class='ocrx_word' id='word_1_54' title='bbox 1675 965 1734 1011; x_wconf 90' lang='lat' dir='ltr'><strong>ut</strong></span> <span class='ocrx_word' id='word_1_55' title='bbox 1757 971 1872 1011; x_wconf 89' lang='lat' dir='ltr'><strong>eam</strong></span> <span class='ocrx_word' id='word_1_56' title='bbox 1907 957 1959 1008; x_wconf 93' lang='lat' dir='ltr'><strong>in</strong></span> <span class='ocrx_word' id='word_1_57' title='bbox 1987 968 2082 1008; x_wconf 88' lang='lat' dir='ltr'><strong>sua</strong></span> 
     </span>
    </p>
   </div>
   <div class='ocr_carea' id='block_1_8' title="bbox 495 1047 2085 1120">
    <p class='ocr_par' dir='ltr' id='par_1_8' title="bbox 495 1047 2085 1120">
     <span class='ocr_line' id='line_1_8' title="bbox 495 1047 2085 1120; baseline -0.009 -11"><span class='ocrx_word' id='word_1_58' title='bbox 495 1058 608 1111; x_wconf 87' lang='lat' dir='ltr'><strong>sola</strong></span> <span class='ocrx_word' id='word_1_59' title='bbox 635 1056 909 1120; x_wconf 72' lang='lat' dir='ltr'><strong>societate,</strong></span> <span class='ocrx_word' id='word_1_60' title='bbox 937 1053 989 1108; x_wconf 89' lang='lat' dir='ltr'><strong>id</strong></span> <span class='ocrx_word' id='word_1_61' title='bbox 1018 1063 1120 1116; x_wconf 90' lang='lat' dir='ltr'><strong>est,</strong></span> <span class='ocrx_word' id='word_1_62' title='bbox 1150 1053 1201 1106; x_wconf 90' lang='lat' dir='ltr'><strong>in</strong></span> <span class='ocrx_word' id='word_1_63' title='bbox 1247 1051 1625 1107; x_wconf 87' lang='lat' dir='ltr'><strong>communione</strong></span> <span class='ocrx_word' id='word_1_64' title='bbox 1655 1047 1842 1102; x_wconf 86' lang='lat' dir='ltr'><strong>Donati</strong></span> <span class='ocrx_word' id='word_1_65' title='bbox 1875 1059 2085 1100; x_wconf 88' lang='lat' dir='ltr'><strong>reman-</strong></span> 
     </span>
    </p>
   </div>
   <div class='ocr_carea' id='block_1_9' title="bbox 496 1138 2086 1216">
    <p class='ocr_par' dir='ltr' id='par_1_9' title="bbox 496 1138 2086 1216">
     <span class='ocr_line' id='line_1_9' title="bbox 496 1138 2086 1216; baseline -0.008 -16"><span class='ocrx_word' id='word_1_66' title='bbox 496 1149 631 1202; x_wconf 87' lang='lat' dir='ltr'><strong>sisse</strong></span> <span class='ocrx_word' id='word_1_67' title='bbox 673 1145 994 1216; x_wconf 84' lang='lat' dir='ltr'><strong>persuadere</strong></span> <span class='ocrx_word' id='word_1_68' title='bbox 1019 1142 1400 1199; x_wconf 86' lang='lat' dir='ltr'><strong>conentur?Si</strong></span> <span class='ocrx_word' id='word_1_69' title='bbox 1454 1141 1596 1195; x_wconf 90' lang='lat' dir='ltr'><strong>enim</strong></span> <span class='ocrx_word' id='word_1_70' title='bbox 1652 1138 1836 1193; x_wconf 87' lang='lat' dir='ltr'><strong>dicunt</strong></span> <span class='ocrx_word' id='word_1_71' title='bbox 1889 1151 1980 1205; x_wconf 89' lang='lat' dir='ltr'><strong>per</strong></span> <span class='ocrx_word' id='word_1_72' title='bbox 2010 1145 2086 1188; x_wconf 87' lang='lat' dir='ltr'><strong>ta-</strong></span> 
     </span>
    </p>
   </div>
   <div class='ocr_carea' id='block_1_10' title="bbox 496 1231 2083 1305">
    <p class='ocr_par' dir='ltr' id='par_1_10' title="bbox 496 1231 2083 1305">
     <span class='ocr_line' id='line_1_10' title="bbox 496 1231 2083 1305; baseline -0.008 -13"><span class='ocrx_word' id='word_1_73' title='bbox 496 1240 622 1292; x_wconf 89' lang='lat' dir='ltr'><strong>lium</strong></span> <span class='ocrx_word' id='word_1_74' title='bbox 660 1237 1087 1293; x_wconf 92' lang='lat' dir='ltr'><strong>communionem</strong></span> <span class='ocrx_word' id='word_1_75' title='bbox 1132 1235 1304 1305; x_wconf 91' lang='lat' dir='ltr'><strong>perire</strong></span> <span class='ocrx_word' id='word_1_76' title='bbox 1355 1231 1678 1292; x_wconf 76' lang='lat' dir='ltr'><strong>Ecclesium,</strong></span> <span class='ocrx_word' id='word_1_77' title='bbox 1713 1244 1810 1284; x_wconf 92' lang='lat' dir='ltr'><strong>cur</strong></span> <span class='ocrx_word' id='word_1_78' title='bbox 1836 1243 1953 1283; x_wconf 91' lang='lat' dir='ltr'><strong>eam</strong></span> <span class='ocrx_word' id='word_1_79' title='bbox 1981 1243 2083 1280; x_wconf 92' lang='lat' dir='ltr'><strong>non</strong></span> 
     </span>
    </p>
   </div>
   <div class='ocr_carea' id='block_1_11' title="bbox 495 1320 2085 1402">
    <p class='ocr_par' dir='ltr' id='par_1_11' title="bbox 495 1320 2085 1402">
     <span class='ocr_line' id='line_1_11' title="bbox 495 1320 2085 1402; baseline -0.011 -15"><span class='ocrx_word' id='word_1_80' title='bbox 495 1333 677 1387; x_wconf 89' lang='lat' dir='ltr'><strong>dicunt</strong></span> <span class='ocrx_word' id='word_1_81' title='bbox 719 1331 830 1402; x_wconf 87' lang='lat' dir='ltr'><strong>jam</strong></span> <span class='ocrx_word' id='word_1_82' title='bbox 859 1329 1110 1401; x_wconf 87' lang='lat' dir='ltr'><strong>Cypriani</strong></span> <span class='ocrx_word' id='word_1_83' title='bbox 1158 1328 1380 1397; x_wconf 89' lang='lat' dir='ltr'><strong>periisse</strong></span> <span class='ocrx_word' id='word_1_84' title='bbox 1425 1320 1790 1394; x_wconf 90' lang='lat' dir='ltr'><strong>temporibus?</strong></span> <span class='ocrx_word' id='word_1_85' title='bbox 1818 1336 1880 1375; x_wconf 87' lang='lat' dir='ltr'><strong>ac</strong></span> <span class='ocrx_word' id='word_1_86' title='bbox 1926 1320 2003 1373; x_wconf 90' lang='lat' dir='ltr'><strong>sic</strong></span> <span class='ocrx_word' id='word_1_87' title='bbox 2033 1327 2085 1371; x_wconf 82' lang='lat' dir='ltr'><strong>et</strong></span> 
     </span>
    </p>
   </div>
   <div class='ocr_carea' id='block_1_12' title="bbox 497 1409 2082 1492">
    <p class='ocr_par' dir='ltr' id='par_1_12' title="bbox 497 1409 2082 1492">
     <span class='ocr_line' id='line_1_12' title="bbox 497 1409 2082 1492; baseline -0.009 -14"><span class='ocrx_word' id='word_1_88' title='bbox 497 1437 595 1492; x_wconf 88' lang='lat' dir='ltr'><strong>per</strong></span> <span class='ocrx_word' id='word_1_89' title='bbox 619 1437 678 1478; x_wconf 86' lang='lat' dir='ltr'><strong>se</strong></span> <span class='ocrx_word' id='word_1_90' title='bbox 702 1424 848 1492; x_wconf 90' lang='lat' dir='ltr'><strong>ipsos</strong></span> <span class='ocrx_word' id='word_1_91' title='bbox 873 1421 1014 1476; x_wconf 90' lang='lat' dir='ltr'><strong>unde</strong></span> <span class='ocrx_word' id='word_1_92' title='bbox 1057 1419 1356 1476; x_wconf 87' lang='lat' dir='ltr'><strong>exstiterint</strong></span> <span class='ocrx_word' id='word_1_93' title='bbox 1381 1432 1487 1471; x_wconf 92' lang='lat' dir='ltr'><strong>non</strong></span> <span class='ocrx_word' id='word_1_94' title='bbox 1522 1415 1870 1476; x_wconf 68' lang='lat' dir='ltr'><strong>invenientes,</strong></span> <span class='ocrx_word' id='word_1_95' title='bbox 1903 1409 2082 1464; x_wconf 89' lang='lat' dir='ltr'><strong>dicere</strong></span> 
     </span>
    </p>
   </div>
   <div class='ocr_carea' id='block_1_13' title="bbox 496 1509 2084 1585">
    <p class='ocr_par' dir='ltr' id='par_1_13' title="bbox 496 1509 2084 1585">
     <span class='ocr_line' id='line_1_13' title="bbox 496 1509 2084 1585; baseline -0.011 -15"><span class='ocrx_word' id='word_1_96' title='bbox 496 1517 743 1572; x_wconf 85' lang='lat' dir='ltr'><strong>desinant</strong></span> <span class='ocrx_word' id='word_1_97' title='bbox 769 1515 905 1585; x_wconf 90' lang='lat' dir='ltr'><strong>apud</strong></span> <span class='ocrx_word' id='word_1_98' title='bbox 933 1530 992 1570; x_wconf 90' lang='lat' dir='ltr'><strong>se</strong></span> <span class='ocrx_word' id='word_1_99' title='bbox 1022 1513 1311 1568; x_wconf 88' lang='lat' dir='ltr'><strong>Ecclesiam</strong></span> <span class='ocrx_word' id='word_1_100' title='bbox 1357 1509 1700 1572; x_wconf 87' lang='lat' dir='ltr'><strong>remansisse,</strong></span> <span class='ocrx_word' id='word_1_101' title='bbox 1729 1519 1886 1576; x_wconf 90' lang='lat' dir='ltr'><strong>quam</strong></span> <span class='ocrx_word' id='word_1_102' title='bbox 1919 1511 2084 1556; x_wconf 90' lang='lat' dir='ltr'><strong>totam</strong></span> 
     </span>
    </p>
   </div>
   <div class='ocr_carea' id='block_1_14' title="bbox 498 1592 2086 1677">
    <p class='ocr_par' dir='ltr' id='par_1_14' title="bbox 498 1592 2086 1677">
     <span class='ocr_line' id='line_1_14' title="bbox 498 1592 2086 1677; baseline -0.01 -15"><span class='ocrx_word' id='word_1_103' title='bbox 498 1608 763 1677; x_wconf 89' lang='lat' dir='ltr'><strong>prioribus</strong></span> <span class='ocrx_word' id='word_1_104' title='bbox 814 1607 1034 1676; x_wconf 87' lang='lat' dir='ltr'><strong>periisse</strong></span> <span class='ocrx_word' id='word_1_105' title='bbox 1078 1602 1405 1672; x_wconf 87' lang='lat' dir='ltr'><strong>temporibus</strong></span> <span class='ocrx_word' id='word_1_106' title='bbox 1451 1600 1655 1655; x_wconf 89' lang='lat' dir='ltr'><strong>dicunt.</strong></span> <span class='ocrx_word' id='word_1_107' title='bbox 1705 1596 1764 1652; x_wconf 90' lang='lat' dir='ltr'><strong>Si</strong></span> <span class='ocrx_word' id='word_1_108' title='bbox 1808 1603 1985 1650; x_wconf 89' lang='lat' dir='ltr'><strong>autem</strong></span> <span class='ocrx_word' id='word_1_109' title='bbox 2033 1592 2086 1646; x_wconf 88' lang='lat' dir='ltr'><strong>in</strong></span> 
     </span>
    </p>
   </div>
   <div class='ocr_carea' id='block_1_15' title="bbox 499 1688 2087 1768">
    <p class='ocr_par' dir='ltr' id='par_1_15' title="bbox 499 1688 2087 1768">
     <span class='ocr_line' id='line_1_15' title="bbox 499 1688 2087 1768; baseline -0.01 -15"><span class='ocrx_word' id='word_1_110' title='bbox 499 1699 654 1753; x_wconf 85' lang='lat' dir='ltr'><strong>bonis</strong></span> <span class='ocrx_word' id='word_1_111' title='bbox 686 1699 876 1768; x_wconf 86' lang='lat' dir='ltr'><strong>quibus</strong></span> <span class='ocrx_word' id='word_1_112' title='bbox 903 1697 1023 1751; x_wconf 90' lang='lat' dir='ltr'><strong>talia</strong></span> <span class='ocrx_word' id='word_1_113' title='bbox 1052 1695 1334 1765; x_wconf 87' lang='lat' dir='ltr'><strong>displicent</strong></span> <span class='ocrx_word' id='word_1_114' title='bbox 1372 1705 1586 1760; x_wconf 85' lang='lat' dir='ltr'><strong>semper</strong></span> <span class='ocrx_word' id='word_1_115' title='bbox 1610 1688 1804 1743; x_wconf 85' lang='lat' dir='ltr'><strong>mansit</strong></span> <span class='ocrx_word' id='word_1_116' title='bbox 1829 1696 1882 1741; x_wconf 92' lang='lat' dir='ltr'><strong>et</strong></span> <span class='ocrx_word' id='word_1_117' title='bbox 1909 1693 2087 1739; x_wconf 88' lang='lat' dir='ltr'><strong>manet</strong></span> 
     </span>
    </p>
   </div>
   <div class='ocr_carea' id='block_1_16' title="bbox 503 1775 2092 1852">
    <p class='ocr_par' dir='ltr' id='par_1_16' title="bbox 503 1775 2092 1852">
     <span class='ocr_line' id='line_1_16' title="bbox 503 1775 2092 1852; baseline -0.006 -10"><span class='ocrx_word' id='word_1_118' title='bbox 503 1798 558 1842; x_wconf 92' lang='lat' dir='ltr'><strong>et</strong></span> <span class='ocrx_word' id='word_1_119' title='bbox 604 1789 838 1844; x_wconf 89' lang='lat' dir='ltr'><strong>manebit</strong></span> <span class='ocrx_word' id='word_1_120' title='bbox 878 1787 1115 1842; x_wconf 85' lang='lat' dir='ltr'><strong>Ecclesia</strong></span> <span class='ocrx_word' id='word_1_121' title='bbox 1149 1803 1161 1836; x_wconf 84' lang='lat'><strong>:</strong></span> <span class='ocrx_word' id='word_1_122' title='bbox 1190 1785 1398 1840; x_wconf 89' lang='lat' dir='ltr'><strong>discant</strong></span> <span class='ocrx_word' id='word_1_123' title='bbox 1423 1783 1506 1837; x_wconf 87' lang='lat' dir='ltr'><strong>isti</strong></span> <span class='ocrx_word' id='word_1_124' title='bbox 1538 1779 1820 1852; x_wconf 89' lang='lat' dir='ltr'><strong>aliquando</strong></span> <span class='ocrx_word' id='word_1_125' title='bbox 1857 1792 1962 1832; x_wconf 90' lang='lat' dir='ltr'><strong>non</strong></span> <span class='ocrx_word' id='word_1_126' title='bbox 2012 1775 2092 1833; x_wconf 92' lang='lat' dir='ltr'><strong>sic</strong></span> 
     </span>
    </p>
   </div>
   <div class='ocr_carea' id='block_1_17' title="bbox 500 1865 2085 1950">
    <p class='ocr_par' dir='ltr' id='par_1_17' title="bbox 500 1865 2085 1950">
     <span class='ocr_line' id='line_1_17' title="bbox 500 1865 2085 1950; baseline -0.009 -17"><span class='ocrx_word' id='word_1_127' title='bbox 500 1880 795 1950; x_wconf 75' lang='lat' dir='ltr'><strong>intelligere</strong></span> <span class='ocrx_word' id='word_1_128' title='bbox 823 1878 964 1948; x_wconf 89' lang='lat' dir='ltr'><strong>quod</strong></span> <span class='ocrx_word' id='word_1_129' title='bbox 991 1879 1063 1931; x_wconf 89' lang='lat' dir='ltr'><strong>ait</strong></span> <span class='ocrx_word' id='word_1_130' title='bbox 1087 1875 1394 1945; x_wconf 89' lang='lat' dir='ltr'><strong>Apostolus,</strong></span> <span class='ocrx_word' id='word_1_131' title='bbox 1424 1873 1630 1944; x_wconf 77' lang='lat' dir='ltr'><strong>Auferte</strong></span> <span class='ocrx_word' id='word_1_132' title='bbox 1650 1870 1838 1923; x_wconf 88' lang='lat' dir='ltr'><strong>malum</strong></span> <span class='ocrx_word' id='word_1_133' title='bbox 1868 1883 1928 1922; x_wconf 81' lang='lat' dir='ltr'><strong>ea:</strong></span> <span class='ocrx_word' id='word_1_134' title='bbox 1947 1865 2085 1920; x_wconf 82' lang='lat' dir='ltr'><strong>vobis</strong></span> 
     </span>
    </p>
   </div>
   <div class='ocr_carea' id='block_1_18' title="bbox 499 1957 2088 2041">
    <p class='ocr_par' dir='ltr' id='par_1_18' title="bbox 499 1957 2088 2041">
     <span class='ocr_line' id='line_1_18' title="bbox 499 1957 2088 2041; baseline -0.008 -18"><span class='ocrx_word' id='word_1_135' title='bbox 499 1971 662 2041; x_wconf 86' lang='lat' dir='ltr'><strong>ipsis;</strong></span> <span class='ocrx_word' id='word_1_136' title='bbox 695 1977 749 2023; x_wconf 93' lang='lat' dir='ltr'><strong>ut</strong></span> <span class='ocrx_word' id='word_1_137' title='bbox 796 1984 893 2038; x_wconf 92' lang='lat' dir='ltr'><strong>per</strong></span> <span class='ocrx_word' id='word_1_138' title='bbox 937 1969 1222 2022; x_wconf 86' lang='lat' dir='ltr'><strong>schismata</strong></span> <span class='ocrx_word' id='word_1_139' title='bbox 1264 1972 1520 2020; x_wconf 89' lang='lat' dir='ltr'><strong>conantes</strong></span> <span class='ocrx_word' id='word_1_140' title='bbox 1563 1960 1815 2029; x_wconf 84' lang='lat' dir='ltr'><strong>colligere</strong></span> <span class='ocrx_word' id='word_1_141' title='bbox 1846 1957 2088 2018; x_wconf 83' lang='lat' dir='ltr'><strong>zizania.</strong></span> 
     </span>
    </p>
   </div>
   <div class='ocr_carea' id='block_1_19' title="bbox 501 2050 2093 2121">
    <p class='ocr_par' dir='ltr' id='par_1_19' title="bbox 501 2050 2093 2121">
     <span class='ocr_line' id='line_1_19' title="bbox 501 2050 2093 2121; baseline -0.008 -6"><span class='ocrx_word' id='word_1_142' title='bbox 501 2059 774 2115; x_wconf 88' lang='lat' dir='ltr'><strong>eradicent</strong></span> <span class='ocrx_word' id='word_1_143' title='bbox 809 2059 965 2113; x_wconf 91' lang='lat' dir='ltr'><strong>simul</strong></span> <span class='ocrx_word' id='word_1_144' title='bbox 991 2066 1046 2113; x_wconf 89' lang='lat' dir='ltr'><strong>et</strong></span> <span class='ocrx_word' id='word_1_145' title='bbox 1093 2058 1345 2112; x_wconf 81' lang='lat' dir='ltr'><strong>triticum.</strong></span> <span class='ocrx_word' id='word_1_146' title='bbox 1379 2056 1509 2121; x_wconf 70' lang='lat' dir='ltr'><strong>Qum</strong></span> <span class='ocrx_word' id='word_1_147' title='bbox 1548 2053 1724 2106; x_wconf 89' lang='lat' dir='ltr'><strong>omnia</strong></span> <span class='ocrx_word' id='word_1_148' title='bbox 1754 2051 1824 2104; x_wconf 88' lang='lat' dir='ltr'><strong>ita</strong></span> <span class='ocrx_word' id='word_1_149' title='bbox 1854 2050 2093 2117; x_wconf 80' lang='lat' dir='ltr'><strong>disputa-</strong></span> 
     </span>
    </p>
   </div>
   <div class='ocr_carea' id='block_1_20' title="bbox 502 2144 2091 2219">
    <p class='ocr_par' dir='ltr' id='par_1_20' title="bbox 502 2144 2091 2219">
     <span class='ocr_line' id='line_1_20' title="bbox 502 2144 2091 2219; baseline -0.008 -12"><span class='ocrx_word' id='word_1_150' title='bbox 502 2167 644 2217; x_wconf 87' lang='lat' dir='ltr'><strong>mus,</strong></span> <span class='ocrx_word' id='word_1_151' title='bbox 673 2161 733 2206; x_wconf 91' lang='lat' dir='ltr'><strong>ut</strong></span> <span class='ocrx_word' id='word_1_152' title='bbox 759 2151 1097 2205; x_wconf 89' lang='lat' dir='ltr'><strong>meminerint</strong></span> <span class='ocrx_word' id='word_1_153' title='bbox 1121 2150 1207 2219; x_wconf 90' lang='lat' dir='ltr'><strong>qui</strong></span> <span class='ocrx_word' id='word_1_154' title='bbox 1237 2149 1350 2202; x_wconf 72' lang='lat' dir='ltr'><strong>lucc</strong></span> <span class='ocrx_word' id='word_1_155' title='bbox 1381 2148 1560 2216; x_wconf 85' lang='lat' dir='ltr'><strong>legunt</strong></span> <span class='ocrx_word' id='word_1_156' title='bbox 1587 2145 1670 2200; x_wconf 86' lang='lat' dir='ltr'><strong>vel</strong></span> <span class='ocrx_word' id='word_1_157' title='bbox 1701 2144 1943 2208; x_wconf 88' lang='lat' dir='ltr'><strong>audiunt,</strong></span> <span class='ocrx_word' id='word_1_158' title='bbox 1987 2157 2091 2195; x_wconf 84' lang='lat' dir='ltr'><strong>non</strong></span> 
     </span>
    </p>
   </div>
   <div class='ocr_carea' id='block_1_21' title="bbox 499 2234 2094 2311">
    <p class='ocr_par' dir='ltr' id='par_1_21' title="bbox 499 2234 2094 2311">
     <span class='ocr_line' id='line_1_21' title="bbox 499 2234 2094 2311; baseline -0.007 -13"><span class='ocrx_word' id='word_1_159' title='bbox 499 2257 600 2298; x_wconf 87' lang='lat' dir='ltr'><strong>eos</strong></span> <span class='ocrx_word' id='word_1_160' title='bbox 627 2241 867 2311; x_wconf 90' lang='lat' dir='ltr'><strong>potuisse</strong></span> <span class='ocrx_word' id='word_1_161' title='bbox 898 2256 1126 2311; x_wconf 87' lang='lat' dir='ltr'><strong>unquam</strong></span> <span class='ocrx_word' id='word_1_162' title='bbox 1167 2239 1560 2302; x_wconf 88' lang='lat' dir='ltr'><strong>demonstrare,</strong></span> <span class='ocrx_word' id='word_1_163' title='bbox 1589 2236 1704 2290; x_wconf 70' lang='lat' dir='ltr'><strong>sive</strong></span> <span class='ocrx_word' id='word_1_164' title='bbox 1735 2234 1824 2288; x_wconf 86' lang='lat' dir='ltr'><strong>illo</strong></span> <span class='ocrx_word' id='word_1_165' title='bbox 1854 2243 2094 2302; x_wconf 88' lang='lat' dir='ltr'><strong>tempore</strong></span> 
     </span>
    </p>
   </div>
   <div class='ocr_carea' id='block_1_22' title="bbox 503 2325 2086 2397">
    <p class='ocr_par' dir='ltr' id='par_1_22' title="bbox 503 2325 2086 2397">
     <span class='ocr_line' id='line_1_22' title="bbox 503 2325 2086 2397; baseline -0.008 -7"><span class='ocrx_word' id='word_1_166' title='bbox 503 2349 625 2390; x_wconf 90' lang='lat' dir='ltr'><strong>cum</strong></span> <span class='ocrx_word' id='word_1_167' title='bbox 657 2335 1019 2390; x_wconf 86' lang='lat' dir='ltr'><strong>recentissima</strong></span> <span class='ocrx_word' id='word_1_168' title='bbox 1050 2333 1269 2388; x_wconf 59' lang='lat' dir='ltr'><strong>haeresis</strong></span> <span class='ocrx_word' id='word_1_169' title='bbox 1293 2340 1428 2397; x_wconf 88' lang='lat' dir='ltr'><strong>erat,</strong></span> <span class='ocrx_word' id='word_1_170' title='bbox 1461 2331 1573 2385; x_wconf 86' lang='lat' dir='ltr'><strong>sive</strong></span> <span class='ocrx_word' id='word_1_171' title='bbox 1610 2343 1751 2383; x_wconf 90' lang='lat' dir='ltr'><strong>nunc</strong></span> <span class='ocrx_word' id='word_1_172' title='bbox 1771 2342 1892 2380; x_wconf 92' lang='lat' dir='ltr'><strong>cum</strong></span> <span class='ocrx_word' id='word_1_173' title='bbox 1922 2325 2086 2379; x_wconf 89' lang='lat' dir='ltr'><strong>multo</strong></span> 
     </span>
    </p>
   </div>
   <div class='ocr_carea' id='block_1_23' title="bbox 507 2417 2095 2482">
    <p class='ocr_par' dir='ltr' id='par_1_23' title="bbox 507 2417 2095 2482">
     <span class='ocr_line' id='line_1_23' title="bbox 507 2417 2095 2482; baseline -0.006 -2"><span class='ocrx_word' id='word_1_174' title='bbox 507 2427 746 2482; x_wconf 79' lang='lat' dir='ltr'><strong>ﬁrmiore</strong></span> <span class='ocrx_word' id='word_1_175' title='bbox 794 2427 1108 2480; x_wconf 83' lang='lat' dir='ltr'><strong>innocentiae</strong></span> <span class='ocrx_word' id='word_1_176' title='bbox 1153 2423 1475 2479; x_wconf 89' lang='lat' dir='ltr'><strong>conscientia</strong></span> <span class='ocrx_word' id='word_1_177' title='bbox 1521 2422 1621 2477; x_wconf 91' lang='lat' dir='ltr'><strong>sibi</strong></span> <span class='ocrx_word' id='word_1_178' title='bbox 1668 2429 1809 2475; x_wconf 87' lang='lat' dir='ltr'><strong>tetus</strong></span> <span class='ocrx_word' id='word_1_179' title='bbox 1855 2417 2001 2473; x_wconf 90' lang='lat' dir='ltr'><strong>orbis</strong></span> <span class='ocrx_word' id='word_1_180' title='bbox 2043 2418 2095 2470; x_wconf 90' lang='lat' dir='ltr'><strong>in</strong></span> 
     </span>
    </p>
   </div>
   <div class='ocr_carea' id='block_1_24' title="bbox 503 2499 2096 2577">
    <p class='ocr_par' dir='ltr' id='par_1_24' title="bbox 503 2499 2096 2577">
     <span class='ocr_line' id='line_1_24' title="bbox 503 2499 2096 2577; baseline -0.007 -11"><span class='ocrx_word' id='word_1_181' title='bbox 503 2511 763 2566; x_wconf 87' lang='lat' dir='ltr'><strong>catholica</strong></span> <span class='ocrx_word' id='word_1_182' title='bbox 796 2510 1036 2565; x_wconf 74' lang='lat' dir='ltr'><strong>Ecclesia</strong></span> <span class='ocrx_word' id='word_1_183' title='bbox 1064 2507 1350 2564; x_wconf 84' lang='lat' dir='ltr'><strong>christiana</strong></span> <span class='ocrx_word' id='word_1_184' title='bbox 1383 2522 1513 2577; x_wconf 88' lang='lat' dir='ltr'><strong>pace</strong></span> <span class='ocrx_word' id='word_1_185' title='bbox 1535 2504 1891 2566; x_wconf 89' lang='lat' dir='ltr'><strong>connectitur,</strong></span> <span class='ocrx_word' id='word_1_186' title='bbox 1923 2499 2096 2557; x_wconf 61' lang='lat' dir='ltr'><strong>Caici-</strong></span> 
     </span>
    </p>
   </div>
   <div class='ocr_carea' id='block_1_25' title="bbox 507 2593 2098 2673">
    <p class='ocr_par' dir='ltr' id='par_1_25' title="bbox 507 2593 2098 2673">
     <span class='ocr_line' id='line_1_25' title="bbox 507 2593 2098 2673; baseline -0.006 -16"><span class='ocrx_word' id='word_1_187' title='bbox 507 2601 706 2658; x_wconf 83' lang='lat' dir='ltr'><strong>lianum</strong></span> <span class='ocrx_word' id='word_1_188' title='bbox 731 2603 815 2658; x_wconf 92' lang='lat' dir='ltr'><strong>vel</strong></span> <span class='ocrx_word' id='word_1_189' title='bbox 853 2617 948 2658; x_wconf 90' lang='lat' dir='ltr'><strong>eos</strong></span> <span class='ocrx_word' id='word_1_190' title='bbox 977 2601 1065 2673; x_wconf 90' lang='lat' dir='ltr'><strong>qui</strong></span> <span class='ocrx_word' id='word_1_191' title='bbox 1092 2602 1141 2656; x_wconf 91' lang='lat' dir='ltr'><strong>ei</strong></span> <span class='ocrx_word' id='word_1_192' title='bbox 1170 2601 1512 2657; x_wconf 89' lang='lat' dir='ltr'><strong>concorditer</strong></span> <span class='ocrx_word' id='word_1_193' title='bbox 1553 2597 1902 2661; x_wconf 66' lang='lat' dir='ltr'><strong>inhaerebant,</strong></span> <span class='ocrx_word' id='word_1_194' title='bbox 1936 2593 2098 2649; x_wconf 80' lang='lat' dir='ltr'><strong>fuisse</strong></span> 
     </span>
    </p>
   </div>
   <div class='ocr_carea' id='block_1_26' title="bbox 506 2685 2102 2763">
    <p class='ocr_par' dir='ltr' id='par_1_26' title="bbox 506 2685 2102 2763">
     <span class='ocr_line' id='line_1_26' title="bbox 506 2685 2102 2763; baseline -0.008 -13"><span class='ocrx_word' id='word_1_195' title='bbox 506 2694 730 2750; x_wconf 78' lang='lat' dir='ltr'><strong>zizania.</strong></span> <span class='ocrx_word' id='word_1_196' title='bbox 759 2693 864 2750; x_wconf 89' lang='lat' dir='ltr'><strong>Sed</strong></span> <span class='ocrx_word' id='word_1_197' title='bbox 889 2705 942 2748; x_wconf 92' lang='lat' dir='ltr'><strong>ut</strong></span> <span class='ocrx_word' id='word_1_198' title='bbox 972 2708 1192 2749; x_wconf 87' lang='lat' dir='ltr'><strong>securus</strong></span> <span class='ocrx_word' id='word_1_199' title='bbox 1221 2693 1584 2763; x_wconf 89' lang='lat' dir='ltr'><strong>unusquisque</strong></span> <span class='ocrx_word' id='word_1_200' title='bbox 1613 2691 1666 2744; x_wconf 95' lang='lat' dir='ltr'><strong>in</strong></span> <span class='ocrx_word' id='word_1_201' title='bbox 1694 2695 1891 2744; x_wconf 75' lang='lat' dir='ltr'><strong>sanet-.1:</strong></span> <span class='ocrx_word' id='word_1_202' title='bbox 1919 2685 2102 2740; x_wconf 83' lang='lat' dir='ltr'><strong>Eccle-</strong></span> 
     </span>
    </p>
   </div>
   <div class='ocr_carea' id='block_1_27' title="bbox 507 2779 2100 2855">
    <p class='ocr_par' dir='ltr' id='par_1_27' title="bbox 507 2779 2100 2855">
     <span class='ocr_line' id='line_1_27' title="bbox 507 2779 2100 2855; baseline -0.006 -15"><span class='ocrx_word' id='word_1_203' title='bbox 507 2787 603 2841; x_wconf 87' lang='lat' dir='ltr'><strong>siae</strong></span> <span class='ocrx_word' id='word_1_204' title='bbox 625 2787 825 2841; x_wconf 89' lang='lat' dir='ltr'><strong>unitate</strong></span> <span class='ocrx_word' id='word_1_205' title='bbox 850 2795 1176 2855; x_wconf 83' lang='lat' dir='ltr'><strong>permaneat,</strong></span> <span class='ocrx_word' id='word_1_206' title='bbox 1201 2794 1253 2838; x_wconf 90' lang='lat' dir='ltr'><strong>et</strong></span> <span class='ocrx_word' id='word_1_207' title='bbox 1277 2784 1516 2854; x_wconf 83' lang='lat' dir='ltr'><strong>ejusdem</strong></span> <span class='ocrx_word' id='word_1_208' title='bbox 1557 2780 1773 2836; x_wconf 90' lang='lat' dir='ltr'><strong>unitatis</strong></span> <span class='ocrx_word' id='word_1_209' title='bbox 1797 2779 2100 2832; x_wconf 88' lang='lat' dir='ltr'><strong>desertores</strong></span> 
     </span>
    </p>
   </div>
   <div class='ocr_carea' id='block_1_28' title="bbox 416 2866 2101 2947">
    <p class='ocr_par' dir='ltr' id='par_1_28' title="bbox 416 2866 2101 2947">
     <span class='ocr_line' id='line_1_28' title="bbox 416 2866 2101 2947; baseline -0.008 -12"><span class='ocrx_word' id='word_1_210' title='bbox 416 2923 425 2935; x_wconf 89' lang='lat'><strong>.</strong></span> <span class='ocrx_word' id='word_1_211' title='bbox 509 2894 580 2933; x_wconf 85' lang='lat' dir='ltr'><strong>ne</strong></span> <span class='ocrx_word' id='word_1_212' title='bbox 606 2893 726 2933; x_wconf 91' lang='lat' dir='ltr'><strong>cum</strong></span> <span class='ocrx_word' id='word_1_213' title='bbox 754 2879 832 2932; x_wconf 90' lang='lat' dir='ltr'><strong>eis</strong></span> <span class='ocrx_word' id='word_1_214' title='bbox 857 2886 1041 2947; x_wconf 89' lang='lat' dir='ltr'><strong>pereat</strong></span> <span class='ocrx_word' id='word_1_215' title='bbox 1061 2892 1166 2931; x_wconf 90' lang='lat' dir='ltr'><strong>non</strong></span> <span class='ocrx_word' id='word_1_216' title='bbox 1189 2886 1457 2944; x_wconf 91' lang='lat' dir='ltr'><strong>sequatur,</strong></span> <span class='ocrx_word' id='word_1_217' title='bbox 1488 2874 1588 2928; x_wconf 93' lang='lat' dir='ltr'><strong>hoc</strong></span> <span class='ocrx_word' id='word_1_218' title='bbox 1608 2871 1864 2934; x_wconf 90' lang='lat' dir='ltr'><strong>dicimus;</strong></span> <span class='ocrx_word' id='word_1_219' title='bbox 1905 2867 2026 2936; x_wconf 88' lang='lat' dir='ltr'><strong>quia</strong></span> <span class='ocrx_word' id='word_1_220' title='bbox 2056 2866 2101 2922; x_wconf 90' lang='lat' dir='ltr'><strong>si</strong></span> 
     </span>
    </p>
   </div>
   <div class='ocr_carea' id='block_1_29' title="bbox 511 2959 2099 3036">
    <p class='ocr_par' dir='ltr' id='par_1_29' title="bbox 511 2959 2099 3036">
     <span class='ocr_line' id='line_1_29' title="bbox 511 2959 2099 3036; baseline -0.009 -12"><span class='ocrx_word' id='word_1_221' title='bbox 511 2969 739 3026; x_wconf 80' lang='lat' dir='ltr'><strong>fuissent</strong></span> <span class='ocrx_word' id='word_1_222' title='bbox 764 2969 838 3023; x_wconf 89' lang='lat' dir='ltr'><strong>illi</strong></span> <span class='ocrx_word' id='word_1_223' title='bbox 868 2968 1091 3030; x_wconf 85' lang='lat' dir='ltr'><strong>zizania,</strong></span> <span class='ocrx_word' id='word_1_224' title='bbox 1119 2967 1334 3022; x_wconf 89' lang='lat' dir='ltr'><strong>tolerari</strong></span> <span class='ocrx_word' id='word_1_225' title='bbox 1365 2966 1536 3036; x_wconf 90' lang='lat' dir='ltr'><strong>potius</strong></span> <span class='ocrx_word' id='word_1_226' title='bbox 1564 2976 1733 3033; x_wconf 90' lang='lat' dir='ltr'><strong>usque</strong></span> <span class='ocrx_word' id='word_1_227' title='bbox 1759 2959 1825 3013; x_wconf 91' lang='lat' dir='ltr'><strong>ad</strong></span> <span class='ocrx_word' id='word_1_228' title='bbox 1847 2972 2099 3024; x_wconf 90' lang='lat' dir='ltr'><strong>messem,</strong></span> 
     </span>
    </p>
   </div>
   <div class='ocr_carea' id='block_1_30' title="bbox 511 3049 2102 3130">
    <p class='ocr_par' dir='ltr' id='par_1_30' title="bbox 511 3049 2102 3130">
     <span class='ocr_line' id='line_1_30' title="bbox 511 3049 2102 3130; baseline -0.008 -17"><span class='ocrx_word' id='word_1_229' title='bbox 511 3075 670 3130; x_wconf 91' lang='lat' dir='ltr'><strong>quam</strong></span> <span class='ocrx_word' id='word_1_230' title='bbox 703 3060 937 3128; x_wconf 90' lang='lat' dir='ltr'><strong>pernicie</strong></span> <span class='ocrx_word' id='word_1_231' title='bbox 979 3057 1283 3113; x_wconf 88' lang='lat' dir='ltr'><strong>schismatis</strong></span> <span class='ocrx_word' id='word_1_232' title='bbox 1322 3054 1603 3112; x_wconf 89' lang='lat' dir='ltr'><strong>cradicatis</strong></span> <span class='ocrx_word' id='word_1_233' title='bbox 1632 3049 1916 3107; x_wconf 75' lang='lat' dir='ltr'><strong>frumentis</strong></span> <span class='ocrx_word' id='word_1_234' title='bbox 1942 3063 2102 3119; x_wconf 89' lang='lat' dir='ltr'><strong>sepa-</strong></span> 
     </span>
    </p>
   </div>
   <div class='ocr_carea' id='block_1_31' title="bbox 515 3152 971 3207">
    <p class='ocr_par' dir='ltr' id='par_1_31' title="bbox 515 3152 971 3207">
     <span class='ocr_line' id='line_1_31' title="bbox 515 3152 971 3207; baseline -0.004 -1"><span class='ocrx_word' id='word_1_235' title='bbox 515 3153 622 3206; x_wconf 89' lang='lat' dir='ltr'><strong>rari</strong></span> <span class='ocrx_word' id='word_1_236' title='bbox 653 3152 971 3207; x_wconf 87' lang='lat' dir='ltr'><strong>debuerunt.</strong></span> 
     </span>
    </p>
   </div>
   <div class='ocr_carea' id='block_1_32' title="bbox 503 3237 2101 3312">
    <p class='ocr_par' dir='ltr' id='par_1_32' title="bbox 503 3237 2101 3312">
     <span class='ocr_line' id='line_1_32' title="bbox 503 3237 2101 3312; baseline -0.001 -16"><span class='ocrx_word' id='word_1_237' title='bbox 503 3299 530 3312; x_wconf 35' lang='lat'>\</span> <span class='ocrx_word' id='word_1_238' title='bbox 589 3241 676 3296; x_wconf 74' lang='grc'><strong>12.</strong></span> <span class='ocrx_word' id='word_1_239' title='bbox 718 3241 824 3296; x_wconf 89' lang='lat' dir='ltr'><strong>Sed</strong></span> <span class='ocrx_word' id='word_1_240' title='bbox 851 3241 994 3296; x_wconf 91' lang='lat' dir='ltr'><strong>dicet</strong></span> <span class='ocrx_word' id='word_1_241' title='bbox 1034 3239 1224 3310; x_wconf 89' lang='lat' dir='ltr'><strong>aliquis</strong></span> <span class='ocrx_word' id='word_1_242' title='bbox 1252 3257 1265 3293; x_wconf 92' lang='lat'><strong>:</strong></span> <span class='ocrx_word' id='word_1_243' title='bbox 1296 3237 1572 3306; x_wconf 85' lang='lat' dir='ltr'><strong>Quomodo</strong></span> <span class='ocrx_word' id='word_1_244' title='bbox 1601 3239 1928 3309; x_wconf 65' lang='lat' dir='ltr'><strong>principienti</strong></span> <span class='ocrx_word' id='word_1_245' title='bbox 1959 3241 2101 3310; x_wconf 88' lang='lat' dir='ltr'><strong>Apo-</strong></span> 
     </span>
    </p>
   </div>
   <div class='ocr_carea' id='block_1_33' title="bbox 514 3329 2105 3401">
    <p class='ocr_par' dir='ltr' id='par_1_33' title="bbox 514 3329 2105 3401">
     <span class='ocr_line' id='line_1_33' title="bbox 514 3329 2105 3401; baseline 0 -15"><span class='ocrx_word' id='word_1_246' title='bbox 514 3331 654 3386; x_wconf 83' lang='lat' dir='ltr'><strong>stolo</strong></span> <span class='ocrx_word' id='word_1_247' title='bbox 680 3331 970 3401; x_wconf 86' lang='lat' dir='ltr'><strong>poterimus</strong></span> <span class='ocrx_word' id='word_1_248' title='bbox 1011 3330 1250 3395; x_wconf 86' lang='lat' dir='ltr'><strong>obedire,</strong></span> <span class='ocrx_word' id='word_1_249' title='bbox 1280 3329 1370 3399; x_wconf 93' lang='lat' dir='ltr'><strong>qui</strong></span> <span class='ocrx_word' id='word_1_250' title='bbox 1399 3337 1541 3384; x_wconf 89' lang='lat' dir='ltr'><strong>vetat</strong></span> <span class='ocrx_word' id='word_1_251' title='bbox 1568 3344 1689 3384; x_wconf 92' lang='lat' dir='ltr'><strong>cum</strong></span> <span class='ocrx_word' id='word_1_252' title='bbox 1717 3331 1976 3400; x_wconf 86' lang='lat' dir='ltr'><strong>ejusmodi</strong></span> <span class='ocrx_word' id='word_1_253' title='bbox 2008 3345 2105 3386; x_wconf 87' lang='lat' dir='ltr'><strong>nec</strong></span> 
     </span>
    </p>
   </div>
   <div class='ocr_carea' id='block_1_34' title="bbox 516 3420 2107 3492">
    <p class='ocr_par' dir='ltr' id='par_1_34' title="bbox 516 3420 2107 3492">
     <span class='ocr_line' id='line_1_34' title="bbox 516 3420 2107 3492; baseline 0.002 -17"><span class='ocrx_word' id='word_1_254' title='bbox 516 3422 734 3492; x_wconf 81' lang='lat' dir='ltr'><strong>quidem</strong></span> <span class='ocrx_word' id='word_1_255' title='bbox 775 3422 951 3478; x_wconf 89' lang='lat' dir='ltr'><strong>cibum</strong></span> <span class='ocrx_word' id='word_1_256' title='bbox 981 3421 1139 3476; x_wconf 88' lang='lat' dir='ltr'><strong>simul</strong></span> <span class='ocrx_word' id='word_1_257' title='bbox 1182 3422 1437 3476; x_wconf 86' lang='lat' dir='ltr'><strong>sumere?</strong></span> <span class='ocrx_word' id='word_1_258' title='bbox 1464 3420 1521 3476; x_wconf 93' lang='lat' dir='ltr'><strong>Si</strong></span> <span class='ocrx_word' id='word_1_259' title='bbox 1563 3421 1706 3478; x_wconf 91' lang='lat' dir='ltr'><strong>enim</strong></span> <span class='ocrx_word' id='word_1_260' title='bbox 1733 3425 1902 3479; x_wconf 81' lang='lat' dir='ltr'><strong>solam</strong></span> <span class='ocrx_word' id='word_1_261' title='bbox 1930 3423 2107 3479; x_wconf 87' lang='lat' dir='ltr'><strong>cordis</strong></span> 
     </span>
    </p>
   </div>
   <div class='ocr_carea' id='block_1_35' title="bbox 518 3512 2103 3586">
    <p class='ocr_par' dir='ltr' id='par_1_35' title="bbox 518 3512 2103 3586">
     <span class='ocr_line' id='line_1_35' title="bbox 518 3512 2103 3586; baseline 0.002 -18"><span class='ocrx_word' id='word_1_262' title='bbox 518 3514 908 3584; x_wconf 87' lang='lat' dir='ltr'><strong>separationem</strong></span> <span class='ocrx_word' id='word_1_263' title='bbox 935 3513 1003 3568; x_wconf 93' lang='lat' dir='ltr'><strong>ab</strong></span> <span class='ocrx_word' id='word_1_264' title='bbox 1029 3514 1110 3568; x_wconf 88' lang='lat' dir='ltr'><strong>eis</strong></span> <span class='ocrx_word' id='word_1_265' title='bbox 1136 3512 1428 3568; x_wconf 80' lang='lat' dir='ltr'><strong>faciendam</strong></span> <span class='ocrx_word' id='word_1_266' title='bbox 1473 3529 1592 3569; x_wconf 90' lang='lat' dir='ltr'><strong>esse</strong></span> <span class='ocrx_word' id='word_1_267' title='bbox 1632 3517 1962 3586; x_wconf 63' lang='lat' dir='ltr'><strong>praeciperet,</strong></span> <span class='ocrx_word' id='word_1_268' title='bbox 1996 3533 2103 3571; x_wconf 91' lang='lat' dir='ltr'><strong>non</strong></span> 
     </span>
    </p>
   </div>
   <div class='ocr_carea' id='block_1_36' title="bbox 518 3605 2106 3680">
    <p class='ocr_par' dir='ltr' id='par_1_36' title="bbox 518 3605 2106 3680">
     <span class='ocr_line' id='line_1_36' title="bbox 518 3605 2106 3680; baseline 0.001 -20"><span class='ocrx_word' id='word_1_269' title='bbox 518 3606 740 3672; x_wconf 75' lang='lat' dir='ltr'><strong>diceret,</strong></span> <span class='ocrx_word' id='word_1_270' title='bbox 770 3605 966 3676; x_wconf 86' lang='lat' dir='ltr'><strong>Scripsi</strong></span> <span class='ocrx_word' id='word_1_271' title='bbox 999 3605 1134 3660; x_wconf 81' lang='lat' dir='ltr'><strong>vobis</strong></span> <span class='ocrx_word' id='word_1_272' title='bbox 1168 3605 1221 3659; x_wconf 87' lang='lat' dir='ltr'><strong>in</strong></span> <span class='ocrx_word' id='word_1_273' title='bbox 1246 3605 1456 3674; x_wconf 87' lang='lat' dir='ltr'><strong>epistola</strong></span> <span class='ocrx_word' id='word_1_274' title='bbox 1481 3621 1582 3660; x_wconf 85' lang='lat' dir='ltr'><strong>non</strong></span> <span class='ocrx_word' id='word_1_275' title='bbox 1611 3609 1921 3664; x_wconf 73' lang='lat' dir='ltr'><strong>commisceri</strong></span> <span class='ocrx_word' id='word_1_276' title='bbox 1942 3609 2106 3680; x_wconf 82' lang='lat' dir='ltr'><strong>forni-</strong></span> 
     </span>
    </p>
   </div>
   <div class='ocr_carea' id='block_1_37' title="bbox 520 3698 2110 3770">
    <p class='ocr_par' dir='ltr' id='par_1_37' title="bbox 520 3698 2110 3770">
     <span class='ocr_line' id='line_1_37' title="bbox 520 3698 2110 3770; baseline 0 -16"><span class='ocrx_word' id='word_1_277' title='bbox 520 3700 692 3768; x_wconf 85' lang='lat' dir='ltr'><strong>cariis,</strong></span> <span class='ocrx_word' id='word_1_278' title='bbox 726 3715 827 3754; x_wconf 89' lang='lat' dir='ltr'><strong>non</strong></span> <span class='ocrx_word' id='word_1_279' title='bbox 870 3701 1040 3770; x_wconf 81' lang='lat' dir='ltr'><strong>utique</strong></span> <span class='ocrx_word' id='word_1_280' title='bbox 1067 3698 1353 3770; x_wconf 79' lang='lat' dir='ltr'><strong>fornicariis</strong></span> <span class='ocrx_word' id='word_1_281' title='bbox 1381 3698 1532 3770; x_wconf 80' lang='lat' dir='ltr'><strong>hujus</strong></span> <span class='ocrx_word' id='word_1_282' title='bbox 1571 3699 1748 3752; x_wconf 89' lang='lat' dir='ltr'><strong>mundi</strong></span> <span class='ocrx_word' id='word_1_283' title='bbox 1769 3716 1787 3765; x_wconf 88' lang='lat'><strong><em>;</em></strong></span> <span class='ocrx_word' id='word_1_284' title='bbox 1818 3699 1869 3753; x_wconf 92' lang='lat' dir='ltr'><strong>id</strong></span> <span class='ocrx_word' id='word_1_285' title='bbox 1899 3709 2001 3764; x_wconf 91' lang='lat' dir='ltr'><strong>est,</strong></span> <span class='ocrx_word' id='word_1_286' title='bbox 2032 3700 2110 3754; x_wconf 84' lang='lat' dir='ltr'><strong>eis</strong></span> 
     </span>
    </p>
   </div>
   <div class='ocr_carea' id='block_1_38' title="bbox 519 3789 2111 3863">
    <p class='ocr_par' dir='ltr' id='par_1_38' title="bbox 519 3789 2111 3863">
     <span class='ocr_line' id='line_1_38' title="bbox 519 3789 2111 3863; baseline -0.001 -18"><span class='ocrx_word' id='word_1_287' title='bbox 519 3792 611 3863; x_wconf 90' lang='lat' dir='ltr'><strong>qui</strong></span> <span class='ocrx_word' id='word_1_288' title='bbox 639 3791 914 3847; x_wconf 89' lang='lat' dir='ltr'><strong>christiani</strong></span> <span class='ocrx_word' id='word_1_289' title='bbox 942 3806 1048 3845; x_wconf 92' lang='lat' dir='ltr'><strong>non</strong></span> <span class='ocrx_word' id='word_1_290' title='bbox 1076 3797 1278 3855; x_wconf 88' lang='lat' dir='ltr'><strong>essent,</strong></span> <span class='ocrx_word' id='word_1_291' title='bbox 1306 3789 1373 3844; x_wconf 90' lang='lat' dir='ltr'><strong>de</strong></span> <span class='ocrx_word' id='word_1_292' title='bbox 1399 3789 1588 3859; x_wconf 92' lang='lat' dir='ltr'><strong>quibus</strong></span> <span class='ocrx_word' id='word_1_293' title='bbox 1611 3799 1798 3859; x_wconf 89' lang='lat' dir='ltr'><strong>postea</strong></span> <span class='ocrx_word' id='word_1_294' title='bbox 1824 3790 1970 3856; x_wconf 89' lang='lat' dir='ltr'><strong>dicit,</strong></span> <span class='ocrx_word' id='word_1_295' title='bbox 1999 3789 2111 3857; x_wconf 84' lang='lat' dir='ltr'><strong>Quo</strong></span> 
     </span>
    </p>
   </div>
   <div class='ocr_carea' id='block_1_39' title="bbox 519 3881 2112 3954">
    <p class='ocr_par' dir='ltr' id='par_1_39' title="bbox 519 3881 2112 3954">
     <span class='ocr_line' id='line_1_39' title="bbox 519 3881 2112 3954; baseline -0.002 -15"><span class='ocrx_word' id='word_1_296' title='bbox 519 3886 652 3939; x_wconf 81' lang='lat' dir='ltr'><strong>enim</strong></span> <span class='ocrx_word' id='word_1_297' title='bbox 683 3885 806 3938; x_wconf 89' lang='lat' dir='ltr'><strong>mihi</strong></span> <span class='ocrx_word' id='word_1_298' title='bbox 833 3883 895 3938; x_wconf 83' lang='lat' dir='ltr'><strong>de</strong></span> <span class='ocrx_word' id='word_1_299' title='bbox 924 3885 1002 3938; x_wconf 82' lang='lat' dir='ltr'><strong>his</strong></span> <span class='ocrx_word' id='word_1_300' title='bbox 1031 3885 1117 3954; x_wconf 90' lang='lat' dir='ltr'><strong>qui</strong></span> <span class='ocrx_word' id='word_1_301' title='bbox 1145 3883 1269 3952; x_wconf 86' lang='lat' dir='ltr'><strong>foris</strong></span> <span class='ocrx_word' id='word_1_302' title='bbox 1295 3891 1410 3936; x_wconf 84' lang='lat' dir='ltr'><strong>sunt</strong></span> <span class='ocrx_word' id='word_1_303' title='bbox 1430 3881 1713 3952; x_wconf 79' lang='lat' dir='ltr'><strong>judicare?</strong></span> <span class='ocrx_word' id='word_1_304' title='bbox 1741 3881 1927 3936; x_wconf 84' lang='lat' dir='ltr'><strong>Nonne</strong></span> <span class='ocrx_word' id='word_1_305' title='bbox 1951 3883 2014 3935; x_wconf 84' lang='lat' dir='ltr'><strong>de</strong></span> <span class='ocrx_word' id='word_1_306' title='bbox 2035 3881 2112 3936; x_wconf 89' lang='lat' dir='ltr'><strong>his</strong></span> 
     </span>
    </p>
   </div>
   <div class='ocr_carea' id='block_1_40' title="bbox 521 3974 2112 4050">
    <p class='ocr_par' dir='ltr' id='par_1_40' title="bbox 521 3974 2112 4050">
     <span class='ocr_line' id='line_1_40' title="bbox 521 3974 2112 4050; baseline -0.003 -16"><span class='ocrx_word' id='word_1_307' title='bbox 521 3982 609 4050; x_wconf 89' lang='lat' dir='ltr'><strong>qui</strong></span> <span class='ocrx_word' id='word_1_308' title='bbox 637 3982 775 4034; x_wconf 86' lang='lat' dir='ltr'><strong>intus</strong></span> <span class='ocrx_word' id='word_1_309' title='bbox 817 3989 932 4033; x_wconf 87' lang='lat' dir='ltr'><strong>sunt</strong></span> <span class='ocrx_word' id='word_1_310' title='bbox 961 3994 1048 4032; x_wconf 78' lang='lat' dir='ltr'><strong>vos</strong></span> <span class='ocrx_word' id='word_1_311' title='bbox 1082 3977 1372 4046; x_wconf 81' lang='lat' dir='ltr'><strong>judicatis?</strong></span> <span class='ocrx_word' id='word_1_312' title='bbox 1414 3975 1491 4030; x_wconf 87' lang='lat' dir='ltr'><strong>De</strong></span> <span class='ocrx_word' id='word_1_313' title='bbox 1528 3977 1606 4030; x_wconf 88' lang='lat' dir='ltr'><strong>his</strong></span> <span class='ocrx_word' id='word_1_314' title='bbox 1651 3985 1817 4030; x_wconf 88' lang='lat' dir='ltr'><strong>autem</strong></span> <span class='ocrx_word' id='word_1_315' title='bbox 1857 3976 1944 4047; x_wconf 88' lang='lat' dir='ltr'><strong>qui</strong></span> <span class='ocrx_word' id='word_1_316' title='bbox 1986 3974 2112 4045; x_wconf 83' lang='lat' dir='ltr'><strong>foris</strong></span> 
     </span>
    </p>
   </div>
   <div class='ocr_carea' id='block_1_41' title="bbox 517 4067 2112 4141">
    <p class='ocr_par' dir='ltr' id='par_1_41' title="bbox 517 4067 2112 4141">
     <span class='ocr_line' id='line_1_41' title="bbox 517 4067 2112 4141; baseline -0.004 -14"><span class='ocrx_word' id='word_1_317' title='bbox 517 4081 658 4137; x_wconf 84' lang='lat' dir='ltr'><strong>sunt,</strong></span> <span class='ocrx_word' id='word_1_318' title='bbox 704 4071 836 4124; x_wconf 84' lang='lat' dir='ltr'><strong>Deus</strong></span> <span class='ocrx_word' id='word_1_319' title='bbox 867 4069 1139 4141; x_wconf 84' lang='lat' dir='ltr'><strong>judicabit.</strong></span> <span class='ocrx_word' id='word_1_320' title='bbox 1185 4067 1318 4122; x_wconf 87' lang='lat' dir='ltr'><strong>Cum</strong></span> <span class='ocrx_word' id='word_1_321' title='bbox 1365 4081 1492 4138; x_wconf 83' lang='lat' dir='ltr'><strong>ergo</strong></span> <span class='ocrx_word' id='word_1_322' title='bbox 1532 4067 1600 4122; x_wconf 87' lang='lat' dir='ltr'><strong>de</strong></span> <span class='ocrx_word' id='word_1_323' title='bbox 1640 4067 1730 4121; x_wconf 91' lang='lat' dir='ltr'><strong>tali</strong></span> <span class='ocrx_word' id='word_1_324' title='bbox 1777 4067 2112 4137; x_wconf 82' lang='lat' dir='ltr'><strong>separatione</strong></span> 
     </span>
    </p>
   </div>
   <div class='ocr_carea' id='block_1_42' title="bbox 524 4157 2113 4232">
    <p class='ocr_par' dir='ltr' id='par_1_42' title="bbox 524 4157 2113 4232">
     <span class='ocr_line' id='line_1_42' title="bbox 524 4157 2113 4232; baseline -0.004 -16"><span class='ocrx_word' id='word_1_325' title='bbox 524 4163 819 4232; x_wconf 77' lang='lat' dir='ltr'><strong>praecipiat,</strong></span> <span class='ocrx_word' id='word_1_326' title='bbox 850 4176 967 4230; x_wconf 65' lang='lat' dir='ltr'><strong>quae</strong></span> <span class='ocrx_word' id='word_1_327' title='bbox 1001 4175 1108 4214; x_wconf 91' lang='lat' dir='ltr'><strong>non</strong></span> <span class='ocrx_word' id='word_1_328' title='bbox 1135 4160 1194 4212; x_wconf 86' lang='lat' dir='ltr'><strong>lit</strong></span> <span class='ocrx_word' id='word_1_329' title='bbox 1218 4158 1284 4212; x_wconf 89' lang='lat' dir='ltr'><strong>ab</strong></span> <span class='ocrx_word' id='word_1_330' title='bbox 1304 4159 1381 4212; x_wconf 88' lang='lat' dir='ltr'><strong>eis</strong></span> <span class='ocrx_word' id='word_1_331' title='bbox 1406 4158 1556 4211; x_wconf 88' lang='lat' dir='ltr'><strong>malis</strong></span> <span class='ocrx_word' id='word_1_332' title='bbox 1585 4158 1673 4227; x_wconf 93' lang='lat' dir='ltr'><strong>qui</strong></span> <span class='ocrx_word' id='word_1_333' title='bbox 1703 4157 1978 4212; x_wconf 87' lang='lat' dir='ltr'><strong>christiani</strong></span> <span class='ocrx_word' id='word_1_334' title='bbox 2007 4172 2113 4210; x_wconf 89' lang='lat' dir='ltr'><strong>non</strong></span> 
     </span>
    </p>
   </div>
   <div class='ocr_carea' id='block_1_43' title="bbox 525 4247 2111 4319">
    <p class='ocr_par' dir='ltr' id='par_1_43' title="bbox 525 4247 2111 4319">
     <span class='ocr_line' id='line_1_43' title="bbox 525 4247 2111 4319; baseline -0.004 -13"><span class='ocrx_word' id='word_1_335' title='bbox 525 4262 669 4316; x_wconf 82' lang='lat' dir='ltr'><strong>sunt,</strong></span> <span class='ocrx_word' id='word_1_336' title='bbox 711 4253 805 4307; x_wconf 91' lang='lat' dir='ltr'><strong>sed</strong></span> <span class='ocrx_word' id='word_1_337' title='bbox 847 4252 916 4306; x_wconf 90' lang='lat' dir='ltr'><strong>ab</strong></span> <span class='ocrx_word' id='word_1_338' title='bbox 961 4252 1039 4306; x_wconf 89' lang='lat' dir='ltr'><strong>eis</strong></span> <span class='ocrx_word' id='word_1_339' title='bbox 1067 4251 1156 4319; x_wconf 90' lang='lat' dir='ltr'><strong>qui</strong></span> <span class='ocrx_word' id='word_1_340' title='bbox 1201 4249 1475 4303; x_wconf 85' lang='lat' dir='ltr'><strong>christiani</strong></span> <span class='ocrx_word' id='word_1_341' title='bbox 1522 4258 1685 4302; x_wconf 89' lang='lat' dir='ltr'><strong>sunt:</strong></span> <span class='ocrx_word' id='word_1_342' title='bbox 1715 4247 1892 4305; x_wconf 88' lang='lat' dir='ltr'><strong>cordis</strong></span> <span class='ocrx_word' id='word_1_343' title='bbox 1936 4258 2111 4302; x_wconf 87' lang='lat' dir='ltr'><strong>autem</strong></span> 
     </span>
    </p>
   </div>
   <div class='ocr_carea' id='block_1_44' title="bbox 525 4337 2116 4414">
    <p class='ocr_par' dir='ltr' id='par_1_44' title="bbox 525 4337 2116 4414">
     <span class='ocr_line' id='line_1_44' title="bbox 525 4337 2116 4414; baseline -0.003 -16"><span class='ocrx_word' id='word_1_344' title='bbox 525 4345 792 4414; x_wconf 87' lang='lat' dir='ltr'><strong>separatio</strong></span> <span class='ocrx_word' id='word_1_345' title='bbox 837 4343 904 4396; x_wconf 90' lang='lat' dir='ltr'><strong>ab</strong></span> <span class='ocrx_word' id='word_1_346' title='bbox 927 4343 1174 4396; x_wconf 88' lang='lat' dir='ltr'><strong>omnibus</strong></span> <span class='ocrx_word' id='word_1_347' title='bbox 1202 4339 1355 4394; x_wconf 90' lang='lat' dir='ltr'><strong>malis</strong></span> <span class='ocrx_word' id='word_1_348' title='bbox 1382 4338 1620 4393; x_wconf 78' lang='lat' dir='ltr'><strong>facienda</strong></span> <span class='ocrx_word' id='word_1_349' title='bbox 1648 4347 1767 4405; x_wconf 90' lang='lat' dir='ltr'><strong>est;</strong></span> <span class='ocrx_word' id='word_1_350' title='bbox 1801 4353 1863 4392; x_wconf 89' lang='lat' dir='ltr'><strong>ac</strong></span> <span class='ocrx_word' id='word_1_351' title='bbox 1893 4353 1986 4408; x_wconf 90' lang='lat' dir='ltr'><strong>per</strong></span> <span class='ocrx_word' id='word_1_352' title='bbox 2016 4337 2116 4393; x_wconf 92' lang='lat' dir='ltr'><strong>hoc</strong></span> 
     </span>
    </p>
   </div>
   <div class='ocr_carea' id='block_1_45' title="bbox 521 4431 2116 4505">
    <p class='ocr_par' dir='ltr' id='par_1_45' title="bbox 521 4431 2116 4505">
     <span class='ocr_line' id='line_1_45' title="bbox 521 4431 2116 4505; baseline -0.005 -13"><span class='ocrx_word' id='word_1_353' title='bbox 521 4445 583 4492; x_wconf 79' lang='lat' dir='ltr'><strong>et</strong></span> <span class='ocrx_word' id='word_1_354' title='bbox 605 4437 674 4491; x_wconf 87' lang='lat' dir='ltr'><strong>ab</strong></span> <span class='ocrx_word' id='word_1_355' title='bbox 700 4436 778 4491; x_wconf 88' lang='lat' dir='ltr'><strong>eis</strong></span> <span class='ocrx_word' id='word_1_356' title='bbox 807 4437 962 4491; x_wconf 91' lang='lat' dir='ltr'><strong>malis</strong></span> <span class='ocrx_word' id='word_1_357' title='bbox 1002 4435 1089 4505; x_wconf 94' lang='lat' dir='ltr'><strong>qui</strong></span> <span class='ocrx_word' id='word_1_358' title='bbox 1134 4448 1238 4488; x_wconf 86' lang='lat' dir='ltr'><strong>non</strong></span> <span class='ocrx_word' id='word_1_359' title='bbox 1281 4443 1405 4487; x_wconf 91' lang='lat' dir='ltr'><strong>sunt</strong></span> <span class='ocrx_word' id='word_1_360' title='bbox 1440 4431 1738 4493; x_wconf 88' lang='lat' dir='ltr'><strong>christiani,</strong></span> <span class='ocrx_word' id='word_1_361' title='bbox 1780 4440 1990 4500; x_wconf 87' lang='lat' dir='ltr'><strong>oportet</strong></span> <span class='ocrx_word' id='word_1_362' title='bbox 2020 4445 2116 4484; x_wconf 87' lang='lat' dir='ltr'><strong>nos</strong></span> 
     </span>
    </p>
   </div>
   <div class='ocr_carea' id='block_1_46' title="bbox 527 4520 2117 4598">
    <p class='ocr_par' dir='ltr' id='par_1_46' title="bbox 527 4520 2117 4598">
     <span class='ocr_line' id='line_1_46' title="bbox 527 4520 2117 4598; baseline -0.006 -14"><span class='ocrx_word' id='word_1_363' title='bbox 527 4529 688 4585; x_wconf 88' lang='lat' dir='ltr'><strong>corde</strong></span> <span class='ocrx_word' id='word_1_364' title='bbox 717 4528 950 4598; x_wconf 87' lang='lat' dir='ltr'><strong>separari</strong></span> <span class='ocrx_word' id='word_1_365' title='bbox 977 4543 992 4588; x_wconf 86' lang='lat'><strong>;</strong></span> <span class='ocrx_word' id='word_1_366' title='bbox 1021 4525 1146 4596; x_wconf 91' lang='lat' dir='ltr'><strong>quid</strong></span> <span class='ocrx_word' id='word_1_367' title='bbox 1169 4533 1351 4588; x_wconf 85' lang='lat' dir='ltr'><strong>restat,</strong></span> <span class='ocrx_word' id='word_1_368' title='bbox 1374 4523 1475 4578; x_wconf 91' lang='lat' dir='ltr'><strong>nisi</strong></span> <span class='ocrx_word' id='word_1_369' title='bbox 1499 4531 1557 4578; x_wconf 88' lang='lat' dir='ltr'><strong>ut</strong></span> <span class='ocrx_word' id='word_1_370' title='bbox 1584 4522 1939 4592; x_wconf 79' lang='lat' dir='ltr'><strong>intelligamus</strong></span> <span class='ocrx_word' id='word_1_371' title='bbox 1963 4520 2117 4575; x_wconf 89' lang='lat' dir='ltr'><strong>nobis</strong></span> 
     </span>
    </p>
   </div>
   <div class='ocr_carea' id='block_1_47' title="bbox 529 4613 2118 4692">
    <p class='ocr_par' dir='ltr' id='par_1_47' title="bbox 529 4613 2118 4692">
     <span class='ocr_line' id='line_1_47' title="bbox 529 4613 2118 4692; baseline -0.006 -17"><span class='ocrx_word' id='word_1_372' title='bbox 529 4637 628 4692; x_wconf 92' lang='lat' dir='ltr'><strong>per</strong></span> <span class='ocrx_word' id='word_1_373' title='bbox 653 4620 964 4690; x_wconf 84' lang='lat' dir='ltr'><strong>Apostolum</strong></span> <span class='ocrx_word' id='word_1_374' title='bbox 989 4619 1184 4689; x_wconf 90' lang='lat' dir='ltr'><strong>juberi,</strong></span> <span class='ocrx_word' id='word_1_375' title='bbox 1205 4625 1265 4672; x_wconf 89' lang='lat' dir='ltr'><strong>ut</strong></span> <span class='ocrx_word' id='word_1_376' title='bbox 1292 4616 1617 4687; x_wconf 87' lang='lat' dir='ltr'><strong>quibuslibet</strong></span> <span class='ocrx_word' id='word_1_377' title='bbox 1646 4617 1662 4648; x_wconf 80' lang='grc'>¹</span> <span class='ocrx_word' id='word_1_378' title='bbox 1692 4616 1844 4669; x_wconf 88' lang='lat' dir='ltr'><strong>malis</strong></span> <span class='ocrx_word' id='word_1_379' title='bbox 1868 4613 2118 4668; x_wconf 84' lang='lat' dir='ltr'><strong>christia-</strong></span> 
     </span>
    </p>
   </div>
   <div class='ocr_carea' id='block_1_48' title="bbox 525 4707 2116 4782">
    <p class='ocr_par' dir='ltr' id='par_1_48' title="bbox 525 4707 2116 4782">
     <span class='ocr_line' id='line_1_48' title="bbox 525 4707 2116 4782; baseline -0.003 -18"><span class='ocrx_word' id='word_1_380' title='bbox 525 4714 633 4773; x_wconf 14' lang='lat' dir='ltr'><strong>rnis,</strong></span> <span class='ocrx_word' id='word_1_381' title='bbox 667 4713 850 4782; x_wconf 84' lang='lat' dir='ltr'><strong>quales</strong></span> <span class='ocrx_word' id='word_1_382' title='bbox 895 4712 1006 4782; x_wconf 89' lang='lat' dir='ltr'><strong>ipse</strong></span> <span class='ocrx_word' id='word_1_383' title='bbox 1049 4711 1312 4781; x_wconf 82' lang='lat' dir='ltr'><strong>designat,</strong></span> <span class='ocrx_word' id='word_1_384' title='bbox 1345 4723 1445 4765; x_wconf 90' lang='lat' dir='ltr'><strong>nec</strong></span> <span class='ocrx_word' id='word_1_385' title='bbox 1489 4709 1582 4764; x_wconf 78' lang='lat' dir='ltr'><strong>tali</strong></span> <span class='ocrx_word' id='word_1_386' title='bbox 1612 4708 1987 4779; x_wconf 83' lang='lat' dir='ltr'><strong>conjunctione</strong></span> <span class='ocrx_word' id='word_1_387' title='bbox 2013 4707 2116 4760; x_wconf 90' lang='lat' dir='ltr'><strong>mi-</strong></span> 
     </span>
    </p>
   </div>
   <div class='ocr_carea' id='block_1_49' title="bbox 531 4798 2120 4874">
    <p class='ocr_par' dir='ltr' id='par_1_49' title="bbox 531 4798 2120 4874">
     <span class='ocr_line' id='line_1_49' title="bbox 531 4798 2120 4874; baseline -0.004 -15"><span class='ocrx_word' id='word_1_388' title='bbox 531 4820 793 4867; x_wconf 87' lang='lat' dir='ltr'><strong>sceamur,</strong></span> <span class='ocrx_word' id='word_1_389' title='bbox 840 4804 979 4874; x_wconf 85' lang='lat' dir='ltr'><strong>quali</strong></span> <span class='ocrx_word' id='word_1_390' title='bbox 1023 4803 1398 4872; x_wconf 87' lang='lat' dir='ltr'><strong>conjunctione</strong></span> <span class='ocrx_word' id='word_1_391' title='bbox 1447 4801 1671 4872; x_wconf 85' lang='lat' dir='ltr'><strong>Paganis</strong></span> <span class='ocrx_word' id='word_1_392' title='bbox 1719 4802 1769 4855; x_wconf 89' lang='lat' dir='ltr'><strong>in</strong></span> <span class='ocrx_word' id='word_1_393' title='bbox 1801 4799 1966 4871; x_wconf 78' lang='lat' dir='ltr'><strong>ipsius</strong></span> <span class='ocrx_word' id='word_1_394' title='bbox 1995 4798 2120 4853; x_wconf 75' lang='lat' dir='ltr'><strong>vita:</strong></span> 
     </span>
    </p>
   </div>
   <div class='ocr_carea' id='block_1_50' title="bbox 531 4890 2116 4956">
    <p class='ocr_par' dir='ltr' id='par_1_50' title="bbox 531 4890 2116 4956">
     <span class='ocr_line' id='line_1_50' title="bbox 531 4890 2116 4956; baseline -0.004 -5"><span class='ocrx_word' id='word_1_395' title='bbox 531 4897 776 4952; x_wconf 76' lang='lat' dir='ltr'><strong>humana:</strong></span> <span class='ocrx_word' id='word_1_396' title='bbox 803 4897 1056 4951; x_wconf 88' lang='lat' dir='ltr'><strong>societate</strong></span> <span class='ocrx_word' id='word_1_397' title='bbox 1082 4894 1412 4949; x_wconf 90' lang='lat' dir='ltr'><strong>miscemur?</strong></span> <span class='ocrx_word' id='word_1_398' title='bbox 1437 4893 1505 4948; x_wconf 91' lang='lat' dir='ltr'><strong>Et</strong></span> <span class='ocrx_word' id='word_1_399' title='bbox 1530 4893 1650 4948; x_wconf 89' lang='lat' dir='ltr'><strong>ideo</strong></span> <span class='ocrx_word' id='word_1_400' title='bbox 1679 4892 1786 4947; x_wconf 90' lang='lat' dir='ltr'><strong>alio</strong></span> <span class='ocrx_word' id='word_1_401' title='bbox 1823 4893 1938 4946; x_wconf 91' lang='lat' dir='ltr'><strong>loco</strong></span> <span class='ocrx_word' id='word_1_402' title='bbox 1967 4890 2116 4956; x_wconf 88' lang='lat' dir='ltr'><strong>dicit,</strong></span> 
     </span>
    </p>
   </div>
   <div class='ocr_carea' id='block_1_51' title="bbox 532 4982 2116 5060">
    <p class='ocr_par' dir='ltr' id='par_1_51' title="bbox 532 4982 2116 5060">
     <span class='ocr_line' id='line_1_51' title="bbox 532 4982 2116 5060; baseline -0.005 -19"><span class='ocrx_word' id='word_1_403' title='bbox 532 4989 592 5048; x_wconf 86' lang='lat' dir='ltr'><strong>Si</strong></span> <span class='ocrx_word' id='word_1_404' title='bbox 631 4989 742 5060; x_wconf 87' lang='lat' dir='ltr'><strong>quis</strong></span> <span class='ocrx_word' id='word_1_405' title='bbox 784 5003 870 5042; x_wconf 86' lang='lat' dir='ltr'><strong>vos</strong></span> <span class='ocrx_word' id='word_1_406' title='bbox 913 4987 1156 5041; x_wconf 80' lang='lat' dir='ltr'><strong>vocaverit</strong></span> <span class='ocrx_word' id='word_1_407' title='bbox 1186 5001 1248 5039; x_wconf 77' lang='lat' dir='ltr'><strong>ea:</strong></span> <span class='ocrx_word' id='word_1_408' title='bbox 1289 4983 1596 5054; x_wconf 80' lang='lat' dir='ltr'><strong>infidelibus,</strong></span> <span class='ocrx_word' id='word_1_409' title='bbox 1641 4993 1686 5039; x_wconf 90' lang='lat' dir='ltr'><strong>et</strong></span> <span class='ocrx_word' id='word_1_410' title='bbox 1714 4983 1968 5038; x_wconf 79' lang='lat' dir='ltr'><strong>volueritis</strong></span> <span class='ocrx_word' id='word_1_411' title='bbox 2007 4982 2116 5047; x_wconf 85' lang='lat' dir='ltr'><strong>ire,</strong></span> 
     </span>
    </p>
   </div>
   <div class='ocr_carea' id='block_1_52' title="bbox 531 5076 2123 5152">
    <p class='ocr_par' dir='ltr' id='par_1_52' title="bbox 531 5076 2123 5152">
     <span class='ocr_line' id='line_1_52' title="bbox 531 5076 2123 5152; baseline -0.006 -15"><span class='ocrx_word' id='word_1_412' title='bbox 531 5083 702 5137; x_wconf 82' lang='lat' dir='ltr'><strong>omnia</strong></span> <span class='ocrx_word' id='word_1_413' title='bbox 730 5096 844 5152; x_wconf 72' lang='lat' dir='ltr'><strong>qua:</strong></span> <span class='ocrx_word' id='word_1_414' title='bbox 870 5090 1194 5151; x_wconf 83' lang='lat' dir='ltr'><strong>apponuntur</strong></span> <span class='ocrx_word' id='word_1_415' title='bbox 1218 5077 1354 5132; x_wconf 79' lang='lat' dir='ltr'><strong>vobis</strong></span> <span class='ocrx_word' id='word_1_416' title='bbox 1379 5077 1698 5143; x_wconf 76' lang='lat' dir='ltr'><strong>manducata,</strong></span> <span class='ocrx_word' id='word_1_417' title='bbox 1742 5076 1871 5131; x_wconf 83' lang='lat' dir='ltr'><strong>nihil</strong></span> <span class='ocrx_word' id='word_1_418' title='bbox 1907 5077 2123 5129; x_wconf 85' lang='lat' dir='ltr'><strong>interro-</strong></span> 
     </span>
    </p>
   </div>
   <div class='ocr_carea' id='block_1_53' title="bbox 532 5166 2122 5247">
    <p class='ocr_par' dir='ltr' id='par_1_53' title="bbox 532 5166 2122 5247">
     <span class='ocr_line' id='line_1_53' title="bbox 532 5166 2122 5247; baseline -0.006 -20"><span class='ocrx_word' id='word_1_419' title='bbox 532 5183 706 5247; x_wconf 78' lang='lat' dir='ltr'><strong>ganlcs</strong></span> <span class='ocrx_word' id='word_1_420' title='bbox 733 5173 777 5242; x_wconf 90' lang='grc' dir='ltr'><strong>(Ι</strong></span> <span class='ocrx_word' id='word_1_421' title='bbox 806 5169 924 5226; x_wconf 88' lang='lat' dir='ltr'><strong>Cor.</strong></span> <span class='ocrx_word' id='word_1_422' title='bbox 958 5186 1012 5236; x_wconf 69' lang='grc' dir='ltr'><strong>χ,</strong></span> <span class='ocrx_word' id='word_1_423' title='bbox 1058 5168 1152 5240; x_wconf 71' lang='grc'><strong>27)</strong></span> <span class='ocrx_word' id='word_1_424' title='bbox 1188 5187 1200 5222; x_wconf 91' lang='lat'><strong>:</strong></span> <span class='ocrx_word' id='word_1_425' title='bbox 1235 5169 1322 5224; x_wconf 92' lang='lat' dir='ltr'><strong>hic</strong></span> <span class='ocrx_word' id='word_1_426' title='bbox 1366 5178 1540 5223; x_wconf 87' lang='lat' dir='ltr'><strong>autem</strong></span> <span class='ocrx_word' id='word_1_427' title='bbox 1587 5185 1700 5222; x_wconf 89' lang='lat' dir='ltr'><strong>cum</strong></span> <span class='ocrx_word' id='word_1_428' title='bbox 1749 5166 1996 5238; x_wconf 85' lang='lat' dir='ltr'><strong>ejusmodi</strong></span> <span class='ocrx_word' id='word_1_429' title='bbox 2033 5181 2122 5219; x_wconf 87' lang='lat' dir='ltr'><strong>nec</strong></span> 
     </span>
    </p>
   </div>
   <div class='ocr_carea' id='block_1_54' title="bbox 533 5255 2121 5336">
    <p class='ocr_par' dir='ltr' id='par_1_54' title="bbox 533 5255 2121 5336">
     <span class='ocr_line' id='line_1_54' title="bbox 533 5255 2121 5336; baseline -0.009 -13"><span class='ocrx_word' id='word_1_430' title='bbox 533 5270 698 5322; x_wconf 85' lang='lat' dir='ltr'><strong>cibum</strong></span> <span class='ocrx_word' id='word_1_431' title='bbox 741 5263 943 5336; x_wconf 84' lang='lat' dir='ltr'><strong>quidem</strong></span> <span class='ocrx_word' id='word_1_432' title='bbox 981 5279 1175 5317; x_wconf 84' lang='lat' dir='ltr'><strong>sumere</strong></span> <span class='ocrx_word' id='word_1_433' title='bbox 1218 5261 1492 5331; x_wconf 91' lang='lat' dir='ltr'><strong>permittit.</strong></span> <span class='ocrx_word' id='word_1_434' title='bbox 1535 5260 1666 5314; x_wconf 83' lang='lat' dir='ltr'><strong>Cum</strong></span> <span class='ocrx_word' id='word_1_435' title='bbox 1706 5259 2030 5320; x_wconf 78' lang='lat' dir='ltr'><strong>inﬁdelibus,</strong></span> <span class='ocrx_word' id='word_1_436' title='bbox 2069 5255 2121 5309; x_wconf 88' lang='lat' dir='ltr'><strong>id</strong></span> 
     </span>
    </p>
   </div>
   <div class='ocr_carea' id='block_1_55' title="bbox 538 5351 2123 5432">
    <p class='ocr_par' dir='ltr' id='par_1_55' title="bbox 538 5351 2123 5432">
     <span class='ocr_line' id='line_1_55' title="bbox 538 5351 2123 5432; baseline -0.009 -18"><span class='ocrx_word' id='word_1_437' title='bbox 538 5371 639 5427; x_wconf 84' lang='lat' dir='ltr'><strong>est,</strong></span> <span class='ocrx_word' id='word_1_438' title='bbox 671 5361 761 5432; x_wconf 90' lang='lat' dir='ltr'><strong>qui</strong></span> <span class='ocrx_word' id='word_1_439' title='bbox 794 5357 1028 5414; x_wconf 91' lang='lat' dir='ltr'><strong>nondum</strong></span> <span class='ocrx_word' id='word_1_440' title='bbox 1058 5357 1107 5410; x_wconf 89' lang='lat' dir='ltr'><strong>in</strong></span> <span class='ocrx_word' id='word_1_441' title='bbox 1135 5355 1400 5410; x_wconf 90' lang='lat' dir='ltr'><strong>Christum</strong></span> <span class='ocrx_word' id='word_1_442' title='bbox 1429 5353 1790 5418; x_wconf 86' lang='lat' dir='ltr'><strong>crediderunt,</strong></span> <span class='ocrx_word' id='word_1_443' title='bbox 1818 5351 1946 5406; x_wconf 89' lang='lat' dir='ltr'><strong>dicit</strong></span> <span class='ocrx_word' id='word_1_444' title='bbox 1974 5365 2123 5403; x_wconf 90' lang='lat' dir='ltr'><strong>mau-</strong></span> 
     </span>
    </p>
   </div>
   <div class='ocr_carea' id='block_1_56' title="bbox 537 5442 2117 5518">
    <p class='ocr_par' dir='ltr' id='par_1_56' title="bbox 537 5442 2117 5518">
     <span class='ocr_line' id='line_1_56' title="bbox 537 5442 2117 5518; baseline -0.008 -14"><span class='ocrx_word' id='word_1_445' title='bbox 537 5449 834 5504; x_wconf 87' lang='lat' dir='ltr'><strong>du‘caudum</strong></span> <span class='ocrx_word' id='word_1_446' title='bbox 865 5463 984 5504; x_wconf 89' lang='lat' dir='ltr'><strong>esse</strong></span> <span class='ocrx_word' id='word_1_447' title='bbox 1009 5461 1126 5518; x_wconf 86' lang='lat' dir='ltr'><strong>quae</strong></span> <span class='ocrx_word' id='word_1_448' title='bbox 1151 5446 1514 5515; x_wconf 87' lang='lat' dir='ltr'><strong>apposuerint,</strong></span> <span class='ocrx_word' id='word_1_449' title='bbox 1544 5446 1612 5500; x_wconf 91' lang='lat' dir='ltr'><strong>de</strong></span> <span class='ocrx_word' id='word_1_450' title='bbox 1635 5444 1826 5514; x_wconf 83' lang='lat' dir='ltr'><strong>quibus</strong></span> <span class='ocrx_word' id='word_1_451' title='bbox 1868 5442 2117 5512; x_wconf 83' lang='lat' dir='ltr'><strong>quoniam</strong></span> 
     </span>
    </p>
   </div>
   <div class='ocr_carea' id='block_1_57' title="bbox 541 5534 2119 5611">
    <p class='ocr_par' dir='ltr' id='par_1_57' title="bbox 541 5534 2119 5611">
     <span class='ocr_line' id='line_1_57' title="bbox 541 5534 2119 5611; baseline -0.006 -17"><span class='ocrx_word' id='word_1_452' title='bbox 541 5541 668 5595; x_wconf 78' lang='lat' dir='ltr'><strong>toris</strong></span> <span class='ocrx_word' id='word_1_453' title='bbox 692 5548 834 5606; x_wconf 89' lang='lat' dir='ltr'><strong>sunt,</strong></span> <span class='ocrx_word' id='word_1_454' title='bbox 865 5539 999 5595; x_wconf 85' lang='lat' dir='ltr'><strong>Deus</strong></span> <span class='ocrx_word' id='word_1_455' title='bbox 1029 5539 1279 5611; x_wconf 84' lang='lat' dir='ltr'><strong>judicabit</strong></span> <span class='ocrx_word' id='word_1_456' title='bbox 1309 5555 1327 5592; x_wconf 91' lang='lat'><strong><em>:</em></strong></span> <span class='ocrx_word' id='word_1_457' title='bbox 1353 5554 1474 5593; x_wconf 90' lang='lat' dir='ltr'><strong>cum</strong></span> <span class='ocrx_word' id='word_1_458' title='bbox 1503 5537 1586 5592; x_wconf 91' lang='lat' dir='ltr'><strong>his</strong></span> <span class='ocrx_word' id='word_1_459' title='bbox 1630 5547 1804 5591; x_wconf 81' lang='lat' dir='ltr'><strong>autent</strong></span> <span class='ocrx_word' id='word_1_460' title='bbox 1849 5534 1936 5606; x_wconf 89' lang='lat' dir='ltr'><strong>qui</strong></span> <span class='ocrx_word' id='word_1_461' title='bbox 1979 5535 2119 5587; x_wconf 85' lang='lat' dir='ltr'><strong>intus</strong></span> 
     </span>
    </p>
   </div>
   <div class='ocr_carea' id='block_1_58' title="bbox 608 5723 1405 5786">
    <p class='ocr_par' dir='ltr' id='par_1_58' title="bbox 608 5723 1405 5786">
     <span class='ocr_line' id='line_1_58' title="bbox 608 5723 1405 5786; baseline 0.004 -16"><span class='ocrx_word' id='word_1_462' title='bbox 608 5724 627 5786; x_wconf 53' lang='grc' dir='ltr'><strong>ε</strong></span> <span class='ocrx_word' id='word_1_463' title='bbox 651 5723 860 5786; x_wconf 57' lang='lat' dir='ltr'><strong>Vaticani</strong></span> <span class='ocrx_word' id='word_1_464' title='bbox 881 5729 1008 5780; x_wconf 64' lang='lat' dir='ltr'><strong>Mss,</strong></span> <span class='ocrx_word' id='word_1_465' title='bbox 1034 5728 1085 5773; x_wconf 89' lang='lat' dir='ltr'><strong>ut</strong></span> <span class='ocrx_word' id='word_1_466' title='bbox 1104 5723 1405 5786; x_wconf 80' lang='lat' dir='ltr'><strong>quibusdam.</strong></span> 
     </span>
    </p>
   </div>
   <div class='ocr_carea' id='block_1_59' title="bbox 608 5781 2126 5847">
    <p class='ocr_par' dir='ltr' id='par_1_59' title="bbox 608 5781 2126 5847">
     <span class='ocr_line' id='line_1_59' title="bbox 608 5781 2126 5847; baseline 0 -17"><span class='ocrx_word' id='word_1_467' title='bbox 608 5784 681 5847; x_wconf 71' lang='grc' dir='ltr'><strong>(τι)</strong></span> <span class='ocrx_word' id='word_1_468' title='bbox 708 5785 973 5842; x_wconf 67' lang='lat' dir='ltr'><strong>Major-inus,</strong></span> <span class='ocrx_word' id='word_1_469' title='bbox 999 5781 1222 5842; x_wconf 69' lang='lat' dir='ltr'><strong>non-itus,</strong></span> <span class='ocrx_word' id='word_1_470' title='bbox 1245 5786 1606 5839; x_wconf 61' lang='lat' dir='ltr'><strong>t’armeuianus,</strong></span> <span class='ocrx_word' id='word_1_471' title='bbox 1639 5783 1916 5841; x_wconf 81' lang='lat' dir='ltr'><strong>Primiauus,</strong></span> <span class='ocrx_word' id='word_1_472' title='bbox 1939 5781 2126 5831; x_wconf 82' lang='lat' dir='ltr'><strong>Donati-</strong></span> 
     </span>
    </p>
   </div>
   <div class='ocr_carea' id='block_1_60' title="bbox 545 5848 1892 5910">
    <p class='ocr_par' dir='ltr' id='par_1_60' title="bbox 545 5848 1892 5910">
     <span class='ocr_line' id='line_1_60' title="bbox 545 5848 1892 5910; baseline -0.006 -12"><span class='ocrx_word' id='word_1_473' title='bbox 545 5857 723 5898; x_wconf 75' lang='lat' dir='ltr'><strong>starum</strong></span> <span class='ocrx_word' id='word_1_474' title='bbox 747 5848 937 5895; x_wconf 62' lang='lat' dir='ltr'><strong>l&#39;ttcrual</strong></span> <span class='ocrx_word' id='word_1_475' title='bbox 967 5861 1026 5895; x_wconf 67' lang='lat' dir='ltr'><strong>ex</strong></span> <span class='ocrx_word' id='word_1_476' title='bbox 1055 5848 1220 5898; x_wconf 64' lang='lat' dir='ltr'><strong>ordine</strong></span> <span class='ocrx_word' id='word_1_477' title='bbox 1245 5849 1643 5910; x_wconf 56' lang='lat' dir='ltr'><strong>Karthagini-uses</strong></span> <span class='ocrx_word' id='word_1_478' title='bbox 1670 5860 1714 5908; x_wconf 74' lang='grc' dir='ltr'>ιιι</span> <span class='ocrx_word' id='word_1_479' title='bbox 1733 5848 1892 5908; x_wconf 63' lang='grc' dir='ltr'><strong>ἡδυενμ,</strong></span> 
     </span>
    </p>
   </div>
   <div class='ocr_carea' id='block_1_61' title="bbox 2186 492 3773 565">
    <p class='ocr_par' dir='ltr' id='par_1_61' title="bbox 2186 492 3773 565">
     <span class='ocr_line' id='line_1_61' title="bbox 2186 492 3773 565; baseline 0.003 -18"><span class='ocrx_word' id='word_1_480' title='bbox 2186 500 2328 558; x_wconf 89' lang='lat' dir='ltr'><strong>sunt,</strong></span> <span class='ocrx_word' id='word_1_481' title='bbox 2377 492 2427 547; x_wconf 89' lang='lat' dir='ltr'><strong>id</strong></span> <span class='ocrx_word' id='word_1_482' title='bbox 2469 501 2569 561; x_wconf 85' lang='lat' dir='ltr'><strong>est,</strong></span> <span class='ocrx_word' id='word_1_483' title='bbox 2617 494 2662 548; x_wconf 89' lang='lat' dir='ltr'><strong>si</strong></span> <span class='ocrx_word' id='word_1_484' title='bbox 2696 493 2806 564; x_wconf 87' lang='lat' dir='ltr'><strong>quis</strong></span> <span class='ocrx_word' id='word_1_485' title='bbox 2836 498 2990 565; x_wconf 86' lang='lat' dir='ltr'><strong>frater</strong></span> <span class='ocrx_word' id='word_1_486' title='bbox 3033 494 3318 550; x_wconf 83' lang='lat' dir='ltr'><strong>nominatur</strong></span> <span class='ocrx_word' id='word_1_487' title='bbox 3357 493 3653 565; x_wconf 84' lang='lat' dir='ltr'><strong>fornicator,</strong></span> <span class='ocrx_word' id='word_1_488' title='bbox 3685 511 3773 552; x_wconf 87' lang='lat' dir='ltr'><strong>aut</strong></span> 
     </span>
    </p>
   </div>
   <div class='ocr_carea' id='block_1_62' title="bbox 2185 581 3772 654">
    <p class='ocr_par' dir='ltr' id='par_1_62' title="bbox 2185 581 3772 654">
     <span class='ocr_line' id='line_1_62' title="bbox 2185 581 3772 654; baseline 0.003 -18"><span class='ocrx_word' id='word_1_489' title='bbox 2185 581 2334 638; x_wconf 83' lang='lat' dir='ltr'><strong>idolis</strong></span> <span class='ocrx_word' id='word_1_490' title='bbox 2355 586 2589 652; x_wconf 82' lang='lat' dir='ltr'><strong>serviens,</strong></span> <span class='ocrx_word' id='word_1_491' title='bbox 2624 595 2712 639; x_wconf 88' lang='lat' dir='ltr'><strong>aut</strong></span> <span class='ocrx_word' id='word_1_492' title='bbox 2736 602 2939 652; x_wconf 81' lang='lat' dir='ltr'><strong>auarus,</strong></span> <span class='ocrx_word' id='word_1_493' title='bbox 2961 595 3048 639; x_wconf 87' lang='lat' dir='ltr'><strong>aut</strong></span> <span class='ocrx_word' id='word_1_494' title='bbox 3087 586 3383 654; x_wconf 87' lang='lat' dir='ltr'><strong>maledicus,</strong></span> <span class='ocrx_word' id='word_1_495' title='bbox 3411 597 3496 640; x_wconf 88' lang='lat' dir='ltr'><strong>aut</strong></span> <span class='ocrx_word' id='word_1_496' title='bbox 3527 588 3772 652; x_wconf 85' lang='lat' dir='ltr'><strong>ebriosus,</strong></span> 
     </span>
    </p>
   </div>
   <div class='ocr_carea' id='block_1_63' title="bbox 2186 676 3774 749">
    <p class='ocr_par' dir='ltr' id='par_1_63' title="bbox 2186 676 3774 749">
     <span class='ocr_line' id='line_1_63' title="bbox 2186 676 3774 749; baseline 0.002 -23"><span class='ocrx_word' id='word_1_497' title='bbox 2186 684 2274 727; x_wconf 89' lang='lat' dir='ltr'><strong>aut</strong></span> <span class='ocrx_word' id='word_1_498' title='bbox 2302 691 2484 746; x_wconf 73' lang='lat' dir='ltr'><strong>rapax,</strong></span> <span class='ocrx_word' id='word_1_499' title='bbox 2516 684 2658 731; x_wconf 87' lang='lat' dir='ltr'><strong>vetat</strong></span> <span class='ocrx_word' id='word_1_500' title='bbox 2685 676 2843 732; x_wconf 86' lang='lat' dir='ltr'><strong>etiam</strong></span> <span class='ocrx_word' id='word_1_501' title='bbox 2887 693 3082 730; x_wconf 84' lang='lat' dir='ltr'><strong>sumere</strong></span> <span class='ocrx_word' id='word_1_502' title='bbox 3108 677 3291 731; x_wconf 85' lang='lat' dir='ltr'><strong>cibum.</strong></span> <span class='ocrx_word' id='word_1_503' title='bbox 3323 677 3616 732; x_wconf 88' lang='lat' dir='ltr'><strong>Persuadet</strong></span> <span class='ocrx_word' id='word_1_504' title='bbox 3647 694 3774 749; x_wconf 75' lang='lat' dir='ltr'><strong>ergo</strong></span> 
     </span>
    </p>
   </div>
   <div class='ocr_carea' id='block_1_64' title="bbox 2187 767 3772 840">
    <p class='ocr_par' dir='ltr' id='par_1_64' title="bbox 2187 767 3772 840">
     <span class='ocr_line' id='line_1_64' title="bbox 2187 767 3772 840; baseline 0.005 -22"><span class='ocrx_word' id='word_1_505' title='bbox 2187 775 2309 820; x_wconf 87' lang='lat' dir='ltr'><strong>ante</strong></span> <span class='ocrx_word' id='word_1_506' title='bbox 2331 774 2541 837; x_wconf 90' lang='lat' dir='ltr'><strong>tempus</strong></span> <span class='ocrx_word' id='word_1_507' title='bbox 2558 767 2746 822; x_wconf 90' lang='lat' dir='ltr'><strong>messis</strong></span> <span class='ocrx_word' id='word_1_508' title='bbox 2767 783 2794 820; x_wconf 91' lang='lat' dir='ltr'><strong>a</strong></span> <span class='ocrx_word' id='word_1_509' title='bbox 2820 769 3098 824; x_wconf 85' lang='lat' dir='ltr'><strong>frumentis</strong></span> <span class='ocrx_word' id='word_1_510' title='bbox 3117 770 3317 824; x_wconf 86' lang='lat' dir='ltr'><strong>zizania</strong></span> <span class='ocrx_word' id='word_1_511' title='bbox 3338 771 3596 840; x_wconf 91' lang='lat' dir='ltr'><strong>separari.</strong></span> <span class='ocrx_word' id='word_1_512' title='bbox 3618 772 3772 839; x_wconf 84' lang='lat' dir='ltr'><strong>Quod</strong></span> 
     </span>
    </p>
   </div>
   <div class='ocr_carea' id='block_1_65' title="bbox 2189 857 3770 932">
    <p class='ocr_par' dir='ltr' id='par_1_65' title="bbox 2189 857 3770 932">
     <span class='ocr_line' id='line_1_65' title="bbox 2189 857 3770 932; baseline 0.004 -21"><span class='ocrx_word' id='word_1_513' title='bbox 2189 857 2232 911; x_wconf 92' lang='lat' dir='ltr'><strong>si</strong></span> <span class='ocrx_word' id='word_1_514' title='bbox 2279 858 2452 912; x_wconf 83' lang='lat' dir='ltr'><strong>facere</strong></span> <span class='ocrx_word' id='word_1_515' title='bbox 2493 858 2835 925; x_wconf 86' lang='lat' dir='ltr'><strong>uoluerimus,</strong></span> <span class='ocrx_word' id='word_1_516' title='bbox 2878 862 3125 931; x_wconf 89' lang='lat' dir='ltr'><strong>quoniam</strong></span> <span class='ocrx_word' id='word_1_517' title='bbox 3178 862 3428 917; x_wconf 90' lang='lat' dir='ltr'><strong>Dominus</strong></span> <span class='ocrx_word' id='word_1_518' title='bbox 3477 864 3727 932; x_wconf 90' lang='lat' dir='ltr'><strong>prohibet</strong></span> <span class='ocrx_word' id='word_1_519' title='bbox 3757 907 3770 929; x_wconf 87' lang='lat'><strong>,</strong></span> 
     </span>
    </p>
   </div>
   <div class='ocr_carea' id='block_1_66' title="bbox 2191 938 3778 1019">
    <p class='ocr_par' dir='ltr' id='par_1_66' title="bbox 2191 938 3778 1019">
     <span class='ocr_line' id='line_1_66' title="bbox 2191 938 3778 1019; baseline 0.004 -16"><span class='ocrx_word' id='word_1_520' title='bbox 2191 938 2460 1004; x_wconf 80' lang='lat' dir='ltr'><strong>toleraturi</strong></span> <span class='ocrx_word' id='word_1_521' title='bbox 2503 965 2565 1005; x_wconf 89' lang='lat' dir='ltr'><strong>ea</strong></span> <span class='ocrx_word' id='word_1_522' title='bbox 2595 967 2795 1019; x_wconf 92' lang='lat' dir='ltr'><strong>sumus,</strong></span> <span class='ocrx_word' id='word_1_523' title='bbox 2827 963 2876 1007; x_wconf 91' lang='lat' dir='ltr'><strong>et</strong></span> <span class='ocrx_word' id='word_1_524' title='bbox 2908 953 2960 1008; x_wconf 92' lang='lat' dir='ltr'><strong>in</strong></span> <span class='ocrx_word' id='word_1_525' title='bbox 2989 953 3098 1008; x_wconf 90' lang='lat' dir='ltr'><strong>sola</strong></span> <span class='ocrx_word' id='word_1_526' title='bbox 3126 969 3244 1008; x_wconf 91' lang='lat' dir='ltr'><strong>cum</strong></span> <span class='ocrx_word' id='word_1_527' title='bbox 3285 955 3366 1009; x_wconf 90' lang='lat' dir='ltr'><strong>eis</strong></span> <span class='ocrx_word' id='word_1_528' title='bbox 3407 956 3695 1010; x_wconf 83' lang='lat' dir='ltr'><strong>voluntatis</strong></span> <span class='ocrx_word' id='word_1_529' title='bbox 3726 966 3778 1010; x_wconf 87' lang='lat' dir='ltr'><strong>et</strong></span> 
     </span>
    </p>
   </div>
   <div class='ocr_carea' id='block_1_67' title="bbox 2189 1038 3776 1116">
    <p class='ocr_par' dir='ltr' id='par_1_67' title="bbox 2189 1038 3776 1116">
     <span class='ocr_line' id='line_1_67' title="bbox 2189 1038 3776 1116; baseline 0.004 -21"><span class='ocrx_word' id='word_1_530' title='bbox 2189 1038 2368 1095; x_wconf 91' lang='lat' dir='ltr'><strong>cordis</strong></span> <span class='ocrx_word' id='word_1_531' title='bbox 2391 1044 2723 1111; x_wconf 85' lang='lat' dir='ltr'><strong>separatione</strong></span> <span class='ocrx_word' id='word_1_532' title='bbox 2754 1045 3140 1113; x_wconf 88' lang='lat' dir='ltr'><strong>perseveraturi</strong></span> <span class='ocrx_word' id='word_1_533' title='bbox 3173 1062 3185 1098; x_wconf 89' lang='lat'><strong>:</strong></span> <span class='ocrx_word' id='word_1_534' title='bbox 3219 1061 3282 1100; x_wconf 91' lang='lat' dir='ltr'><strong>ac</strong></span> <span class='ocrx_word' id='word_1_535' title='bbox 3330 1062 3425 1116; x_wconf 91' lang='lat' dir='ltr'><strong>per</strong></span> <span class='ocrx_word' id='word_1_536' title='bbox 3468 1046 3568 1101; x_wconf 87' lang='lat' dir='ltr'><strong>hoc</strong></span> <span class='ocrx_word' id='word_1_537' title='bbox 3614 1047 3776 1102; x_wconf 90' lang='lat' dir='ltr'><strong>etiam</strong></span> 
     </span>
    </p>
   </div>
   <div class='ocr_carea' id='block_1_68' title="bbox 2189 1133 3778 1210">
    <p class='ocr_par' dir='ltr' id='par_1_68' title="bbox 2189 1133 3778 1210">
     <span class='ocr_line' id='line_1_68' title="bbox 2189 1133 3778 1210; baseline 0.004 -23"><span class='ocrx_word' id='word_1_538' title='bbox 2189 1133 2364 1187; x_wconf 91' lang='lat' dir='ltr'><strong>cibum</strong></span> <span class='ocrx_word' id='word_1_539' title='bbox 2412 1150 2623 1191; x_wconf 89' lang='lat' dir='ltr'><strong>sumere</strong></span> <span class='ocrx_word' id='word_1_540' title='bbox 2668 1135 2790 1191; x_wconf 89' lang='lat' dir='ltr'><strong>cum</strong></span> <span class='ocrx_word' id='word_1_541' title='bbox 2821 1137 3032 1206; x_wconf 85' lang='lat' dir='ltr'><strong>talibus,</strong></span> <span class='ocrx_word' id='word_1_542' title='bbox 3080 1136 3222 1209; x_wconf 91' lang='lat' dir='ltr'><strong>quod</strong></span> <span class='ocrx_word' id='word_1_543' title='bbox 3265 1137 3477 1210; x_wconf 86' lang='lat' dir='ltr'><strong>quidem</strong></span> <span class='ocrx_word' id='word_1_544' title='bbox 3530 1138 3778 1209; x_wconf 88' lang='lat' dir='ltr'><strong>prohibet</strong></span> 
     </span>
    </p>
   </div>
   <div class='ocr_carea' id='block_1_69' title="bbox 2194 1227 2501 1296">
    <p class='ocr_par' dir='ltr' id='par_1_69' title="bbox 2194 1227 2501 1296">
     <span class='ocr_line' id='line_1_69' title="bbox 2194 1227 2501 1296; baseline 0.01 -16"><span class='ocrx_word' id='word_1_545' title='bbox 2194 1227 2501 1296; x_wconf 81' lang='lat' dir='ltr'><strong>Apostolus.</strong></span> 
     </span>
    </p>
   </div>
   <div class='ocr_carea' id='block_1_70' title="bbox 2264 1319 3775 1393">
    <p class='ocr_par' dir='ltr' id='par_1_70' title="bbox 2264 1319 3775 1393">
     <span class='ocr_line' id='line_1_70' title="bbox 2264 1319 3775 1393; baseline 0.003 -20"><span class='ocrx_word' id='word_1_546' title='bbox 2264 1320 2351 1374; x_wconf 79' lang='grc'><strong>15.</strong></span> <span class='ocrx_word' id='word_1_547' title='bbox 2392 1319 2450 1374; x_wconf 91' lang='lat' dir='ltr'><strong>lu</strong></span> <span class='ocrx_word' id='word_1_548' title='bbox 2494 1320 2592 1376; x_wconf 90' lang='lat' dir='ltr'><strong>hac</strong></span> <span class='ocrx_word' id='word_1_549' title='bbox 2630 1321 2774 1377; x_wconf 91' lang='lat' dir='ltr'><strong>velut</strong></span> <span class='ocrx_word' id='word_1_550' title='bbox 2812 1323 3053 1392; x_wconf 77' lang='lat' dir='ltr'><strong>angustia</strong></span> <span class='ocrx_word' id='word_1_551' title='bbox 3089 1322 3396 1392; x_wconf 62' lang='lat' dir='ltr'><strong>quaestionis</strong></span> <span class='ocrx_word' id='word_1_552' title='bbox 3435 1338 3543 1378; x_wconf 92' lang='lat' dir='ltr'><strong>non</strong></span> <span class='ocrx_word' id='word_1_553' title='bbox 3574 1323 3775 1393; x_wconf 88' lang='lat' dir='ltr'><strong>aliquid</strong></span> 
     </span>
    </p>
   </div>
   <div class='ocr_carea' id='block_1_71' title="bbox 2193 1411 3779 1485">
    <p class='ocr_par' dir='ltr' id='par_1_71' title="bbox 2193 1411 3779 1485">
     <span class='ocr_line' id='line_1_71' title="bbox 2193 1411 3779 1485; baseline 0.006 -24"><span class='ocrx_word' id='word_1_554' title='bbox 2193 1423 2388 1464; x_wconf 90' lang='lat' dir='ltr'><strong>novum</strong></span> <span class='ocrx_word' id='word_1_555' title='bbox 2405 1420 2494 1464; x_wconf 87' lang='lat' dir='ltr'><strong>aut</strong></span> <span class='ocrx_word' id='word_1_556' title='bbox 2515 1411 2782 1466; x_wconf 92' lang='lat' dir='ltr'><strong>insolitum</strong></span> <span class='ocrx_word' id='word_1_557' title='bbox 2808 1412 3001 1479; x_wconf 88' lang='lat' dir='ltr'><strong>dicam,</strong></span> <span class='ocrx_word' id='word_1_558' title='bbox 3026 1413 3119 1469; x_wconf 91' lang='lat' dir='ltr'><strong>sed</strong></span> <span class='ocrx_word' id='word_1_559' title='bbox 3137 1414 3278 1485; x_wconf 91' lang='lat' dir='ltr'><strong>quod</strong></span> <span class='ocrx_word' id='word_1_560' title='bbox 3301 1415 3500 1469; x_wconf 88' lang='lat' dir='ltr'><strong>sanitas</strong></span> <span class='ocrx_word' id='word_1_561' title='bbox 3526 1415 3779 1470; x_wconf 78' lang='lat' dir='ltr'><strong>observat</strong></span> 
     </span>
    </p>
   </div>
   <div class='ocr_carea' id='block_1_72' title="bbox 2195 1500 3781 1574">
    <p class='ocr_par' dir='ltr' id='par_1_72' title="bbox 2195 1500 3781 1574">
     <span class='ocr_line' id='line_1_72' title="bbox 2195 1500 3781 1574; baseline 0.004 -21"><span class='ocrx_word' id='word_1_562' title='bbox 2195 1500 2464 1566; x_wconf 76' lang='lat' dir='ltr'><strong>Ecclesiae,</strong></span> <span class='ocrx_word' id='word_1_563' title='bbox 2493 1510 2549 1556; x_wconf 86' lang='lat' dir='ltr'><strong>ut</strong></span> <span class='ocrx_word' id='word_1_564' title='bbox 2573 1518 2691 1556; x_wconf 91' lang='lat' dir='ltr'><strong>cum</strong></span> <span class='ocrx_word' id='word_1_565' title='bbox 2722 1503 2944 1574; x_wconf 89' lang='lat' dir='ltr'><strong>quisque</strong></span> <span class='ocrx_word' id='word_1_566' title='bbox 2974 1505 3212 1570; x_wconf 81' lang='lat' dir='ltr'><strong>fratrum,</strong></span> <span class='ocrx_word' id='word_1_567' title='bbox 3241 1505 3293 1560; x_wconf 86' lang='lat' dir='ltr'><strong>id</strong></span> <span class='ocrx_word' id='word_1_568' title='bbox 3337 1515 3418 1560; x_wconf 90' lang='lat' dir='ltr'><strong>est</strong></span> <span class='ocrx_word' id='word_1_569' title='bbox 3446 1505 3781 1562; x_wconf 84' lang='lat' dir='ltr'><strong>Christiano-</strong></span> 
     </span>
    </p>
   </div>
   <div class='ocr_carea' id='block_1_73' title="bbox 2195 1593 3780 1664">
    <p class='ocr_par' dir='ltr' id='par_1_73' title="bbox 2195 1593 3780 1664">
     <span class='ocr_line' id='line_1_73' title="bbox 2195 1593 3780 1664; baseline 0.004 -18"><span class='ocrx_word' id='word_1_570' title='bbox 2195 1607 2310 1646; x_wconf 90' lang='lat' dir='ltr'><strong>rum</strong></span> <span class='ocrx_word' id='word_1_571' title='bbox 2342 1593 2483 1649; x_wconf 92' lang='lat' dir='ltr'><strong>intus</strong></span> <span class='ocrx_word' id='word_1_572' title='bbox 2510 1595 2559 1648; x_wconf 93' lang='lat' dir='ltr'><strong>in</strong></span> <span class='ocrx_word' id='word_1_573' title='bbox 2583 1594 2832 1650; x_wconf 68' lang='lat' dir='ltr'><strong>Ecclesiae</strong></span> <span class='ocrx_word' id='word_1_574' title='bbox 2857 1597 3109 1652; x_wconf 88' lang='lat' dir='ltr'><strong>societate</strong></span> <span class='ocrx_word' id='word_1_575' title='bbox 3135 1598 3562 1664; x_wconf 86' lang='lat' dir='ltr'><strong>constitutorum,</strong></span> <span class='ocrx_word' id='word_1_576' title='bbox 3597 1599 3650 1652; x_wconf 92' lang='lat' dir='ltr'><strong>in</strong></span> <span class='ocrx_word' id='word_1_577' title='bbox 3677 1599 3780 1653; x_wconf 86' lang='lat' dir='ltr'><strong>ali-</strong></span> 
     </span>
    </p>
   </div>
   <div class='ocr_carea' id='block_1_74' title="bbox 2195 1684 3781 1757">
    <p class='ocr_par' dir='ltr' id='par_1_74' title="bbox 2195 1684 3781 1757">
     <span class='ocr_line' id='line_1_74' title="bbox 2195 1684 3781 1757; baseline 0.005 -21"><span class='ocrx_word' id='word_1_578' title='bbox 2195 1698 2300 1752; x_wconf 91' lang='lat' dir='ltr'><strong>quo</strong></span> <span class='ocrx_word' id='word_1_579' title='bbox 2331 1684 2418 1738; x_wconf 90' lang='lat' dir='ltr'><strong>tali</strong></span> <span class='ocrx_word' id='word_1_580' title='bbox 2466 1695 2680 1754; x_wconf 74' lang='lat' dir='ltr'><strong>peccato</strong></span> <span class='ocrx_word' id='word_1_581' title='bbox 2723 1685 2880 1740; x_wconf 80' lang='lat' dir='ltr'><strong>fuerit</strong></span> <span class='ocrx_word' id='word_1_582' title='bbox 2915 1687 3301 1757; x_wconf 88' lang='lat' dir='ltr'><strong>deprehensus,</strong></span> <span class='ocrx_word' id='word_1_583' title='bbox 3350 1699 3405 1743; x_wconf 92' lang='lat' dir='ltr'><strong>ut</strong></span> <span class='ocrx_word' id='word_1_584' title='bbox 3443 1689 3781 1744; x_wconf 77' lang='lat' dir='ltr'><strong>anathemate</strong></span> 
     </span>
    </p>
   </div>
   <div class='ocr_carea' id='block_1_75' title="bbox 2195 1773 3782 1848">
    <p class='ocr_par' dir='ltr' id='par_1_75' title="bbox 2195 1773 3782 1848">
     <span class='ocr_line' id='line_1_75' title="bbox 2195 1773 3782 1848; baseline 0.004 -19"><span class='ocrx_word' id='word_1_585' title='bbox 2195 1773 2384 1844; x_wconf 87' lang='lat' dir='ltr'><strong>dignus</strong></span> <span class='ocrx_word' id='word_1_586' title='bbox 2427 1775 2702 1843; x_wconf 88' lang='lat' dir='ltr'><strong>habeatur,</strong></span> <span class='ocrx_word' id='word_1_587' title='bbox 2751 1778 2840 1832; x_wconf 90' lang='lat' dir='ltr'><strong>liat</strong></span> <span class='ocrx_word' id='word_1_588' title='bbox 2885 1777 2988 1833; x_wconf 87' lang='lat' dir='ltr'><strong>hoc</strong></span> <span class='ocrx_word' id='word_1_589' title='bbox 3018 1779 3104 1833; x_wconf 93' lang='lat' dir='ltr'><strong>ubi</strong></span> <span class='ocrx_word' id='word_1_590' title='bbox 3137 1780 3428 1848; x_wconf 89' lang='lat' dir='ltr'><strong>periculum</strong></span> <span class='ocrx_word' id='word_1_591' title='bbox 3477 1778 3782 1835; x_wconf 88' lang='lat' dir='ltr'><strong>schismatis</strong></span> 
     </span>
    </p>
   </div>
   <div class='ocr_carea' id='block_1_76' title="bbox 2196 1866 3784 1942">
    <p class='ocr_par' dir='ltr' id='par_1_76' title="bbox 2196 1866 3784 1942">
     <span class='ocr_line' id='line_1_76' title="bbox 2196 1866 3784 1942; baseline 0.006 -22"><span class='ocrx_word' id='word_1_592' title='bbox 2196 1866 2400 1921; x_wconf 90' lang='lat' dir='ltr'><strong>nullum</strong></span> <span class='ocrx_word' id='word_1_593' title='bbox 2430 1876 2530 1932; x_wconf 92' lang='lat' dir='ltr'><strong>est,</strong></span> <span class='ocrx_word' id='word_1_594' title='bbox 2576 1878 2732 1939; x_wconf 89' lang='lat' dir='ltr'><strong>atque</strong></span> <span class='ocrx_word' id='word_1_595' title='bbox 2763 1870 2813 1924; x_wconf 92' lang='lat' dir='ltr'><strong>id</strong></span> <span class='ocrx_word' id='word_1_596' title='bbox 2839 1884 2959 1925; x_wconf 92' lang='lat' dir='ltr'><strong>eum</strong></span> <span class='ocrx_word' id='word_1_597' title='bbox 3001 1885 3062 1926; x_wconf 89' lang='lat' dir='ltr'><strong>ea</strong></span> <span class='ocrx_word' id='word_1_598' title='bbox 3091 1870 3394 1935; x_wconf 87' lang='lat' dir='ltr'><strong>dilectione,</strong></span> <span class='ocrx_word' id='word_1_599' title='bbox 3422 1871 3489 1927; x_wconf 90' lang='lat' dir='ltr'><strong>de</strong></span> <span class='ocrx_word' id='word_1_600' title='bbox 3519 1887 3623 1942; x_wconf 89' lang='lat' dir='ltr'><strong>qua</strong></span> <span class='ocrx_word' id='word_1_601' title='bbox 3669 1873 3784 1942; x_wconf 92' lang='lat' dir='ltr'><strong>ipse</strong></span> 
     </span>
    </p>
   </div>
   <div class='ocr_carea' id='block_1_77' title="bbox 2196 1958 3779 2029">
    <p class='ocr_par' dir='ltr' id='par_1_77' title="bbox 2196 1958 3779 2029">
     <span class='ocr_line' id='line_1_77' title="bbox 2196 1958 3779 2029; baseline 0.004 -19"><span class='ocrx_word' id='word_1_602' title='bbox 2196 1958 2319 2011; x_wconf 88' lang='lat' dir='ltr'><strong>alibi</strong></span> <span class='ocrx_word' id='word_1_603' title='bbox 2349 1959 2584 2029; x_wconf 67' lang='lat' dir='ltr'><strong>praecipit</strong></span> <span class='ocrx_word' id='word_1_604' title='bbox 2610 1959 2814 2024; x_wconf 89' lang='lat' dir='ltr'><strong>dicens,</strong></span> <span class='ocrx_word' id='word_1_605' title='bbox 2846 1958 2913 2015; x_wconf 85' lang='lat' dir='ltr'><strong>Ut</strong></span> <span class='ocrx_word' id='word_1_606' title='bbox 2936 1961 3194 2014; x_wconf 84' lang='lat' dir='ltr'><strong>inimicum</strong></span> <span class='ocrx_word' id='word_1_607' title='bbox 3215 1978 3314 2015; x_wconf 87' lang='lat' dir='ltr'><strong>non</strong></span> <span class='ocrx_word' id='word_1_608' title='bbox 3336 1979 3449 2017; x_wconf 88' lang='lat' dir='ltr'><strong>eum</strong></span> <span class='ocrx_word' id='word_1_609' title='bbox 3466 1964 3779 2028; x_wconf 75' lang='lat' dir='ltr'><strong>existimetis,</strong></span> 
     </span>
    </p>
   </div>
   <div class='ocr_carea' id='block_1_78' title="bbox 2196 2050 3779 2124">
    <p class='ocr_par' dir='ltr' id='par_1_78' title="bbox 2196 2050 3779 2124">
     <span class='ocr_line' id='line_1_78' title="bbox 2196 2050 3779 2124; baseline 0.003 -20"><span class='ocrx_word' id='word_1_610' title='bbox 2196 2050 2285 2104; x_wconf 85' lang='lat' dir='ltr'><strong>sed</strong></span> <span class='ocrx_word' id='word_1_611' title='bbox 2313 2051 2548 2121; x_wconf 86' lang='lat' dir='ltr'><strong>corripite</strong></span> <span class='ocrx_word' id='word_1_612' title='bbox 2573 2061 2626 2104; x_wconf 89' lang='lat' dir='ltr'><strong>ut</strong></span> <span class='ocrx_word' id='word_1_613' title='bbox 2653 2052 2860 2120; x_wconf 81' lang='lat' dir='ltr'><strong>fratrem</strong></span> <span class='ocrx_word' id='word_1_614' title='bbox 2887 2052 2955 2123; x_wconf 81' lang='lat' dir='ltr'><strong>(li</strong></span> <span class='ocrx_word' id='word_1_615' title='bbox 2983 2052 3161 2107; x_wconf 87' lang='lat' dir='ltr'><strong>Thess.</strong></span> <span class='ocrx_word' id='word_1_616' title='bbox 3191 2069 3269 2119; x_wconf 84' lang='lat' dir='ltr'><strong>nl,</strong></span> <span class='ocrx_word' id='word_1_617' title='bbox 3299 2053 3387 2124; x_wconf 75' lang='grc'><strong>15)</strong></span> <span class='ocrx_word' id='word_1_618' title='bbox 3419 2073 3431 2108; x_wconf 92' lang='lat'><strong>:</strong></span> <span class='ocrx_word' id='word_1_619' title='bbox 3462 2070 3567 2108; x_wconf 86' lang='lat' dir='ltr'><strong>non</strong></span> <span class='ocrx_word' id='word_1_620' title='bbox 3593 2056 3736 2109; x_wconf 90' lang='lat' dir='ltr'><strong>enim</strong></span> <span class='ocrx_word' id='word_1_621' title='bbox 3763 2056 3779 2086; x_wconf 78' lang='grc' dir='ltr'>ί</span> 
     </span>
    </p>
   </div>
   <div class='ocr_carea' id='block_1_79' title="bbox 2198 2143 3784 2216">
    <p class='ocr_par' dir='ltr' id='par_1_79' title="bbox 2198 2143 3784 2216">
     <span class='ocr_line' id='line_1_79' title="bbox 2198 2143 3784 2216; baseline 0.004 -20"><span class='ocrx_word' id='word_1_622' title='bbox 2198 2143 2264 2198; x_wconf 92' lang='lat' dir='ltr'><strong>ad</strong></span> <span class='ocrx_word' id='word_1_623' title='bbox 2283 2143 2678 2212; x_wconf 87' lang='lat' dir='ltr'><strong>eradicandum,</strong></span> <span class='ocrx_word' id='word_1_624' title='bbox 2705 2144 2797 2200; x_wconf 88' lang='lat' dir='ltr'><strong>sed</strong></span> <span class='ocrx_word' id='word_1_625' title='bbox 2819 2145 2884 2200; x_wconf 88' lang='lat' dir='ltr'><strong>ad</strong></span> <span class='ocrx_word' id='word_1_626' title='bbox 2915 2145 3306 2216; x_wconf 83' lang='lat' dir='ltr'><strong>corrigendum.</strong></span> <span class='ocrx_word' id='word_1_627' title='bbox 3335 2146 3486 2213; x_wconf 85' lang='lat' dir='ltr'><strong>Quod</strong></span> <span class='ocrx_word' id='word_1_628' title='bbox 3516 2147 3561 2202; x_wconf 89' lang='lat' dir='ltr'><strong>si</strong></span> <span class='ocrx_word' id='word_1_629' title='bbox 3590 2162 3650 2203; x_wconf 92' lang='lat' dir='ltr'><strong>sc</strong></span> <span class='ocrx_word' id='word_1_630' title='bbox 3677 2162 3784 2202; x_wconf 90' lang='lat' dir='ltr'><strong>non</strong></span> 
     </span>
    </p>
   </div>
   <div class='ocr_carea' id='block_1_80' title="bbox 2199 2237 3787 2311">
    <p class='ocr_par' dir='ltr' id='par_1_80' title="bbox 2199 2237 3787 2311">
     <span class='ocr_line' id='line_1_80' title="bbox 2199 2237 3787 2311; baseline 0.006 -24"><span class='ocrx_word' id='word_1_631' title='bbox 2199 2237 2494 2306; x_wconf 81' lang='lat' dir='ltr'><strong>agnoverit,</strong></span> <span class='ocrx_word' id='word_1_632' title='bbox 2537 2253 2709 2307; x_wconf 93' lang='lat' dir='ltr'><strong>neque</strong></span> <span class='ocrx_word' id='word_1_633' title='bbox 2763 2238 3070 2308; x_wconf 75' lang='lat' dir='ltr'><strong>pmnitendo</strong></span> <span class='ocrx_word' id='word_1_634' title='bbox 3117 2240 3428 2307; x_wconf 76' lang='lat' dir='ltr'><strong>correxerit,</strong></span> <span class='ocrx_word' id='word_1_635' title='bbox 3479 2241 3590 2311; x_wconf 87' lang='lat' dir='ltr'><strong>ipse</strong></span> <span class='ocrx_word' id='word_1_636' title='bbox 3641 2239 3787 2296; x_wconf 80' lang='lat' dir='ltr'><strong>foras</strong></span> 
     </span>
    </p>
   </div>
   <div class='ocr_carea' id='block_1_81' title="bbox 2199 2325 3788 2398">
    <p class='ocr_par' dir='ltr' id='par_1_81' title="bbox 2199 2325 3788 2398">
     <span class='ocr_line' id='line_1_81' title="bbox 2199 2325 3788 2398; baseline 0.003 -17"><span class='ocrx_word' id='word_1_637' title='bbox 2199 2325 2360 2392; x_wconf 77' lang='lat' dir='ltr'><strong>exiet,</strong></span> <span class='ocrx_word' id='word_1_638' title='bbox 2388 2336 2443 2381; x_wconf 91' lang='lat' dir='ltr'><strong>ct</strong></span> <span class='ocrx_word' id='word_1_639' title='bbox 2471 2342 2564 2397; x_wconf 92' lang='lat' dir='ltr'><strong>per</strong></span> <span class='ocrx_word' id='word_1_640' title='bbox 2594 2328 2855 2398; x_wconf 85' lang='lat' dir='ltr'><strong>propriam</strong></span> <span class='ocrx_word' id='word_1_641' title='bbox 2891 2329 3216 2384; x_wconf 87' lang='lat' dir='ltr'><strong>voluntatem</strong></span> <span class='ocrx_word' id='word_1_642' title='bbox 3243 2332 3310 2386; x_wconf 90' lang='lat' dir='ltr'><strong>ab</strong></span> <span class='ocrx_word' id='word_1_643' title='bbox 3336 2330 3590 2387; x_wconf 77' lang='lat' dir='ltr'><strong>Ecclesia:</strong></span> <span class='ocrx_word' id='word_1_644' title='bbox 3633 2347 3788 2386; x_wconf 89' lang='lat' dir='ltr'><strong>com-</strong></span> 
     </span>
    </p>
   </div>
   <div class='ocr_carea' id='block_1_82' title="bbox 2202 2409 3788 2490">
    <p class='ocr_par' dir='ltr' id='par_1_82' title="bbox 2202 2409 3788 2490">
     <span class='ocr_line' id='line_1_82' title="bbox 2202 2409 3788 2490; baseline 0.005 -20"><span class='ocrx_word' id='word_1_645' title='bbox 2202 2418 2452 2473; x_wconf 90' lang='lat' dir='ltr'><strong>munione</strong></span> <span class='ocrx_word' id='word_1_646' title='bbox 2477 2419 2759 2474; x_wconf 88' lang='lat' dir='ltr'><strong>dirimetur</strong></span> <span class='ocrx_word' id='word_1_647' title='bbox 2782 2422 2824 2473; x_wconf 80' lang='lat'><strong>&#39;.</strong></span> <span class='ocrx_word' id='word_1_648' title='bbox 2852 2419 2983 2474; x_wconf 87' lang='lat' dir='ltr'><strong>Nam</strong></span> <span class='ocrx_word' id='word_1_649' title='bbox 3015 2430 3067 2475; x_wconf 91' lang='lat' dir='ltr'><strong>et</strong></span> <span class='ocrx_word' id='word_1_650' title='bbox 3096 2421 3208 2490; x_wconf 90' lang='lat' dir='ltr'><strong>ipse</strong></span> <span class='ocrx_word' id='word_1_651' title='bbox 3236 2421 3490 2476; x_wconf 90' lang='lat' dir='ltr'><strong>Dominus</strong></span> <span class='ocrx_word' id='word_1_652' title='bbox 3519 2409 3637 2477; x_wconf 86' lang='lat' dir='ltr'><strong>cum</strong></span> <span class='ocrx_word' id='word_1_653' title='bbox 3667 2438 3788 2478; x_wconf 88' lang='lat' dir='ltr'><strong>ser-</strong></span> 
     </span>
    </p>
   </div>
   <div class='ocr_carea' id='block_1_83' title="bbox 2201 2509 3793 2584">
    <p class='ocr_par' dir='ltr' id='par_1_83' title="bbox 2201 2509 3793 2584">
     <span class='ocr_line' id='line_1_83' title="bbox 2201 2509 3793 2584; baseline 0.004 -22"><span class='ocrx_word' id='word_1_654' title='bbox 2201 2509 2282 2562; x_wconf 88' lang='lat' dir='ltr'><strong>vis</strong></span> <span class='ocrx_word' id='word_1_655' title='bbox 2308 2509 2603 2564; x_wconf 78' lang='lat' dir='ltr'><strong>voleutibus</strong></span> <span class='ocrx_word' id='word_1_656' title='bbox 2644 2511 2843 2565; x_wconf 86' lang='lat' dir='ltr'><strong>zizauia</strong></span> <span class='ocrx_word' id='word_1_657' title='bbox 2887 2511 3140 2582; x_wconf 83' lang='lat' dir='ltr'><strong>colligere</strong></span> <span class='ocrx_word' id='word_1_658' title='bbox 3184 2511 3337 2580; x_wconf 80' lang='lat' dir='ltr'><strong>dixit,</strong></span> <span class='ocrx_word' id='word_1_659' title='bbox 3384 2512 3552 2568; x_wconf 86' lang='lat' dir='ltr'><strong>Sinite</strong></span> <span class='ocrx_word' id='word_1_660' title='bbox 3576 2523 3793 2584; x_wconf 86' lang='lat' dir='ltr'><strong>utraque</strong></span> 
     </span>
    </p>
   </div>
   <div class='ocr_carea' id='block_1_84' title="bbox 2202 2603 3783 2673">
    <p class='ocr_par' dir='ltr' id='par_1_84' title="bbox 2202 2603 3783 2673">
     <span class='ocr_line' id='line_1_84' title="bbox 2202 2603 3783 2673; baseline 0.004 -19"><span class='ocrx_word' id='word_1_661' title='bbox 2202 2617 2424 2656; x_wconf 87' lang='lat' dir='ltr'><strong>crescere</strong></span> <span class='ocrx_word' id='word_1_662' title='bbox 2459 2618 2616 2671; x_wconf 87' lang='lat' dir='ltr'><strong>usque</strong></span> <span class='ocrx_word' id='word_1_663' title='bbox 2641 2603 2709 2654; x_wconf 88' lang='lat' dir='ltr'><strong>ad</strong></span> <span class='ocrx_word' id='word_1_664' title='bbox 2744 2619 2986 2668; x_wconf 83' lang='lat' dir='ltr'><strong>messem;</strong></span> <span class='ocrx_word' id='word_1_665' title='bbox 3013 2603 3266 2673; x_wconf 67' lang='lat' dir='ltr'><strong>prmmisit</strong></span> <span class='ocrx_word' id='word_1_666' title='bbox 3291 2619 3525 2672; x_wconf 86' lang='lat' dir='ltr'><strong>causam,</strong></span> <span class='ocrx_word' id='word_1_667' title='bbox 3555 2604 3745 2661; x_wconf 90' lang='lat' dir='ltr'><strong>dicens</strong></span> <span class='ocrx_word' id='word_1_668' title='bbox 3769 2648 3783 2670; x_wconf 89' lang='lat'><strong>,</strong></span> 
     </span>
    </p>
   </div>
   <div class='ocr_carea' id='block_1_85' title="bbox 2207 2693 3794 2766">
    <p class='ocr_par' dir='ltr' id='par_1_85' title="bbox 2207 2693 3794 2766">
     <span class='ocr_line' id='line_1_85' title="bbox 2207 2693 3794 2766; baseline 0.003 -20"><span class='ocrx_word' id='word_1_669' title='bbox 2207 2693 2289 2746; x_wconf 83' lang='lat' dir='ltr'><strong>Ne</strong></span> <span class='ocrx_word' id='word_1_670' title='bbox 2309 2698 2437 2764; x_wconf 80' lang='lat' dir='ltr'><strong>forte</strong></span> <span class='ocrx_word' id='word_1_671' title='bbox 2456 2711 2568 2748; x_wconf 85' lang='lat' dir='ltr'><strong>cum</strong></span> <span class='ocrx_word' id='word_1_672' title='bbox 2593 2695 2742 2748; x_wconf 86' lang='lat' dir='ltr'><strong>vultis</strong></span> <span class='ocrx_word' id='word_1_673' title='bbox 2769 2695 3002 2766; x_wconf 79' lang='lat' dir='ltr'><strong>colligere</strong></span> <span class='ocrx_word' id='word_1_674' title='bbox 3025 2696 3242 2762; x_wconf 80' lang='lat' dir='ltr'><strong>zizania,</strong></span> <span class='ocrx_word' id='word_1_675' title='bbox 3275 2697 3537 2751; x_wconf 87' lang='lat' dir='ltr'><strong>eradicetis</strong></span> <span class='ocrx_word' id='word_1_676' title='bbox 3563 2698 3716 2751; x_wconf 88' lang='lat' dir='ltr'><strong>simul</strong></span> <span class='ocrx_word' id='word_1_677' title='bbox 3743 2708 3794 2751; x_wconf 89' lang='lat' dir='ltr'><strong>ct</strong></span> 
     </span>
    </p>
   </div>
   <div class='ocr_carea' id='block_1_86' title="bbox 2205 2785 3792 2859">
    <p class='ocr_par' dir='ltr' id='par_1_86' title="bbox 2205 2785 3792 2859">
     <span class='ocr_line' id='line_1_86' title="bbox 2205 2785 3792 2859; baseline 0.003 -21"><span class='ocrx_word' id='word_1_678' title='bbox 2205 2786 2423 2839; x_wconf 86' lang='lat' dir='ltr'><strong>triticum</strong></span> <span class='ocrx_word' id='word_1_679' title='bbox 2453 2785 2660 2858; x_wconf 81' lang='lat' dir='ltr'><strong>(Matth.</strong></span> <span class='ocrx_word' id='word_1_680' title='bbox 2689 2803 2804 2854; x_wconf 82' lang='lat' dir='ltr'><strong>xm,</strong></span> <span class='ocrx_word' id='word_1_681' title='bbox 2834 2788 2922 2851; x_wconf 79' lang='lat'><strong>50,</strong></span> <span class='ocrx_word' id='word_1_682' title='bbox 2952 2787 3066 2859; x_wconf 71' lang='grc'><strong>29).</strong></span> <span class='ocrx_word' id='word_1_683' title='bbox 3097 2787 3195 2844; x_wconf 88' lang='lat' dir='ltr'><strong>Ubi</strong></span> <span class='ocrx_word' id='word_1_684' title='bbox 3223 2789 3354 2844; x_wconf 82' lang='lat' dir='ltr'><strong>satis</strong></span> <span class='ocrx_word' id='word_1_685' title='bbox 3382 2789 3635 2856; x_wconf 84' lang='lat' dir='ltr'><strong>ostendit,</strong></span> <span class='ocrx_word' id='word_1_686' title='bbox 3667 2804 3792 2843; x_wconf 89' lang='lat' dir='ltr'><strong>cum</strong></span> 
     </span>
    </p>
   </div>
   <div class='ocr_carea' id='block_1_87' title="bbox 2205 2877 3797 2943">
    <p class='ocr_par' dir='ltr' id='par_1_87' title="bbox 2205 2877 3797 2943">
     <span class='ocr_line' id='line_1_87' title="bbox 2205 2877 3797 2943; baseline 0.003 -13"><span class='ocrx_word' id='word_1_687' title='bbox 2205 2886 2378 2931; x_wconf 88' lang='lat' dir='ltr'><strong>metus</strong></span> <span class='ocrx_word' id='word_1_688' title='bbox 2417 2877 2514 2931; x_wconf 90' lang='lat' dir='ltr'><strong>iste</strong></span> <span class='ocrx_word' id='word_1_689' title='bbox 2542 2893 2645 2932; x_wconf 91' lang='lat' dir='ltr'><strong>non</strong></span> <span class='ocrx_word' id='word_1_690' title='bbox 2673 2878 2873 2943; x_wconf 91' lang='lat' dir='ltr'><strong>subest,</strong></span> <span class='ocrx_word' id='word_1_691' title='bbox 2905 2879 2998 2933; x_wconf 92' lang='lat' dir='ltr'><strong>sed</strong></span> <span class='ocrx_word' id='word_1_692' title='bbox 3043 2879 3261 2934; x_wconf 87' lang='lat' dir='ltr'><strong>omnino</strong></span> <span class='ocrx_word' id='word_1_693' title='bbox 3289 2879 3356 2934; x_wconf 92' lang='lat' dir='ltr'><strong>de</strong></span> <span class='ocrx_word' id='word_1_694' title='bbox 3400 2881 3797 2935; x_wconf 83' lang='lat' dir='ltr'><strong>frumentorum</strong></span> 
     </span>
    </p>
   </div>
   <div class='ocr_carea' id='block_1_88' title="bbox 2207 2967 3796 3042">
    <p class='ocr_par' dir='ltr' id='par_1_88' title="bbox 2207 2967 3796 3042">
     <span class='ocr_line' id='line_1_88' title="bbox 2207 2967 3796 3042; baseline 0.004 -22"><span class='ocrx_word' id='word_1_695' title='bbox 2207 2978 2350 3021; x_wconf 89' lang='lat' dir='ltr'><strong>certa</strong></span> <span class='ocrx_word' id='word_1_696' title='bbox 2375 2967 2660 3023; x_wconf 85' lang='lat' dir='ltr'><strong>stabilitate</strong></span> <span class='ocrx_word' id='word_1_697' title='bbox 2687 2977 2830 3023; x_wconf 87' lang='lat' dir='ltr'><strong>certa</strong></span> <span class='ocrx_word' id='word_1_698' title='bbox 2857 2969 3115 3024; x_wconf 91' lang='lat' dir='ltr'><strong>securitas</strong></span> <span class='ocrx_word' id='word_1_699' title='bbox 3140 2979 3336 3036; x_wconf 84' lang='lat' dir='ltr'><strong>manet,</strong></span> <span class='ocrx_word' id='word_1_700' title='bbox 3369 2969 3420 3025; x_wconf 90' lang='lat' dir='ltr'><strong>id</strong></span> <span class='ocrx_word' id='word_1_701' title='bbox 3446 2980 3547 3034; x_wconf 88' lang='lat' dir='ltr'><strong>est,</strong></span> <span class='ocrx_word' id='word_1_702' title='bbox 3573 2973 3796 3042; x_wconf 84' lang='lat' dir='ltr'><strong>quando</strong></span> 
     </span>
    </p>
   </div>
   <div class='ocr_carea' id='block_1_89' title="bbox 2206 3057 3796 3128">
    <p class='ocr_par' dir='ltr' id='par_1_89' title="bbox 2206 3057 3796 3128">
     <span class='ocr_line' id='line_1_89' title="bbox 2206 3057 3796 3128; baseline 0.003 -16"><span class='ocrx_word' id='word_1_703' title='bbox 2206 3057 2279 3112; x_wconf 88' lang='lat' dir='ltr'><strong>ita</strong></span> <span class='ocrx_word' id='word_1_704' title='bbox 2308 3058 2564 3128; x_wconf 78' lang='lat' dir='ltr'><strong>cujusque</strong></span> <span class='ocrx_word' id='word_1_705' title='bbox 2601 3059 2803 3122; x_wconf 83' lang='lat' dir='ltr'><strong>crimen</strong></span> <span class='ocrx_word' id='word_1_706' title='bbox 2831 3069 3012 3114; x_wconf 92' lang='lat' dir='ltr'><strong>notum</strong></span> <span class='ocrx_word' id='word_1_707' title='bbox 3052 3069 3152 3125; x_wconf 90' lang='lat' dir='ltr'><strong>est,</strong></span> <span class='ocrx_word' id='word_1_708' title='bbox 3185 3071 3238 3116; x_wconf 91' lang='lat' dir='ltr'><strong>et</strong></span> <span class='ocrx_word' id='word_1_709' title='bbox 3267 3061 3512 3117; x_wconf 87' lang='lat' dir='ltr'><strong>omnibus</strong></span> <span class='ocrx_word' id='word_1_710' title='bbox 3541 3077 3796 3117; x_wconf 66' lang='lat' dir='ltr'><strong>exsecra-</strong></span> 
     </span>
    </p>
   </div>
   <div class='ocr_carea' id='block_1_90' title="bbox 2207 3147 3803 3221">
    <p class='ocr_par' dir='ltr' id='par_1_90' title="bbox 2207 3147 3803 3221">
     <span class='ocr_line' id='line_1_90' title="bbox 2207 3147 3803 3221; baseline 0.003 -18"><span class='ocrx_word' id='word_1_711' title='bbox 2207 3147 2313 3204; x_wconf 88' lang='lat' dir='ltr'><strong>bile</strong></span> <span class='ocrx_word' id='word_1_712' title='bbox 2342 3158 2580 3218; x_wconf 88' lang='lat' dir='ltr'><strong>apparet,</strong></span> <span class='ocrx_word' id='word_1_713' title='bbox 2610 3159 2667 3204; x_wconf 93' lang='lat' dir='ltr'><strong>ut</strong></span> <span class='ocrx_word' id='word_1_714' title='bbox 2691 3151 2775 3206; x_wconf 86' lang='lat' dir='ltr'><strong>vel</strong></span> <span class='ocrx_word' id='word_1_715' title='bbox 2805 3151 2979 3206; x_wconf 88' lang='lat' dir='ltr'><strong>nullos</strong></span> <span class='ocrx_word' id='word_1_716' title='bbox 3008 3166 3226 3221; x_wconf 89' lang='lat' dir='ltr'><strong>prorsus</strong></span> <span class='ocrx_word' id='word_1_717' title='bbox 3270 3151 3358 3207; x_wconf 88' lang='lat' dir='ltr'><strong>vel</strong></span> <span class='ocrx_word' id='word_1_718' title='bbox 3388 3167 3492 3206; x_wconf 90' lang='lat' dir='ltr'><strong>non</strong></span> <span class='ocrx_word' id='word_1_719' title='bbox 3537 3152 3670 3208; x_wconf 90' lang='lat' dir='ltr'><strong>tales</strong></span> <span class='ocrx_word' id='word_1_720' title='bbox 3701 3152 3803 3207; x_wconf 88' lang='lat' dir='ltr'><strong>ha-</strong></span> 
     </span>
    </p>
   </div>
   <div class='ocr_carea' id='block_1_91' title="bbox 2158 3240 3800 3329">
    <p class='ocr_par' dir='ltr' id='par_1_91' title="bbox 2158 3240 3800 3329">
     <span class='ocr_line' id='line_1_91' title="bbox 2158 3240 3800 3329; baseline 0.002 -34"><span class='ocrx_word' id='word_1_721' title='bbox 2158 3313 2170 3329; x_wconf 41' lang='lat'><strong><em>,</em></strong></span> <span class='ocrx_word' id='word_1_722' title='bbox 2208 3241 2331 3296; x_wconf 90' lang='lat' dir='ltr'><strong>beat</strong></span> <span class='ocrx_word' id='word_1_723' title='bbox 2355 3240 2682 3304; x_wconf 80' lang='lat' dir='ltr'><strong>defensores.</strong></span> <span class='ocrx_word' id='word_1_724' title='bbox 2712 3257 2809 3313; x_wconf 91' lang='lat' dir='ltr'><strong>per</strong></span> <span class='ocrx_word' id='word_1_725' title='bbox 2833 3259 2966 3313; x_wconf 90' lang='lat' dir='ltr'><strong>quos</strong></span> <span class='ocrx_word' id='word_1_726' title='bbox 2993 3244 3160 3313; x_wconf 82' lang='lat' dir='ltr'><strong>possit</strong></span> <span class='ocrx_word' id='word_1_727' title='bbox 3183 3243 3413 3298; x_wconf 90' lang='lat' dir='ltr'><strong>schisma</strong></span> <span class='ocrx_word' id='word_1_728' title='bbox 3442 3244 3757 3314; x_wconf 87' lang='lat' dir='ltr'><strong>contingere</strong></span> <span class='ocrx_word' id='word_1_729' title='bbox 3784 3262 3800 3309; x_wconf 87' lang='lat'><strong>;</strong></span> 
     </span>
    </p>
   </div>
   <div class='ocr_carea' id='block_1_92' title="bbox 2210 3333 3805 3404">
    <p class='ocr_par' dir='ltr' id='par_1_92' title="bbox 2210 3333 3805 3404">
     <span class='ocr_line' id='line_1_92' title="bbox 2210 3333 3805 3404; baseline 0 -16"><span class='ocrx_word' id='word_1_730' title='bbox 2210 3348 2315 3389; x_wconf 89' lang='lat' dir='ltr'><strong>non</strong></span> <span class='ocrx_word' id='word_1_731' title='bbox 2359 3333 2588 3388; x_wconf 88' lang='lat' dir='ltr'><strong>dormiat</strong></span> <span class='ocrx_word' id='word_1_732' title='bbox 2633 3335 2889 3389; x_wconf 84' lang='lat' dir='ltr'><strong>severitas</strong></span> <span class='ocrx_word' id='word_1_733' title='bbox 2929 3334 3244 3404; x_wconf 73' lang='lat' dir='ltr'><strong>disciplima,</strong></span> <span class='ocrx_word' id='word_1_734' title='bbox 3293 3335 3344 3389; x_wconf 91' lang='lat' dir='ltr'><strong>in</strong></span> <span class='ocrx_word' id='word_1_735' title='bbox 3388 3349 3490 3404; x_wconf 90' lang='lat' dir='ltr'><strong>qua</strong></span> <span class='ocrx_word' id='word_1_736' title='bbox 3536 3342 3685 3390; x_wconf 89' lang='lat' dir='ltr'><strong>tanto</strong></span> <span class='ocrx_word' id='word_1_737' title='bbox 3715 3343 3805 3389; x_wconf 89' lang='lat' dir='ltr'><strong>est</strong></span> 
     </span>
    </p>
   </div>
   <div class='ocr_carea' id='block_1_93' title="bbox 2210 3423 3803 3495">
    <p class='ocr_par' dir='ltr' id='par_1_93' title="bbox 2210 3423 3803 3495">
     <span class='ocr_line' id='line_1_93' title="bbox 2210 3423 3803 3495; baseline -0.001 -15"><span class='ocrx_word' id='word_1_738' title='bbox 2210 3424 2478 3480; x_wconf 78' lang='lat' dir='ltr'><strong>efﬁcacior</strong></span> <span class='ocrx_word' id='word_1_739' title='bbox 2522 3425 2823 3480; x_wconf 88' lang='lat' dir='ltr'><strong>emendatio</strong></span> <span class='ocrx_word' id='word_1_740' title='bbox 2886 3425 3190 3495; x_wconf 79' lang='lat' dir='ltr'><strong>pravitatis,</strong></span> <span class='ocrx_word' id='word_1_741' title='bbox 3243 3433 3442 3494; x_wconf 90' lang='lat' dir='ltr'><strong>quanto</strong></span> <span class='ocrx_word' id='word_1_742' title='bbox 3490 3423 3803 3494; x_wconf 85' lang='lat' dir='ltr'><strong>diligentior</strong></span> 
     </span>
    </p>
   </div>
   <div class='ocr_carea' id='block_1_94' title="bbox 2211 3515 3805 3574">
    <p class='ocr_par' dir='ltr' id='par_1_94' title="bbox 2211 3515 3805 3574">
     <span class='ocr_line' id='line_1_94' title="bbox 2211 3515 3805 3574; baseline -0.002 0"><span class='ocrx_word' id='word_1_743' title='bbox 2211 3519 2545 3574; x_wconf 81' lang='lat' dir='ltr'><strong>conservatio</strong></span> <span class='ocrx_word' id='word_1_744' title='bbox 2581 3517 2603 3550; x_wconf 89' lang='grc'><em>³</em></span> <span class='ocrx_word' id='word_1_745' title='bbox 2631 3517 2924 3572; x_wconf 88' lang='lat' dir='ltr'><strong>eharitatis.</strong></span> <span class='ocrx_word' id='word_1_746' title='bbox 2957 3517 3107 3572; x_wconf 86' lang='lat' dir='ltr'><strong>Tune</strong></span> <span class='ocrx_word' id='word_1_747' title='bbox 3151 3527 3329 3571; x_wconf 88' lang='lat' dir='ltr'><strong>autem</strong></span> <span class='ocrx_word' id='word_1_748' title='bbox 3373 3516 3474 3571; x_wconf 86' lang='lat' dir='ltr'><strong>hoc</strong></span> <span class='ocrx_word' id='word_1_749' title='bbox 3520 3515 3636 3570; x_wconf 89' lang='lat' dir='ltr'><strong>sine</strong></span> <span class='ocrx_word' id='word_1_750' title='bbox 3681 3515 3805 3570; x_wconf 80' lang='lat' dir='ltr'><strong>labe</strong></span> 
     </span>
    </p>
   </div>
   <div class='ocr_carea' id='block_1_95' title="bbox 2214 3607 3805 3682">
    <p class='ocr_par' dir='ltr' id='par_1_95' title="bbox 2214 3607 3805 3682">
     <span class='ocr_line' id='line_1_95' title="bbox 2214 3607 3805 3682; baseline -0.002 -18"><span class='ocrx_word' id='word_1_751' title='bbox 2214 3611 2358 3682; x_wconf 91' lang='lat' dir='ltr'><strong>pacis</strong></span> <span class='ocrx_word' id='word_1_752' title='bbox 2399 3618 2453 3664; x_wconf 85' lang='lat' dir='ltr'><strong>et</strong></span> <span class='ocrx_word' id='word_1_753' title='bbox 2497 3609 2734 3674; x_wconf 71' lang='lat' dir='ltr'><strong>unitatis,</strong></span> <span class='ocrx_word' id='word_1_754' title='bbox 2763 3617 2814 3665; x_wconf 91' lang='lat' dir='ltr'><strong>et</strong></span> <span class='ocrx_word' id='word_1_755' title='bbox 2845 3609 2962 3664; x_wconf 91' lang='lat' dir='ltr'><strong>sine</strong></span> <span class='ocrx_word' id='word_1_756' title='bbox 3007 3609 3224 3663; x_wconf 69' lang='lat' dir='ltr'><strong>lmsione</strong></span> <span class='ocrx_word' id='word_1_757' title='bbox 3250 3607 3638 3662; x_wconf 84' lang='lat' dir='ltr'><strong>frumentorum</strong></span> <span class='ocrx_word' id='word_1_758' title='bbox 3685 3607 3805 3662; x_wconf 88' lang='lat' dir='ltr'><strong>tieri</strong></span> 
     </span>
    </p>
   </div>
   <div class='ocr_carea' id='block_1_96' title="bbox 2215 3698 3807 3773">
    <p class='ocr_par' dir='ltr' id='par_1_96' title="bbox 2215 3698 3807 3773">
     <span class='ocr_line' id='line_1_96' title="bbox 2215 3698 3807 3773; baseline -0.001 -18"><span class='ocrx_word' id='word_1_759' title='bbox 2215 3711 2406 3773; x_wconf 85' lang='lat' dir='ltr'><strong>potest,</strong></span> <span class='ocrx_word' id='word_1_760' title='bbox 2439 3716 2559 3756; x_wconf 89' lang='lat' dir='ltr'><strong>eum</strong></span> <span class='ocrx_word' id='word_1_761' title='bbox 2585 3701 3011 3772; x_wconf 78' lang='lat' dir='ltr'><strong>congregationis</strong></span> <span class='ocrx_word' id='word_1_762' title='bbox 3043 3699 3296 3756; x_wconf 74' lang='lat' dir='ltr'><strong>Ecclesia:</strong></span> <span class='ocrx_word' id='word_1_763' title='bbox 3333 3698 3612 3754; x_wconf 91' lang='lat' dir='ltr'><strong>multitudo</strong></span> <span class='ocrx_word' id='word_1_764' title='bbox 3637 3699 3707 3753; x_wconf 90' lang='lat' dir='ltr'><strong>ab</strong></span> <span class='ocrx_word' id='word_1_765' title='bbox 3736 3714 3807 3754; x_wconf 91' lang='lat' dir='ltr'><strong>eo</strong></span> 
     </span>
    </p>
   </div>
   <div class='ocr_carea' id='block_1_97' title="bbox 2215 3788 3805 3861">
    <p class='ocr_par' dir='ltr' id='par_1_97' title="bbox 2215 3788 3805 3861">
     <span class='ocr_line' id='line_1_97' title="bbox 2215 3788 3805 3861; baseline -0.002 -15"><span class='ocrx_word' id='word_1_766' title='bbox 2215 3793 2435 3847; x_wconf 90' lang='lat' dir='ltr'><strong>crimine</strong></span> <span class='ocrx_word' id='word_1_767' title='bbox 2481 3791 2622 3861; x_wconf 90' lang='lat' dir='ltr'><strong>quod</strong></span> <span class='ocrx_word' id='word_1_768' title='bbox 2668 3789 3055 3856; x_wconf 86' lang='lat' dir='ltr'><strong>anathematur,</strong></span> <span class='ocrx_word' id='word_1_769' title='bbox 3105 3791 3272 3846; x_wconf 92' lang='lat' dir='ltr'><strong>aliena</strong></span> <span class='ocrx_word' id='word_1_770' title='bbox 3312 3796 3414 3845; x_wconf 87' lang='lat' dir='ltr'><strong>est.</strong></span> <span class='ocrx_word' id='word_1_771' title='bbox 3461 3788 3610 3843; x_wconf 85' lang='lat' dir='ltr'><strong>Tunc</strong></span> <span class='ocrx_word' id='word_1_772' title='bbox 3655 3789 3805 3843; x_wconf 91' lang='lat' dir='ltr'><strong>enim</strong></span> 
     </span>
    </p>
   </div>
   <div class='ocr_carea' id='block_1_98' title="bbox 2216 3881 3805 3954">
    <p class='ocr_par' dir='ltr' id='par_1_98' title="bbox 2216 3881 3805 3954">
     <span class='ocr_line' id='line_1_98' title="bbox 2216 3881 3805 3954; baseline -0.002 -15"><span class='ocrx_word' id='word_1_773' title='bbox 2216 3885 2430 3954; x_wconf 75' lang='lat' dir='ltr'><strong>adjuvat</strong></span> <span class='ocrx_word' id='word_1_774' title='bbox 2465 3883 2804 3954; x_wconf 70' lang='lat' dir='ltr'><strong>pra-positum</strong></span> <span class='ocrx_word' id='word_1_775' title='bbox 2849 3885 3027 3954; x_wconf 89' lang='lat' dir='ltr'><strong>potius</strong></span> <span class='ocrx_word' id='word_1_776' title='bbox 3069 3881 3465 3952; x_wconf 89' lang='lat' dir='ltr'><strong>corripientem,</strong></span> <span class='ocrx_word' id='word_1_777' title='bbox 3499 3897 3655 3952; x_wconf 83' lang='lat' dir='ltr'><strong>quam</strong></span> <span class='ocrx_word' id='word_1_778' title='bbox 3697 3883 3805 3936; x_wconf 78' lang='lat' dir='ltr'><strong>eri-</strong></span> 
     </span>
    </p>
   </div>
   <div class='ocr_carea' id='block_1_99' title="bbox 2218 3967 3810 4043">
    <p class='ocr_par' dir='ltr' id='par_1_99' title="bbox 2218 3967 3810 4043">
     <span class='ocr_line' id='line_1_99' title="bbox 2218 3967 3810 4043; baseline -0.001 -13"><span class='ocrx_word' id='word_1_779' title='bbox 2218 3978 2479 4031; x_wconf 90' lang='lat' dir='ltr'><strong>minosnm</strong></span> <span class='ocrx_word' id='word_1_780' title='bbox 2507 3967 2841 4031; x_wconf 75' lang='lat' dir='ltr'><strong>resistentem</strong></span> <span class='ocrx_word' id='word_1_781' title='bbox 2874 3993 2888 4030; x_wconf 93' lang='lat'>:</span> <span class='ocrx_word' id='word_1_782' title='bbox 2919 3984 3042 4030; x_wconf 90' lang='lat' dir='ltr'><strong>tunc</strong></span> <span class='ocrx_word' id='word_1_783' title='bbox 3081 3990 3140 4030; x_wconf 89' lang='lat' dir='ltr'><strong>se</strong></span> <span class='ocrx_word' id='word_1_784' title='bbox 3179 3975 3244 4028; x_wconf 92' lang='lat' dir='ltr'><strong>ab</strong></span> <span class='ocrx_word' id='word_1_785' title='bbox 3273 3973 3386 4043; x_wconf 90' lang='lat' dir='ltr'><strong>ejus</strong></span> <span class='ocrx_word' id='word_1_786' title='bbox 3426 3973 3810 4043; x_wconf 87' lang='lat' dir='ltr'><strong>conjunctione</strong></span> 
     </span>
    </p>
   </div>
   <div class='ocr_carea' id='block_1_100' title="bbox 2218 4068 3810 4135">
    <p class='ocr_par' dir='ltr' id='par_1_100' title="bbox 2218 4068 3810 4135">
     <span class='ocr_line' id='line_1_100' title="bbox 2218 4068 3810 4135; baseline -0.003 -11"><span class='ocrx_word' id='word_1_787' title='bbox 2218 4069 2502 4125; x_wconf 88' lang='lat' dir='ltr'><strong>salubriter</strong></span> <span class='ocrx_word' id='word_1_788' title='bbox 2528 4069 2783 4132; x_wconf 90' lang='lat' dir='ltr'><strong>continet,</strong></span> <span class='ocrx_word' id='word_1_789' title='bbox 2833 4077 2890 4122; x_wconf 93' lang='lat' dir='ltr'><strong>ut</strong></span> <span class='ocrx_word' id='word_1_790' title='bbox 2933 4083 3032 4122; x_wconf 92' lang='lat' dir='ltr'><strong>nec</strong></span> <span class='ocrx_word' id='word_1_791' title='bbox 3069 4068 3243 4121; x_wconf 90' lang='lat' dir='ltr'><strong>cibum</strong></span> <span class='ocrx_word' id='word_1_792' title='bbox 3284 4068 3558 4135; x_wconf 85' lang='lat' dir='ltr'><strong>quisquam</strong></span> <span class='ocrx_word' id='word_1_793' title='bbox 3587 4081 3711 4119; x_wconf 82' lang='lat' dir='ltr'><strong>cum</strong></span> <span class='ocrx_word' id='word_1_794' title='bbox 3740 4081 3810 4120; x_wconf 83' lang='lat' dir='ltr'><strong>eo</strong></span> 
     </span>
    </p>
   </div>
   <div class='ocr_carea' id='block_1_101' title="bbox 2219 4157 3806 4228">
    <p class='ocr_par' dir='ltr' id='par_1_101' title="bbox 2219 4157 3806 4228">
     <span class='ocr_line' id='line_1_101' title="bbox 2219 4157 3806 4228; baseline -0.006 -8"><span class='ocrx_word' id='word_1_795' title='bbox 2219 4173 2412 4228; x_wconf 89' lang='lat' dir='ltr'><strong>sumat,</strong></span> <span class='ocrx_word' id='word_1_796' title='bbox 2457 4177 2564 4217; x_wconf 92' lang='lat' dir='ltr'><strong>non</strong></span> <span class='ocrx_word' id='word_1_797' title='bbox 2609 4162 2755 4217; x_wconf 83' lang='lat' dir='ltr'><strong>rabie</strong></span> <span class='ocrx_word' id='word_1_798' title='bbox 2785 4161 3017 4225; x_wconf 90' lang='lat' dir='ltr'><strong>inimica,</strong></span> <span class='ocrx_word' id='word_1_799' title='bbox 3065 4159 3160 4215; x_wconf 91' lang='lat' dir='ltr'><strong>sed</strong></span> <span class='ocrx_word' id='word_1_800' title='bbox 3190 4157 3806 4214; x_wconf 83' lang='lat' dir='ltr'><strong>coercitione-fraterna.</strong></span> 
     </span>
    </p>
   </div>
   <div class='ocr_carea' id='block_1_102' title="bbox 2220 4249 3811 4323">
    <p class='ocr_par' dir='ltr' id='par_1_102' title="bbox 2220 4249 3811 4323">
     <span class='ocr_line' id='line_1_102' title="bbox 2220 4249 3811 4323; baseline -0.004 -12"><span class='ocrx_word' id='word_1_801' title='bbox 2220 4257 2370 4311; x_wconf 88' lang='lat' dir='ltr'><strong>Tunc</strong></span> <span class='ocrx_word' id='word_1_802' title='bbox 2395 4256 2552 4310; x_wconf 89' lang='lat' dir='ltr'><strong>etiam</strong></span> <span class='ocrx_word' id='word_1_803' title='bbox 2585 4254 2672 4310; x_wconf 92' lang='lat' dir='ltr'><strong>ille</strong></span> <span class='ocrx_word' id='word_1_804' title='bbox 2697 4262 2751 4308; x_wconf 86' lang='lat' dir='ltr'><strong>et</strong></span> <span class='ocrx_word' id='word_1_805' title='bbox 2778 4253 2966 4308; x_wconf 89' lang='lat' dir='ltr'><strong>timore</strong></span> <span class='ocrx_word' id='word_1_806' title='bbox 2996 4251 3306 4323; x_wconf 89' lang='lat' dir='ltr'><strong>percutitur,</strong></span> <span class='ocrx_word' id='word_1_807' title='bbox 3334 4258 3389 4306; x_wconf 91' lang='lat' dir='ltr'><strong>et</strong></span> <span class='ocrx_word' id='word_1_808' title='bbox 3416 4249 3619 4320; x_wconf 88' lang='lat' dir='ltr'><strong>pudore</strong></span> <span class='ocrx_word' id='word_1_809' title='bbox 3645 4262 3811 4304; x_wconf 82' lang='lat' dir='ltr'><strong>sana-</strong></span> 
     </span>
    </p>
   </div>
   <div class='ocr_carea' id='block_1_103' title="bbox 2220 4341 3811 4411">
    <p class='ocr_par' dir='ltr' id='par_1_103' title="bbox 2220 4341 3811 4411">
     <span class='ocr_line' id='line_1_103' title="bbox 2220 4341 3811 4411; baseline -0.007 -8"><span class='ocrx_word' id='word_1_810' title='bbox 2220 4357 2327 4411; x_wconf 88' lang='lat' dir='ltr'><strong>tur,</strong></span> <span class='ocrx_word' id='word_1_811' title='bbox 2360 4363 2481 4402; x_wconf 90' lang='lat' dir='ltr'><strong>cum</strong></span> <span class='ocrx_word' id='word_1_812' title='bbox 2524 4346 2590 4401; x_wconf 90' lang='lat' dir='ltr'><strong>ab</strong></span> <span class='ocrx_word' id='word_1_813' title='bbox 2633 4349 2877 4401; x_wconf 87' lang='lat' dir='ltr'><strong>universa</strong></span> <span class='ocrx_word' id='word_1_814' title='bbox 2906 4343 3144 4399; x_wconf 88' lang='lat' dir='ltr'><strong>Ecclesia</strong></span> <span class='ocrx_word' id='word_1_815' title='bbox 3186 4358 3244 4397; x_wconf 91' lang='lat' dir='ltr'><strong>se</strong></span> <span class='ocrx_word' id='word_1_816' title='bbox 3281 4342 3680 4396; x_wconf 79' lang='lat' dir='ltr'><strong>anathematum</strong></span> <span class='ocrx_word' id='word_1_817' title='bbox 3729 4341 3811 4393; x_wconf 82' lang='lat' dir='ltr'><strong>vi-</strong></span> 
     </span>
    </p>
   </div>
   <div class='ocr_carea' id='block_1_104' title="bbox 2221 4432 3810 4507">
    <p class='ocr_par' dir='ltr' id='par_1_104' title="bbox 2221 4432 3810 4507">
     <span class='ocr_line' id='line_1_104' title="bbox 2221 4432 3810 4507; baseline -0.006 -11"><span class='ocrx_word' id='word_1_818' title='bbox 2221 4442 2372 4507; x_wconf 88' lang='lat' dir='ltr'><strong>dens,</strong></span> <span class='ocrx_word' id='word_1_819' title='bbox 2401 4439 2598 4494; x_wconf 88' lang='lat' dir='ltr'><strong>sociam</strong></span> <span class='ocrx_word' id='word_1_820' title='bbox 2630 4438 2836 4492; x_wconf 90' lang='lat' dir='ltr'><strong>turbam</strong></span> <span class='ocrx_word' id='word_1_821' title='bbox 2862 4452 2980 4491; x_wconf 92' lang='lat' dir='ltr'><strong>eum</strong></span> <span class='ocrx_word' id='word_1_822' title='bbox 3011 4449 3110 4505; x_wconf 88' lang='lat' dir='ltr'><strong>qua</strong></span> <span class='ocrx_word' id='word_1_823' title='bbox 3133 4435 3187 4488; x_wconf 90' lang='lat' dir='ltr'><strong>in</strong></span> <span class='ocrx_word' id='word_1_824' title='bbox 3212 4433 3408 4488; x_wconf 90' lang='lat' dir='ltr'><strong>delicto</strong></span> <span class='ocrx_word' id='word_1_825' title='bbox 3433 4447 3531 4487; x_wconf 90' lang='lat' dir='ltr'><strong>suo</strong></span> <span class='ocrx_word' id='word_1_826' title='bbox 3574 4432 3810 4502; x_wconf 87' lang='lat' dir='ltr'><strong>gaudeat</strong></span> 
     </span>
    </p>
   </div>
   <div class='ocr_carea' id='block_1_105' title="bbox 2222 4527 3358 4600">
    <p class='ocr_par' dir='ltr' id='par_1_105' title="bbox 2222 4527 3358 4600">
     <span class='ocr_line' id='line_1_105' title="bbox 2222 4527 3358 4600; baseline -0.008 -11"><span class='ocrx_word' id='word_1_827' title='bbox 2222 4541 2276 4589; x_wconf 91' lang='lat' dir='ltr'><strong>et</strong></span> <span class='ocrx_word' id='word_1_828' title='bbox 2306 4531 2458 4587; x_wconf 90' lang='lat' dir='ltr'><strong>bonis</strong></span> <span class='ocrx_word' id='word_1_829' title='bbox 2495 4530 2733 4597; x_wconf 87' lang='lat' dir='ltr'><strong>insultet,</strong></span> <span class='ocrx_word' id='word_1_830' title='bbox 2765 4545 2870 4583; x_wconf 94' lang='lat' dir='ltr'><strong>non</strong></span> <span class='ocrx_word' id='word_1_831' title='bbox 2893 4537 3067 4600; x_wconf 90' lang='lat' dir='ltr'><strong>potest</strong></span> <span class='ocrx_word' id='word_1_832' title='bbox 3097 4527 3358 4582; x_wconf 80' lang='lat' dir='ltr'><strong>invenire.</strong></span> 
     </span>
    </p>
   </div>
   <div class='ocr_carea' id='block_1_106' title="bbox 2295 4615 3811 4690">
    <p class='ocr_par' dir='ltr' id='par_1_106' title="bbox 2295 4615 3811 4690">
     <span class='ocr_line' id='line_1_106' title="bbox 2295 4615 3811 4690; baseline -0.007 -9"><span class='ocrx_word' id='word_1_833' title='bbox 2295 4625 2380 4681; x_wconf 74' lang='grc'><strong>14.</strong></span> <span class='ocrx_word' id='word_1_834' title='bbox 2423 4623 2503 4678; x_wconf 83' lang='lat' dir='ltr'><strong>Ad</strong></span> <span class='ocrx_word' id='word_1_835' title='bbox 2546 4623 2648 4678; x_wconf 89' lang='lat' dir='ltr'><strong>hoc</strong></span> <span class='ocrx_word' id='word_1_836' title='bbox 2691 4621 2830 4676; x_wconf 84' lang='lat' dir='ltr'><strong>enim</strong></span> <span class='ocrx_word' id='word_1_837' title='bbox 2871 4630 2924 4676; x_wconf 92' lang='lat' dir='ltr'><strong>ct</strong></span> <span class='ocrx_word' id='word_1_838' title='bbox 2969 4620 3081 4690; x_wconf 89' lang='lat' dir='ltr'><strong>ipse</strong></span> <span class='ocrx_word' id='word_1_839' title='bbox 3127 4618 3410 4690; x_wconf 84' lang='lat' dir='ltr'><strong>Apostolus</strong></span> <span class='ocrx_word' id='word_1_840' title='bbox 3453 4617 3545 4682; x_wconf 91' lang='lat' dir='ltr'><strong>ait,</strong></span> <span class='ocrx_word' id='word_1_841' title='bbox 3591 4615 3654 4671; x_wconf 89' lang='lat' dir='ltr'><strong>Si</strong></span> <span class='ocrx_word' id='word_1_842' title='bbox 3698 4617 3811 4686; x_wconf 83' lang='lat' dir='ltr'><strong>quis</strong></span> 
     </span>
    </p>
   </div>
   <div class='ocr_carea' id='block_1_107' title="bbox 2224 4707 3814 4788">
    <p class='ocr_par' dir='ltr' id='par_1_107' title="bbox 2224 4707 3814 4788">
     <span class='ocr_line' id='line_1_107' title="bbox 2224 4707 3814 4788; baseline -0.007 -16"><span class='ocrx_word' id='word_1_843' title='bbox 2224 4717 2380 4788; x_wconf 82' lang='lat' dir='ltr'><strong>frater</strong></span> <span class='ocrx_word' id='word_1_844' title='bbox 2409 4715 2713 4769; x_wconf 88' lang='lat' dir='ltr'><strong>nominatur.</strong></span> <span class='ocrx_word' id='word_1_845' title='bbox 2756 4713 2812 4767; x_wconf 88' lang='lat' dir='ltr'><strong>In</strong></span> <span class='ocrx_word' id='word_1_846' title='bbox 2841 4725 2905 4766; x_wconf 92' lang='lat' dir='ltr'><strong>eo</strong></span> <span class='ocrx_word' id='word_1_847' title='bbox 2931 4711 3126 4781; x_wconf 90' lang='lat' dir='ltr'><strong>quippe</strong></span> <span class='ocrx_word' id='word_1_848' title='bbox 3151 4709 3289 4780; x_wconf 88' lang='lat' dir='ltr'><strong>quod</strong></span> <span class='ocrx_word' id='word_1_849' title='bbox 3331 4709 3421 4772; x_wconf 90' lang='lat' dir='ltr'><strong>ait,</strong></span> <span class='ocrx_word' id='word_1_850' title='bbox 3451 4707 3510 4763; x_wconf 89' lang='lat' dir='ltr'><strong>Si</strong></span> <span class='ocrx_word' id='word_1_851' title='bbox 3541 4708 3655 4778; x_wconf 88' lang='lat' dir='ltr'><strong>quis</strong></span> <span class='ocrx_word' id='word_1_852' title='bbox 3678 4725 3700 4773; x_wconf 88' lang='lat'><strong><em>;</em></strong></span> <span class='ocrx_word' id='word_1_853' title='bbox 3733 4708 3814 4761; x_wconf 89' lang='lat' dir='ltr'><strong>ni-</strong></span> 
     </span>
    </p>
   </div>
   <div class='ocr_carea' id='block_1_108' title="bbox 2224 4800 3815 4876">
    <p class='ocr_par' dir='ltr' id='par_1_108' title="bbox 2224 4800 3815 4876">
     <span class='ocr_line' id='line_1_108' title="bbox 2224 4800 3815 4876; baseline -0.009 -10"><span class='ocrx_word' id='word_1_854' title='bbox 2224 4811 2299 4866; x_wconf 88' lang='lat' dir='ltr'><strong>hil</strong></span> <span class='ocrx_word' id='word_1_855' title='bbox 2323 4808 2462 4864; x_wconf 90' lang='lat' dir='ltr'><strong>aliud</strong></span> <span class='ocrx_word' id='word_1_856' title='bbox 2503 4806 2710 4861; x_wconf 87' lang='lat' dir='ltr'><strong>videtur</strong></span> <span class='ocrx_word' id='word_1_857' title='bbox 2748 4804 3047 4876; x_wconf 81' lang='lat' dir='ltr'><strong>signiﬁcare</strong></span> <span class='ocrx_word' id='word_1_858' title='bbox 3072 4802 3322 4866; x_wconf 83' lang='lat' dir='ltr'><strong>voluisse,</strong></span> <span class='ocrx_word' id='word_1_859' title='bbox 3353 4800 3453 4854; x_wconf 91' lang='lat' dir='ltr'><strong>nisi</strong></span> <span class='ocrx_word' id='word_1_860' title='bbox 3495 4814 3616 4854; x_wconf 93' lang='lat' dir='ltr'><strong>eum</strong></span> <span class='ocrx_word' id='word_1_861' title='bbox 3652 4812 3815 4868; x_wconf 86' lang='lat' dir='ltr'><strong>posse</strong></span> 
     </span>
    </p>
   </div>
   <div class='ocr_carea' id='block_1_109' title="bbox 2227 4888 3814 4963">
    <p class='ocr_par' dir='ltr' id='par_1_109' title="bbox 2227 4888 3814 4963">
     <span class='ocr_line' id='line_1_109' title="bbox 2227 4888 3814 4963; baseline -0.009 -8"><span class='ocrx_word' id='word_1_862' title='bbox 2227 4901 2314 4955; x_wconf 92' lang='lat' dir='ltr'><strong>tali</strong></span> <span class='ocrx_word' id='word_1_863' title='bbox 2343 4899 2501 4954; x_wconf 90' lang='lat' dir='ltr'><strong>modo</strong></span> <span class='ocrx_word' id='word_1_864' title='bbox 2527 4896 2809 4952; x_wconf 89' lang='lat' dir='ltr'><strong>salubriter</strong></span> <span class='ocrx_word' id='word_1_865' title='bbox 2843 4893 3056 4963; x_wconf 82' lang='lat' dir='ltr'><strong>corrigi,</strong></span> <span class='ocrx_word' id='word_1_866' title='bbox 3084 4893 3172 4963; x_wconf 89' lang='lat' dir='ltr'><strong>qui</strong></span> <span class='ocrx_word' id='word_1_867' title='bbox 3204 4893 3344 4946; x_wconf 89' lang='lat' dir='ltr'><strong>inter</strong></span> <span class='ocrx_word' id='word_1_868' title='bbox 3369 4888 3657 4944; x_wconf 88' lang='lat' dir='ltr'><strong>dissimiles</strong></span> <span class='ocrx_word' id='word_1_869' title='bbox 3688 4901 3814 4958; x_wconf 83' lang='lat' dir='ltr'><strong>pee-</strong></span> 
     </span>
    </p>
   </div>
   <div class='ocr_carea' id='block_1_110' title="bbox 2225 4981 3816 5059">
    <p class='ocr_par' dir='ltr' id='par_1_110' title="bbox 2225 4981 3816 5059">
     <span class='ocr_line' id='line_1_110' title="bbox 2225 4981 3816 5059; baseline -0.009 -11"><span class='ocrx_word' id='word_1_870' title='bbox 2225 5003 2329 5059; x_wconf 87' lang='lat' dir='ltr'><strong>cat,</strong></span> <span class='ocrx_word' id='word_1_871' title='bbox 2363 4992 2416 5047; x_wconf 90' lang='lat' dir='ltr'><strong>id</strong></span> <span class='ocrx_word' id='word_1_872' title='bbox 2442 4998 2542 5054; x_wconf 85' lang='lat' dir='ltr'><strong>est,</strong></span> <span class='ocrx_word' id='word_1_873' title='bbox 2575 4990 2711 5043; x_wconf 81' lang='lat' dir='ltr'><strong>inter</strong></span> <span class='ocrx_word' id='word_1_874' title='bbox 2736 5003 2828 5042; x_wconf 92' lang='lat' dir='ltr'><strong>eos</strong></span> <span class='ocrx_word' id='word_1_875' title='bbox 2849 5001 2982 5057; x_wconf 89' lang='lat' dir='ltr'><strong>quos</strong></span> <span class='ocrx_word' id='word_1_876' title='bbox 3005 4994 3342 5056; x_wconf 89' lang='lat' dir='ltr'><strong>peccatorum</strong></span> <span class='ocrx_word' id='word_1_877' title='bbox 3371 4982 3620 5037; x_wconf 90' lang='lat' dir='ltr'><strong>similium</strong></span> <span class='ocrx_word' id='word_1_878' title='bbox 3652 4981 3816 5050; x_wconf 87' lang='lat' dir='ltr'><strong>pesti-</strong></span> 
     </span>
    </p>
   </div>
   <div class='ocr_carea' id='block_1_111' title="bbox 2229 5073 3813 5148">
    <p class='ocr_par' dir='ltr' id='par_1_111' title="bbox 2229 5073 3813 5148">
     <span class='ocr_line' id='line_1_111' title="bbox 2229 5073 3813 5148; baseline -0.01 -9"><span class='ocrx_word' id='word_1_879' title='bbox 2229 5083 2385 5139; x_wconf 85' lang='lat' dir='ltr'><strong>lentia</strong></span> <span class='ocrx_word' id='word_1_880' title='bbox 2419 5097 2523 5136; x_wconf 89' lang='lat' dir='ltr'><strong>non</strong></span> <span class='ocrx_word' id='word_1_881' title='bbox 2546 5078 2856 5148; x_wconf 91' lang='lat' dir='ltr'><strong>corrumpit.</strong></span> <span class='ocrx_word' id='word_1_882' title='bbox 2887 5078 2939 5130; x_wconf 92' lang='lat' dir='ltr'><strong>ln</strong></span> <span class='ocrx_word' id='word_1_883' title='bbox 2970 5092 3034 5131; x_wconf 89' lang='lat' dir='ltr'><strong>eo</strong></span> <span class='ocrx_word' id='word_1_884' title='bbox 3056 5091 3181 5130; x_wconf 90' lang='lat' dir='ltr'><strong>vero</strong></span> <span class='ocrx_word' id='word_1_885' title='bbox 3208 5073 3348 5145; x_wconf 91' lang='lat' dir='ltr'><strong>quod</strong></span> <span class='ocrx_word' id='word_1_886' title='bbox 3377 5073 3470 5136; x_wconf 89' lang='lat' dir='ltr'><strong>ait,</strong></span> <span class='ocrx_word' id='word_1_887' title='bbox 3497 5073 3813 5135; x_wconf 85' lang='lat' dir='ltr'><strong>nominatur,</strong></span> 
     </span>
    </p>
   </div>
   <div class='ocr_carea' id='block_1_112' title="bbox 2230 5163 3816 5240">
    <p class='ocr_par' dir='ltr' id='par_1_112' title="bbox 2230 5163 3816 5240">
     <span class='ocr_line' id='line_1_112' title="bbox 2230 5163 3816 5240; baseline -0.011 -8"><span class='ocrx_word' id='word_1_888' title='bbox 2230 5178 2329 5233; x_wconf 90' lang='lat' dir='ltr'><strong>hoc</strong></span> <span class='ocrx_word' id='word_1_889' title='bbox 2358 5175 2604 5229; x_wconf 86' lang='lat' dir='ltr'><strong>nimirum</strong></span> <span class='ocrx_word' id='word_1_890' title='bbox 2637 5170 2854 5240; x_wconf 83' lang='lat' dir='ltr'><strong>intelligi</strong></span> <span class='ocrx_word' id='word_1_891' title='bbox 2897 5169 3078 5231; x_wconf 87' lang='lat' dir='ltr'><strong>voluit,</strong></span> <span class='ocrx_word' id='word_1_892' title='bbox 3113 5182 3298 5239; x_wconf 89' lang='lat' dir='ltr'><strong>parum</strong></span> <span class='ocrx_word' id='word_1_893' title='bbox 3327 5179 3447 5221; x_wconf 89' lang='lat' dir='ltr'><strong>esse</strong></span> <span class='ocrx_word' id='word_1_894' title='bbox 3478 5173 3535 5218; x_wconf 90' lang='lat' dir='ltr'><strong>ut</strong></span> <span class='ocrx_word' id='word_1_895' title='bbox 3569 5164 3637 5218; x_wconf 90' lang='lat' dir='ltr'><strong>sit</strong></span> <span class='ocrx_word' id='word_1_896' title='bbox 3663 5163 3816 5233; x_wconf 88' lang='lat' dir='ltr'><strong>quis-</strong></span> 
     </span>
    </p>
   </div>
   <div class='ocr_carea' id='block_1_113' title="bbox 2228 5252 3820 5340">
    <p class='ocr_par' dir='ltr' id='par_1_113' title="bbox 2228 5252 3820 5340">
     <span class='ocr_line' id='line_1_113' title="bbox 2228 5252 3820 5340; baseline -0.008 -21"><span class='ocrx_word' id='word_1_897' title='bbox 2228 5285 2330 5340; x_wconf 90' lang='lat' dir='ltr'><strong>que</strong></span> <span class='ocrx_word' id='word_1_898' title='bbox 2382 5268 2520 5331; x_wconf 81' lang='lat' dir='ltr'><strong>talis,</strong></span> <span class='ocrx_word' id='word_1_899' title='bbox 2577 5263 2675 5318; x_wconf 90' lang='lat' dir='ltr'><strong>uisi</strong></span> <span class='ocrx_word' id='word_1_900' title='bbox 2727 5261 2886 5316; x_wconf 89' lang='lat' dir='ltr'><strong>etiam</strong></span> <span class='ocrx_word' id='word_1_901' title='bbox 2936 5259 3258 5322; x_wconf 88' lang='lat' dir='ltr'><strong>nominetur,</strong></span> <span class='ocrx_word' id='word_1_902' title='bbox 3315 5255 3367 5310; x_wconf 92' lang='lat' dir='ltr'><strong>id</strong></span> <span class='ocrx_word' id='word_1_903' title='bbox 3419 5264 3533 5319; x_wconf 86' lang='lat' dir='ltr'><strong>est,</strong></span> <span class='ocrx_word' id='word_1_904' title='bbox 3581 5252 3820 5307; x_wconf 77' lang='lat' dir='ltr'><strong>fatuosus</strong></span> 
     </span>
    </p>
   </div>
   <div class='ocr_carea' id='block_1_114' title="bbox 2229 5347 3820 5432">
    <p class='ocr_par' dir='ltr' id='par_1_114' title="bbox 2229 5347 3820 5432">
     <span class='ocr_line' id='line_1_114' title="bbox 2229 5347 3820 5432; baseline -0.012 -16"><span class='ocrx_word' id='word_1_905' title='bbox 2229 5368 2501 5432; x_wconf 86' lang='lat' dir='ltr'><strong>appareat,</strong></span> <span class='ocrx_word' id='word_1_906' title='bbox 2545 5355 2796 5426; x_wconf 83' lang='lat' dir='ltr'><strong>ut‘possit</strong></span> <span class='ocrx_word' id='word_1_907' title='bbox 2835 5353 3081 5407; x_wconf 86' lang='lat' dir='ltr'><strong>omnibus</strong></span> <span class='ocrx_word' id='word_1_908' title='bbox 3120 5351 3425 5421; x_wconf 84' lang='lat' dir='ltr'><strong>dignissima</strong></span> <span class='ocrx_word' id='word_1_909' title='bbox 3474 5347 3664 5409; x_wconf 86' lang='lat' dir='ltr'><strong>videri,</strong></span> <span class='ocrx_word' id='word_1_910' title='bbox 3701 5361 3820 5415; x_wconf 79' lang='lat' dir='ltr'><strong>quae</strong></span> 
     </span>
    </p>
   </div>
   <div class='ocr_carea' id='block_1_115' title="bbox 2231 5438 3820 5516">
    <p class='ocr_par' dir='ltr' id='par_1_115' title="bbox 2231 5438 3820 5516">
     <span class='ocr_line' id='line_1_115' title="bbox 2231 5438 3820 5516; baseline -0.013 -6"><span class='ocrx_word' id='word_1_911' title='bbox 2231 5456 2284 5510; x_wconf 91' lang='lat' dir='ltr'><strong>in</strong></span> <span class='ocrx_word' id='word_1_912' title='bbox 2314 5469 2436 5510; x_wconf 89' lang='lat' dir='ltr'><strong>eum</strong></span> <span class='ocrx_word' id='word_1_913' title='bbox 2468 5451 2626 5506; x_wconf 79' lang='lat' dir='ltr'><strong>fuerit</strong></span> <span class='ocrx_word' id='word_1_914' title='bbox 2651 5446 3004 5502; x_wconf 74' lang='lat' dir='ltr'><strong>aliathematis</strong></span> <span class='ocrx_word' id='word_1_915' title='bbox 3031 5443 3234 5516; x_wconf 86' lang='lat' dir='ltr'><strong>prolata</strong></span> <span class='ocrx_word' id='word_1_916' title='bbox 3260 5442 3546 5498; x_wconf 87' lang='lat' dir='ltr'><strong>sententia.</strong></span> <span class='ocrx_word' id='word_1_917' title='bbox 3580 5439 3655 5494; x_wconf 89' lang='lat' dir='ltr'><strong>Ita</strong></span> <span class='ocrx_word' id='word_1_918' title='bbox 3681 5438 3820 5494; x_wconf 88' lang='lat' dir='ltr'><strong>enim</strong></span> 
     </span>
    </p>
   </div>
   <div class='ocr_carea' id='block_1_116' title="bbox 2299 5573 3824 5659">
    <p class='ocr_par' dir='ltr' id='par_1_116' title="bbox 2299 5573 3824 5659">
     <span class='ocr_line' id='line_1_116' title="bbox 2299 5573 3824 5659; baseline -0.014 -22"><span class='ocrx_word' id='word_1_919' title='bbox 2299 5591 2323 5659; x_wconf 39' lang='grc' dir='ltr'><strong>ί.</strong></span> <span class='ocrx_word' id='word_1_920' title='bbox 2342 5587 2458 5659; x_wconf 72' lang='lat' dir='ltr'><strong>Fditi</strong></span> <span class='ocrx_word' id='word_1_921' title='bbox 2483 5599 2496 5635; x_wconf 86' lang='lat'>:</span> <span class='ocrx_word' id='word_1_922' title='bbox 2523 5594 2621 5637; x_wconf 69' lang='lat' dir='ltr'><strong>Non</strong></span> <span class='ocrx_word' id='word_1_923' title='bbox 2638 5581 2764 5635; x_wconf 85' lang='lat' dir='ltr'><strong>enim</strong></span> <span class='ocrx_word' id='word_1_924' title='bbox 2786 5581 2915 5633; x_wconf 86' lang='lat' dir='ltr'><strong>estis.</strong></span> <span class='ocrx_word' id='word_1_925' title='bbox 2935 5578 3110 5641; x_wconf 77' lang='lat' dir='ltr'><strong>Verbo,</strong></span> <span class='ocrx_word' id='word_1_926' title='bbox 3133 5577 3263 5638; x_wconf 78' lang='lat' dir='ltr'><strong>estis,</strong></span> <span class='ocrx_word' id='word_1_927' title='bbox 3286 5583 3453 5626; x_wconf 87' lang='lat' dir='ltr'><strong>carent</strong></span> <span class='ocrx_word' id='word_1_928' title='bbox 3471 5573 3638 5637; x_wconf 68' lang='lat' dir='ltr'><strong>plures</strong></span> <span class='ocrx_word' id='word_1_929' title='bbox 3658 5582 3824 5621; x_wconf 68' lang='lat' dir='ltr'><strong>nuruu-</strong></span> 
     </span>
    </p>
   </div>
   <div class='ocr_carea' id='block_1_117' title="bbox 2232 5659 3784 5766">
    <p class='ocr_par' dir='ltr' id='par_1_117' title="bbox 2232 5659 3784 5766">
     <span class='ocr_line' id='line_1_117' title="bbox 2232 5659 3784 5766; baseline -0.014 -5"><span class='ocrx_word' id='word_1_930' title='bbox 2435 5723 2604 5760; x_wconf 85' lang='lat' dir='ltr'><strong>omnes</strong></span> <span class='ocrx_word' id='word_1_931' title='bbox 2628 5717 2728 5757; x_wconf 63' lang='lat' dir='ltr'><strong>Vss.</strong></span> <span class='ocrx_word' id='word_1_932' title='bbox 2756 5715 2810 5756; x_wconf 76' lang='lat' dir='ltr'><strong>At</strong></span> <span class='ocrx_word' id='word_1_933' title='bbox 2834 5706 2969 5760; x_wconf 84' lang='lat' dir='ltr'><strong>editi,</strong></span> <span class='ocrx_word' id='word_1_934' title='bbox 2992 5701 3054 5753; x_wconf 89' lang='lat' dir='ltr'><strong>ab</strong></span> <span class='ocrx_word' id='word_1_935' title='bbox 3069 5699 3294 5753; x_wconf 76' lang='lat' dir='ltr'><strong>Ecclesia:</strong></span> <span class='ocrx_word' id='word_1_936' title='bbox 3311 5699 3488 5766; x_wconf 79' lang='lat' dir='ltr'><strong>unitate</strong></span> <span class='ocrx_word' id='word_1_937' title='bbox 3512 5695 3784 5747; x_wconf 79' lang='lat' dir='ltr'><strong>dirimetur.</strong></span> 
     </span>
    </p>
   </div>
   <div class='ocr_carea' id='block_1_118' title="bbox 2300 5764 3822 5845">
    <p class='ocr_par' dir='ltr' id='par_1_118' title="bbox 2300 5764 3822 5845">
     <span class='ocr_line' id='line_1_118' title="bbox 2300 5764 3822 5845; baseline -0.015 -22"><span class='ocrx_word' id='word_1_938' title='bbox 2300 5776 2393 5845; x_wconf 50' lang='lat' dir='ltr'><strong>{In</strong></span> <span class='ocrx_word' id='word_1_939' title='bbox 2431 5774 2657 5833; x_wconf 76' lang='lat' dir='ltr'><strong>excusis,</strong></span> <span class='ocrx_word' id='word_1_940' title='bbox 2682 5766 2997 5833; x_wconf 65' lang='lat' dir='ltr'><strong>confirmatio.</strong></span> <span class='ocrx_word' id='word_1_941' title='bbox 3036 5774 3088 5816; x_wconf 58' lang='lat' dir='ltr'><strong>et</strong></span> <span class='ocrx_word' id='word_1_942' title='bbox 3140 5768 3187 5817; x_wconf 88' lang='lat' dir='ltr'><strong>in</strong></span> <span class='ocrx_word' id='word_1_943' title='bbox 3219 5764 3442 5814; x_wconf 75' lang='lat' dir='ltr'><strong>oiuuibus</strong></span> <span class='ocrx_word' id='word_1_944' title='bbox 3475 5767 3599 5822; x_wconf 75' lang='lat' dir='ltr'><strong>Mss,</strong></span> <span class='ocrx_word' id='word_1_945' title='bbox 3639 5767 3822 5807; x_wconf 76' lang='lat' dir='ltr'><strong>conser-</strong></span> 
     </span>
    </p>
   </div>
   <div class='ocr_carea' id='block_1_119' title="bbox 2239 5845 2376 5890">
    <p class='ocr_par' dir='ltr' id='par_1_119' title="bbox 2239 5845 2376 5890">
     <span class='ocr_line' id='line_1_119' title="bbox 2239 5845 2376 5890; baseline -0.022 -2"><span class='ocrx_word' id='word_1_946' title='bbox 2239 5845 2376 5890; x_wconf 76' lang='lat' dir='ltr'><strong>l‘ttitt).</strong></span> 
     </span>
    </p>
   </div>
  </div>
