4054 6472
273 344 338 403 αι.
1686 354 1885 411 uuen
1926 357 2236 418 TERTIUS.
3082 394 3095 399 ~
3490 382 3553 440 94

270 477 319 519 et
340 464 484 519 salva
517 479 650 535 pace
679 466 981 538 corrigitur,
1010 474 1067 522 et
1105 482 1211 522 non
1238 466 1595 524 iulerfectoric
1620 471 1856 539 percuti-

272 567 373 622 tur,
423 555 521 611 sed
574 557 965 613 medicinalitcr
1005 560 1192 614 uritur.
1226 560 1515 630 Propterea
1560 572 1615 616 et
1659 562 1725 616 de
1769 563 1858 617 illo

267 646 417 710 dixit,
447 662 609 715 quem
655 650 741 702 tali
775 649 1035 705 medicina
1075 652 1251 705 sanari
1284 652 1543 719 voluerat,
1576 652 1714 708 Satis
1744 654 1860 708 huic

264 749 337 794 est
384 740 640 809 correptio
680 756 793 809 qua:
840 742 897 810 ﬁt
939 759 970 794 a
1020 742 1209 797 multis.
1264 744 1447 814 Neque
1494 745 1635 799 enim
1687 755 1860 815 potest

264 844 383 885 esse
411 830 647 885 salubris
682 847 714 886 a
746 834 925 887 multis
967 836 1256 903 correptio,
1302 837 1404 891 nisi
1447 853 1568 892 cum
1600 839 1708 894 ille
1735 855 1859 894 cor-

263 920 459 990 ripitur
481 924 572 992 qui
603 938 710 977 nou
741 923 900 979 habet
923 926 1123 980 sociam
1143 928 1551 985 multitudinem.
1572 930 1704 985 Cum
1732 945 1861 986 vero

262 1013 406 1067 idem
435 1015 661 1069 morbus
688 1017 944 1085 plurimos
970 1022 1308 1089 occupaverit
1331 1063 1347 1089 ,
1378 1022 1511 1076 nihil
1535 1023 1676 1079 aliud
1704 1026 1860 1080 bonis

263 1112 434 1160 restat
482 1122 644 1176 quam
683 1108 840 1164 dolor
885 1118 937 1164 et
965 1112 1193 1180 gemitus
1217 1155 1232 1179 ,
1259 1122 1318 1168 ut
1363 1130 1456 1184 per
1498 1116 1623 1171 illud
1652 1118 1859 1188 signum

261 1198 405 1266 quod
465 1199 732 1255 Ezechieli
781 1213 964 1258 sancto
1013 1205 1299 1273 revelalur,
1343 1208 1493 1262 illaesi
1537 1208 1762 1265 evadere
1792 1210 1861 1265 ab

261 1290 483 1345 illorum
514 1294 813 1349 vastatione
839 1308 1142 1351 mereantur
1165 1296 1375 1369 (Ezech.
1407 1316 1483 1367 ix,
1513 1300 1592 1372 4).
1625 1302 1705 1355 Ad
1736 1317 1859 1379 eum

262 1383 405 1437 enim
432 1385 525 1454 qui
568 1400 751 1440 errare
776 1402 881 1442 non
909 1396 1088 1458 potest
1112 1391 1344 1446 clamant
1378 1410 1393 1448 :
1428 1391 1511 1448 Ne
1538 1394 1719 1463 perdas
1747 1410 1861 1449 cum

234 1475 431 1547 .impiis
451 1517 469 1542 ,
502 1475 667 1541 Deus,
693 1480 916 1533 animam
944 1497 1105 1534 meam
1127 1522 1143 1547 ,
1174 1494 1218 1535 et
1258 1499 1371 1537 cum
1405 1484 1521 1538 viris
1559 1486 1860 1556 sanguinum

263 1571 415 1623 vitam
438 1570 792 1644 meam(Psal.
821 1589 949 1640 xxv,
982 1575 1059 1643 9).
1083 1574 1161 1631 Ne
1186 1589 1307 1633 cum
1330 1577 1591 1633 voluerint
1611 1579 1862 1649 colligere

261 1664 465 1717 zizania
486 1704 505 1729 ,
534 1664 809 1719 eradicent
837 1666 998 1720 simul
1024 1675 1079 1722 et
1107 1668 1359 1734 triticum;
1393 1684 1491 1725 nec
1518 1685 1613 1738 per
1637 1670 1859 1740 diligen-

263 1752 390 1807 tiam
438 1762 678 1824 segetem
722 1755 1043 1810 dominicam
1085 1766 1339 1827 purgent,
1374 1758 1468 1813 sed
1510 1774 1603 1827 per
1647 1760 1862 1814 temer-i—

263 1854 425 1901 tatem
480 1847 579 1916 ipsi
649 1849 827 1917 potius
891 1849 1030 1904 inter
1080 1859 1425 1919 purgamenta
1493 1860 1856 1907 numerentur.

260 1938 497 2009 ideoque
526 1938 669 1994 idem
699 1941 975 2009 apostolus
1003 1957 1122 1996 cum
1146 1942 1255 2010 jam
1292 1944 1488 1998 multos
1512 1944 1862 2013 comperisset

262 2031 541 2086 immunda
595 2032 800 2087 luxuria
852 2042 908 2088 ct
952 2033 1389 2090 fornicationibus
1435 2037 1858 2106 inquinatos;ad

260 2125 479 2179 eosdem
503 2123 811 2180 Corinthios
839 2126 890 2179 in
916 2128 1148 2182 secunda
1182 2128 1419 2197 Epistola
1448 2130 1689 2185 scribens
1709 2170 1723 2197 ,
1754 2145 1857 2186 non

262 2216 447 2272 itidem
481 2218 723 2287 prmcipit
751 2228 809 2274 ut
846 2234 966 2274 cum
995 2221 1186 2276 talibus
1221 2236 1321 2277 nec
1360 2223 1537 2277 cibum
1566 2236 1856 2281 sumerent.

261 2307 409 2363 Multi
457 2310 602 2363 enim
655 2319 843 2376 erant,
872 2326 971 2366 nec
1014 2311 1119 2366 dici
1161 2312 1230 2367 de
1279 2313 1361 2367 his
1387 2322 1626 2382 poterat,
1660 2314 1721 2370 Si
1748 2318 1860 2385 quis

261 2405 417 2470 frater
460 2404 754 2457 nominatur
810 2404 1105 2474 fornicator,
1141 2415 1228 2457 aut
1285 2406 1435 2459 idolis
1479 2408 1731 2474 serviens,
1772 2417 1859 2461 aut

261 2509 466 2560 avarus,
492 2503 585 2548 aut
611 2494 810 2563 aliquid
839 2496 982 2560 tale;
1013 2512 1126 2549 cum
1151 2496 1402 2565 ejusmodi
1430 2513 1519 2551 nec
1547 2497 1709 2551 cibum
1736 2500 1850 2567 qui-

261 2586 371 2640 dem
396 2586 555 2640 simul
592 2602 788 2640 sumere
814 2604 833 2641 :
862 2586 954 2641 sed
984 2586 1092 2651 ait,
1120 2584 1172 2639 Ν
1177 2603 1204 2640 e
1231 2586 1411 2639 iterum
1452 2603 1567 2640 cum
1597 2604 1772 2641 vertero
1791 2588 1859 2641 ad

260 2692 365 2739 vos,
394 2677 631 2731 Immiliet
659 2694 737 2730 me
763 2676 917 2742 Deus,
950 2687 996 2731 et
1019 2677 1216 2748 lugeant
1247 2678 1429 2731 multos
1452 2694 1514 2732 ea:
1534 2678 1597 2731 iis
1624 2679 1711 2748 qui
1742 2688 1859 2733 ante

264 2780 597 2840 peccaverunt
621 2808 637 2834 ,
669 2778 715 2822 et
745 2786 844 2823 non
870 2778 1076 2840 egerunt
1102 2769 1441 2839 penitentiam
1466 2785 1619 2839 super
1642 2770 1860 2824 immun-

257 2862 381 2914 ditia
402 2902 419 2926 ,
446 2872 494 2915 et
544 2862 783 2928 luxuria,
810 2870 857 2915 et
882 2862 1217 2930 fornicatione
1252 2879 1405 2931 quam
1439 2871 1699 2932 gesserunt
1721 2877 1740 2926 ;
1763 2878 1859 2932 per

259 2951 456 3007 luctum
500 2968 658 3007 suum
706 2954 881 3022 potius
928 2968 1021 3008 eos
1060 2952 1241 3007 divino
1279 2952 1491 3022 ﬂagello
1534 2953 1859 3007 coercendos

258 3043 467 3098 minans
499 3043 549 3109 ⁸,
582 3058 741 3112 quam
774 3058 868 3113 per
908 3044 1051 3098 illam
1098 3045 1490 3113 correptionem
1521 3086 1536 3110 ,
1569 3054 1625 3098 ut
1671 3044 1855 3099 caeteri

258 3136 323 3190 ab
363 3152 557 3192 eorum
591 3137 965 3205 conjunctione
993 3152 1053 3192 se
1096 3137 1424 3191 contineant.
1453 3136 1857 3208 Consequenter

261 3227 401 3280 enim
454 3227 632 3282 dicit:
690 3226 824 3284 Ecce
867 3228 1012 3281 tertio
1065 3228 1158 3281 hoc
1186 3228 1384 3285 veniam
1428 3229 1495 3281 ad
1537 3244 1624 3283 vos
1650 3245 1669 3283 :
1696 3230 1748 3282 in
1773 3246 1857 3284 ore

258 3322 472 3376 duorum
495 3322 574 3376 vel
600 3323 752 3376 trium
780 3322 981 3376 testium
1007 3321 1156 3375 stabit
1179 3338 1326 3376 omne
1353 3322 1573 3377 verbum.
1606 3320 1853 3390 Praedixi,

258 3422 303 3467 et
337 3414 562 3483 prindico
588 3415 716 3467 sicut
762 3429 982 3483 prtesens
1024 3414 1242 3467 secundo
1262 3454 1275 3478 ,
1304 3422 1351 3467 et
1380 3430 1512 3467 nunc
1554 3413 1762 3478 absens,
1794 3416 1856 3469 iis

258 3504 338 3570 qui
374 3514 496 3557 ante
522 3512 872 3573 peccaverunt,
903 3512 950 3556 et
975 3504 1168 3557 cteteris
1193 3504 1444 3568 omnibus,
1470 3504 1588 3574 quia
1606 3505 1648 3557 si
1677 3520 1853 3558 venero

260 3593 309 3646 it.
365 3612 431 3646 ειη
461 3635 475 3661 ,
526 3611 629 3649 ηοη
669 3612 875 3665 parcam
898 3610 918 3659 ;
941 3596 1059 3664 quia
1101 3595 1445 3665 probationem
1482 3596 1704 3665 quwritis
1744 3597 1853 3665 ejus

259 3699 338 3752 qui
387 3684 440 3738 in
469 3701 550 3739 me
585 3685 807 3755 loquitur
839 3681 1067 3741 Christus
1092 3684 1170 3755 (ll
1199 3684 1318 3739 Cor.
1363 3702 1471 3753 xu,
1500 3686 1691 3741 Ξι-ιιιι
1716 3728 1731 3752 ,
1759 3689 1848 3757 5).

258 3775 390 3843 Quid
418 3776 568 3830 aliud
587 3776 720 3831 dixit
744 3776 864 3842 hic,
901 3774 1022 3831 Non
1050 3792 1280 3846 parcam;
1309 3778 1410 3831 nisi
1435 3778 1576 3847 quod
1604 3779 1850 3848 superius

259 3867 362 3934 ait,
388 3866 459 3921 Et
491 3866 693 3938 lugeam
722 3868 904 3922 multos
924 3884 943 3922 :
976 3876 1033 3921 ut
1063 3868 1234 3923 luctus
1272 3868 1387 3937 ejus
1424 3870 1735 3938 impetraret
1755 3867 1849 3923 lla-

257 3960 451 4029 gellum
473 3974 504 4013 a
532 3959 759 4014 Domino
785 3975 893 4031 quo
917 3959 992 4014 illi
1026 3959 1440 4029 corriperentur,
1467 3961 1558 4029 qui
1583 3960 1691 4029 jam
1720 3975 1845 4030 pro-

256 4058 371 4118 pter
410 4049 809 4105 multitudinem
853 4064 959 4104 non
1004 4058 1249 4119 poterant
1283 4050 1354 4103 ita
1401 4050 1641 4120 corripi,
1674 4058 1733 4104 ut
1779 4050 1847 4108 ab

254 4156 437 4197 eorum
484 4142 863 4211 conjunctione
907 4157 967 4197 se
1015 4141 1196 4197 ceteri
1244 4142 1614 4208 continerent,
1658 4150 1713 4198 et
1754 4158 1845 4199 eos

251 4235 575 4291 erubescere
627 4234 896 4301 facerent,
950 4236 1089 4292 sicut
1138 4234 1439 4314 faciendum
1482 4244 1597 4301 est,
1643 4238 1687 4291 si
1727 4238 1845 4307 quis

252 4327 414 4383 frater
438 4328 492 4381 in
520 4326 700 4397 aliquo
727 4328 935 4383 caeteris
963 4327 1207 4383 dissimili
1234 4328 1459 4382 crimine
1501 4328 1844 4385 nominetur?

253 4422 316 4476 Et
342 4436 530 4476 revera
562 4420 609 4475 si
653 4420 899 4491 contagio
940 4418 1191 4489 peccandi
1219 4419 1613 4475 multitudinem
1640 4420 1845 4476 invase-

252 4515 354 4581 rit,
385 4515 584 4569 divina:
613 4512 905 4582 disciplina:
932 4526 1119 4567 severa
1146 4510 1511 4568 misericordia
1539 4513 1842 4568 necessaria

251 4617 331 4663 est
358 4627 372 4662 :
407 4624 534 4662 nam
560 4606 780 4661 consilia
815 4606 1165 4675 separationis
1191 4614 1245 4661 et
1274 4606 1445 4661 inania
1472 4613 1595 4660 sunt
1625 4614 1679 4660 et
1720 4620 1843 4675 per-

250 4700 448 4754 niciosa
498 4708 661 4768 atque
712 4698 992 4766 sacrilega;
1036 4697 1157 4767 quia
1204 4706 1259 4752 ct
1312 4698 1470 4767 impia
1516 4705 1571 4751 ct
1614 4696 1841 4766 superba

250 4792 413 4858 fiunt,
448 4801 503 4846 et
536 4790 652 4859 plus
682 4789 990 4858 perturbant
1033 4788 1270 4844 inﬁrmos
1310 4789 1503 4853 bonos,
1534 4803 1691 4859 quam
1717 4804 1841 4843 coro

248 4884 424 4952 riguut
473 4882 752 4936 animosos
794 4884 982 4935 malos.
1014 4878 1160 4937 Sicut
1183 4881 1204 4913 ⁸
1238 4880 1332 4935 ille
1364 4880 1708 4935 fidelissimus
1758 4891 1838 4935 te-

250 4976 341 5029 stis
378 4975 619 5029 avaritia:
662 4974 1009 5044 collegarum,
1038 4988 1157 5028 cum
1183 4989 1245 5029 ea
1278 4974 1412 5028 mala
1441 4969 1837 5029 tribulationum

249 5082 361 5136 qua:
406 5066 707 5138 patiebatur
751 5066 841 5120 illo
884 5074 1123 5135 tempore
1166 5066 1441 5133 Ecclesia,
1470 5081 1711 5121 censurae
1754 5066 1839 5119 di-

252 5159 380 5213 vina:
427 5168 485 5214 et
534 5157 831 5226 disciplina:
882 5157 1175 5223 tribueret,
1225 5156 1655 5212 commemoratis
1705 5170 1839 5226 quos

249 5261 465 5305 noverat
493 5250 870 5320 episcoporum
903 5250 1150 5319 pessimis
1192 5250 1458 5313 morilms,
1488 5249 1577 5319 qui
1599 5251 1839 5304 esurien-

250 5344 385 5397 tibus
437 5343 695 5397 fratribus
753 5342 949 5397 habere
1000 5351 1276 5412 argentum
1328 5342 1546 5413 largiter
1598 5344 1833 5408 vellent,

249 5434 435 5491 fundos
460 5436 732 5491 insidiosis
762 5434 1031 5490 fraudibus
1068 5443 1350 5503 raperent,
1383 5436 1557 5489 usuris
1585 5436 1837 5505 multipli-

248 5529 486 5584 cantibus
540 5527 698 5583 fenus
724 5537 1015 5597 augerent:
1050 5526 1186 5592 Quid
1234 5544 1332 5579 non
1358 5567 1372 5591 ,
1402 5526 1611 5595 inquit,
1646 5528 1835 5597 perpeti

312 5710 326 5734 ι
561 5710 571 5714 -

310 5766 328 5796 ⁸
350 5712 485 5823 3183i:
502 5710 796 5817 gim‘gtiirt.
824 5766 1165 5826 Expunximus,
1193 5762 1334 5823 cnim,
1360 5761 1639 5811 auctoritate
1664 5772 1829 5808 manu-

249 5829 540 5893 uiptorum.

1966 472 2089 527 tales
2137 491 2228 542 pro
2257 477 2472 546 peccatis
2514 480 2805 552 hujusmodi
2857 494 3202 547 mereretur?
3254 495 3319 550 Et
3361 496 3553 556 deinde

1964 561 2182 618 adhibet
2231 567 2590 625 testimonium
2634 572 2702 629 de
2742 574 2966 632 Psalmis
3013 579 3197 637 dicens
3232 585 3401 640 :Cum
3438 590 3552 659 jam

1966 656 2160 748 pridem
2187 662 2434 714 monuerit
2477 672 2524 716 et
2546 665 2729 719 dixerit
2757 685 2968 724 censura
3007 672 3177 728 divina
3200 656 3508 747 (Cypriasus
3533 724 3548 748 ,

1967 747 2134 801 Serm.
2163 749 2227 802 de
2255 750 2435 821 Lapsis
2459 757 2497 822 ),
2529 773 2549 806 ι
2587 756 2648 811 Si
2696 758 3050 831 dereliquerint
3097 767 3192 831 ﬁlii
3239 770 3349 837 rjus
3393 747 3549 839 legem

1970 855 1991 889 ι
2022 855 2222 907 meam,
2252 852 2298 895 et
2322 844 2375 896 in
2412 846 2615 911 iudiciis
2643 850 2765 903 meis
2814 868 2914 905 non
2951 854 3353 923 ambulaverint;
3380 863 3425 915 si
3459 881 3552 931 λης

1972 946 1992 980 ι
2024 932 2186 985 stitias
2225 950 2363 988 meas
2406 941 2811 1008 profanaverint,
2841 954 2884 998 et
2907 958 3157 1017 praecepta
3187 966 3295 1003 mea
3338 968 3437 1006 non
3463 956 3551 1007 ob-

1972 1036 1991 1069 ι
2027 1023 2325 1077 servaverint
2349 1042 2367 1087 ;
2388 1026 2595 1082 visitabo
2625 1030 2676 1083 in
2716 1033 2855 1103 virga
2880 1036 3163 1102 iniquitates
3193 1057 3364 1096 eorum
3382 1085 3395 1108 ,
3427 1054 3471 1097 ct
3500 1046 3551 1098 in

1972 1129 1991 1162 ι
2023 1113 2239 1182 ﬂagellis
2281 1115 2466 1170 delicta
2507 1136 2677 1174 eorum
2710 1125 3151 1181 :misericordiam
3191 1142 3357 1185 autent
3384 1151 3549 1188 meant

1974 1219 1993 1253 ε
2154 1204 2439 1276 dispergam
2461 1210 2523 1261 ab
2548 1212 2619 1265 eis
2655 1232 2673 1264 ι
2707 1213 2873 1284 (Psal.
2903 1233 3155 1287 Lxxxvttt,
3184 1224 3401 1295 51-34).

2040 1293 2123 1348 l5.
2156 1295 2564 1355 Misericorditer
2604 1302 2761 1371 igitur
2805 1309 3057 1376 corripiat
3085 1310 3248 1367 homo
3277 1293 3417 1384 quod
3448 1332 3545 1385 po.

1968 1392 2070 1440 test
2103 1388 2281 1457 :quod
2322 1400 2496 1446 autem
2530 1410 2630 1448 non
2663 1406 2838 1465 potest
2862 1439 2874 1461 ,
2903 1402 3163 1468 patienter
3194 1404 3359 1471 ferat;
3390 1418 3444 1464 et
3468 1410 3539 1464 di—

1965 1479 2194 1536 lectione
2225 1484 2239 1513 ³
2266 1494 2441 1552 gemat
2466 1496 2625 1556 atque
2654 1490 2827 1559 lugeat
2850 1532 2864 1555 ,
2897 1491 3067 1548 donec
3093 1506 3181 1550 aut
3208 1498 3294 1553 ille
3319 1500 3551 1569 desuper

1966 1572 2214 1628 emendet
2242 1583 2295 1628 ct
2330 1578 2556 1647 corrigat
2584 1619 2596 1642 ,
2620 1590 2711 1634 aut
2734 1596 2898 1651 usque
2948 1584 3014 1638 ad
3067 1602 3292 1642 messem
3340 1591 3547 1647 differat

1965 1664 2236 1721 eradicare
2261 1667 2485 1734 zizania,
2513 1680 2566 1724 et
2606 1674 2809 1740 paleam
2838 1676 3093 1731 ventilare
3121 1695 3135 1733 ε
3171 1688 3225 1731 ut
3253 1688 3427 1735 tamen
3457 1698 3543 1739 se-

1966 1757 2079 1811 curi
2119 1758 2185 1813 de
2214 1759 2385 1814 salute
2411 1777 2502 1816 sua
2550 1763 2702 1818 bona:
2731 1767 2841 1835 spei
2870 1766 3159 1822 Christiani
3190 1770 3326 1825 inter
3354 1773 3547 1841 despe-

1966 1855 2129 1911 ratos,
2160 1865 2292 1918 quos
2329 1852 2597 1921 corripere
2622 1870 2725 1908 non
2761 1856 2967 1922 valent,
3002 1858 3053 1911 in
3096 1860 3295 1915 unitate
3323 1876 3548 1917 versen-

1969 1947 2070 2003 tur,
2093 1938 2334 1994 auferant
2360 1942 2555 1996 malum
2584 1960 2613 1997 a
2642 1960 2702 2000 se
2723 1946 2868 2013 ipsis,
2903 1947 2951 2000 id
2982 1956 3099 2012 est,
3131 1960 3184 2003 ut
3209 1950 3261 2003 in
3290 1949 3420 2019 ipsis
3445 1969 3551 2008 non

1966 2028 2269 2085 inveniatur
2321 2033 2465 2103 quod
2516 2035 2565 2088 in
2612 2036 2849 2092 moribus
2890 2038 3116 2094 aliorum
3164 2042 3243 2095 eis
3285 2041 3546 2111 displicet.

1965 2122 2096 2178 Cum
2152 2125 2294 2180 enim
2339 2126 2561 2183 dixisset
2608 2130 2897 2197 Apostolus
2917 2170 2931 2195 ,
2964 2130 3074 2196 Quo
3096 2134 3227 2185 enim
3255 2135 3377 2187 mihi
3402 2136 3463 2190 de
3486 2138 3548 2189 iis

1963 2216 2049 2284 qui
2077 2216 2203 2284 foris
2255 2229 2370 2271 sunt
2412 2220 2695 2289 judicare?
2723 2219 2909 2275 Nonne
2956 2228 3017 2275 de
3044 2224 3104 2277 iis
3149 2225 3233 2291 qui
3258 2226 3391 2278 intus
3432 2236 3549 2280 sunt

1965 2323 2049 2361 vos
2086 2309 2376 2377 judicatis?
2398 2310 2475 2365 De
2520 2313 2598 2366 his
2626 2324 2791 2367 autem
2821 2316 2909 2384 qui
2942 2316 3067 2385 foris
3104 2326 3221 2371 sunt
3253 2318 3387 2373 Deus
3412 2321 3545 2389 judi-

1964 2398 2094 2452 cabit
2118 2400 2163 2469 (ι
2193 2400 2309 2455 Cor.
2342 2418 2393 2467 v,
2422 2403 2509 2475 t9.)
2545 2421 2557 2457 :
2593 2413 2843 2475 tauquam
2874 2408 2943 2460 illi
2973 2409 3377 2477 responderent,
3413 2413 3549 2478 Quid

1964 2492 2188 2561 agimus,
2215 2508 2335 2547 cum
2368 2495 2437 2550 ita
2468 2497 2826 2565 improborum
2874 2500 3208 2555 multitudine
3237 2503 3546 2569 premimur,

1965 2591 2020 2637 ut
2041 2582 2297 2651 judicium
2342 2594 2584 2640 nostrum
2616 2587 2666 2640 in
2694 2588 2865 2657 aliqua
2902 2591 3225 2644 coercitione
3247 2608 3349 2646 non
3380 2594 3548 2662 possi-

1964 2690 2084 2730 mus
2107 2680 2397 2734 exercere?
2424 2678 2631 2750 Auferte
2650 2721 2664 2745 ,
2694 2681 2900 2750 inquit,
2930 2683 3118 2736 malum
3152 2700 3215 2736 c1:
3241 2685 3375 2738 vobis
3401 2686 3545 2755 ipsis,

1964 2766 2016 2822 id
2046 2778 2127 2821 est
2148 2808 2161 2833 ,
2189 2770 2237 2822 si
2277 2784 2383 2823 non
2432 2772 2652 2839 potestis
2680 2770 2887 2827 auferre
2941 2774 3107 2827 malos
3153 2790 3219 2829 ex
3249 2776 3425 2831 medio
3454 2794 3546 2832 ve-

1962 2868 2155 2925 strum,
2184 2860 2357 2930 ipsum
2386 2862 2581 2916 malum
2621 2862 2825 2917 auferte
2850 2879 2916 2918 ex
2939 2866 3089 2919 vobis
3114 2866 3242 2935 ipsis
3269 2866 3367 2938 (a).
3396 2869 3547 2934 Quod

1962 2951 2007 3005 si
2034 2952 2313 3021 quisquam
2346 2952 2472 3008 velit
2500 2954 2576 3007 sic
2602 2954 2899 3026 intelligere
2925 2956 3066 3026 quod
3094 2956 3294 3012 dictum
3317 2969 3418 3025 est,
3446 2960 3543 3012 Au~

1963 3044 2087 3110 ferte
2110 3041 2299 3095 malum
2332 3059 2394 3097 ea:
2418 3045 2553 3097 vobis
2580 3044 2743 3116 ipsis;
2768 3054 2824 3100 ut
2869 3061 2965 3115 per
3016 3048 3405 3116 correptionem
3458 3066 3547 3102 se-

1961 3135 2252 3206 parationis
2298 3136 2365 3189 de
2403 3136 2813 3206 congregatione
2844 3136 3065 3191 fratrum
3111 3140 3280 3193 malus
3323 3140 3546 3208 quisque

1957 3225 2285 3280 auferendus
2311 3227 2380 3281 sit
2411 3244 2425 3280 :
2454 3228 2626 3281 studio
2659 3237 2834 3283 tamen
2865 3228 3083 3283 sanandi
3108 3269 3125 3294 ,
3166 3246 3269 3284 non
3301 3230 3423 3284 odio
3454 3247 3546 3299 pe-

1958 3317 2185 3372 rimeudi
2237 3333 2356 3372 esse
2382 3318 2709 3382 faciendum,
2753 3333 2911 3373 nemo
2952 3318 3292 3374 dubitaverit.
3322 3320 3387 3373 Et
3424 3321 3544 3391 quis

1955 3409 2293 3465 adhibendus
2337 3410 2406 3464 sit
2429 3410 2617 3464 modus
2661 3418 3007 3480 temporaque
3036 3410 3313 3473 servanda,
3346 3427 3411 3465 ne
3439 3427 3542 3482 pax

1958 3500 2215 3557 Ecclesia:
2239 3500 2481 3565 violetur,
2517 3500 2569 3555 in
2612 3516 2713 3571 qua
2745 3502 2973 3556 maxime
3015 3502 3189 3556 tritico
3218 3503 3540 3572 parcendum

1957 3603 2067 3656 est,
2099 3608 2167 3647 ne
2196 3593 2354 3646 simul
2377 3608 2497 3647 cum
2525 3593 2744 3647 zizaniis
2773 3592 3102 3658 eradicetur,
3130 3594 3268 3662 quod
3300 3594 3352 3648 in
3402 3610 3540 3663 pra:-

1956 3686 2127 3742 sentia
2159 3686 2327 3740 visum
2357 3693 2442 3740 est
2484 3685 2865 3751 necessarium,
2898 3684 3246 3740 disseruimus
3301 3685 3425 3740 [huc
3451 3688 3541 3756 qm

1955 3775 2235 3845 diligenter
2278 3776 2509 3845 cogitat,
2550 3790 2649 3830 nec
2676 3776 2728 3829 in
2774 3776 3176 3830 conservatione
3204 3776 3420 3830 unitatis
3448 3793 3540 3831 ne-

1953 3867 2101 3939 gligit
2126 3866 2415 3936 disciplina:
2448 3866 2783 3919 severitatem
2810 3906 2824 3929 ,
2854 3880 2952 3919 nec
2980 3864 3417 3921 immoderationc
3443 3881 3538 3921 co-

1953 3957 2225 4013 ercitionis
2253 3955 2535 4024 disrumpit
2560 3954 2824 4009 vinculum
2853 3954 3142 4009 societatis.

2024 4049 2112 4104 16.
2143 4049 2275 4103 Nam
2320 4050 2420 4103 hoc
2451 4049 2619 4116 ipsum
2642 4046 2783 4117 quod
2810 4047 2883 4101 ait
2905 4047 3213 4117 Apostolus,
3244 4045 3369 4101 Cum
3399 4049 3537 4119 ejus-

1950 4142 2088 4197 modi
2123 4157 2212 4194 nec
2238 4140 2400 4193 cibum
2428 4139 2579 4193 simul
2601 4156 2796 4193 sumere
2822 4155 2839 4193 :
2866 4154 3023 4209 quam
3054 4138 3200 4193 multi
3234 4139 3354 4194 boni
3396 4140 3537 4195 chri-

1949 4235 2105 4291 stiani
2127 4236 2170 4301 ',
2198 4234 2265 4288 de
2294 4233 2357 4288 iis
2386 4232 2451 4286 de
2476 4232 2667 4302 quibus
2698 4232 3003 4286 fatniliarius
3024 4246 3207 4285 curam
3239 4242 3449 4302 gerunt,
3480 4241 3539 4287 ut

1948 4343 1976 4382 a
1998 4343 2222 4398 quorum
2250 4326 2517 4381 consortio
2556 4340 2614 4380 se
2663 4325 2927 4395 potuerint
2958 4340 3205 4396 separare
3228 4368 3243 4392 ,
3267 4341 3401 4397 quos
3447 4326 3535 4381 tali

1948 4421 2281 4491 correptione
2308 4435 2466 4489 posse
2510 4420 2699 4488 corrigi
2729 4419 2998 4485 sentiunt,
3033 4418 3111 4472 vel
3141 4434 3271 4487 quos
3318 4419 3535 4475 omnino

1948 4516 2139 4586 corrigi
2197 4530 2351 4585 posse
2380 4514 2693 4583 desperant,
2738 4528 2802 4567 ne
2840 4513 2971 4567 alios
3000 4512 3385 4580 colloquiorum
3419 4527 3535 4566 ma-

1949 4610 2120 4665 lorum
2142 4609 2456 4679 contagione
2493 4616 2837 4676 corrumpant
2863 4648 2877 4669 ,
2908 4622 3011 4660 non
3039 4605 3284 4660 dubitant
3314 4605 3535 4662 facere?

1947 4700 2091 4755 Facit
2119 4710 2293 4755 autem
2328 4700 2427 4754 hoc
2454 4700 2607 4763 bene,
2641 4698 2690 4753 id
2716 4706 2817 4765 est,
2847 4697 3028 4751 humili
3060 4697 3321 4753 charitate
3348 4714 3409 4753 ac
3438 4699 3533 4755 be-

1945 4794 2101 4864 nigna
2148 4795 2430 4848 severitate
2454 4833 2468 4859 ,
2499 4793 2587 4862 qui
2627 4792 2705 4847 sic
2735 4802 2927 4861 prmcst
2954 4790 3225 4857 fratribus,
3254 4802 3311 4846 ut
3348 4807 3535 4847 eorum

1946 4904 2155 4944 servum
2185 4902 2242 4941 se
2291 4902 2409 4941 esse
2449 4886 2779 4961 meminerit,
2815 4886 2951 4939 sicut
2990 4898 3108 4939 sese
3140 4884 3335 4938 habent
3371 4885 3534 4953 ipsius

1946 4980 2154 5036 Domini
2184 4989 2238 5035 et
2284 4987 2601 5048 prteceptum
2628 4986 2682 5033 et
2716 4977 3017 5047 exemplum
3048 4976 3260 5047 (Matth.
3297 4991 3399 5041 xx,
3432 4974 3529 5028 26-

1942 5072 2054 5143 28).
2088 5072 2236 5126 Tunc
2256 5070 2397 5125 enim
2425 5069 2479 5122 fit
2509 5069 2625 5123 siue
2652 5068 2814 5138 typho
2836 5066 2856 5097 ³
2884 5068 3128 5120 elationis
3161 5067 3211 5119 in
3238 5066 3529 5129 hominem,
3580 5070 3591 5079 '

1944 5171 2000 5218 et
2049 5178 2172 5217 cum
2205 5162 2343 5215 luctu
2369 5159 2758 5229 deprecationis
2801 5160 2865 5212 ad
2900 5158 3087 5211 Deum.
3136 5155 3239 5210 Sed
3270 5170 3427 5223 quam
3458 5157 3533 5209 fa—

1943 5255 2044 5311 cile
2064 5254 2129 5310 de
2152 5252 2317 5324 gradu
2364 5252 2675 5307 clericorum
2704 5251 2926 5321 quisque
2967 5249 3032 5303 ab
3058 5247 3327 5316 episcopo,
3360 5246 3437 5298 vel
3462 5246 3531 5301 de

1944 5362 2167 5402 numero
2200 5361 2487 5415 pauperum
2532 5360 2663 5414 quos
2710 5344 2879 5413 pascit
2908 5340 3180 5404 Ecclesia,
3213 5338 3293 5391 vel
3321 5338 3386 5391 de
3417 5339 3528 5407 ipsa

1942 5438 2352 5509 coagrcgatioue
2400 5438 2692 5500 laicorum,
2742 5437 2852 5490 sive
2901 5432 2967 5487 ab
2994 5431 3279 5501 episeopo,
3330 5431 3443 5486 sive
3498 5448 3527 5484 a

2005 5574 2021 5604 ι
2053 5581 2148 5620 Am.
2175 5578 2246 5619 Er.
2275 5576 2326 5635 et
2348 5570 2529 5631 aliquot
2554 5573 2749 5635 Mss._,_et
2773 5579 2879 5635 cum
2915 5561 3183 5635 dilectione.
3278 5627 3302 5635 Α
3437 5625 3449 5635 _
3487 5624 3497 5634 ν

2004 5638 2023 5666 ³
2050 5640 2096 5702 tn
2123 5634 2331 5702 excusis.
2362 5625 2484 5702 post,
2530 5630 2668 5681 multi
2693 5627 2797 5678 boui
2822 5625 3097 5689 christiani,
3124 5627 3370 5691 superﬂuo
3394 5625 3527 5675 ad-Jio

1941 5705 2041 5747 tuui
2066 5698 2221 5743 fuerat
2234 5730 2248 5755 ,
2280 5695 2475 5755 facitott.

2006 5760 2024 5789 ³
2050 5757 2194 5805 ῐίιιίιὶο
2224 5768 2333 5813 \m.,
2354 5763 2481 5817 typo.

2008 5822 2077 5881 (tl)
2104 5825 2134 5866 ll
2161 5814 2389 5876 ltetracti;
2412 5831 2511 5877 cap.
2546 5814 2615 5863 l7.
