4054 6468
531 358 599 416 95
1331 358 1602 414 CONTRA
1643 351 2019 413 EPISTULA.“
2065 349 2498 422 PARMENIANI,
2540 357 2596 412 S.
2630 356 2992 419 AUCUSTINI

468 489 477 500 “
531 473 676 526 clero
707 470 788 526 vel
815 487 1148 544 quocumque
1175 475 1477 544 przeposito,
1507 473 1592 526 cui
1617 481 1699 527 est
1722 478 1976 541 potestas,
2002 470 2118 522 exi-

534 563 714 628 mitur,
745 563 814 618 ita
840 573 897 620 ut
923 579 1043 620 cum
1069 563 1330 635 ejusmodi
1359 579 1390 618 a
1419 563 1626 619 ca:tcris
1652 560 1957 632 quibnshoc
1979 575 2117 630 prae-

529 658 630 726 cipi
681 667 889 728 potest,
914 673 1014 714 nec
1035 658 1184 712 cibus
1223 665 1482 722 sumatur;
1512 665 1617 711 tam
1658 655 1808 710 facile
1856 654 2114 708 malorum

531 748 814 804 multitudo
855 749 908 804 in
957 749 1194 819 quolibet
1239 747 1425 803 ordine
1456 747 1710 802 Ecclesia:
1735 762 1838 800 non
1889 755 2114 814 potesta

533 840 790 894 honorum
819 840 1199 895 commixtione
1237 839 1436 895 secludi
1467 849 1522 895 et
1563 839 1780 909 expelli.
1814 837 1943 892 Nam
1983 848 2035 892 ct
2061 837 2113 892 in

529 930 776 984 domibus
805 930 916 985 suis
941 931 1137 1001 quique
1163 931 1286 986 boni
1319 930 1500 987 fideles
1527 932 1597 985 ita
1626 929 1956 1000 disciplinam
1983 945 2110 985 suu-

504 1038 644 1075 .rum
689 1022 1032 1078 moderantur
1055 1032 1110 1078 et
1135 1031 1344 1095 regunt,
1377 1032 1436 1078 ut
1477 1023 1545 1077 ibi
1575 1037 1789 1093 quoque
1831 1021 2112 1090 obtempe-

525 1122 644 1168 rent
683 1114 940 1184 Apostolo
980 1116 1308 1186 praecipienti
1333 1156 1347 1180 ,
1379 1131 1493 1168 cum
1524 1114 1773 1187 ejusmodi
1815 1129 1906 1167 nec
1947 1113 2111 1166 cibum

521 1205 672 1258 simu.
711 1222 906 1260 sumere
927 1248 942 1274 ,
971 1221 1094 1262 cum
1121 1215 1171 1262 et
1199 1205 1267 1262 de
1289 1205 1407 1260 filiis
1433 1206 1544 1260 suis
1569 1214 1622 1260 et
1646 1204 1713 1260 de
1740 1204 1900 1258 domo
1926 1203 2068 1273 pacis
2093 1205 2108 1236 ι

525 1296 626 1351 hoc
655 1295 855 1352 faciunt
884 1297 970 1354 vel
1018 1299 1132 1354 fieri
1171 1299 1392 1369 jubent;
1419 1313 1540 1353 cum
1568 1311 1662 1353 eos
1700 1295 1882 1351 vident
1930 1295 2000 1350 ita
2027 1295 2107 1349 vi—

519 1403 667 1454 vere,
698 1398 756 1446 ut
783 1390 883 1446 hoc
923 1390 1002 1447 eis
1048 1405 1168 1448 esse
1213 1389 1511 1448 faciendum
1539 1390 1650 1460 ipsa
1679 1403 1834 1459 quam
1883 1386 2110 1443 habetur

519 1479 572 1532 in
614 1493 708 1534 eos
751 1479 984 1536 charitas
1027 1489 1296 1553 suggerat.
1337 1481 1512 1536 Turba
1542 1488 1717 1536 autem
1762 1480 2063 1551 iniquorum
2088 1520 2104 1542 ,

517 1584 639 1624 cum
682 1571 902 1627 facultas
925 1580 1009 1627 est
1033 1573 1086 1628 in
1115 1573 1325 1644 populis
1350 1571 1626 1643 promendi
1651 1585 1975 1635 sermonem,
2006 1583 2104 1642 ge-

518 1662 684 1716 nerali
715 1662 1081 1734 objurgatione
1111 1665 1344 1721 ferienda
1368 1674 1488 1730 est,
1520 1673 1575 1720 et
1601 1665 1831 1719 maxime
1873 1664 1919 1718 si
1947 1679 2104 1718 occa-

517 1751 722 1808 sionem
765 1763 924 1824 atque
962 1756 1407 1826 opportunitatem
1443 1756 1728 1825 praebuerit
1753 1754 1965 1826 aliquod
1997 1755 2105 1810 Do-

518 1845 646 1898 mini
679 1846 940 1916 flagellum
985 1850 1236 1919 desuper,
1268 1866 1374 1920 quo
1419 1865 1514 1906 eos
1561 1859 1818 1920 appareat
1859 1863 1954 1919 pro
1991 1848 2103 1903 suis

517 1940 722 1995 meritis
745 1942 1012 2012 vapulare.
1044 1943 1196 2000 Tunc
1243 1945 1385 2000 enim
1417 1959 1577 1998 aures
1624 1943 1851 1998 lmmilcs
1901 1941 2101 2012 pra:th

517 2033 880 2088 cmendatorio
906 2036 1136 2090 sermoni
1185 2036 1457 2090 calamitas
1500 2034 1799 2090 auditorum
1825 2077 1840 2100 ,
1869 2033 2100 2088 facilius-

515 2140 619 2193 que
649 2126 698 2179 in
728 2127 979 2196 gemitum
1029 2129 1318 2183 confitendi
1345 2143 1502 2199 quam
1551 2128 1605 2182 in
1654 2141 1925 2181 murmura
1968 2126 2100 2179 resi-

515 2215 686 2271 stendi
731 2216 926 2272 afﬂicta
972 2219 1132 2274 corda
1182 2219 1454 2288 compellit
1495 2236 1508 2272 :
1552 2217 1692 2272 sicut
1736 2226 1862 2271 tunc
1914 2215 2098 2270 beatus

512 2306 808 2378 Cyprianus
848 2309 916 2364 de
957 2310 1177 2380 collegis
1207 2310 1318 2365 suis
1356 2308 1582 2364 fortasse
1609 2307 1695 2362 illa
1725 2322 1829 2362 non
1855 2306 2093 2371 diceret,

512 2396 612 2454 nisi
631 2416 750 2456 eum
764 2401 1184 2473 desuperdivina
1202 2404 1458 2458 severitas
1485 2401 1777 2472 adjuvaret.
1803 2401 1880 2455 Eo
1903 2400 2096 2469 quippe

513 2501 754 2562 tempore
804 2494 888 2548 illa
917 2493 1129 2548 dicebat
1168 2503 1274 2548 tam
1328 2493 1591 2556 molesto,
1631 2500 1738 2545 tam
1783 2490 2096 2544 calatnitoso

508 2592 668 2652 atque
719 2583 998 2650 luctuoso,
1028 2593 1084 2638 ut
1123 2584 1198 2638 illi
1242 2599 1348 2638 non
1397 2583 1571 2639 solum
1619 2595 1938 2637 succensere
1986 2594 2093 2634 non

507 2676 764 2732 auderent
793 2719 806 2742 ,
837 2677 929 2732 sed
958 2679 1116 2733 etiam
1143 2677 1228 2731 vix
1271 2692 1300 2730 a
1329 2676 1765 2732 succensentibus
1799 2674 2008 2730 veniam
2035 2689 2095 2728 se

506 2782 663 2838 posse
691 2770 974 2839 impetrare
1021 2771 1299 2826 sentirent.
1328 2770 1639 2841 Quanquam
1676 2770 1777 2825 etsi
1825 2769 1968 2823 nulla
1999 2783 2090 2823 ca-

506 2860 715 2922 !amitas
762 2863 1116 2918 tribulationis
1167 2873 1406 2934 premat,
1456 2879 1576 2919 cum
1628 2861 1850 2919 facultas
1898 2862 2088 2928 datur,

506 2951 709 3008 utiliter
735 2955 1018 3024 corripitur
1045 2955 1096 3010 in
1129 2955 1466 3010 multitudine
1489 2955 1805 3011 multitudo:
1831 2970 1952 3010 nam
1977 2956 2089 3010 sic-

506 3053 565 3098 ut
618 3055 858 3115 separata
889 3047 1102 3110 s:evire,
1134 3047 1210 3101 sic
1254 3047 1304 3100 in
1338 3047 1448 3116 ipsa
1480 3046 1888 3117 congregatione
1913 3045 2092 3116 objur-

505 3145 624 3206 gata
650 3153 864 3207 gemere
901 3140 1196 3195 consuevit.
1241 3139 1599 3208 Quamobrem
1638 3147 1693 3195 et
1718 3139 1845 3195 illud
1887 3154 2088 3210 prmce-

504 3237 653 3298 ptum
702 3230 939 3299 Apostoli
992 3231 1135 3286 nullo
1187 3231 1346 3287 modo
1389 3231 1761 3303 negligendum
1807 3241 1920 3298 est,
1965 3247 2087 3288 cum

504 3311 620 3374 Sine
659 3321 897 3389 periculo
926 3323 1183 3377 violanda:
1213 3323 1358 3392 pacis
1411 3323 1524 3378 fieri
1575 3332 1786 3393 potest;
1818 3324 1939 3393 quia
1989 3339 2089 3380 nec

507 3409 620 3480 ipsc
661 3412 815 3466 aliter
846 3413 958 3467 fieri
986 3413 1151 3468 voluit
1173 3456 1186 3481 ,
1218 3425 1275 3468 ιιι
1321 3431 1349 3470 a
1389 3415 1799 3487 congregatione
1828 3415 2085 3470 bonorum

503 3513 780 3573 separetur
809 3506 977 3562 malus
1011 3524 1022 3560 :
1051 3515 1105 3562 et
1143 3507 1380 3576 ejusdem
1429 3508 1556 3563 illud
1604 3509 1868 3578 prtecipue
1914 3518 2088 3564 atten-

501 3595 736 3649 dcndum
787 3605 902 3664 cst,
932 3605 989 3651 ut
1014 3598 1330 3672 sufferentes
1373 3599 1596 3656 invicem
1637 3599 1944 3656 studeamus
1970 3615 2086 3654 ser-

501 3701 629 3741 vare
675 3675 930 3744 unitatem
982 3691 1198 3761 spiritus
1247 3693 1296 3746 in
1329 3693 1541 3748 vinculo
1586 3693 1968 3764 pacis(EpItes.
1996 3709 2082 3760 tv,

499 3776 556 3843 2,
580 3776 656 3846 3).
691 3777 817 3833 Item
851 3779 1078 3836 Domino
1107 3783 1156 3836 in
1189 3783 1476 3856 Evangelia
1519 3784 1713 3840 dicenti
1740 3827 1754 3852 ,
1789 3785 1840 3839 in
1871 3785 1962 3840 illo
1985 3785 2087 3840 ob-

499 3878 799 3940 temperare
843 3872 1101 3931 debemus
1143 3875 1231 3930 ubi
1261 3877 1365 3944 ait,
1400 3877 1463 3933 Si
1503 3894 1660 3949 neque
1685 3876 2084 3933 Ecclesiamvau-

498 3961 648 4016 dierit
667 4003 681 4027 ,
715 3964 778 4017 sit
809 3965 897 4018 tibi
919 3975 1157 4037 tauquam
1185 3969 1411 4024 ethnicus
1455 3979 1501 4024 et
1532 3970 1833 4040 publicanus
1866 3970 2078 4042 (Matth.

498 4069 628 4107 xvm
652 4095 668 4119 ,
699 4056 787 4125 l7)
823 4073 835 4109 :
867 4058 996 4112 etin
1035 4059 1127 4113 illo
1154 4061 1237 4115 ubi
1267 4061 1539 4130 prohibuit
1565 4061 1736 4134 colligi
1765 4063 1988 4130 zizania,
2016 4079 2085 4120 ne

496 4143 655 4197 simul
701 4145 998 4200 cradicetur
1049 4159 1105 4202 et
1147 4149 1375 4204 triticum
1403 4149 1511 4221 (Id.
1561 4168 1692 4216 xm,
1739 4151 1854 4223 29).
1901 4153 2086 4209 Potest

497 4234 641 4289 enim
674 4245 953 4306 utrmnqne
996 4239 1250 4294 custodiri
1272 4240 1339 4294 ab
1387 4241 1466 4296 eis
1511 4242 1704 4312 quibus
1732 4242 1932 4298 dictum
1963 4254 2082 4309 est,

496 4326 642 4380 Beati
696 4330 932 4399 paciﬁci,
987 4333 1224 4402 quoniam
1291 4334 1386 4403 ﬁlii
1439 4333 1531 4388 Dei
1586 4335 1896 4390 vocabuntur
1954 4336 2079 4408 (Id.

495 4433 548 4486 v,
577 4419 654 4489 9).

566 4511 793 4569 CAPUT
834 4512 917 4568 111.
946 4515 1117 4570 —i7.
1149 4514 1251 4570 Sed
1300 4516 1409 4586 jam
1467 4525 1681 4586 caetera,
1706 4534 1824 4589 qua:
1867 4521 2083 4576 Parme-

494 4603 685 4659 nianns
723 4605 926 4673 posuit,
977 4607 1276 4662 testimonia
1329 4608 1624 4665 videamus.
1674 4610 1817 4666 Inter
1864 4615 2076 4678 omnia,

493 4697 688 4767 quibus
742 4714 926 4754 eorum
983 4701 1270 4771 sacrilegus
1309 4711 1487 4757 tumor
1512 4704 1533 4734 ’
1561 4711 1798 4774 apparet,
1849 4705 1996 4760 nullo
2023 4721 2081 4762 se

493 4789 614 4844 loco
641 4792 809 4861 magis
837 4793 1042 4863 aperuit
1066 4833 1080 4858 ,
1109 4809 1265 4863 quam
1291 4795 1341 4848 in
1377 4810 1442 4849 eo
1467 4795 1606 4866 quod
1630 4811 1792 4851 ausus
1817 4807 1899 4852 est
1918 4799 2077 4853 etiam

493 4880 622 4935 illud
653 4881 896 4938 Jcremitn
946 4883 1217 4954 propheta:
1245 4901 1442 4956 ponere
1465 4930 1480 4954 ,
1527 4888 1667 4944 unde
1731 4891 2080 4959 persuaderet

489 4975 699 5030 erctcris
769 4975 1105 5044 hominibus,
1159 4981 1584 5035 communionem
1649 4981 2073 5049 Donatistarum,

489 5081 595 5122 non
625 5068 795 5123 solum
825 5068 1118 5125 Ecclesiam
1148 5086 1325 5125 veram
1370 5087 1487 5128 esse
1517 5073 1538 5105 ³
1561 5117 1575 5140 ,
1604 5075 1697 5129 sed
1731 5076 1889 5130 etiam
1917 5077 2073 5131 talem

486 5158 594 5230 jam
636 5158 736 5215 hoc
765 5170 1004 5230 tempore
1025 5205 1039 5227 ,
1065 5162 1234 5232 qualis
1263 5173 1380 5232 post
1410 5153 1645 5220 ultimam
1677 5169 2074 5223 ventilationem

486 5250 722 5307 Ecclesia
777 5261 958 5306 sancta
1004 5251 1178 5308 futura
1209 5265 1309 5310 est.
1352 5255 1446 5311 Cui
1494 5258 1764 5330 sacrilega:
1815 5275 2076 5330 praesum-

486 5343 652 5412 ptioni
691 5354 745 5399 et
769 5344 1013 5400 nefanda:
1059 5345 1275 5401 elationi
1321 5349 1445 5418 quid
1472 5349 1591 5404 addi
1625 5351 1830 5420 possit,
1864 5350 2069 5420 ignoro.

487 5428 559 5488 Et
587 5435 767 5490 multis
795 5437 1006 5507 quidem
1032 5437 1164 5493 locis
1192 5454 1498 5494 sermonum
1523 5456 1741 5495 suorum
1772 5441 1901 5495 nihil
1931 5442 2069 5496 aliud

484 5541 642 5598 quam
673 5544 998 5599 praesumere
1027 5531 1412 5603 intelliguntur;
1458 5534 1551 5589 sed
1582 5534 1864 5605 aliquando
1897 5544 2070 5591 tamen

549 5687 564 5726 ι
595 5694 707 5744 \‘ox,
729 5685 877 5748 pacis,
902 5689 1043 5739 abest
1063 5703 1090 5739 a
1106 5690 1318 5739 Casalino
1341 5698 1420 5738 Ms.

549 5749 568 5814 ξ
593 5755 637 5796 ιιι
661 5750 872 5800 (:tsahno
887 5753 1070 5814 codice,
1089 5753 1258 5814 quibus
1279 5752 1518 5813 αισι-ιη’ςᾶ
1542 5759 1712 5804 tumor.

546 5810 565 5840 ³
590 5819 689 5878 tuto
713 5821 834 5874 Mss,
864 5810 1118 5864 Ecclesium
1143 5823 1340 5865 veterem
1364 5810 1478 5868 esse;

3750 370 3816 424 96

2227 471 2682 538 verecundantur,
2735 491 2854 533 cum
2903 495 2998 536 eos
3026 481 3224 538 veritas
3271 499 3462 556 urgere
3511 487 3732 554 coeperit
3765 489 3812 551 '.

2224 561 2435 630 quando
2460 564 2854 637 interrogantur
2891 580 3066 627 utrum
3097 589 3201 629 non
3234 575 3492 639 habeant,
3515 578 3600 633 vel
3635 588 3812 632 utrum

2224 669 2328 708 non
2351 655 2456 710 sint
2476 658 2574 727 ipsi
2605 671 2908 728 peccatores
2933 683 2946 719 :
2978 677 3343 723 verumtamen
3371 669 3423 723 in
3453 669 3553 725 hoc
3588 672 3811 741 prophe.

2224 745 2328 800 lico
2383 749 2686 806 testimonio
2732 753 2945 824 impiam
2985 759 3270 814 vanitatem
3317 768 3545 816 ctsuam
3592 763 3812 816 nimiam

2225 841 2624 904 perversitatem
2672 848 3008 914 apertissime
3062 851 3426 919 prodiderunt.
3478 854 3610 909 Cum
3666 856 3811 910 enim

2219 929 2480 986 Jeremias
2524 948 2737 992 sanctus
2786 940 2944 994 vellet
2981 942 3264 998 ostendere
3303 943 3457 1000 bouis
3507 955 3562 1001 et
3607 947 3768 1002 malis
3795 988 3809 1011 ,

2219 1023 2426 1077 etiamsi
2467 1025 2533 1079 ad
2581 1035 2787 1096 tempus
2835 1029 2904 1084 sit
2931 1035 3356 1104 congregationis
3395 1051 3496 1091 una
3540 1037 3772 1094 societas

2218 1112 2373 1182 longe
2401 1123 2572 1170 tamen
2602 1117 2832 1188 disparia
2863 1135 2981 1177 esse
3007 1135 3274 1179 momenta
3303 1141 3509 1181 morum
3541 1127 3810 1200 finemque

2217 1205 2567 1262 meritorum:
2596 1207 2730 1274 Quid
2771 1212 2959 1280 paleis,
3005 1214 3202 1286 inquit,
3233 1218 3300 1271 ad
3332 1219 3549 1273 triticum
3592 1220 3805 1292 (Jercm.

2216 1309 2344 1349 χχιιι
2367 1337 2382 1361 ,
2418 1296 2539 1367 28)?
2555 1298 2936 1359 Parmenianns
2960 1314 3136 1361 autem
3163 1321 3284 1363 cum
3315 1310 3804 1367 vellct'l‘ichonium

2214 1387 2460 1443 refellere
2485 1389 2750 1446 dicentem
2773 1435 2789 1460 ,
2830 1395 2998 1451 malos
3016 1412 3046 1451 a
3077 1397 3231 1453 bonis
3259 1401 3310 1454 in
3338 1401 3538 1457 unitate
3583 1403 3802 1458 interim

2214 1491 2312 1546 pro
2367 1494 2494 1548 pace
2545 1483 2850 1539 tolerandos
2876 1527 2892 1552 ,
2919 1496 2975 1542 et
3009 1487 3064 1541 in
3095 1489 3200 1545 fine
3239 1491 3410 1546 ultimi
3435 1491 3619 1563 judicii
3649 1509 3804 1563 sepa~

2212 1569 2425 1636 randos,
2462 1573 2636 1642 posuit
2683 1574 2785 1630 hoc
2826 1576 3073 1634 Ieremia:
3127 1583 3485 1639 testimonium
3512 1627 3526 1650 ,
3558 1601 3662 1656 quo
3684 1601 3805 1656 pcr-

2212 1675 2396 1717 versus
2423 1673 2584 1734 atque
2625 1679 2814 1722 errans
2842 1683 3122 1738 perversos
3167 1679 3223 1727 et
3249 1682 3489 1730 errantes
3515 1675 3584 1730 ad
3612 1677 3804 1732 turbn-

2211 1750 2531 1810 leutissimas
2559 1765 2613 1811 et
2660 1759 3099 1816 scoleratissimas
3137 1763 3428 1821 seditiones
3460 1764 3800 1833 inﬂammet:

2211 1850 2266 1896 ut
2291 1843 2531 1915 quisquis
2559 1846 2736 1902 inflata
2765 1861 2942 1906 monte
2981 1855 3160 1910 carnis
3184 1870 3296 1910 sua:
3319 1856 3527 1912 videtur
3571 1859 3670 1914 sibi
3701 1859 3803 1915 ali-

2208 1935 2332 2003 quid
2361 1951 2482 1992 esse
2503 1979 2518 2003 ,
2548 1954 2668 1994 eum
2706 1941 2834 1996 nihil
2878 1943 2948 1998 sit
2974 1942 3168 2016 (Galal.
3199 1962 3251 2002 vt
3272 1989 3287 2012 ,
3314 1946 3392 2020 3),
3412 1963 3470 2005 se
3499 1965 3561 2006 ac
3593 1951 3802 2008 similes

2205 2025 2286 2080 sui
2313 2035 2561 2098 tanquam
2605 2046 2764 2101 grana
2806 2036 3175 2104 purgatissima
3204 2039 3514 2094 existimans
3535 2080 3553 2109 ,
3585 2041 3653 2097 ad
3687 2042 3796 2098 Ec-

2205 2119 2381 2176 clesia:
2419 2126 2884 2194 congregationem
2907 2169 2921 2192 ,
2952 2129 3004 2182 in
3034 2144 3137 2199 qua
3181 2145 3403 2187 necesse
3429 2139 3513 2188 est
3540 2142 3595 2188 ιιι
3625 2133 3660 2188 li
3699 2134 3795 2205 qui

2202 2209 2271 2264 ad
2302 2211 2461 2266 vitam
2482 2224 2735 2271 :eternam
2769 2219 3072 2287 pertinent,
3094 2235 3189 2276 eos
3213 2223 3302 2292 qui
3328 2223 3394 2278 ad
3425 2223 3601 2294 ignem
3632 2234 3797 2281 teter-

2203 2316 2329 2356 num
2380 2305 2690 2373 pertinent,
2751 2323 2918 2379 usque
2957 2311 3023 2365 ad
3074 2321 3278 2367 certum
3326 2313 3486 2370 finem
3542 2325 3796 2386 tanquam

2203 2392 2464 2452 frumenta
2494 2399 2695 2468 paleam
2716 2417 2866 2456 suam
2890 2403 3147 2472 tolerent,
3174 2405 3278 2474 jam
3303 2407 3403 2462 'sibi
3433 2409 3796 2466 accedendum

2200 2499 2320 2542 esse
2373 2503 2478 2543 non
2530 2499 2696 2559 putet.
2741 2492 2927 2548 Nullus
2973 2495 3108 2550 alius
3146 2495 3302 2552 ﬂatus
3342 2497 3411 2554 de
3444 2513 3571 2554 area
3595 2499 3793 2558 Christi

2201 2575 2524 2634 levissimam
2568 2583 2772 2652 paleam
2818 2595 2941 2641 ante
2969 2597 3176 2658 tempus
3203 2590 3568 2648 ventilationis
3595 2607 3792 2651 excus-

2199 2667 2301 2732 sit;
2336 2671 2477 2724 nulla
2499 2673 2599 2726 alia
2640 2678 3018 2746 prtesnmptio’
3047 2681 3303 2752 sacrilega
3330 2681 3615 2740 schismata
3641 2701 3796 2756 qua:-

2197 2772 2444 2831 cumque,
2471 2764 2790 2837 ubicumque
2817 2780 2960 2837 sunt,
2990 2771 3130 2828 fecit.

2269 2851 2356 2906 i8.
2396 2853 2674 2923 Admonet,
2706 2858 2893 2930 inqttit,
2919 2860 3170 2918 Jeremias
3195 2867 3539 2922 sanctissimus
3561 2910 3576 2936 ,
3619 2869 3791 2940 infru-

2197 2949 2398 2995 ctuosus
2425 2954 2471 2998 et
2499 2947 2693 3002 steriles
2723 2953 3033 3019 peccantium
3061 2952 3230 3009 turbas
3272 2956 3335 3009 ab
3365 2957 3612 3012 honorata
3639 2961 3790 3030 fruge

2186 3031 2443 3100 justorum
2487 3038 2740 3106 discerni,
2787 3041 2956 3096 dicens
2983 3058 3002 3096 :
3031 3043 3166 3110 Quid
3211 3047 3369 3116 paleis
3411 3048 3480 3102 ad
3520 3050 3791 3106 triticum!

2194 3123 2239 3179 Ο
2264 3126 2386 3180 tuba
2413 3126 2637 3184 furoris!
2669 3146 2702 3185 ο
2730 3146 2835 3187 vox
2863 3137 3205 3191 exsecrabilis
3235 3139 3592 3207 pestilentiaz‘l
3615 3141 3788 3196 Num.-

2192 3215 2318 3284 quid
2348 3215 2484 3274 forte
2507 3219 2588 3274 sic
2615 3231 2759 3276 errat
2777 3238 2944 3293 genus
2971 3225 3280 3294 humanum,
3312 3240 3369 3284 ut
3400 3247 3504 3286 non
3531 3244 3789 3303 agnoscat

2192 3310 2562 3368 ventilatorem
2608 3314 3015 3374 Parmeniannm
3037 3322 3068 3374 ?-
3091 3323 3170 3376 An
3215 3332 3268 3378 et
3312 3325 3426 3394 ipse
3465 3324 3557 3380 dat
3607 3326 3785 3381 locum

2195 3401 2429 3470 Donato,
2461 3413 2515 3460 et
2539 3405 2605 3460 ad
2632 3420 2906 3479 purgatam
2949 3427 3043 3481 per
3070 3429 3190 3469 eum
3225 3431 3456 3471 massam
3485 3434 3545 3473 se
3572 3420 3786 3477 venisse

2190 3493 2496 3562 gloriatur?
2524 3497 2655 3553 Nam
2686 3500 2773 3556 ille
2811 3512 2932 3557 ante
2962 3519 3020 3558 se
3049 3506 3361 3575 hlajorinnm
3393 3511 3574 3566 nescio
3603 3524 3782 3568 utrum

2191 3585 2434 3655 dignetur
2456 3603 2765 3659 agnoscere.
2798 3593 2878 3648 An
2921 3595 3005 3649 isti
3038 3604 3146 3650 tres
3174 3606 3421 3668 tanquam
3448 3601 3544 3656 tria
3581 3616 3782 3658 cornua

2191 3675 2461 3745 cujusdam
2497 3680 2772 3736 ventilahri
2821 3683 2873 3737 in
2923 3699 3081 3740 manu
3135 3687 3341 3742 Domini
3392 3689 3641 3758 fuerunt,
3687 3707 3785 3762 per

2189 3783 2325 3838 quos
2354 3769 2543 3826 messis
2573 3773 2736 3828 totius
2762 3775 2908 3830 orbis
2937 3777 3299 3846 mundaretur;
3327 3788 3381 3835 et
3405 3779 3580 3836 Africa
3607 3783 3780 3838 electa

2189 3869 2274 3916 est
2295 3903 2309 3927 ,
2339 3862 2428 3917 ubi
2464 3875 2680 3936 purgata
2726 3881 2898 3922 massa
2938 3870 3290 3939 consisteret,
3324 3881 3570 3928 ceteram
3599 3886 3780 3931 autem

2190 3966 2402 4009 omnem
2445 3965 2639 4011 terram
2682 3959 2830 4028 palea
2873 3970 3117 4029 separata
3174 3964 3430 4017 vestiret?
3459 3963 3610 4021 Unde
3650 3983 3784 4038 ergo

2192 4048 2320 4101 tanti
2349 4063 2536 4120 greges
2558 4050 3052 4108 Circumeellionum
3071 4053 3262 4111 ?Unde
3277 4072 3403 4127 ergo
3424 4066 3583 4112 tantze
3611 4059 3784 4115 turba:

2188 4142 2525 4196 convivarum:
2583 4143 2915 4200 ebriosorum
2943 4188 2957 4214 ,
3001 4156 3057 4202 et
3110 4147 3485 4218 innuptarum,
3516 4151 3612 4206 sed
3671 4167 3782 4207 non

2190 4233 2656 4305 incorruptarum,
2716 4239 3121 4296 innumerabilia
3177 4254 3360 4313 stupra
3415 4244 3782 4302 feminarum?

2189 4324 2342 4382 Unde
2369 4337 2510 4383 tanta
2543 4329 2691 4384 turba
2723 4340 3334 4403 raptorum,avarorum,
3369 4334 3732 4392 feneratorum
3755 4339 3780 4391 ?

2191 4417 2342 4474 Unde
2370 4427 2475 4473 tam
2507 4421 2656 4476 multi
2689 4437 2784 4492 per
2809 4438 2932 4478 suas
2958 4424 3154 4495 quique
3184 4427 3429 4497 regiones
3467 4429 3776 4497 notissimi,

2188 4510 2514 4566 tantumdem
2560 4512 2830 4582 volentes,
2855 4515 2956 4571 sed
2992 4531 3096 4570 non
3144 4519 3472 4574 tantumdem
3499 4520 3777 4587 valentes,

2187 4601 2402 4670 Optati?
2429 4603 2565 4669 Quid
2603 4603 2669 4658 ad
2698 4606 2811 4660 lucc
2855 4608 3425 4678 respondebunt?-Non
3469 4623 3591 4668 sunt
3630 4613 3780 4671 ista?

2185 4698 2266 4749 An
2290 4737 2304 4761 ,
2337 4695 2405 4750 Et
2431 4695 2532 4752 hoc
2561 4698 2794 4753 triticum
2825 4709 2906 4754 est
2926 4703 2949 4751 Υ
2987 4700 3077 4756 Va:
3107 4702 3583 4772 impudentissima:
3609 4723 3782 4778 nega-

2186 4786 2313 4841 tioni
2339 4829 2353 4851 ,
2383 4788 2426 4844 si
2470 4789 2610 4858 apud
2652 4805 2710 4845 se
2753 4791 2849 4846 ista
2892 4807 2996 4847 non
3041 4809 3191 4860 esse;
3223 4809 3303 4850 vae
3349 4797 3781 4856 sceleratissima:

2186 4880 2539 4946 perversitati,
2569 4882 2613 4935 si
2645 4880 2904 4938 frumenta
2929 4899 3050 4939 esse
3076 4887 3466 4956 responderint.
3497 4889 3780 4947 Pomremo

2184 4984 2414 5024 massam
2438 4973 2642 5040 purgati
2662 4973 2818 5027 tritici
2842 4984 2958 5043 post
2983 4985 3140 5030 tantm
3158 4978 3486 5033 auctoritatis
3503 4979 3777 5051 trientem,

2185 5061 2236 5115 id
2265 5072 2347 5118 est
2375 5106 2388 5128 ,
2421 5064 2735 5133 Majorinum
2758 5107 2772 5131 ,
2799 5067 3062 5122 Donatum
3088 5111 3102 5136 ,
3140 5069 3581 5140 Parmeniamtm,
3614 5075 3778 5130 etiam

2183 5154 2483 5211 Primianns
2511 5157 2700 5211 iterum
2727 5173 2889 5213 ausus
2917 5169 3000 5214 est
3022 5161 3313 5228 ventilare,
3346 5172 3403 5218 ut
3438 5164 3781 5221 Maximiani-

2183 5256 2292 5301 stas
2314 5247 2380 5302 de
2404 5264 2498 5303 sua
2523 5251 2899 5307 communione
2918 5264 3207 5323 separaret.
3238 5257 3319 5310 An
3351 5256 3486 5314 forte
3510 5257 3778 5315 frumenta

2183 5337 2444 5408 projecit?
2497 5339 2633 5407 Quid
2683 5351 2766 5396 est
2808 5357 2937 5414 ergo
2987 5345 3100 5413 ipse
3150 5360 3271 5401 cum
3321 5349 3461 5416 suis,
3509 5350 3600 5420 qui
3652 5351 3778 5406 talia

2183 5431 2561 5500 projccerunt?
2589 5434 2672 5488 An
2711 5435 2782 5490 ita
2828 5437 2925 5491 ista
2968 5436 3232 5493 frumenta
3263 5451 3483 5512 purgata
3523 5434 3649 5498 sunt
3675 5485 3689 5508 ,
3721 5453 3782 5500 ut

2181 5537 2240 5578 se
2284 5524 2509 5579 invicem
2538 5541 2642 5580 non
2673 5539 3002 5598 agnoscant,
3032 5540 3087 5585 et
3113 5546 3173 5586 se
3201 5532 3428 5588 invicem
3469 5533 3780 5592 damnando

2181 5617 2434 5673 ventilare
2461 5621 2758 5675 conentur?
2781 5621 3024 5678 Potuitne
3055 5624 3206 5693 palea
3239 5625 3508 5695 baptizare
3535 5626 3773 5684 frumen-

2245 5756 2500 5828 1-t\'mmttlli
2527 5764 2649 5812 Mss,
2676 5771 2782 5826 cum
2804 5771 2885 5828 cos?
2903 5757 3007 5828 quis
3024 5771 3197 5828 urgere
3219 5759 3432 5822 cmpcril.
3459 5821 3468 5828 θ

2247 5821 2263 5849 ²
2288 5819 2422 5880 Etliti,
2447 5820 2828 5881 pl‘tl'attlltplltttlt'.
2856 5821 3019 5870 Melius
3042 5819 3164 5884 Mssa,
3191 5819 3510 5885 prmSumptio.
