4054 6480
263 364 334 436 ’ῧῖ
1651 379 1851 434 Limn

1994 379 2198 436 'tTlUS.
3491 371 3565 449 ος

279 497 365 551 ta?
390 495 447 550 Si
473 497 658 566 potuit
683 538 698 563 ,
727 511 824 552 cur
845 511 969 568 ergo
1009 495 1225 559 dicunt,
1255 494 1392 560 Quid
1435 494 1593 564 paleis
1632 494 1698 546 ad
1739 494 1869 547 triti-

287 587 424 641 cum?
451 585 506 642 Si
532 596 719 641 autem
749 604 851 642 non
880 585 1045 657 potuit
1070 626 1083 648 ,
1105 601 1201 640 cur
1243 583 1541 639 Felicianus
1576 599 1696 638 cum
1733 584 1872 639 inter

287 681 457 749 paleas
495 678 1012 734 Maximianistarnm
1041 677 1186 732 foras
1215 676 1472 744 volasset,
1497 685 1753 746 quotquot
1784 675 1872 730 illo

285 771 586 840 baptizavit,
606 787 731 826 cum
749 785 814 826 eo
839 786 1021 826 rursus
1037 769 1101 823 ad
1131 783 1357 824 massam
1386 768 1528 823 illam
1555 766 1870 838 purgatissi-

284 877 422 916 mam
451 861 767 928 redierunt,
797 870 849 915 et
876 874 1061 915 omnes
1091 861 1231 913 intus
1259 873 1352 913 eos
1384 873 1522 912 nunc
1552 857 1786 922 habent,
1818 862 1876 910 et

287 952 382 1006 sibi
412 967 521 1006 non
546 951 755 1018 dicunt,
792 949 926 1016 Quid
954 949 1110 1021 paleis
1140 949 1207 1002 ad
1235 948 1495 1002 triticum?

355 1043 441 1098 t9.
482 1042 601 1097 Jam
647 1058 778 1112 ergo
823 1041 1073 1111 evigilent
1111 1039 1431 1109 aliquando,
1472 1047 1526 1093 et
1578 1036 1875 1108 intelligant

285 1132 735 1203 quemadmodum
776 1129 1040 1202 Pmpheta'
1068 1129 1296 1196 dixerit,
1328 1121 1464 1194 Quid
1502 1129 1659 1200 paleis
1688 1128 1755 1181 ad
1784 1128 1876 1181 tri-

286 1225 480 1278 ticum?
513 1224 613 1280 Ubi
671 1226 812 1279 enim
853 1224 1059 1279 dicatur
1110 1223 1483 1287 considerent,
1531 1222 1574 1276 si
1613 1221 1692 1275 eis
1739 1221 1877 1274 inest

284 1299 906 1386 qualiscumquesensus
936 1314 1216 1370 humanus.
1246 1313 1511 1382 Numquid
1543 1314 1592 1366 in
1621 1328 1746 1383 agro
1771 1311 1875 1367 dici

232 1404 244 1478 ξ
285 1414 481 1478 potest,
519 1408 657 1475 Quid
687 1409 847 1478 paleis
871 1409 937 1462 ad
963 1408 1210 1471 triticum,
1240 1403 1452 1478 quando
1481 1405 1667 1461 eadem
1700 1405 1876 1460 radice

285 1501 612 1572 portantur]
639 1499 902 1572 Numquid
933 1500 982 1554 in
1009 1515 1154 1566 area,
1186 1499 1272 1554 ubi
1305 1498 1504 1569 pariter
1527 1489 1876 1552 trlturantur‘.’

282 1592 387 1647 Sed
420 1592 606 1662 utique
634 1592 684 1646 iu
717 1592 930 1656 horreo,
967 1590 1102 1658 Quid
1131 1591 1288 1662 paleis
1315 1586 1382 1642 ad
1404 1587 1660 1643 triticum?
1693 1589 1878 1642 Veniet

281 1686 427 1741 enim
468 1685 560 1740 ille
610 1685 984 1754 paterfamilias
1036 1682 1215 1738 ferens
1255 1681 1584 1736 rentilabrum
1633 1680 1686 1733 in
1724 1695 1878 1732 manu

280 1786 409 1844 tua,
437 1786 488 1830 et
535 1777 796 1831 mandabit
834 1791 1002 1830 aream
1039 1792 1219 1839 suam;
1263 1779 1514 1846 frumenta
1556 1772 1790 1828 recondet
1825 1773 1876 1826 in

280 1868 521 1922 horreum
552 1907 569 1933 ,
618 1869 818 1936 paleam
878 1881 994 1923 vero
1045 1865 1300 1920 comburet
1347 1866 1462 1936 igne
1485 1863 1878 1935 inexstinguibiti

278 1959 502 2028 (Matth.
536 1975 590 2014 ιιι
622 2001 639 2026 ,
669 1959 782 2028 i2).
810 1957 941 2014 Nam
975 1957 1254 2029 per‘aliam
1294 1955 1691 2012 similitudinem
1722 1971 1878 2011 omne

1981 494 2150 564 genda
2198 504 2348 562 sunt,
2383 513 2500 567 qua:
2542 499 2629 554 ille
2676 500 2923 557 similiter
2969 517 3073 559 non
3123 503 3460 576 intelligens,
3496 511 3558 564 ad

1979 588 2218 641 eamdem
2246 589 2330 642 sui
2363 591 2559 644 erroris
2589 594 2905 648 sententiam
2951 595 3269 667 detorquere
3317 613 3559 657 conatur.

1978 675 2113 742 Qnid
2159 677 2298 731 enim
2337 678 2410 732 ait
2456 679 2652 734 Isaias?
2680 680 2942 752 Recedite,
2972 689 3182 741 recedite
3205 707 3224 754 ;
3251 692 3382 745 exite
3409 694 3525 746 inde
3544 736 3558 760 ,

1979 777 2025 822 et
2066 769 2379 822 immundum
2417 772 2570 824 nolite
2603 783 2844 844 tangere:
2874 778 3000 831 exite
3043 780 3104 832 de
3133 781 3295 836 medio
3329 784 3437 853 ejus
3463 826 3478 850 ,
3516 797 3561 838 et

1979 861 2432 931 separamini,qui
2479 865 2618 935 fertis
2664 883 2781 920 casa
2833 867 3038 922 Domini
3090 869 3240 940 (Isai.
3295 889 3400 940 ιιι,
3445 877 3558 946 11).

1978 950 2240 1022 Numquid
2279 955 2465 1010 eadem
2497 956 2653 1012 toties
2683 960 2966 1027 repetenda
2999 971 3156 1030 sunt,
3198 965 3404 1034 quoties
3429 982 3563 1036 quo-

1979 1043 2137 1098 modo
2158 1043 2249 1100 fiat
2276 1048 2538 1115 separatio
2560 1047 2576 1079 ί
2597 1051 2771 1103 cordis
2790 1066 2817 1104 a
2844 1051 3033 1106 malis?
3059 1052 3386 1110 immundum
3414 1059 3558 1112 enim

1981 1151 2085 1190 non
2114 1137 2313 1207 tangit,
2345 1138 2431 1207 qni
2460 1137 2525 1192 ad
2558 1151 2825 1209 peccatum
2851 1143 2980 1196 nulli
3003 1147 3283 1201 consentit.
3314 1146 3434 1202 Exit
3459 1164 3558 1202 au-

1982 1235 2085 1281 tem
2116 1227 2254 1292 inde,
2288 1237 2343 1282 ut
2367 1229 2508 1283 salva
2534 1230 2601 1284 sit
2622 1231 2734 1298 ejus
2759 1245 2915 1286 causa
2945 1234 3082 1302 apud
3108 1235 3291 1303 Deum,
3323 1237 3370 1292 si
3396 1238 3556 1293 etiam

1979 1316 2308 1388 disciplinam
2355 1311 2672 1389 corripiendi
2717 1331 2770 1376 et
2813 1325 3062 1392 arguendi
3106 1326 3246 1380 salva
3281 1343 3406 1398 pace
3450 1345 3558 1384 non

1980 1409 2226 1480 negligat.
2258 1405 2387 1464 Nam
2423 1413 2510 1481 qui
2547 1412 2660 1466 vult
2697 1415 3045 1483 corporaliter
3075 1420 3222 1485 quasi
3252 1421 3560 1475 manifestos

1981 1500 2149 1553 malos
2182 1497 2429 1555 deserere
2452 1543 2466 1567 ,
2492 1502 2834 1571 Spiritualiter
2866 1504 3064 1560 deserit
3091 1503 3311 1564 latentes
3338 1509 3506 1565 bonos
3539 1554 3555 1578 ,

1980 1604 2114 1658 quos
2143 1588 2445 1660 incipertos
2483 1600 2535 1647 et
2560 1594 2854 1665 incognitos
2887 1593 3092 1668 cogitur
3124 1615 3401 1667 accusare,
3430 1599 3558 1658 dum

1981 1682 2366 1750 separatio'ncm
2397 1697 2543 1736 suam
2581 1695 2803 1740 conatur
2830 1686 3133 1744 defendere.

2051 1772 2141 1826 21.
2165 1772 2271 1827 Sed
2298 1773 2381 1828 isti
2405 1772 2778 1846 respondeant,
2804 1778 2855 1832 Si
2881 1780 3105 1834 nuntdus
3133 1789 3214 1836 c'st
3240 1781 3560 1851 Felicianus,

1982 1879 2076 1918 cur
2102 1865 2229 1919 exiit
2268 1865 2336 1921 de
2361 1867 2537 1922 medio
2579 1871 2807 1923 eorum?
2837 1863 2893 1927 Si
2922 1887 3047 1926 vero
3086 1875 3388 1930 immundus
3421 1916 3435 1940 ,
3465 1893 3562 1932 cur

1984 1957 2141 2010 tundo
2170 1951 2333 2029 tangit
2358 1958 2612 2014 mundum
2633 1959 2697 2014 ’ἲ
2725 1957 2877 2028 Quod
2908 1965 2950 2018 si
2984 1969 3104 2020 tunc
3133 1965 3434 2023 immundus
3465 1969 3560 2025 fuit

275 2050 524 2106 triticum
543 2053 723 2106 orium
741 2052 976 2117 nomine,
996 2058 1048 2106 et
1065 2049 1238 2105 Otnnis
1256 2049 1402 2119 palea
1421 2048 1692 2103 haedorum
1712 2048 1878 2101 nomi-

273 2153 345 2198 ηε
369 2143 732 2213 significatur,
759 2159 878 2213 quae
905 2142 1011 2197 duo
1039 2156 1288 2212 pecorum
1310 2155 1503 2210 genera
1526 2139 1731 2194 interim
1757 2156 1878 2209 per-

268 2234 453 2288 mixta
483 2233 589 2288 sub
617 2249 724 2288 uno
756 2242 967 2302 pastore
996 2239 1300 2302 pascuntur.
1334 2229 1440 2285 Sed
1462 2231 1619 2285 veniet
1644 2272 1655 2292 ,
1689 2230 1878 2300 inquit,

268 2323 454 2378 Filius
479 2323 700 2378 hominis
719 2340 832 2376 cum
857 2321 1063 2394 Angelis
1083 2323 1205 2388 suis,
1237 2330 1283 2376 et
1304 2321 1739 2393 congregabantur
1767 2319 1882 2375 ante

263 2430 390 2468 eunt
425 2426 605 2468 omnes
647 2424 850 2486 gentes,
878 2422 923 2468 et
968 2412 1218 2482 separabit
1255 2418 1339 2466 eos
1377 2411 1437 2465 ab
1479 2413 1686 2465 inrice’m
1711 2454 1724 2477 ,
1755 2413 1882 2465 sicut

263 2515 461 2575 pastor
484 2515 692 2573 separat
730 2521 844 2560 oves
886 2503 947 2558 ab
972 2504 1132 2558 laedis
1155 2519 1172 2559 :
1194 2513 1240 2558 et
1275 2519 1386 2558 oves
1419 2503 1620 2574 quidem
1646 2513 1790 2572 ponet
1815 2503 1886 2555 ad

262 2598 569 2660 dexteram,
599 2595 772 2650 laedas
800 2605 968 2649 autem
997 2595 1064 2649 ad
1089 2594 1364 2649 sinistram.
1397 2591 1462 2646 Et
1487 2593 1616 2647 dicet
1655 2595 1718 2647 iis
1743 2595 1826 2662 qui
1851 2611 1882 2646 a

260 2689 475 2744 dextris
515 2689 629 2757 ejus
656 2697 802 2742 erant
831 2703 850 2740 :
885 2685 1093 2754 Venite,
1125 2684 1368 2740 benedicti
1401 2685 1570 2738 Patris
1606 2685 1734 2750 mei,
1764 2703 1881 2756 per-

256 2783 436 2852 cipite
458 2798 671 2853 regnum
695 2782 831 2854 quod
857 2780 991 2835 vobis
1021 2789 1254 2852 paratum
1292 2789 1364 2832 est
1405 2779 1467 2832 ab
1505 2778 1648 2832 initio
1686 2777 1879 2831 mundi.

259 2873 398 2929 Illis
447 2886 618 2928 alitem
659 2875 746 2945 qui
790 2873 860 2927 ad
904 2873 1194 2937 dnistram,
1234 2873 1363 2925 dicet
1393 2887 1410 2922 :
1438 2869 1548 2936 lte,
1596 2866 1879 2932 maledicti,

256 2969 321 3022 in
370 2970 860 3039 ignemauernum,
891 2965 976 3035 qui
1022 2959 1228 3035 paratus
1263 2972 1335 3017 est
1379 2962 1578 3015 diabolo
1608 2974 1654 3014 et
1693 2962 1888 3032 angelis

259 3062 390 3129 ejus
427 3059 552 3131 (Id.
583 3074 689 3112 xxv
714 3099 729 3124 ,
757 3054 983 3128 51-11).
1011 3055 1158 3110 Tunc
1202 3069 1326 3124 ergo
1376 3053 1625 3122 impletur
1656 3053 1884 3122 prophe-

263 3154 346 3207 tia
369 3195 388 3218 ,
428 3152 568 3218 Quid
595 3151 754 3222 paleis
791 3149 858 3203 ad
895 3149 1110 3202 triticum
1138 3147 1162 3200 ?
1187 3144 1397 3217 quando
1428 3143 1594 3199 [undis
1623 3152 1676 3198 et
1701 3143 1886 3196 oribus

265 3263 388 3300 non
438 3254 619 3316 potest
650 3256 843 3314 pascua
881 3257 1001 3297 esse
1029 3239 1345 3295 communis.
1371 3237 1426 3292 Si
1455 3243 1678 3307 possunt
1715 3236 1886 3305 pisces

268 3338 413 3393 boni
456 3337 694 3408 piscibus
733 3333 1091 3389 malis‘intra
1139 3330 1280 3385 illam
1327 3340 1578 3398 sagcnam
1624 3327 1709 3382 cui
1755 3326 1887 3380 dixit

277 3429 552 3482 Dominus
576 3464 592 3493 ,
617 3424 800 3480 Simile
839 3431 912 3478 est
953 3436 1161 3493 regnum
1199 3419 1438 3474 caelorum
1475 3431 1674 3488 sugente
1719 3417 1886 3470 missa:

277 3519 338 3571 in
365 3535 514 3572 inore
540 3559 552 3583 ,
580 3517 764 3571 dicere
787 3556 802 3581 ,
833 3513 1085 3569 Reoeditc
1111 3528 1142 3566 a
1177 3511 1332 3566 nobis
1351 3551 1365 3575 ,
1390 3517 1481 3562 aut
1517 3506 1830 3562 recedemus
1858 3525 1887 3562 a

1981 2064 2098 2103 cum
2127 2048 2255 2104 foris
2278 2061 2438 2116 esset,
2472 2067 2605 2120 quos
2635 2053 2739 2107 illic
2761 2053 3043 2125 baptizavit
3067 2099 3081 2123 ,
3117 2057 3368 2114 immundi
3393 2073 3514 2115 sunt
3541 2103 3556 2127 ,

1981 2133 2102 2202 quia
2144 2133 2470 2189 immundum
2522 2137 2822 2206 tetigerunt.
2854 2141 2934 2194 An
2982 2157 3168 2196 oumes
3197 2159 3315 2197 cum
3349 2146 3437 2200 illo
3479 2155 3563 2201 re-

1984 2224 2211 2279 meando
2252 2226 2488 2280 mundati
2535 2229 2696 2282 sunt?
2743 2227 2969 2285 Possunt
3015 2247 3142 2303 ergo
3194 2234 3279 2289 isti
3321 2237 3564 2292 mundari

1982 2315 2112 2370 furis
2156 2316 2443 2387 baptizati3
2471 2361 2485 2384 ,
2515 2335 2648 2390 quos
2686 2321 2736 2375 in
2777 2325 2869 2377 sua
2910 2327 3283 2383 communione
3323 2346 3426 2384 non
3469 2331 3562 2386 ba-

1985 2407 2354 2476 ptizaveruut?
2381 2410 2488 2464 Cur
2530 2426 2656 2480 ergo
2693 2413 2824 2467 alios
2870 2414 3232 2484 rebaptizant?
3262 2417 3341 2474 An
3379 2435 3407 2474 a
3450 2419 3564 2476 tre—

1983 2498 2153 2552 centis
2205 2497 2388 2553 decem
2442 2499 2595 2569 ligni
2646 2503 3045 2560 conSidrntibns
3096 2503 3333 2563 damnari
3388 2505 3558 2581 aliqua

1986 2589 2119 2646 forte
2157 2590 2390 2662 dignatio
2412 2601 2491 2648 eSt
2514 2593 2552 2658 Ι¹;
2577 2598 2628 2648 et
2668 2596 2786 2650 ideo
2828 2594 2897 2654 de"
2939 2607 3048 2652 toto
3074 2597 3201 2655 orbe
3231 2598 3466 2672 quisquis
3493 2596 3560 2657 ad

1984 2697 2078 2737 eos
2103 2683 2307 2738 venerit
2336 2685 2689 2753 rebaptizatur
2712 2729 2725 2753 ,
2755 2689 2873 2756 quia
2903 2690 3006 2743 non
3035 2683 3226 2746 meruit
3252 2687 3388 2747 totus
3416 2684 3561 2748 orbis

1987 2777 2138 2829 istam
2175 2776 2529 2846 dignationem
2551 2821 2564 2844 ,
2591 2789 2646 2832 ut
2679 2795 2705 2831 a
2743 2781 3010 2852 llagaicnsi
3041 2784 3264 2839 concilio
3285 2785 3563 2841 damnare;

1987 2870 2112 2922 tur?
2131 2869 2267 2935 Quid
2292 2886 2417 2940 ergo
2439 2871 2492 2923 εν
2512 2873 2549 2924 Α
2572 2871 2886 2926 Maximiano
2908 2884 2960 2929 et
2989 2881 3017 2928 a'
3040 2877 3248 2949 θρωιοιηῑε
3278 2875 3434 2932 sociis
3450 2878 3564 2948 ejus

1986 2959 2051 3013 ad
2099 2959 2349 3014 Primiani
2405 2963 2832 3017 communionem
2869 2963 2890 2996 ⁸
2918 2980 3021 3019 non
3076 2964 3416 3022 redi-nutibus
3444 2971 3564 3039 qui-

1987 3067 2213 3121 cumque
2241 3053 2486 3122 baptizati
2520 3054 2714 3108 fuerint
2735 3097 2748 3120 ,
2784 3053 3214 3124 rebaptizantur?
3239 3075 3302 3112 an
3334 3061 3567 3130 parcitur

1989 3145 2106 3199 eis?
2135 3144 2192 3200 Si
2221 3145 2618 3215 rebaptizantur
2638 3190 2650 3211 ,
2688 3147 2912 3201 violatur
2947 3147 3180 3218 dignatio
3211 3149 3516 3220 Bagaieusis
3550 3149 3569 3207 εξ

1991 3236 2041 3289 ἱιι
2091 3235 2151 3290 ὁτι
2194 3236 2390 3306 quippe
2442 3238 2600 3291 etiam
2663 3238 2881 3292 istorum
2929 3238 3281 3308 baptizatur-es
3331 3241 3566 3296 damnati

1989 3337 2130 3381 sunt.
2155 3327 2210 3383 Si
2239 3337 2413 3381 autem
2445 3326 2788 3398 parcittii'cis,
2821 3326 3038 3399 rogandi
3061 3339 3184 3384 sunt
3217 3331 3298 3384 iszi
3321 3371 3335 3394 ,
3367 3340 3422 3384 ut
3446 3348 3567 3385 rur-

1990 3435 2107 3474 sum
2137 3415 2474 3489 ad'oppidnm
2497 3416 2784 3490 Bigaiense
2814 3419 3148 3484 cum-eniam,
3174 3431 3226 3475 et
3251 3423 3293 3475 si
3320 3421 3457 3477 forte
3479 3411 3570 3477 ille

1991 3523 2244 3564 nurnerns
2284 3519 2639 3565 trecentorum
2691 3510 2875 3565 decem
2915 3510 3024 3580 jam
3069 3519 3407 3566 consecratus
3451 3522 3568 3579 est,

284 3611 448 3664 vobis
472 3609 648 3664 donec
675 3621 863 3661 clunes
885 3604 1180 3660 educantur
1207 3600 1273 3656 ad
1303 3600 1451 3655 littus
1468 3641 1482 3664 ,
1512 3607 1565 3653 et
1590 3614 1683 3668 per
1712 3599 1889 3666 Ange-

290 3703 378 3756 los
410 3701 537 3756 buni
586 3701 864 3754 mittantur
892 3697 944 3752 in
974 3706 1100 3751 vasa
1125 3735 1140 3759 ,
1173 3693 1298 3748 mali
1330 3700 1506 3747 autem
1549 3691 1893 3761 projiciantur

297 3794 445 3846 foras
471 3790 581 3862 (Id.
614 3805 704 3845 rut
725 3830 740 3854 ,
773 3789 841 3843 47
863 3829 878 3852 ,
903 3788 996 3857 48)
1029 3805 1042 3840 :
1076 3792 1249 3856 potest
1273 3783 1375 3837 hoc
1415 3793 1655 3851 tempore
1682 3781 1887 3850 i‘u‘ipleri

304 3883 446 3952 quaid
488 3883 686 3937 dictum
730 3888 846 3945 est,
875 3877 1010 3946 Quid
1054 3875 1213 3946 paleis
1256 3873 1324 3927 ad
1367 3873 1626 3927 triticum?
1653 3870 1768 3925 Sed
1802 3870 1896 3940 qui

306 3974 769 4046 congregationem
814 3985 961 4024 suam
985 3969 1093 4039 jam
1132 3966 1457 4020 frumentum
1489 3971 1767 4032 purgatum
1801 3977 1895 4030 pn-

311 4078 444 4135 tant,
471 4086 500 4124 a
523 4066 907 4124 commixtione
935 4061 1184 4118 frumenti
1213 4069 1266 4113 et
1292 4058 1456 4128 palea:
1487 4064 1734 4125 tanquam
1765 4068 1892 4124 pura

316 4162 458 4229 palea
503 4161 814 4214 volarernnt
855 4173 868 4210 :
905 4164 959 4209 et
1003 4153 1093 4224 qui
1137 4166 1196 4206 se
1246 4148 1345 4203 sub
1385 4163 1490 4201 uno
1534 4154 1744 4216 pastore
1789 4159 1895 4199 non

316 4252 481 4306 adhuc
513 4266 638 4305 eum
667 4247 835 4302 laedis
881 4259 1098 4315 pascere
1121 4241 1388 4305 sentiunt,
1417 4239 1658 4306 luporum
1691 4235 1896 4292 insidiis

319 4343 382 4397 de
419 4358 574 4414 grege
627 4339 834 4394 Domini
875 4333 1103 4406 separati
1144 4339 1268 4386 sunt
1307 4344 1331 4382 τι
1363 4338 1416 4383 et
1443 4328 1534 4398 qui
1579 4341 1699 4381 cum
1744 4325 1900 4382 malis

323 4436 546 4504 piscibus
572 4448 634 4488 se
661 4439 1011 4502 congregatos
1038 4439 1157 4479 esse
1199 4438 1308 4476 non
1337 4428 1520 4491 putant
1544 4446 1565 4484 ,ι
1591 4434 1694 4472 non
1724 4418 1897 4472 solum

321 4528 435 4580 ntali
463 4526 636 4596 pisces
663 4531 808 4579 sunt.
833 4518 924 4573 sed
953 4517 1110 4572 etiam
1138 4512 1355 4567 unitatis
1382 4511 1514 4566 retia
1537 4509 1900 4578 disruperunta

319 4618 462 4686 Quod
488 4618 533 4671 si
562 4617 671 4685 jam
701 4614 801 4667 hoc
827 4620 1064 4678 tempore
1085 4605 1440 4674 intelligamus
1465 4601 1575 4654 ﬁcri
1597 4600 1736 4670 quod
1755 4599 1903 4654 lere-

321 4713 449 4765 mias
473 4711 565 4773 ait,
603 4706 738 4773 Quid
756 4703 912 4776 paleis
935 4701 1003 4754 ad
1034 4696 1292 4752 tiiticum?
1318 4695 1446 4748 nihil
1478 4693 1620 4747 aliud
1651 4701 1794 4747 recte
1822 4691 1902 4746 ind

321 4803 558 4871 telligerc
581 4809 866 4868 possumus
885 4834 899 4856 ,
929 4790 1027 4844 nisi
1050 4788 1188 4858 quod
1217 4787 1278 4840 in
1299 4799 1398 4837 una
1429 4781 1650 4853 quidem
1675 4795 1900 4851 congre-

320 4894 529 4963 gatimtc
551 4897 672 4944 sunt
698 4929 712 4953 ,
743 4885 915 4939 donec
936 4883 986 4936 in
1017 4881 1118 4934 line
1147 4875 1504 4932 ventilationis
1532 4874 1689 4928 etiam
1714 4887 1904 4942 corpo-

321 4985 500 5038 raliter
543 4986 900 5050 separentur;
933 4970 1024 5026 sed
1078 4981 1254 5024 tamen
1301 4966 1473 5021 tritico
1497 4966 1518 4996 ³
1549 4980 1758 5018 sursum
1812 4979 1905 5017 cor

321 5083 434 5134 est,
463 5072 625 5142 palea:
665 5082 795 5122 vero
835 5065 1107 5118 deorsum.
1143 5059 1299 5114 Palea
1329 5057 1522 5126 quippe
1551 5071 1644 5108 sua
1671 5055 1858 5124 quau-it
1887 5096 1902 5117 ,

323 5185 426 5222 neu
459 5179 574 5234 qua:
601 5163 729 5218 J-esu
758 5157 952 5213 Christi
984 5156 1006 5225 (ι
1037 5152 1263 5221 Philipp.
1294 5166 1348 5214 tl‘,
1374 5149 1436 5202 21
1465 5153 1482 5217 )
1517 5165 1530 5201 :
1556 5149 1783 5201 triticum
1809 5161 1906 5200 au-i

326 5269 429 5311 lem
463 5253 779 5310 thesaurizat
805 5247 1110 5302 thesmn-um
1130 5243 1182 5296 in
1205 5241 1377 5303 celo;
1403 5247 1455 5293 et
1478 5238 1564 5292 ubi
1589 5246 1672 5292 est
1697 5237 1907 5292 thesau-

326 5363 416 5403 rus
445 5346 576 5414 ejus,
601 5343 671 5397 ibi
699 5350 754 5395 et
781 5354 875 5392 cor
895 5337 1009 5406 ejus
1029 5333 1237 5406 (Matth.
1271 5347 1342 5398 γι,
1369 5329 1600 5400 20,-21).

395 5435 619 5491 CAPUT
652 5432 737 5486 IV.
758 5460 825 5468 —-
851 5428 940 5481 ΞΟ.
1010 5427 1099 5480 Sic
1121 5425 1279 5479 etiam
1314 5420 1472 5475 verba
1503 5418 1647 5474 Isaia:
1677 5418 1696 5450 ³
1727 5419 1912 5472 intelli-

393 5680 410 5710 ι
435 5675 546 5726 t-‘diti
568 5691 580 5724 :
606 5685 654 5723 St
678 5676 870 5736 possunt
891 5670 1044 5733 pisces
1075 5665 1182 5736 boni
1203 5679 1313 5736 cum
1345 5659 1553 5736 piscibus
1765 5662 1912 5730 rarti-

331 5739 453 5795 ulla,
476 5751 603 5794 cum,
628 5730 830 5797 sensum
866 5730 1140 5797 corrumpit,
1164 5736 1216 5778 et
1237 5730 1376 5797 abest
1407 5737 1436 5772 a
1467 5730 1818 5784 manuscriptts.

392 5805 410 5833 ³
435 5793 568 5856 illiti,
592 5793 762 5846 tritici.
792 5801 844 5842 At
866 5793 1069 5856 \atiqani
1095 5801 1219 5856 stas,
1241 5793 1415 5856 tritico.

395 5847 653 5909 'taitlieaai
689 5865 817 5914 Ms»,
843 5854 912 5903 sic
937 5853 1074 5903 etiam
1099 5853 1219 5903 beati
1250 5850 1383 5900 tsrtitt.’
1418 5847 1586 5898 verba.»

1995 3599 2213 3655 totidem
2255 3601 2607 3667 conveniant,
2632 3609 2686 3656 et
2710 3599 2814 3655 illic
2845 3601 3158 3655 sententiam
3191 3610 3376 3655 contra
3405 3611 3568 3655 totum

1993 3691 2186 3745 orbem”
2209 3691 2512 3761 proferant,
2536 3692 2671 3747 sicut
2713 3691 2968 3746 adversus
3006 3691 3417 3746 Maxiadauistas
3446 3701 3571 3761 pro-

1997 3781 2225 3836 tulerunt
2246 3823 2262 3850 ,
2291 3791 2350 3835 ut
2376 3789 2496 3836 eum
2538 3780 2805 3835 voluerint
2830 3781 3058 3850 aliquem
3103 3780 3430 3848 rebaptizare
3459 3821 3473 3843 ,
3506 3795 3573 3833 ex

1995 3875 2167 3944 aliqua
2199 3883 2346 3944 parte
2368 3873 2510 3927 orbis
2537 3874 2854 3936 venientem,
2884 3873 2992 3940 pari
3017 3872 3296 3941 privilegio
3309 3887 3365 3924 se
3394 3870 3576 3924 defeti-

1996 3965 2105 4034 d.it,
2137 3969 2381 4021 asserens
2408 3967 2427 3998 '
2451 3963 2550 4020 sibi
2584 3964 2651 4018 ita
2681 3965 2821 4034 parci
2855 3970 3102 4034 oportere
3123 4006 3136 4030 ,
3166 3957 3308 4017 sicut
3329 3963 3375 4016 ei
3407 3962 3576 4032 parci-

2001 4070 2083 4113 tur
2111 4074 2267 4127 quem
2294 4055 2673 4111 hﬁtxitnianista
2703 4055 2932 4125 baptiz'at
2958 4074 2970 4119 ;
2995 4053 3244 4124 quia’jam
3277 4071 3377 4107 non
3403 4054 3574 4108 Solum

2001 4149 2403 4206 lilaximia'nistze
2423 4190 2436 4211 ,
2469 4148 2562 4202 sed
2591 4147 2749 4202 etiam
2779 4145 2918 4200 totn‘s'
2944 4145 3086 4200 orbis
3116 4147 3367 4200 meruerit
3393 4147 3575 4199 conci-

2000 4243 2071 4298 lio
2099 4239 2373 4312 Bagaiensi
2405 4238 2667 4294 damnari.
2705 4237 2902 4292 Deinde
2932 4253 2989 4292 se
3022 4237 3163 4306 ipsos
3191 4252 3219 4290 a
3253 4249 3357 4290 tam
3390 4245 3580 4304 magna

2002 4335 2194 4390 invidia
2225 4333 2519 4388 liberabunt
2546 4333 2568 4365 ⁸
2588 4374 2601 4395 ,
2633 4339 2688 4385 ιιι
2716 4345 2834 4386 eum
2864 4331 3125 4400 coeperint
3148 4330 3257 4399 jam
3286 4346 3388 4384 non
3420 4328 3578 4382 reba-

2001 4429 2202 4500 ptizare
2232 4427 2281 4480 in
2315 4425 2549 4480 Eoolesia
2578 4423 2871 4494 baptizatos
2893 4464 2906 4486 ,
2935 4439 3052 4494 qua:
3081 4439 3174 4493 per
3200 4440 3386 4479 omnes
3411 4433 3580 4480 terras

2003 4527 2085 4575 est
2113 4517 2396 4573 constituta
2423 4559 2436 4580 ,
2465 4517 2507 4570 si
2548 4515 2666 4586 quis
2696 4516 2774 4569 eis
2802 4515 3029 4568 moverit
3064 4516 3410 4584 quzcstionem
3443 4555 3458 4581 ,
3486 4531 3582 4569 cur

1998 4610 2107 4682 jam
2138 4621 2239 4664 n01:
2278 4602 2471 4662 faciant
2509 4606 2648 4678 qttod
2692 4614 2814 4660 ante
2853 4605 3113 4660 faciebant
3137 4647 3151 4672 ,
3183 4605 3578 4675 respondeant:

2070 4794 2084 4825 ¹
2112 4790 2183 4839 sic
2204 4787 2310 4837 Mss.
2336 4798 2430 4834 uno
2451 4790 2660 4844 eseepto
2681 4781 2908 4844 Casalino,
2935 4780 3023 4844 qui
3039 4781 3232 4842 omittit,
3249 4779 3441 4842 quoﬁes.
3468 4780 3600 4831 t-Iditi’
3644 4798 3649 4802 ·

2005 4867 2124 4904 vero
2165 4854 2235 4901 sic
2269 4851 2478 4907 habent,
2505 4842 2682 4909 quoties
2720 4842 2776 4907 ﬁt
2816 4842 3070 4908 separatio,
3097 4852 3212 4902 etc.,
3251 4844 3445 4904 onisso,
3470 4856 3589 4906 quo-

2005 4915 2298 5036 "Lflgliqtlot
2328 4977 2453 5027 Mss,
2479 4973 2566 5017 c’ur
2599 4966 2740 5017 modo
2775 4970 2974 5031 tzmgunt
3006 4965 3322 5016 immundum.
3357 4965 3506 5026 Quod.
3536 4966 3596 5024 si,

2009 5049 2259 5157 Θιῖ’[ῖιὶίιὶ,
2303 5091 2522 5142 annulati
2558 5080 2676 5153 [oris
2716 5075 2973 5149 baptizare.
3021 5091 3317 5151 Castigantur
3359 5101 3386 5136 a
3429 5101 3600 5136 manu-

2008 5165 2214 5225 scriptis.
2859 5213 2868 5222 .
3467 5208 3476 5218 '

2039 5285 2049 5295 .
2072 5227 2090 5256 ⁸
2112 5235 2214 5272 Am;
2326 5226 2376 5269 et
2395 5216 2587 5282 quidam
2605 5221 2782 5276 e'Mss.,
2803 5213 2965 5276 aliqua
2987 5213 3108 5276 forte
3129 5216 3400 5263 meruerunt
3423 5209 3600 5273 digna-

2124 5298 2136 5317 )

2012 5295 2194 5395 Lor
2219 5342 2364 5406 Lugd.
2389 5342 2638 5406 Veit._l.ov.
2663 5339 2906 5406 oniittunt,
2925 5334 3058 5406 quid.
3105 5341 3179 5406 "tu.

2077 5409 2099 5440 ⁸
2119 5399 2432 5464 Ιιιιιτοενιιιεδη
2456 5402 2523 5452 ad
2549 5399 2780 5452 Primiani
2803 5399 3285 5464 connnunicats'onem.
3389 5454 3399 5464 _
3439 5456 3457 5464 Δ
3534 5456 3542 5464 _
3589 5443 3605 5464 7,

2078 5472 2096 5503 τ
2119 5454 2328 5529 mili—{se
2346 5454 2605 5529 defmtdant
2630 5466 2908 5529 asserentes.
2941 5457 3109 5529 melius
3131 5462 3254 5529 Mss,
3280 5467 3330 5502 se
3366 5454 3595 5518 defendat

2017 5518 2268 5591 asserens}
2293 5531 2336 5578 is
2357 5518 2583 5578 videlicet
2599 5530 2745 5591 quem
2768 5521 3009 5591 potuerint
3029 5518 3163 5591 retia;
3181 5518 3347 5591 tizare.

2079 5577 2420 5652 ἷῇιδέξίαὶαητ
2443 5577 2630 5652 magnei
2647 5583 2854 5640 invidia,
2880 5577 3197 5652 editi‘addnnt
3217 5591 3284 5652 ,__a
3314 5585 3464 5628 morte
3495 5587 3596 5652 tam

2019 5640 2260 5721 ninguit—et
2289 5640 2387 5702 tarn
2409 5640 2652 5706 mirabili;
2674 5658 2787 5721 quze
2807 5643 2954 5713 verba
2977 5640 3152 5721 abstitit
3181 5652 3207 5688 a
3233 5647 3355 5698 Mss,
3375 5641 3598 5721 camillus

2022 5699 2388 5767 iiiiie’itiiidsi’c
2407 5712 2566 5760 ferunt
2592 5723 2603 5755 ε
2637 5699 2814 5756 'Iu'inde
2835 5701 2952 5765 ipsis
2968 5699 3032 5748 ad
3045 5706 3141 5748 tam
3164 5714 3337 5767 magna
3359 5699 3607 5767 mirabitur

2323 5780 2372 5823 ηι
2391 5785 2499 5822 (ut);
2522 5767 2764 5834 (mpet‘iltl,
2789 5761 2881 5812 (διό.
2903 5771 3042 5812 1⁵01⁵Γο
3059 5761 3381 5813 Levaniettses
3399 5761 3596 5823 1000,λῆ-

2025 5845 2136 5891 bern
2145 5842 2160 5889 .'-
2169 5845 2254 5888 mit
2263 5829 2313 5898 ,—'.
2323 5841 2576 5892 .osuerant,
2596 5829 2814 5879 liberant.
