  <div class='ocr_page' id='page_1' title='image "/cluster/home/n/w/nwhite01/storage/ocr_20150623/43/hvd.32044012717385/055.png"; bbox 0 0 4054 6466; ppageno 0'>
   <div class='ocr_carea' id='block_1_1' title="bbox 515 374 2938 493">
    <p class='ocr_par' dir='ltr' id='par_1_1' title="bbox 515 374 2938 493">
     <span class='ocr_line' id='line_1_1' title="bbox 515 374 2938 493; baseline -0.01 -8"><span class='ocrx_word' id='word_1_1' title='bbox 515 402 580 493; x_wconf 63' lang='grc' dir='ltr'><strong>μὲ,</strong></span> <span class='ocrx_word' id='word_1_2' title='bbox 1267 421 1534 481; x_wconf 60' lang='lat' dir='ltr'><strong>comas</strong></span> <span class='ocrx_word' id='word_1_3' title='bbox 1575 407 1954 474; x_wconf 77' lang='lat' dir='ltr'><strong>EPlS&#39;fOLAlll</strong></span> <span class='ocrx_word' id='word_1_4' title='bbox 1989 374 2431 472; x_wconf 66' lang='lat' dir='ltr'><strong>mansuram,</strong></span> <span class='ocrx_word' id='word_1_5' title='bbox 2473 406 2529 462; x_wconf 91' lang='lat' dir='ltr'><strong>s.</strong></span> <span class='ocrx_word' id='word_1_6' title='bbox 2574 404 2938 464; x_wconf 79' lang='lat' dir='ltr'><strong>AUGUSTINI</strong></span> 
     </span>
    </p>
   </div>
   <div class='ocr_carea' id='block_1_2' title="bbox 516 526 2098 617">
    <p class='ocr_par' dir='ltr' id='par_1_2' title="bbox 516 526 2098 617">
     <span class='ocr_line' id='line_1_2' title="bbox 516 526 2098 617; baseline -0.019 -10"><span class='ocrx_word' id='word_1_7' title='bbox 516 547 738 617; x_wconf 67' lang='lat' dir='ltr'><strong>Quando</strong></span> <span class='ocrx_word' id='word_1_8' title='bbox 784 548 888 604; x_wconf 88' lang='lat' dir='ltr'><strong>ista</strong></span> <span class='ocrx_word' id='word_1_9' title='bbox 913 544 1233 601; x_wconf 75' lang='lat' dir='ltr'><strong>faciebamus</strong></span> <span class='ocrx_word' id='word_1_10' title='bbox 1258 582 1271 601; x_wconf 85' lang='lat'><em>.</em></span> <span class='ocrx_word' id='word_1_11' title='bbox 1300 536 1533 593; x_wconf 90' lang='lat' dir='ltr'><strong>nondum</strong></span> <span class='ocrx_word' id='word_1_12' title='bbox 1559 530 1837 605; x_wconf 85' lang='lat' dir='ltr'><strong>Bagaicnsi</strong></span> <span class='ocrx_word' id='word_1_13' title='bbox 1866 526 2098 585; x_wconf 85' lang='lat' dir='ltr'><strong>concilio</strong></span> 
     </span>
    </p>
   </div>
   <div class='ocr_carea' id='block_1_3' title="bbox 518 627 2100 698">
    <p class='ocr_par' dir='ltr' id='par_1_3' title="bbox 518 627 2100 698">
     <span class='ocr_line' id='line_1_3' title="bbox 518 627 2100 698; baseline -0.016 0"><span class='ocrx_word' id='word_1_14' title='bbox 518 652 688 698; x_wconf 92' lang='lat' dir='ltr'><strong>totum</strong></span> <span class='ocrx_word' id='word_1_15' title='bbox 733 638 918 697; x_wconf 86' lang='lat' dir='ltr'><strong>orbem</strong></span> <span class='ocrx_word' id='word_1_16' title='bbox 950 645 1203 692; x_wconf 85' lang='lat' dir='ltr'><strong>terrarum</strong></span> <span class='ocrx_word' id='word_1_17' title='bbox 1233 629 1675 685; x_wconf 86' lang='lat' dir='ltr'><strong>damnaveramns</strong></span> <span class='ocrx_word' id='word_1_18' title='bbox 1706 642 1719 678; x_wconf 86' lang='lat'><strong>:</strong></span> <span class='ocrx_word' id='word_1_19' title='bbox 1745 636 1886 677; x_wconf 92' lang='lat' dir='ltr'><strong>nunc</strong></span> <span class='ocrx_word' id='word_1_20' title='bbox 1924 627 2100 673; x_wconf 85' lang='lat' dir='ltr'><strong>autem</strong></span> 
     </span>
    </p>
   </div>
   <div class='ocr_carea' id='block_1_4' title="bbox 519 708 2107 802">
    <p class='ocr_par' dir='ltr' id='par_1_4' title="bbox 519 708 2107 802">
     <span class='ocr_line' id='line_1_4' title="bbox 519 708 2107 802; baseline -0.016 -14"><span class='ocrx_word' id='word_1_21' title='bbox 519 729 690 802; x_wconf 83' lang='lat' dir='ltr'><strong>rogati</strong></span> <span class='ocrx_word' id='word_1_22' title='bbox 720 723 1136 785; x_wconf 73' lang='lat' dir='ltr'><strong>misericorditer</strong></span> <span class='ocrx_word' id='word_1_23' title='bbox 1159 718 1523 793; x_wconf 81' lang='lat' dir='ltr'><strong>concessimus</strong></span> <span class='ocrx_word' id='word_1_24' title='bbox 1548 757 1564 785; x_wconf 93' lang='lat'><strong>,</strong></span> <span class='ocrx_word' id='word_1_25' title='bbox 1592 722 1649 771; x_wconf 90' lang='lat' dir='ltr'><strong>ut</strong></span> <span class='ocrx_word' id='word_1_26' title='bbox 1683 729 1776 770; x_wconf 91' lang='lat' dir='ltr'><strong>eos</strong></span> <span class='ocrx_word' id='word_1_27' title='bbox 1806 711 1896 767; x_wconf 89' lang='lat' dir='ltr'><strong>tali</strong></span> <span class='ocrx_word' id='word_1_28' title='bbox 1925 708 2107 802; x_wconf 85' lang='lat' dir='ltr'><strong>conci-</strong></span> 
     </span>
    </p>
   </div>
   <div class='ocr_carea' id='block_1_5' title="bbox 520 801 2104 886">
    <p class='ocr_par' dir='ltr' id='par_1_5' title="bbox 520 801 2104 886">
     <span class='ocr_line' id='line_1_5' title="bbox 520 801 2104 886; baseline -0.016 -7"><span class='ocrx_word' id='word_1_29' title='bbox 520 801 994 879; x_wconf 17' lang='lat' dir='ltr'><strong>lioidamnaremus</strong></span> <span class='ocrx_word' id='word_1_30' title='bbox 1017 858 1033 884; x_wconf 91' lang='lat'><strong>,</strong></span> <span class='ocrx_word' id='word_1_31' title='bbox 1061 813 1201 886; x_wconf 84' lang='lat' dir='ltr'><strong>quali</strong></span> <span class='ocrx_word' id='word_1_32' title='bbox 1241 809 1656 868; x_wconf 69' lang='lat' dir='ltr'><strong>Maximianistas</strong></span> <span class='ocrx_word' id='word_1_33' title='bbox 1695 801 2064 860; x_wconf 81' lang='lat' dir='ltr'><strong>damnavimus</strong></span> <span class='ocrx_word' id='word_1_34' title='bbox 2089 843 2104 867; x_wconf 93' lang='lat'><strong>,</strong></span> 
     </span>
    </p>
   </div>
   <div class='ocr_carea' id='block_1_6' title="bbox 521 895 2108 984">
    <p class='ocr_par' dir='ltr' id='par_1_6' title="bbox 521 895 2108 984">
     <span class='ocr_line' id='line_1_6' title="bbox 521 895 2108 984; baseline -0.015 -14"><span class='ocrx_word' id='word_1_35' title='bbox 521 928 749 984; x_wconf 90' lang='lat' dir='ltr'><strong>quorum</strong></span> <span class='ocrx_word' id='word_1_36' title='bbox 775 910 1103 984; x_wconf 89' lang='lat' dir='ltr'><strong>Baptismum</strong></span> <span class='ocrx_word' id='word_1_37' title='bbox 1154 919 1259 958; x_wconf 92' lang='lat' dir='ltr'><strong>non</strong></span> <span class='ocrx_word' id='word_1_38' title='bbox 1300 901 1610 973; x_wconf 77' lang='lat' dir='ltr'><strong>repetimus.</strong></span> <span class='ocrx_word' id='word_1_39' title='bbox 1646 895 1786 966; x_wconf 86' lang='lat' dir='ltr'><strong>Quid</strong></span> <span class='ocrx_word' id='word_1_40' title='bbox 1820 909 1948 965; x_wconf 89' lang='lat' dir='ltr'><strong>ergo</strong></span> <span class='ocrx_word' id='word_1_41' title='bbox 1991 908 2108 947; x_wconf 89' lang='lat' dir='ltr'><strong>ma-</strong></span> 
     </span>
    </p>
   </div>
   <div class='ocr_carea' id='block_1_7' title="bbox 522 985 2114 1076">
    <p class='ocr_par' dir='ltr' id='par_1_7' title="bbox 522 985 2114 1076">
     <span class='ocr_line' id='line_1_7' title="bbox 522 985 2114 1076; baseline -0.013 -17"><span class='ocrx_word' id='word_1_42' title='bbox 522 1019 685 1076; x_wconf 84' lang='lat' dir='ltr'><strong>gnum</strong></span> <span class='ocrx_word' id='word_1_43' title='bbox 709 1009 792 1057; x_wconf 90' lang='lat' dir='ltr'><strong>est</strong></span> <span class='ocrx_word' id='word_1_44' title='bbox 824 1042 839 1067; x_wconf 89' lang='lat'><strong>,</strong></span> <span class='ocrx_word' id='word_1_45' title='bbox 866 998 991 1070; x_wconf 90' lang='lat' dir='ltr'><strong>quid</strong></span> <span class='ocrx_word' id='word_1_46' title='bbox 1018 995 1236 1052; x_wconf 81' lang='lat' dir='ltr'><strong>difficile</strong></span> <span class='ocrx_word' id='word_1_47' title='bbox 1266 1036 1279 1061; x_wconf 90' lang='lat'><strong>,</strong></span> <span class='ocrx_word' id='word_1_48' title='bbox 1308 1001 1565 1065; x_wconf 66' lang='lat' dir='ltr'><strong>praestare</strong></span> <span class='ocrx_word' id='word_1_49' title='bbox 1591 988 1838 1044; x_wconf 91' lang='lat' dir='ltr'><strong>omnibus</strong></span> <span class='ocrx_word' id='word_1_50' title='bbox 1866 985 2114 1059; x_wconf 77' lang='lat' dir='ltr'><strong>gentibus</strong></span> 
     </span>
    </p>
   </div>
   <div class='ocr_carea' id='block_1_8' title="bbox 520 1077 2113 1163">
    <p class='ocr_par' dir='ltr' id='par_1_8' title="bbox 520 1077 2113 1163">
     <span class='ocr_line' id='line_1_8' title="bbox 520 1077 2113 1163; baseline -0.012 -13"><span class='ocrx_word' id='word_1_51' title='bbox 520 1090 723 1150; x_wconf 83' lang='lat' dir='ltr'><strong>tantam</strong></span> <span class='ocrx_word' id='word_1_52' title='bbox 774 1090 1132 1163; x_wconf 77' lang='lat' dir='ltr'><strong>dignationem</strong></span> <span class='ocrx_word' id='word_1_53' title='bbox 1176 1083 1570 1143; x_wconf 71' lang='lat' dir='ltr'><strong>damnationis‘</strong></span> <span class='ocrx_word' id='word_1_54' title='bbox 1597 1083 1623 1137; x_wconf 85' lang='lat'><strong>?</strong></span> <span class='ocrx_word' id='word_1_55' title='bbox 1670 1083 1750 1138; x_wconf 83' lang='lat' dir='ltr'><strong>An</strong></span> <span class='ocrx_word' id='word_1_56' title='bbox 1791 1081 1985 1136; x_wconf 90' lang='lat' dir='ltr'><strong>iterare</strong></span> <span class='ocrx_word' id='word_1_57' title='bbox 2023 1077 2113 1132; x_wconf 81' lang='lat' dir='ltr'><strong>lia-</strong></span> 
     </span>
    </p>
   </div>
   <div class='ocr_carea' id='block_1_9' title="bbox 526 1169 2116 1256">
    <p class='ocr_par' dir='ltr' id='par_1_9' title="bbox 526 1169 2116 1256">
     <span class='ocr_line' id='line_1_9' title="bbox 526 1169 2116 1256; baseline -0.011 -16"><span class='ocrx_word' id='word_1_58' title='bbox 526 1185 779 1256; x_wconf 88' lang='lat' dir='ltr'><strong>ptisnmm</strong></span> <span class='ocrx_word' id='word_1_59' title='bbox 804 1181 947 1238; x_wconf 82' lang='lat' dir='ltr'><strong>orbis</strong></span> <span class='ocrx_word' id='word_1_60' title='bbox 978 1188 1239 1236; x_wconf 90' lang='lat' dir='ltr'><strong>terrarum</strong></span> <span class='ocrx_word' id='word_1_61' title='bbox 1260 1177 1406 1242; x_wconf 89' lang='lat' dir='ltr'><strong>licet,</strong></span> <span class='ocrx_word' id='word_1_62' title='bbox 1429 1183 1484 1231; x_wconf 93' lang='lat' dir='ltr'><strong>et</strong></span> <span class='ocrx_word' id='word_1_63' title='bbox 1505 1175 1697 1231; x_wconf 86' lang='lat' dir='ltr'><strong>iterare</strong></span> <span class='ocrx_word' id='word_1_64' title='bbox 1717 1169 2116 1226; x_wconf 84' lang='lat' dir='ltr'><strong>damnationem</strong></span> 
     </span>
    </p>
   </div>
   <div class='ocr_carea' id='block_1_10' title="bbox 526 1260 2114 1332">
    <p class='ocr_par' dir='ltr' id='par_1_10' title="bbox 526 1260 2114 1332">
     <span class='ocr_line' id='line_1_10' title="bbox 526 1260 2114 1332; baseline -0.011 0"><span class='ocrx_word' id='word_1_65' title='bbox 526 1274 673 1332; x_wconf 85' lang='lat' dir='ltr'><strong>orbis</strong></span> <span class='ocrx_word' id='word_1_66' title='bbox 716 1284 974 1329; x_wconf 79' lang='lat' dir='ltr'><strong>terrarum</strong></span> <span class='ocrx_word' id='word_1_67' title='bbox 1024 1287 1130 1326; x_wconf 91' lang='lat' dir='ltr'><strong>non</strong></span> <span class='ocrx_word' id='word_1_68' title='bbox 1159 1268 1332 1325; x_wconf 85' lang='lat' dir='ltr'><strong>licet?</strong></span> <span class='ocrx_word' id='word_1_69' title='bbox 1360 1266 1533 1322; x_wconf 87' lang='lat' dir='ltr'><strong>Etiam</strong></span> <span class='ocrx_word' id='word_1_70' title='bbox 1581 1264 1707 1319; x_wconf 89' lang='lat' dir='ltr'><strong>hinc</strong></span> <span class='ocrx_word' id='word_1_71' title='bbox 1752 1260 1927 1318; x_wconf 91' lang='lat' dir='ltr'><strong>securi</strong></span> <span class='ocrx_word' id='word_1_72' title='bbox 1970 1263 2114 1326; x_wconf 89' lang='lat' dir='ltr'><strong>sint,</strong></span> 
     </span>
    </p>
   </div>
   <div class='ocr_carea' id='block_1_11' title="bbox 527 1354 2119 1435">
    <p class='ocr_par' dir='ltr' id='par_1_11' title="bbox 527 1354 2119 1435">
     <span class='ocr_line' id='line_1_11' title="bbox 527 1354 2119 1435; baseline -0.009 -11"><span class='ocrx_word' id='word_1_73' title='bbox 527 1384 636 1424; x_wconf 89' lang='lat' dir='ltr'><strong>non</strong></span> <span class='ocrx_word' id='word_1_74' title='bbox 662 1366 996 1423; x_wconf 81' lang='lat' dir='ltr'><strong>inveniemus</strong></span> <span class='ocrx_word' id='word_1_75' title='bbox 1019 1380 1125 1435; x_wconf 90' lang='lat' dir='ltr'><strong>quo</strong></span> <span class='ocrx_word' id='word_1_76' title='bbox 1150 1361 1375 1418; x_wconf 88' lang='lat' dir='ltr'><strong>concilio</strong></span> <span class='ocrx_word' id='word_1_77' title='bbox 1397 1368 1473 1416; x_wconf 92' lang='lat' dir='ltr'><strong>tot</strong></span> <span class='ocrx_word' id='word_1_78' title='bbox 1499 1367 1690 1432; x_wconf 80' lang='lat' dir='ltr'><strong>gentes</strong></span> <span class='ocrx_word' id='word_1_79' title='bbox 1715 1354 2119 1427; x_wconf 84' lang='lat' dir='ltr'><strong>provinciasque</strong></span> 
     </span>
    </p>
   </div>
   <div class='ocr_carea' id='block_1_12' title="bbox 534 1450 2119 1529">
    <p class='ocr_par' dir='ltr' id='par_1_12' title="bbox 534 1450 2119 1529">
     <span class='ocr_line' id='line_1_12' title="bbox 534 1450 2119 1529; baseline -0.008 -12"><span class='ocrx_word' id='word_1_80' title='bbox 534 1460 925 1518; x_wconf 85' lang='lat' dir='ltr'><strong>damnaverint.</strong></span> <span class='ocrx_word' id='word_1_81' title='bbox 956 1457 1225 1528; x_wconf 85' lang='lat' dir='ltr'><strong>Quosdam</strong></span> <span class='ocrx_word' id='word_1_82' title='bbox 1264 1470 1464 1529; x_wconf 89' lang='lat' dir='ltr'><strong>paucos</strong></span> <span class='ocrx_word' id='word_1_83' title='bbox 1515 1454 1568 1509; x_wconf 92' lang='lat' dir='ltr'><strong>in</strong></span> <span class='ocrx_word' id='word_1_84' title='bbox 1616 1452 1792 1509; x_wconf 86' lang='lat' dir='ltr'><strong>Africa</strong></span> <span class='ocrx_word' id='word_1_85' title='bbox 1829 1450 2119 1507; x_wconf 84' lang='lat' dir='ltr'><strong>damnave-</strong></span> 
     </span>
    </p>
   </div>
   <div class='ocr_carea' id='block_1_13' title="bbox 530 1537 2119 1621">
    <p class='ocr_par' dir='ltr' id='par_1_13' title="bbox 530 1537 2119 1621">
     <span class='ocr_line' id='line_1_13' title="bbox 530 1537 2119 1621; baseline -0.008 -14"><span class='ocrx_word' id='word_1_86' title='bbox 530 1561 662 1607; x_wconf 89' lang='lat' dir='ltr'><strong>runt</strong></span> <span class='ocrx_word' id='word_1_87' title='bbox 680 1594 695 1617; x_wconf 93' lang='lat'><strong>,</strong></span> <span class='ocrx_word' id='word_1_88' title='bbox 727 1567 755 1605; x_wconf 88' lang='lat' dir='ltr'><strong>a</strong></span> <span class='ocrx_word' id='word_1_89' title='bbox 784 1551 975 1621; x_wconf 87' lang='lat' dir='ltr'><strong>quibus</strong></span> <span class='ocrx_word' id='word_1_90' title='bbox 1001 1548 1163 1604; x_wconf 86' lang='lat' dir='ltr'><strong>totius</strong></span> <span class='ocrx_word' id='word_1_91' title='bbox 1190 1548 1335 1602; x_wconf 89' lang='lat' dir='ltr'><strong>orbis</strong></span> <span class='ocrx_word' id='word_1_92' title='bbox 1373 1544 1570 1617; x_wconf 81' lang='lat' dir='ltr'><strong>judicio</strong></span> <span class='ocrx_word' id='word_1_93' title='bbox 1594 1542 1830 1614; x_wconf 84' lang='lat' dir='ltr'><strong>superati</strong></span> <span class='ocrx_word' id='word_1_94' title='bbox 1857 1552 1981 1596; x_wconf 90' lang='lat' dir='ltr'><strong>sunt</strong></span> <span class='ocrx_word' id='word_1_95' title='bbox 2009 1537 2119 1614; x_wconf 89' lang='lat' dir='ltr'><strong>(a);</strong></span> 
     </span>
    </p>
   </div>
   <div class='ocr_carea' id='block_1_14' title="bbox 533 1633 2125 1711">
    <p class='ocr_par' dir='ltr' id='par_1_14' title="bbox 533 1633 2125 1711">
     <span class='ocr_line' id='line_1_14' title="bbox 533 1633 2125 1711; baseline -0.008 -13"><span class='ocrx_word' id='word_1_96' title='bbox 533 1642 633 1698; x_wconf 72' lang='lat' dir='ltr'><strong>nec</strong></span> <span class='ocrx_word' id='word_1_97' title='bbox 661 1643 776 1697; x_wconf 89' lang='lat' dir='ltr'><strong>ausi</strong></span> <span class='ocrx_word' id='word_1_98' title='bbox 823 1648 947 1697; x_wconf 90' lang='lat' dir='ltr'><strong>sunt</strong></span> <span class='ocrx_word' id='word_1_99' title='bbox 974 1650 1159 1711; x_wconf 90' lang='lat' dir='ltr'><strong>postea</strong></span> <span class='ocrx_word' id='word_1_100' title='bbox 1185 1639 1438 1695; x_wconf 87' lang='lat' dir='ltr'><strong>damnare</strong></span> <span class='ocrx_word' id='word_1_101' title='bbox 1470 1634 1675 1707; x_wconf 78' lang='lat' dir='ltr'><strong>judiccs</strong></span> <span class='ocrx_word' id='word_1_102' title='bbox 1698 1633 1835 1704; x_wconf 92' lang='lat' dir='ltr'><strong>apud</strong></span> <span class='ocrx_word' id='word_1_103' title='bbox 1865 1647 1999 1705; x_wconf 91' lang='lat' dir='ltr'><strong>quos</strong></span> <span class='ocrx_word' id='word_1_104' title='bbox 2029 1647 2125 1687; x_wconf 90' lang='lat' dir='ltr'><strong>su-</strong></span> 
     </span>
    </p>
   </div>
   <div class='ocr_carea' id='block_1_15' title="bbox 534 1724 2125 1804">
    <p class='ocr_par' dir='ltr' id='par_1_15' title="bbox 534 1724 2125 1804">
     <span class='ocr_line' id='line_1_15' title="bbox 534 1724 2125 1804; baseline -0.008 -14"><span class='ocrx_word' id='word_1_105' title='bbox 534 1735 704 1804; x_wconf 88' lang='lat' dir='ltr'><strong>perati</strong></span> <span class='ocrx_word' id='word_1_106' title='bbox 742 1741 868 1789; x_wconf 91' lang='lat' dir='ltr'><strong>sunt</strong></span> <span class='ocrx_word' id='word_1_107' title='bbox 901 1748 915 1786; x_wconf 90' lang='lat'><strong>:</strong></span> <span class='ocrx_word' id='word_1_108' title='bbox 945 1730 1070 1803; x_wconf 93' lang='lat' dir='ltr'><strong>quid</strong></span> <span class='ocrx_word' id='word_1_109' title='bbox 1118 1731 1258 1787; x_wconf 91' lang='lat' dir='ltr'><strong>enim</strong></span> <span class='ocrx_word' id='word_1_110' title='bbox 1286 1739 1429 1785; x_wconf 89' lang='lat' dir='ltr'><strong>esset</strong></span> <span class='ocrx_word' id='word_1_111' title='bbox 1455 1726 1853 1804; x_wconf 88' lang='lat' dir='ltr'><strong>impudentius?</strong></span> <span class='ocrx_word' id='word_1_112' title='bbox 1872 1724 1997 1795; x_wconf 92' lang='lat' dir='ltr'><strong>quid</strong></span> <span class='ocrx_word' id='word_1_113' title='bbox 2039 1724 2125 1778; x_wconf 90' lang='lat' dir='ltr'><strong>in-</strong></span> 
     </span>
    </p>
   </div>
   <div class='ocr_carea' id='block_1_16' title="bbox 536 1801 2126 1889">
    <p class='ocr_par' dir='ltr' id='par_1_16' title="bbox 536 1801 2126 1889">
     <span class='ocr_line' id='line_1_16' title="bbox 536 1801 2126 1889; baseline -0.005 -11"><span class='ocrx_word' id='word_1_114' title='bbox 536 1801 756 1878; x_wconf 82' lang='lat' dir='ltr'><strong>sanius?</strong></span> <span class='ocrx_word' id='word_1_115' title='bbox 783 1801 1161 1877; x_wconf 43' lang='lat' dir='ltr'><strong>Multo—minus</strong></span> <span class='ocrx_word' id='word_1_116' title='bbox 1213 1801 1472 1875; x_wconf 82' lang='lat' dir='ltr'><strong>damnare</strong></span> <span class='ocrx_word' id='word_1_117' title='bbox 1525 1824 1810 1889; x_wconf 90' lang='lat' dir='ltr'><strong>potuerunt</strong></span> <span class='ocrx_word' id='word_1_118' title='bbox 1865 1816 2023 1871; x_wconf 89' lang='lat' dir='ltr'><strong>etiam</strong></span> <span class='ocrx_word' id='word_1_119' title='bbox 2073 1813 2126 1870; x_wconf 92' lang='lat' dir='ltr'><strong>in</strong></span> 
     </span>
    </p>
   </div>
   <div class='ocr_carea' id='block_1_17' title="bbox 537 1906 2127 1983">
    <p class='ocr_par' dir='ltr' id='par_1_17' title="bbox 537 1906 2127 1983">
     <span class='ocr_line' id='line_1_17' title="bbox 537 1906 2127 1983; baseline -0.004 -14"><span class='ocrx_word' id='word_1_120' title='bbox 537 1913 750 1969; x_wconf 79' lang='lat' dir='ltr'><strong>caeteris</strong></span> <span class='ocrx_word' id='word_1_121' title='bbox 809 1922 1071 1969; x_wconf 87' lang='lat' dir='ltr'><strong>terrarum</strong></span> <span class='ocrx_word' id='word_1_122' title='bbox 1125 1911 1362 1983; x_wconf 87' lang='lat' dir='ltr'><strong>partibus</strong></span> <span class='ocrx_word' id='word_1_123' title='bbox 1409 1909 1767 1978; x_wconf 87' lang='lat' dir='ltr'><strong>constitutos,</strong></span> <span class='ocrx_word' id='word_1_124' title='bbox 1820 1906 1909 1979; x_wconf 90' lang='lat' dir='ltr'><strong>qui</strong></span> <span class='ocrx_word' id='word_1_125' title='bbox 1957 1906 2127 1977; x_wconf 88' lang='lat' dir='ltr'><strong>magis</strong></span> 
     </span>
    </p>
   </div>
   <div class='ocr_carea' id='block_1_18' title="bbox 538 2000 2129 2076">
    <p class='ocr_par' dir='ltr' id='par_1_18' title="bbox 538 2000 2129 2076">
     <span class='ocr_line' id='line_1_18' title="bbox 538 2000 2129 2076; baseline -0.003 -15"><span class='ocrx_word' id='word_1_126' title='bbox 538 2005 732 2062; x_wconf 90' lang='lat' dir='ltr'><strong>talibus</strong></span> <span class='ocrx_word' id='word_1_127' title='bbox 765 2005 1035 2076; x_wconf 78' lang='lat' dir='ltr'><strong>iudicibus</strong></span> <span class='ocrx_word' id='word_1_128' title='bbox 1072 2003 1453 2062; x_wconf 89' lang='lat' dir='ltr'><strong>ecclesiasticis</strong></span> <span class='ocrx_word' id='word_1_129' title='bbox 1496 2001 1720 2058; x_wconf 88' lang='lat' dir='ltr'><strong>credere</strong></span> <span class='ocrx_word' id='word_1_130' title='bbox 1742 2043 1758 2070; x_wconf 94' lang='lat'><strong>,</strong></span> <span class='ocrx_word' id='word_1_131' title='bbox 1790 2016 1948 2073; x_wconf 88' lang='lat' dir='ltr'><strong>quam</strong></span> <span class='ocrx_word' id='word_1_132' title='bbox 1975 2000 2129 2056; x_wconf 90' lang='lat' dir='ltr'><strong>victis</strong></span> 
     </span>
    </p>
   </div>
   <div class='ocr_carea' id='block_1_19' title="bbox 538 2092 2126 2170">
    <p class='ocr_par' dir='ltr' id='par_1_19' title="bbox 538 2092 2126 2170">
     <span class='ocr_line' id='line_1_19' title="bbox 538 2092 2126 2170; baseline -0.006 -16"><span class='ocrx_word' id='word_1_133' title='bbox 538 2099 888 2170; x_wconf 80' lang='lat' dir='ltr'><strong>litigatoribus</strong></span> <span class='ocrx_word' id='word_1_134' title='bbox 927 2098 1228 2154; x_wconf 87' lang='lat' dir='ltr'><strong>voluerunt.</strong></span> <span class='ocrx_word' id='word_1_135' title='bbox 1262 2097 1331 2151; x_wconf 88' lang='lat' dir='ltr'><strong>Et</strong></span> <span class='ocrx_word' id='word_1_136' title='bbox 1381 2106 1559 2151; x_wconf 87' lang='lat' dir='ltr'><strong>tamen</strong></span> <span class='ocrx_word' id='word_1_137' title='bbox 1587 2092 2088 2149; x_wconf 78' lang='lat' dir='ltr'><strong>Maximianistarum</strong></span> <span class='ocrx_word' id='word_1_138' title='bbox 2110 2132 2126 2158; x_wconf 92' lang='lat'><strong>,</strong></span> 
     </span>
    </p>
   </div>
   <div class='ocr_carea' id='block_1_20' title="bbox 539 2183 2130 2262">
    <p class='ocr_par' dir='ltr' id='par_1_20' title="bbox 539 2183 2130 2262">
     <span class='ocr_line' id='line_1_20' title="bbox 539 2183 2130 2262; baseline -0.005 -17"><span class='ocrx_word' id='word_1_139' title='bbox 539 2206 675 2262; x_wconf 92' lang='lat' dir='ltr'><strong>quos</strong></span> <span class='ocrx_word' id='word_1_140' title='bbox 722 2189 949 2246; x_wconf 89' lang='lat' dir='ltr'><strong>trecenti</strong></span> <span class='ocrx_word' id='word_1_141' title='bbox 998 2189 1184 2244; x_wconf 89' lang='lat' dir='ltr'><strong>decem</strong></span> <span class='ocrx_word' id='word_1_142' title='bbox 1238 2188 1525 2243; x_wconf 75' lang='lat' dir='ltr'><strong>Donatista:</strong></span> <span class='ocrx_word' id='word_1_143' title='bbox 1568 2184 1850 2256; x_wconf 87' lang='lat' dir='ltr'><strong>Bagaiensi</strong></span> <span class='ocrx_word' id='word_1_144' title='bbox 1901 2183 2130 2240; x_wconf 90' lang='lat' dir='ltr'><strong>concilio</strong></span> 
     </span>
    </p>
   </div>
   <div class='ocr_carea' id='block_1_21' title="bbox 539 2273 2130 2351">
    <p class='ocr_par' dir='ltr' id='par_1_21' title="bbox 539 2273 2130 2351">
     <span class='ocr_line' id='line_1_21' title="bbox 539 2273 2130 2351; baseline -0.006 -14"><span class='ocrx_word' id='word_1_145' title='bbox 539 2281 959 2346; x_wconf 60' lang='lat' dir='ltr'><strong>damnaverunt,</strong></span> <span class='ocrx_word' id='word_1_146' title='bbox 988 2281 1286 2351; x_wconf 87' lang='lat' dir='ltr'><strong>Baptismus</strong></span> <span class='ocrx_word' id='word_1_147' title='bbox 1306 2277 1611 2349; x_wconf 81' lang='lat' dir='ltr'><strong>agnoscitur</strong></span> <span class='ocrx_word' id='word_1_148' title='bbox 1631 2317 1646 2339; x_wconf 89' lang='lat'><strong>,</strong></span> <span class='ocrx_word' id='word_1_149' title='bbox 1675 2283 1983 2345; x_wconf 87' lang='lat' dir='ltr'><strong>acceptatur</strong></span> <span class='ocrx_word' id='word_1_150' title='bbox 2002 2316 2017 2339; x_wconf 92' lang='lat'><strong>,</strong></span> <span class='ocrx_word' id='word_1_151' title='bbox 2041 2273 2130 2328; x_wconf 85' lang='lat' dir='ltr'><strong>ad-</strong></span> 
     </span>
    </p>
   </div>
   <div class='ocr_carea' id='block_1_22' title="bbox 542 2365 2132 2440">
    <p class='ocr_par' dir='ltr' id='par_1_22' title="bbox 542 2365 2132 2440">
     <span class='ocr_line' id='line_1_22' title="bbox 542 2365 2132 2440; baseline -0.006 -9"><span class='ocrx_word' id='word_1_152' title='bbox 542 2376 770 2431; x_wconf 88' lang='lat' dir='ltr'><strong>mittitur</strong></span> <span class='ocrx_word' id='word_1_153' title='bbox 796 2392 810 2429; x_wconf 91' lang='lat'><strong>:</strong></span> <span class='ocrx_word' id='word_1_154' title='bbox 838 2374 984 2430; x_wconf 89' lang='lat' dir='ltr'><strong>orbis</strong></span> <span class='ocrx_word' id='word_1_155' title='bbox 1010 2383 1189 2429; x_wconf 88' lang='lat' dir='ltr'><strong>autem</strong></span> <span class='ocrx_word' id='word_1_156' title='bbox 1215 2384 1476 2429; x_wconf 89' lang='lat' dir='ltr'><strong>terrarum</strong></span> <span class='ocrx_word' id='word_1_157' title='bbox 1498 2411 1513 2434; x_wconf 92' lang='lat'><strong>,</strong></span> <span class='ocrx_word' id='word_1_158' title='bbox 1549 2384 1641 2440; x_wconf 89' lang='lat' dir='ltr'><strong>per</strong></span> <span class='ocrx_word' id='word_1_159' title='bbox 1666 2382 1824 2438; x_wconf 89' lang='lat' dir='ltr'><strong>quem</strong></span> <span class='ocrx_word' id='word_1_160' title='bbox 1850 2365 2132 2421; x_wconf 63' lang='lat' dir='ltr'><strong>liazreditas</strong></span> 
     </span>
    </p>
   </div>
   <div class='ocr_carea' id='block_1_23' title="bbox 542 2456 2133 2533">
    <p class='ocr_par' dir='ltr' id='par_1_23' title="bbox 542 2456 2133 2533">
     <span class='ocr_line' id='line_1_23' title="bbox 542 2456 2133 2533; baseline -0.006 -12"><span class='ocrx_word' id='word_1_161' title='bbox 542 2465 740 2521; x_wconf 91' lang='lat' dir='ltr'><strong>Christi</strong></span> <span class='ocrx_word' id='word_1_162' title='bbox 767 2466 845 2522; x_wconf 91' lang='lat' dir='ltr'><strong>sic</strong></span> <span class='ocrx_word' id='word_1_163' title='bbox 873 2464 1107 2521; x_wconf 84' lang='lat' dir='ltr'><strong>exhibita</strong></span> <span class='ocrx_word' id='word_1_164' title='bbox 1138 2473 1220 2519; x_wconf 91' lang='lat' dir='ltr'><strong>est</strong></span> <span class='ocrx_word' id='word_1_165' title='bbox 1248 2471 1306 2517; x_wconf 92' lang='lat' dir='ltr'><strong>ut</strong></span> <span class='ocrx_word' id='word_1_166' title='bbox 1327 2462 1585 2533; x_wconf 89' lang='lat' dir='ltr'><strong>promissa</strong></span> <span class='ocrx_word' id='word_1_167' title='bbox 1614 2469 1716 2526; x_wconf 77' lang='lat' dir='ltr'><strong>est,</strong></span> <span class='ocrx_word' id='word_1_168' title='bbox 1747 2459 1798 2514; x_wconf 93' lang='lat' dir='ltr'><strong>in</strong></span> <span class='ocrx_word' id='word_1_169' title='bbox 1830 2473 1932 2529; x_wconf 89' lang='lat' dir='ltr'><strong>qua</strong></span> <span class='ocrx_word' id='word_1_170' title='bbox 1954 2467 2008 2513; x_wconf 91' lang='lat' dir='ltr'><strong>et</strong></span> <span class='ocrx_word' id='word_1_171' title='bbox 2032 2456 2133 2528; x_wconf 87' lang='lat' dir='ltr'><strong>ipsi</strong></span> 
     </span>
    </p>
   </div>
   <div class='ocr_carea' id='block_1_24' title="bbox 542 2549 2134 2628">
    <p class='ocr_par' dir='ltr' id='par_1_24' title="bbox 542 2549 2134 2628">
     <span class='ocr_line' id='line_1_24' title="bbox 542 2549 2134 2628; baseline -0.004 -17"><span class='ocrx_word' id='word_1_172' title='bbox 542 2565 665 2613; x_wconf 91' lang='lat' dir='ltr'><strong>ante</strong></span> <span class='ocrx_word' id='word_1_173' title='bbox 691 2572 888 2628; x_wconf 88' lang='lat' dir='ltr'><strong>paucos</strong></span> <span class='ocrx_word' id='word_1_174' title='bbox 914 2571 1084 2611; x_wconf 90' lang='lat' dir='ltr'><strong>annos</strong></span> <span class='ocrx_word' id='word_1_175' title='bbox 1113 2554 1345 2618; x_wconf 87' lang='lat' dir='ltr'><strong>fuerunt.</strong></span> <span class='ocrx_word' id='word_1_176' title='bbox 1372 2569 1531 2624; x_wconf 87' lang='lat' dir='ltr'><strong>quem</strong></span> <span class='ocrx_word' id='word_1_177' title='bbox 1562 2552 1709 2607; x_wconf 91' lang='lat' dir='ltr'><strong>nullo</strong></span> <span class='ocrx_word' id='word_1_178' title='bbox 1729 2549 1850 2621; x_wconf 88' lang='lat' dir='ltr'><strong>jurc</strong></span> <span class='ocrx_word' id='word_1_179' title='bbox 1875 2549 2134 2605; x_wconf 87' lang='lat' dir='ltr'><strong>damnare</strong></span> 
     </span>
    </p>
   </div>
   <div class='ocr_carea' id='block_1_25' title="bbox 541 2642 2132 2722">
    <p class='ocr_par' dir='ltr' id='par_1_25' title="bbox 541 2642 2132 2722">
     <span class='ocr_line' id='line_1_25' title="bbox 541 2642 2132 2722; baseline -0.005 -18"><span class='ocrx_word' id='word_1_180' title='bbox 541 2657 848 2719; x_wconf 90' lang='lat' dir='ltr'><strong>potuerunt,</strong></span> <span class='ocrx_word' id='word_1_181' title='bbox 871 2658 926 2705; x_wconf 91' lang='lat' dir='ltr'><strong>et</strong></span> <span class='ocrx_word' id='word_1_182' title='bbox 952 2649 1096 2704; x_wconf 91' lang='lat' dir='ltr'><strong>nulla</strong></span> <span class='ocrx_word' id='word_1_183' title='bbox 1124 2648 1316 2704; x_wconf 89' lang='lat' dir='ltr'><strong>saltem</strong></span> <span class='ocrx_word' id='word_1_184' title='bbox 1346 2646 1557 2722; x_wconf 74' lang='lat' dir='ltr'><strong>concilii</strong></span> <span class='ocrx_word' id='word_1_185' title='bbox 1589 2644 1941 2715; x_wconf 77' lang='lat' dir='ltr'><strong>perversitate</strong></span> <span class='ocrx_word' id='word_1_186' title='bbox 1978 2642 2132 2699; x_wconf 84' lang='lat' dir='ltr'><strong>dam-</strong></span> 
     </span>
    </p>
   </div>
   <div class='ocr_carea' id='block_1_26' title="bbox 541 2737 2132 2813">
    <p class='ocr_par' dir='ltr' id='par_1_26' title="bbox 541 2737 2132 2813">
     <span class='ocr_line' id='line_1_26' title="bbox 541 2737 2132 2813; baseline -0.004 -17"><span class='ocrx_word' id='word_1_187' title='bbox 541 2750 755 2807; x_wconf 88' lang='lat' dir='ltr'><strong>narunt,</strong></span> <span class='ocrx_word' id='word_1_188' title='bbox 784 2742 1085 2813; x_wconf 87' lang='lat' dir='ltr'><strong>Baptismus</strong></span> <span class='ocrx_word' id='word_1_189' title='bbox 1117 2741 1470 2812; x_wconf 87' lang='lat' dir='ltr'><strong>improbatur,</strong></span> <span class='ocrx_word' id='word_1_190' title='bbox 1502 2737 1817 2794; x_wconf 82' lang='lat' dir='ltr'><strong>exsufﬂatur</strong></span> <span class='ocrx_word' id='word_1_191' title='bbox 1842 2776 1857 2802; x_wconf 91' lang='lat'><strong>,</strong></span> <span class='ocrx_word' id='word_1_192' title='bbox 1890 2737 2132 2791; x_wconf 87' lang='lat' dir='ltr'><strong>iteratur.</strong></span> 
     </span>
    </p>
   </div>
   <div class='ocr_carea' id='block_1_27' title="bbox 542 2827 2131 2901">
    <p class='ocr_par' dir='ltr' id='par_1_27' title="bbox 542 2827 2131 2901">
     <span class='ocr_line' id='line_1_27' title="bbox 542 2827 2131 2901; baseline -0.004 -16"><span class='ocrx_word' id='word_1_193' title='bbox 542 2831 587 2885; x_wconf 88' lang='grc'>0</span> <span class='ocrx_word' id='word_1_194' title='bbox 612 2840 794 2886; x_wconf 90' lang='lat' dir='ltr'><strong>sancta</strong></span> <span class='ocrx_word' id='word_1_195' title='bbox 823 2832 1094 2886; x_wconf 88' lang='lat' dir='ltr'><strong>damnatio</strong></span> <span class='ocrx_word' id='word_1_196' title='bbox 1120 2870 1135 2898; x_wconf 95' lang='lat'><strong>,</strong></span> <span class='ocrx_word' id='word_1_197' title='bbox 1161 2846 1318 2901; x_wconf 86' lang='lat' dir='ltr'><strong>quam</strong></span> <span class='ocrx_word' id='word_1_198' title='bbox 1351 2827 1754 2883; x_wconf 73' lang='lat' dir='ltr'><strong>Maximianistre</strong></span> <span class='ocrx_word' id='word_1_199' title='bbox 1783 2834 2092 2881; x_wconf 89' lang='lat' dir='ltr'><strong>meruerunt</strong></span> <span class='ocrx_word' id='word_1_200' title='bbox 2116 2842 2131 2891; x_wconf 89' lang='lat'><strong>;</strong></span> 
     </span>
    </p>
   </div>
   <div class='ocr_carea' id='block_1_28' title="bbox 543 2916 2136 2991">
    <p class='ocr_par' dir='ltr' id='par_1_28' title="bbox 543 2916 2136 2991">
     <span class='ocr_line' id='line_1_28' title="bbox 543 2916 2136 2991; baseline -0.005 -13"><span class='ocrx_word' id='word_1_201' title='bbox 543 2931 600 2978; x_wconf 88' lang='lat' dir='ltr'><strong>et</strong></span> <span class='ocrx_word' id='word_1_202' title='bbox 624 2921 889 2979; x_wconf 87' lang='lat' dir='ltr'><strong>laboriosa</strong></span> <span class='ocrx_word' id='word_1_203' title='bbox 919 2920 1223 2977; x_wconf 88' lang='lat' dir='ltr'><strong>innocentia</strong></span> <span class='ocrx_word' id='word_1_204' title='bbox 1251 2920 1486 2991; x_wconf 88' lang='lat' dir='ltr'><strong>gentium</strong></span> <span class='ocrx_word' id='word_1_205' title='bbox 1512 2961 1528 2987; x_wconf 95' lang='lat'><strong>,</strong></span> <span class='ocrx_word' id='word_1_206' title='bbox 1554 2934 1673 2990; x_wconf 64' lang='lat' dir='ltr'><strong>qua:</strong></span> <span class='ocrx_word' id='word_1_207' title='bbox 1702 2916 1842 2988; x_wconf 90' lang='lat' dir='ltr'><strong>apud</strong></span> <span class='ocrx_word' id='word_1_208' title='bbox 1871 2917 1986 2972; x_wconf 90' lang='lat' dir='ltr'><strong>illos</strong></span> <span class='ocrx_word' id='word_1_209' title='bbox 2017 2931 2136 2987; x_wconf 87' lang='lat' dir='ltr'><strong>pro-</strong></span> 
     </span>
    </p>
   </div>
   <div class='ocr_carea' id='block_1_29' title="bbox 546 3008 2137 3085">
    <p class='ocr_par' dir='ltr' id='par_1_29' title="bbox 546 3008 2137 3085">
     <span class='ocr_line' id='line_1_29' title="bbox 546 3008 2137 3085; baseline -0.005 -16"><span class='ocrx_word' id='word_1_210' title='bbox 546 3023 730 3085; x_wconf 89' lang='lat' dir='ltr'><strong>pterea</strong></span> <span class='ocrx_word' id='word_1_211' title='bbox 750 3014 1099 3070; x_wconf 83' lang='lat' dir='ltr'><strong>christianum</strong></span> <span class='ocrx_word' id='word_1_212' title='bbox 1127 3028 1318 3068; x_wconf 89' lang='lat' dir='ltr'><strong>nomen</strong></span> <span class='ocrx_word' id='word_1_213' title='bbox 1345 3010 1522 3067; x_wconf 87' lang='lat' dir='ltr'><strong>amisit</strong></span> <span class='ocrx_word' id='word_1_214' title='bbox 1554 3050 1568 3075; x_wconf 91' lang='lat'><strong>,</strong></span> <span class='ocrx_word' id='word_1_215' title='bbox 1590 3009 1714 3081; x_wconf 89' lang='lat' dir='ltr'><strong>quia</strong></span> <span class='ocrx_word' id='word_1_216' title='bbox 1735 3010 1895 3064; x_wconf 85' lang='lat' dir='ltr'><strong>talem</strong></span> <span class='ocrx_word' id='word_1_217' title='bbox 1917 3008 2137 3064; x_wconf 89' lang='lat' dir='ltr'><strong>damna-</strong></span> 
     </span>
    </p>
   </div>
   <div class='ocr_carea' id='block_1_30' title="bbox 546 3102 1541 3175">
    <p class='ocr_par' dir='ltr' id='par_1_30' title="bbox 546 3102 1541 3175">
     <span class='ocr_line' id='line_1_30' title="bbox 546 3102 1541 3175; baseline -0.003 -14"><span class='ocrx_word' id='word_1_218' title='bbox 546 3106 707 3161; x_wconf 90' lang='lat' dir='ltr'><strong>tionis</strong></span> <span class='ocrx_word' id='word_1_219' title='bbox 730 3105 908 3164; x_wconf 86' lang='lat' dir='ltr'><strong>locum</strong></span> <span class='ocrx_word' id='word_1_220' title='bbox 938 3104 1178 3160; x_wconf 87' lang='lat' dir='ltr'><strong>invenire</strong></span> <span class='ocrx_word' id='word_1_221' title='bbox 1204 3119 1308 3158; x_wconf 92' lang='lat' dir='ltr'><strong>non</strong></span> <span class='ocrx_word' id='word_1_222' title='bbox 1340 3102 1541 3175; x_wconf 88' lang='lat' dir='ltr'><strong>potuit!</strong></span> 
     </span>
    </p>
   </div>
   <div class='ocr_carea' id='block_1_31' title="bbox 614 3190 2136 3254">
    <p class='ocr_par' dir='ltr' id='par_1_31' title="bbox 614 3190 2136 3254">
     <span class='ocr_line' id='line_1_31' title="bbox 614 3190 2136 3254; baseline -0.005 -1"><span class='ocrx_word' id='word_1_223' title='bbox 614 3199 705 3253; x_wconf 72' lang='grc'><strong>22.</strong></span> <span class='ocrx_word' id='word_1_224' title='bbox 750 3196 806 3254; x_wconf 90' lang='lat' dir='ltr'><strong>Si</strong></span> <span class='ocrx_word' id='word_1_225' title='bbox 847 3207 1025 3252; x_wconf 90' lang='lat' dir='ltr'><strong>autem</strong></span> <span class='ocrx_word' id='word_1_226' title='bbox 1076 3195 1155 3251; x_wconf 89' lang='lat' dir='ltr'><strong>illi</strong></span> <span class='ocrx_word' id='word_1_227' title='bbox 1193 3195 1296 3254; x_wconf 85' lang='lat' dir='ltr'><strong>soli</strong></span> <span class='ocrx_word' id='word_1_228' title='bbox 1337 3209 1368 3249; x_wconf 90' lang='lat' dir='ltr'><strong>a</strong></span> <span class='ocrx_word' id='word_1_229' title='bbox 1414 3190 1820 3249; x_wconf 81' lang='lat' dir='ltr'><strong>Maximianistis</strong></span> <span class='ocrx_word' id='word_1_230' title='bbox 1855 3192 2136 3248; x_wconf 81' lang='lat' dir='ltr'><strong>venientes</strong></span> 
     </span>
    </p>
   </div>
   <div class='ocr_carea' id='block_1_32' title="bbox 550 3285 2138 3361">
    <p class='ocr_par' dir='ltr' id='par_1_32' title="bbox 550 3285 2138 3361">
     <span class='ocr_line' id='line_1_32' title="bbox 550 3285 2138 3361; baseline -0.004 -15"><span class='ocrx_word' id='word_1_231' title='bbox 550 3290 657 3346; x_wconf 85' lang='lat' dir='ltr'><strong>non</strong></span> <span class='ocrx_word' id='word_1_232' title='bbox 697 3287 1099 3361; x_wconf 88' lang='lat' dir='ltr'><strong>rebaptizautur</strong></span> <span class='ocrx_word' id='word_1_233' title='bbox 1121 3329 1137 3357; x_wconf 95' lang='lat'><strong>,</strong></span> <span class='ocrx_word' id='word_1_234' title='bbox 1164 3287 1254 3359; x_wconf 91' lang='lat' dir='ltr'><strong>qui</strong></span> <span class='ocrx_word' id='word_1_235' title='bbox 1292 3302 1414 3343; x_wconf 92' lang='lat' dir='ltr'><strong>cum</strong></span> <span class='ocrx_word' id='word_1_236' title='bbox 1445 3288 1556 3342; x_wconf 91' lang='lat' dir='ltr'><strong>suis</strong></span> <span class='ocrx_word' id='word_1_237' title='bbox 1581 3286 1998 3356; x_wconf 84' lang='lat' dir='ltr'><strong>baptizatoribus</strong></span> <span class='ocrx_word' id='word_1_238' title='bbox 2018 3285 2138 3340; x_wconf 83' lang='lat' dir='ltr'><strong>red-</strong></span> 
     </span>
    </p>
   </div>
   <div class='ocr_carea' id='block_1_33' title="bbox 448 3378 2137 3456">
    <p class='ocr_par' dir='ltr' id='par_1_33' title="bbox 448 3378 2137 3456">
     <span class='ocr_line' id='line_1_33' title="bbox 448 3378 2137 3456; baseline -0.005 -16"><span class='ocrx_word' id='word_1_239' title='bbox 448 3443 462 3456; x_wconf 48' lang='lat'><strong>.</strong></span> <span class='ocrx_word' id='word_1_240' title='bbox 547 3393 715 3451; x_wconf 89' lang='lat' dir='ltr'><strong>eunt,</strong></span> <span class='ocrx_word' id='word_1_241' title='bbox 765 3384 902 3439; x_wconf 90' lang='lat' dir='ltr'><strong>sicut</strong></span> <span class='ocrx_word' id='word_1_242' title='bbox 957 3382 1012 3437; x_wconf 94' lang='lat' dir='ltr'><strong>hi</strong></span> <span class='ocrx_word' id='word_1_243' title='bbox 1073 3382 1163 3453; x_wconf 86' lang='lat' dir='ltr'><strong>qui</strong></span> <span class='ocrx_word' id='word_1_244' title='bbox 1211 3396 1334 3437; x_wconf 90' lang='lat' dir='ltr'><strong>cum</strong></span> <span class='ocrx_word' id='word_1_245' title='bbox 1388 3380 1708 3436; x_wconf 67' lang='lat' dir='ltr'><strong>Praetextato</strong></span> <span class='ocrx_word' id='word_1_246' title='bbox 1754 3390 1809 3435; x_wconf 92' lang='lat' dir='ltr'><strong>et</strong></span> <span class='ocrx_word' id='word_1_247' title='bbox 1865 3378 2137 3434; x_wconf 87' lang='lat' dir='ltr'><strong>Feliciano</strong></span> 
     </span>
    </p>
   </div>
   <div class='ocr_carea' id='block_1_34' title="bbox 552 3470 2136 3543">
    <p class='ocr_par' dir='ltr' id='par_1_34' title="bbox 552 3470 2136 3543">
     <span class='ocr_line' id='line_1_34' title="bbox 552 3470 2136 3543; baseline -0.003 -14"><span class='ocrx_word' id='word_1_248' title='bbox 552 3473 826 3529; x_wconf 88' lang='lat' dir='ltr'><strong>redierunt</strong></span> <span class='ocrx_word' id='word_1_249' title='bbox 865 3474 1084 3543; x_wconf 88' lang='lat' dir='ltr'><strong>:primo</strong></span> <span class='ocrx_word' id='word_1_250' title='bbox 1134 3472 1349 3528; x_wconf 87' lang='lat' dir='ltr'><strong>videant</strong></span> <span class='ocrx_word' id='word_1_251' title='bbox 1399 3470 1850 3542; x_wconf 86' lang='lat' dir='ltr'><strong>quemadmodum</strong></span> <span class='ocrx_word' id='word_1_252' title='bbox 1895 3470 2136 3541; x_wconf 83' lang='lat' dir='ltr'><strong>ejusdem</strong></span> 
     </span>
    </p>
   </div>
   <div class='ocr_carea' id='block_1_35' title="bbox 547 3562 2134 3635">
    <p class='ocr_par' dir='ltr' id='par_1_35' title="bbox 547 3562 2134 3635">
     <span class='ocr_line' id='line_1_35' title="bbox 547 3562 2134 3635; baseline -0.003 -15"><span class='ocrx_word' id='word_1_253' title='bbox 547 3564 852 3621; x_wconf 87' lang='lat' dir='ltr'><strong>schismatis</strong></span> <span class='ocrx_word' id='word_1_254' title='bbox 893 3563 1222 3635; x_wconf 90' lang='lat' dir='ltr'><strong>Baptismum</strong></span> <span class='ocrx_word' id='word_1_255' title='bbox 1277 3571 1426 3617; x_wconf 83' lang='lat' dir='ltr'><strong>extra</strong></span> <span class='ocrx_word' id='word_1_256' title='bbox 1470 3576 1654 3617; x_wconf 90' lang='lat' dir='ltr'><strong>eorum</strong></span> <span class='ocrx_word' id='word_1_257' title='bbox 1705 3562 2134 3617; x_wconf 89' lang='lat' dir='ltr'><strong>communionem</strong></span> 
     </span>
    </p>
   </div>
   <div class='ocr_carea' id='block_1_36' title="bbox 549 3653 2136 3726">
    <p class='ocr_par' dir='ltr' id='par_1_36' title="bbox 549 3653 2136 3726">
     <span class='ocr_line' id='line_1_36' title="bbox 549 3653 2136 3726; baseline 0 -17"><span class='ocrx_word' id='word_1_258' title='bbox 549 3655 680 3711; x_wconf 91' lang='lat' dir='ltr'><strong>foris</strong></span> <span class='ocrx_word' id='word_1_259' title='bbox 726 3657 1000 3726; x_wconf 72' lang='lat' dir='ltr'><strong>mqualiter</strong></span> <span class='ocrx_word' id='word_1_260' title='bbox 1041 3655 1225 3711; x_wconf 87' lang='lat' dir='ltr'><strong>datum</strong></span> <span class='ocrx_word' id='word_1_261' title='bbox 1266 3655 1321 3709; x_wconf 92' lang='lat' dir='ltr'><strong>in</strong></span> <span class='ocrx_word' id='word_1_262' title='bbox 1362 3654 1482 3709; x_wconf 91' lang='lat' dir='ltr'><strong>aliis</strong></span> <span class='ocrx_word' id='word_1_263' title='bbox 1525 3653 1882 3722; x_wconf 82' lang='lat' dir='ltr'><strong>confirment,</strong></span> <span class='ocrx_word' id='word_1_264' title='bbox 1932 3653 1985 3708; x_wconf 93' lang='lat' dir='ltr'><strong>in</strong></span> <span class='ocrx_word' id='word_1_265' title='bbox 2017 3653 2136 3709; x_wconf 90' lang='lat' dir='ltr'><strong>aliis</strong></span> 
     </span>
    </p>
   </div>
   <div class='ocr_carea' id='block_1_37' title="bbox 547 3744 2132 3818">
    <p class='ocr_par' dir='ltr' id='par_1_37' title="bbox 547 3744 2132 3818">
     <span class='ocr_line' id='line_1_37' title="bbox 547 3744 2132 3818; baseline -0.002 -16"><span class='ocrx_word' id='word_1_266' title='bbox 547 3748 868 3818; x_wconf 74' lang='lat' dir='ltr'><strong>exsuftlent,</strong></span> <span class='ocrx_word' id='word_1_267' title='bbox 899 3749 952 3802; x_wconf 93' lang='lat' dir='ltr'><strong>in</strong></span> <span class='ocrx_word' id='word_1_268' title='bbox 999 3757 1150 3818; x_wconf 87' lang='lat' dir='ltr'><strong>parte</strong></span> <span class='ocrx_word' id='word_1_269' title='bbox 1190 3746 1456 3803; x_wconf 82' lang='lat' dir='ltr'><strong>honorent</strong></span> <span class='ocrx_word' id='word_1_270' title='bbox 1485 3787 1501 3810; x_wconf 91' lang='lat'><strong>,</strong></span> <span class='ocrx_word' id='word_1_271' title='bbox 1528 3746 1581 3800; x_wconf 90' lang='lat' dir='ltr'><strong>in</strong></span> <span class='ocrx_word' id='word_1_272' title='bbox 1624 3754 1776 3815; x_wconf 90' lang='lat' dir='ltr'><strong>parte</strong></span> <span class='ocrx_word' id='word_1_273' title='bbox 1804 3745 2022 3801; x_wconf 88' lang='lat' dir='ltr'><strong>violent.</strong></span> <span class='ocrx_word' id='word_1_274' title='bbox 2057 3744 2132 3799; x_wconf 88' lang='lat' dir='ltr'><strong>Ita</strong></span> 
     </span>
    </p>
   </div>
   <div class='ocr_carea' id='block_1_38' title="bbox 545 3834 2135 3905">
    <p class='ocr_par' dir='ltr' id='par_1_38' title="bbox 545 3834 2135 3905">
     <span class='ocr_line' id='line_1_38' title="bbox 545 3834 2135 3905; baseline -0.002 -13"><span class='ocrx_word' id='word_1_275' title='bbox 545 3837 690 3892; x_wconf 91' lang='lat' dir='ltr'><strong>enim</strong></span> <span class='ocrx_word' id='word_1_276' title='bbox 720 3837 804 3892; x_wconf 91' lang='lat' dir='ltr'><strong>ubi</strong></span> <span class='ocrx_word' id='word_1_277' title='bbox 836 3837 1069 3905; x_wconf 87' lang='lat' dir='ltr'><strong>violant,</strong></span> <span class='ocrx_word' id='word_1_278' title='bbox 1101 3836 1182 3893; x_wconf 90' lang='lat' dir='ltr'><strong>rei</strong></span> <span class='ocrx_word' id='word_1_279' title='bbox 1205 3846 1329 3892; x_wconf 90' lang='lat' dir='ltr'><strong>sunt</strong></span> <span class='ocrx_word' id='word_1_280' title='bbox 1356 3838 1415 3891; x_wconf 73' lang='grc' dir='ltr'>ἐ</span> <span class='ocrx_word' id='word_1_281' title='bbox 1444 3835 1535 3892; x_wconf 91' lang='lat' dir='ltr'><strong>ubi</strong></span> <span class='ocrx_word' id='word_1_282' title='bbox 1557 3844 1735 3891; x_wconf 91' lang='lat' dir='ltr'><strong>autem</strong></span> <span class='ocrx_word' id='word_1_283' title='bbox 1775 3834 2094 3890; x_wconf 77' lang='lat' dir='ltr'><strong>confirmant</strong></span> <span class='ocrx_word' id='word_1_284' title='bbox 2118 3876 2135 3897; x_wconf 90' lang='lat'><strong>,</strong></span> 
     </span>
    </p>
   </div>
   <div class='ocr_carea' id='block_1_39' title="bbox 546 3927 2142 3998">
    <p class='ocr_par' dir='ltr' id='par_1_39' title="bbox 546 3927 2142 3998">
     <span class='ocr_line' id='line_1_39' title="bbox 546 3927 2142 3998; baseline -0.002 -15"><span class='ocrx_word' id='word_1_285' title='bbox 546 3939 726 3984; x_wconf 87' lang='lat' dir='ltr'><strong>reatus</strong></span> <span class='ocrx_word' id='word_1_286' title='bbox 773 3930 855 3985; x_wconf 91' lang='lat' dir='ltr'><strong>sui</strong></span> <span class='ocrx_word' id='word_1_287' title='bbox 905 3938 1066 3985; x_wconf 81' lang='lat' dir='ltr'><strong>testes</strong></span> <span class='ocrx_word' id='word_1_288' title='bbox 1115 3928 1473 3984; x_wconf 86' lang='lat' dir='ltr'><strong>inveniuntur.</strong></span> <span class='ocrx_word' id='word_1_289' title='bbox 1523 3927 1581 3984; x_wconf 90' lang='lat' dir='ltr'><strong>Si</strong></span> <span class='ocrx_word' id='word_1_290' title='bbox 1630 3930 1773 3984; x_wconf 90' lang='lat' dir='ltr'><strong>enim</strong></span> <span class='ocrx_word' id='word_1_291' title='bbox 1823 3936 2005 3998; x_wconf 90' lang='lat' dir='ltr'><strong>postea</strong></span> <span class='ocrx_word' id='word_1_292' title='bbox 2060 3928 2142 3983; x_wconf 81' lang='lat' dir='ltr'><strong>sic</strong></span> 
     </span>
    </p>
   </div>
   <div class='ocr_carea' id='block_1_40' title="bbox 547 4019 2137 4091">
    <p class='ocr_par' dir='ltr' id='par_1_40' title="bbox 547 4019 2137 4091">
     <span class='ocr_line' id='line_1_40' title="bbox 547 4019 2137 4091; baseline -0.001 -14"><span class='ocrx_word' id='word_1_293' title='bbox 547 4021 961 4088; x_wconf 82' lang='lat' dir='ltr'><strong>conﬁrmarent,</strong></span> <span class='ocrx_word' id='word_1_294' title='bbox 994 4029 1051 4074; x_wconf 92' lang='lat' dir='ltr'><strong>ut</strong></span> <span class='ocrx_word' id='word_1_295' title='bbox 1097 4021 1208 4091; x_wconf 91' lang='lat' dir='ltr'><strong>jam</strong></span> <span class='ocrx_word' id='word_1_296' title='bbox 1256 4021 1457 4075; x_wconf 83' lang='lat' dir='ltr'><strong>violare</strong></span> <span class='ocrx_word' id='word_1_297' title='bbox 1504 4020 1850 4087; x_wconf 91' lang='lat' dir='ltr'><strong>desinerent;</strong></span> <span class='ocrx_word' id='word_1_298' title='bbox 1878 4035 1983 4076; x_wconf 92' lang='lat' dir='ltr'><strong>non</strong></span> <span class='ocrx_word' id='word_1_299' title='bbox 2026 4019 2137 4076; x_wconf 86' lang='lat' dir='ltr'><strong>dis-</strong></span> 
     </span>
    </p>
   </div>
   <div class='ocr_carea' id='block_1_41' title="bbox 547 4112 2137 4184">
    <p class='ocr_par' dir='ltr' id='par_1_41' title="bbox 547 4112 2137 4184">
     <span class='ocr_line' id='line_1_41' title="bbox 547 4112 2137 4184; baseline -0.001 -16"><span class='ocrx_word' id='word_1_300' title='bbox 547 4114 823 4184; x_wconf 88' lang='lat' dir='ltr'><strong>crepatio,</strong></span> <span class='ocrx_word' id='word_1_301' title='bbox 853 4112 949 4170; x_wconf 90' lang='lat' dir='ltr'><strong>sed</strong></span> <span class='ocrx_word' id='word_1_302' title='bbox 1000 4114 1261 4169; x_wconf 88' lang='lat' dir='ltr'><strong>correctio</strong></span> <span class='ocrx_word' id='word_1_303' title='bbox 1310 4113 1577 4169; x_wconf 85' lang='lat' dir='ltr'><strong>diceretur</strong></span> <span class='ocrx_word' id='word_1_304' title='bbox 1621 4131 1637 4170; x_wconf 89' lang='lat'><strong>:</strong></span> <span class='ocrx_word' id='word_1_305' title='bbox 1688 4128 1810 4168; x_wconf 90' lang='lat' dir='ltr'><strong>cum</strong></span> <span class='ocrx_word' id='word_1_306' title='bbox 1852 4121 2031 4168; x_wconf 92' lang='lat' dir='ltr'><strong>autem</strong></span> <span class='ocrx_word' id='word_1_307' title='bbox 2084 4113 2137 4167; x_wconf 89' lang='lat' dir='ltr'><strong>in</strong></span> 
     </span>
    </p>
   </div>
   <div class='ocr_carea' id='block_1_42' title="bbox 549 4202 2136 4281">
    <p class='ocr_par' dir='ltr' id='par_1_42' title="bbox 549 4202 2136 4281">
     <span class='ocr_line' id='line_1_42' title="bbox 549 4202 2136 4281; baseline -0.001 -22"><span class='ocrx_word' id='word_1_308' title='bbox 549 4203 865 4281; x_wconf 81' lang='lat' dir='ltr'><strong>quibusdam</strong></span> <span class='ocrx_word' id='word_1_309' title='bbox 903 4204 1207 4274; x_wconf 87' lang='lat' dir='ltr'><strong>improbant</strong></span> <span class='ocrx_word' id='word_1_310' title='bbox 1253 4203 1399 4274; x_wconf 88' lang='lat' dir='ltr'><strong>quod</strong></span> <span class='ocrx_word' id='word_1_311' title='bbox 1446 4202 1501 4258; x_wconf 90' lang='lat' dir='ltr'><strong>in</strong></span> <span class='ocrx_word' id='word_1_312' title='bbox 1546 4203 1667 4259; x_wconf 90' lang='lat' dir='ltr'><strong>aliis</strong></span> <span class='ocrx_word' id='word_1_313' title='bbox 1714 4203 2049 4273; x_wconf 87' lang='lat' dir='ltr'><strong>approbant;</strong></span> <span class='ocrx_word' id='word_1_314' title='bbox 2083 4203 2136 4258; x_wconf 91' lang='lat' dir='ltr'><strong>in</strong></span> 
     </span>
    </p>
   </div>
   <div class='ocr_carea' id='block_1_43' title="bbox 550 4292 2133 4362">
    <p class='ocr_par' dir='ltr' id='par_1_43' title="bbox 550 4292 2133 4362">
     <span class='ocr_line' id='line_1_43' title="bbox 550 4292 2133 4362; baseline -0.001 -14"><span class='ocrx_word' id='word_1_315' title='bbox 550 4293 635 4350; x_wconf 90' lang='lat' dir='ltr'><strong>his</strong></span> <span class='ocrx_word' id='word_1_316' title='bbox 664 4303 1002 4362; x_wconf 87' lang='lat' dir='ltr'><strong>accusantur,</strong></span> <span class='ocrx_word' id='word_1_317' title='bbox 1026 4294 1080 4349; x_wconf 92' lang='lat' dir='ltr'><strong>in</strong></span> <span class='ocrx_word' id='word_1_318' title='bbox 1105 4294 1210 4349; x_wconf 90' lang='lat' dir='ltr'><strong>illis</strong></span> <span class='ocrx_word' id='word_1_319' title='bbox 1239 4301 1428 4350; x_wconf 90' lang='lat' dir='ltr'><strong>contra</strong></span> <span class='ocrx_word' id='word_1_320' title='bbox 1453 4307 1514 4349; x_wconf 90' lang='lat' dir='ltr'><strong>se</strong></span> <span class='ocrx_word' id='word_1_321' title='bbox 1545 4293 1910 4348; x_wconf 91' lang='lat' dir='ltr'><strong>testimonium</strong></span> <span class='ocrx_word' id='word_1_322' title='bbox 1933 4292 2133 4347; x_wconf 89' lang='lat' dir='ltr'><strong>dicunt.</strong></span> 
     </span>
    </p>
   </div>
   <div class='ocr_carea' id='block_1_44' title="bbox 551 4384 2138 4457">
    <p class='ocr_par' dir='ltr' id='par_1_44' title="bbox 551 4384 2138 4457">
     <span class='ocr_line' id='line_1_44' title="bbox 551 4384 2138 4457; baseline 0.001 -17"><span class='ocrx_word' id='word_1_323' title='bbox 551 4385 747 4452; x_wconf 68' lang='lat' dir='ltr'><strong>Quaero</strong></span> <span class='ocrx_word' id='word_1_324' title='bbox 784 4385 927 4441; x_wconf 91' lang='lat' dir='ltr'><strong>enim</strong></span> <span class='ocrx_word' id='word_1_325' title='bbox 966 4400 1131 4457; x_wconf 90' lang='lat' dir='ltr'><strong>quare</strong></span> <span class='ocrx_word' id='word_1_326' title='bbox 1158 4400 1263 4440; x_wconf 90' lang='lat' dir='ltr'><strong>non</strong></span> <span class='ocrx_word' id='word_1_327' title='bbox 1293 4385 1532 4456; x_wconf 85' lang='lat' dir='ltr'><strong>baptizes</strong></span> <span class='ocrx_word' id='word_1_328' title='bbox 1560 4399 1653 4441; x_wconf 91' lang='lat' dir='ltr'><strong>eos</strong></span> <span class='ocrx_word' id='word_1_329' title='bbox 1679 4400 1813 4456; x_wconf 89' lang='lat' dir='ltr'><strong>quos</strong></span> <span class='ocrx_word' id='word_1_330' title='bbox 1838 4384 2138 4441; x_wconf 87' lang='lat' dir='ltr'><strong>Feliciauus</strong></span> 
     </span>
    </p>
   </div>
   <div class='ocr_carea' id='block_1_45' title="bbox 551 4476 2138 4548">
    <p class='ocr_par' dir='ltr' id='par_1_45' title="bbox 551 4476 2138 4548">
     <span class='ocr_line' id='line_1_45' title="bbox 551 4476 2138 4548; baseline 0 -16"><span class='ocrx_word' id='word_1_331' title='bbox 551 4478 605 4532; x_wconf 92' lang='lat' dir='ltr'><strong>in</strong></span> <span class='ocrx_word' id='word_1_332' title='bbox 634 4478 935 4533; x_wconf 80' lang='lat' dir='ltr'><strong>Maximiani</strong></span> <span class='ocrx_word' id='word_1_333' title='bbox 970 4477 1260 4534; x_wconf 79' lang='lat' dir='ltr'><strong>schismate</strong></span> <span class='ocrx_word' id='word_1_334' title='bbox 1308 4477 1599 4547; x_wconf 84' lang='lat' dir='ltr'><strong>baptizavit</strong></span> <span class='ocrx_word' id='word_1_335' title='bbox 1628 4496 1641 4532; x_wconf 73' lang='grc' dir='ltr'><strong>ι</strong></span> <span class='ocrx_word' id='word_1_336' title='bbox 1673 4476 1796 4548; x_wconf 90' lang='lat' dir='ltr'><strong>quia</strong></span> <span class='ocrx_word' id='word_1_337' title='bbox 1819 4476 2016 4532; x_wconf 86' lang='lat' dir='ltr'><strong>Christi</strong></span> <span class='ocrx_word' id='word_1_338' title='bbox 2040 4479 2138 4532; x_wconf 81' lang='lat' dir='ltr'><strong>Ba—</strong></span> 
     </span>
    </p>
   </div>
   <div class='ocr_carea' id='block_1_46' title="bbox 550 4566 2138 4640">
    <p class='ocr_par' dir='ltr' id='par_1_46' title="bbox 550 4566 2138 4640">
     <span class='ocr_line' id='line_1_46' title="bbox 550 4566 2138 4640; baseline 0.001 -18"><span class='ocrx_word' id='word_1_339' title='bbox 550 4568 801 4638; x_wconf 90' lang='lat' dir='ltr'><strong>ptismum</strong></span> <span class='ocrx_word' id='word_1_340' title='bbox 824 4578 1163 4640; x_wconf 86' lang='lat' dir='ltr'><strong>acceperunt,</strong></span> <span class='ocrx_word' id='word_1_341' title='bbox 1184 4582 1253 4623; x_wconf 89' lang='lat' dir='ltr'><strong>an</strong></span> <span class='ocrx_word' id='word_1_342' title='bbox 1278 4568 1399 4638; x_wconf 87' lang='lat' dir='ltr'><strong>quia</strong></span> <span class='ocrx_word' id='word_1_343' title='bbox 1425 4567 1681 4623; x_wconf 87' lang='lat' dir='ltr'><strong>Feliciani</strong></span> <span class='ocrx_word' id='word_1_344' title='bbox 1708 4566 1732 4620; x_wconf 88' lang='lat'><strong>?</strong></span> <span class='ocrx_word' id='word_1_345' title='bbox 1762 4566 1817 4623; x_wconf 88' lang='lat' dir='ltr'><strong>Si</strong></span> <span class='ocrx_word' id='word_1_346' title='bbox 1840 4568 1961 4640; x_wconf 86' lang='lat' dir='ltr'><strong>quia</strong></span> <span class='ocrx_word' id='word_1_347' title='bbox 1992 4568 2138 4624; x_wconf 86' lang='lat' dir='ltr'><strong>Feli-</strong></span> 
     </span>
    </p>
   </div>
   <div class='ocr_carea' id='block_1_47' title="bbox 551 4659 2138 4732">
    <p class='ocr_par' dir='ltr' id='par_1_47' title="bbox 551 4659 2138 4732">
     <span class='ocr_line' id='line_1_47' title="bbox 551 4659 2138 4732; baseline 0 -15"><span class='ocrx_word' id='word_1_348' title='bbox 551 4662 710 4727; x_wconf 89' lang='lat' dir='ltr'><strong>ciani;</strong></span> <span class='ocrx_word' id='word_1_349' title='bbox 732 4661 871 4732; x_wconf 91' lang='lat' dir='ltr'><strong>apud</strong></span> <span class='ocrx_word' id='word_1_350' title='bbox 898 4661 1317 4716; x_wconf 80' lang='lat' dir='ltr'><strong>Maximianistas</strong></span> <span class='ocrx_word' id='word_1_351' title='bbox 1344 4675 1467 4715; x_wconf 91' lang='lat' dir='ltr'><strong>eum</strong></span> <span class='ocrx_word' id='word_1_352' title='bbox 1492 4660 1639 4716; x_wconf 90' lang='lat' dir='ltr'><strong>dedit</strong></span> <span class='ocrx_word' id='word_1_353' title='bbox 1660 4659 1939 4716; x_wconf 88' lang='lat' dir='ltr'><strong>damnatus</strong></span> <span class='ocrx_word' id='word_1_354' title='bbox 1959 4701 1975 4729; x_wconf 92' lang='lat'><strong>,</strong></span> <span class='ocrx_word' id='word_1_355' title='bbox 2009 4660 2138 4717; x_wconf 83' lang='lat' dir='ltr'><strong>foris</strong></span> 
     </span>
    </p>
   </div>
   <div class='ocr_carea' id='block_1_48' title="bbox 508 4753 2140 4824">
    <p class='ocr_par' dir='ltr' id='par_1_48' title="bbox 508 4753 2140 4824">
     <span class='ocr_line' id='line_1_48' title="bbox 508 4753 2140 4824; baseline 0.002 -16"><span class='ocrx_word' id='word_1_356' title='bbox 508 4797 512 4801; x_wconf 93' lang='lat'><strong>.</strong></span> <span class='ocrx_word' id='word_1_357' title='bbox 551 4763 701 4809; x_wconf 80' lang='lat' dir='ltr'><strong>extra</strong></span> <span class='ocrx_word' id='word_1_358' title='bbox 745 4754 1176 4810; x_wconf 86' lang='lat' dir='ltr'><strong>communionem</strong></span> <span class='ocrx_word' id='word_1_359' title='bbox 1231 4763 1465 4810; x_wconf 88' lang='lat' dir='ltr'><strong>vestram</strong></span> <span class='ocrx_word' id='word_1_360' title='bbox 1516 4753 1667 4810; x_wconf 90' lang='lat' dir='ltr'><strong>dedit</strong></span> <span class='ocrx_word' id='word_1_361' title='bbox 1719 4769 1879 4824; x_wconf 92' lang='lat' dir='ltr'><strong>eum;</strong></span> <span class='ocrx_word' id='word_1_362' title='bbox 1911 4756 2015 4814; x_wconf 88' lang='lat' dir='ltr'><strong>hoc</strong></span> <span class='ocrx_word' id='word_1_363' title='bbox 2057 4767 2140 4813; x_wconf 91' lang='lat' dir='ltr'><strong>cst</strong></span> 
     </span>
    </p>
   </div>
   <div class='ocr_carea' id='block_1_49' title="bbox 552 4846 2137 4918">
    <p class='ocr_par' dir='ltr' id='par_1_49' title="bbox 552 4846 2137 4918">
     <span class='ocr_line' id='line_1_49' title="bbox 552 4846 2137 4918; baseline 0.001 -17"><span class='ocrx_word' id='word_1_364' title='bbox 552 4847 680 4902; x_wconf 91' lang='lat' dir='ltr'><strong>illud</strong></span> <span class='ocrx_word' id='word_1_365' title='bbox 707 4847 974 4918; x_wconf 87' lang='lat' dir='ltr'><strong>Baptisma</strong></span> <span class='ocrx_word' id='word_1_366' title='bbox 995 4889 1011 4913; x_wconf 94' lang='lat'><strong>,</strong></span> <span class='ocrx_word' id='word_1_367' title='bbox 1039 4846 1179 4918; x_wconf 90' lang='lat' dir='ltr'><strong>quod</strong></span> <span class='ocrx_word' id='word_1_368' title='bbox 1213 4855 1267 4902; x_wconf 91' lang='lat' dir='ltr'><strong>et</strong></span> <span class='ocrx_word' id='word_1_369' title='bbox 1294 4846 1459 4903; x_wconf 83' lang='lat' dir='ltr'><strong>Salvii</strong></span> <span class='ocrx_word' id='word_1_370' title='bbox 1490 4846 1884 4905; x_wconf 87' lang='lat' dir='ltr'><strong>Membresitani</strong></span> <span class='ocrx_word' id='word_1_371' title='bbox 1912 4858 1967 4905; x_wconf 89' lang='lat' dir='ltr'><strong>et</strong></span> <span class='ocrx_word' id='word_1_372' title='bbox 2001 4850 2137 4903; x_wconf 86' lang='lat' dir='ltr'><strong>alio-</strong></span> 
     </span>
    </p>
   </div>
   <div class='ocr_carea' id='block_1_50' title="bbox 552 4936 2139 5009">
    <p class='ocr_par' dir='ltr' id='par_1_50' title="bbox 552 4936 2139 5009">
     <span class='ocr_line' id='line_1_50' title="bbox 552 4936 2139 5009; baseline 0.003 -18"><span class='ocrx_word' id='word_1_373' title='bbox 552 4954 668 4992; x_wconf 83' lang='lat' dir='ltr'><strong>mm</strong></span> <span class='ocrx_word' id='word_1_374' title='bbox 693 4937 874 4992; x_wconf 90' lang='lat' dir='ltr'><strong>talium</strong></span> <span class='ocrx_word' id='word_1_375' title='bbox 904 4954 918 4991; x_wconf 90' lang='lat'><strong>:</strong></span> <span class='ocrx_word' id='word_1_376' title='bbox 947 4938 994 4993; x_wconf 88' lang='lat' dir='ltr'><strong>si</strong></span> <span class='ocrx_word' id='word_1_377' title='bbox 1019 4946 1197 4993; x_wconf 91' lang='lat' dir='ltr'><strong>autem</strong></span> <span class='ocrx_word' id='word_1_378' title='bbox 1220 4937 1341 5007; x_wconf 90' lang='lat' dir='ltr'><strong>quia</strong></span> <span class='ocrx_word' id='word_1_379' title='bbox 1368 4936 1584 5004; x_wconf 82' lang='lat' dir='ltr'><strong>Christi;</strong></span> <span class='ocrx_word' id='word_1_380' title='bbox 1616 4938 1735 5008; x_wconf 90' lang='lat' dir='ltr'><strong>plus</strong></span> <span class='ocrx_word' id='word_1_381' title='bbox 1763 4939 1900 5009; x_wconf 90' lang='lat' dir='ltr'><strong>apud</strong></span> <span class='ocrx_word' id='word_1_382' title='bbox 1924 4948 1974 4995; x_wconf 92' lang='lat' dir='ltr'><strong>te</strong></span> <span class='ocrx_word' id='word_1_383' title='bbox 1998 4940 2139 4995; x_wconf 86' lang='lat' dir='ltr'><strong>valet</strong></span> 
     </span>
    </p>
   </div>
   <div class='ocr_carea' id='block_1_51' title="bbox 551 5028 2136 5102">
    <p class='ocr_par' dir='ltr' id='par_1_51' title="bbox 551 5028 2136 5102">
     <span class='ocr_line' id='line_1_51' title="bbox 551 5028 2136 5102; baseline 0.004 -22"><span class='ocrx_word' id='word_1_384' title='bbox 551 5045 650 5100; x_wconf 84' lang='lat' dir='ltr'><strong>pro</strong></span> <span class='ocrx_word' id='word_1_385' title='bbox 678 5030 952 5099; x_wconf 89' lang='lat' dir='ltr'><strong>Baptismo</strong></span> <span class='ocrx_word' id='word_1_386' title='bbox 979 5028 1178 5084; x_wconf 90' lang='lat' dir='ltr'><strong>Christi</strong></span> <span class='ocrx_word' id='word_1_387' title='bbox 1223 5028 1523 5086; x_wconf 81' lang='lat' dir='ltr'><strong>Felicianus</strong></span> <span class='ocrx_word' id='word_1_388' title='bbox 1551 5029 1602 5084; x_wconf 94' lang='lat' dir='ltr'><strong>in</strong></span> <span class='ocrx_word' id='word_1_389' title='bbox 1626 5028 1946 5095; x_wconf 80' lang='lat' dir='ltr'><strong>Mustitanis,</strong></span> <span class='ocrx_word' id='word_1_390' title='bbox 1977 5047 2136 5102; x_wconf 87' lang='lat' dir='ltr'><strong>quam</strong></span> 
     </span>
    </p>
   </div>
   <div class='ocr_carea' id='block_1_52' title="bbox 549 5119 2139 5194">
    <p class='ocr_par' dir='ltr' id='par_1_52' title="bbox 549 5119 2139 5194">
     <span class='ocr_line' id='line_1_52' title="bbox 549 5119 2139 5194; baseline 0.002 -17"><span class='ocrx_word' id='word_1_391' title='bbox 549 5122 665 5193; x_wconf 81' lang='lat' dir='ltr'><strong>ipse</strong></span> <span class='ocrx_word' id='word_1_392' title='bbox 692 5119 935 5178; x_wconf 87' lang='lat' dir='ltr'><strong>Christus</strong></span> <span class='ocrx_word' id='word_1_393' title='bbox 978 5121 1030 5176; x_wconf 91' lang='lat' dir='ltr'><strong>in</strong></span> <span class='ocrx_word' id='word_1_394' title='bbox 1078 5121 1328 5178; x_wconf 89' lang='lat' dir='ltr'><strong>omnibus</strong></span> <span class='ocrx_word' id='word_1_395' title='bbox 1360 5122 1549 5187; x_wconf 88' lang='lat' dir='ltr'><strong>terris;</strong></span> <span class='ocrx_word' id='word_1_396' title='bbox 1580 5123 1703 5193; x_wconf 89' lang='lat' dir='ltr'><strong>plus</strong></span> <span class='ocrx_word' id='word_1_397' title='bbox 1736 5123 1876 5194; x_wconf 91' lang='lat' dir='ltr'><strong>apud</strong></span> <span class='ocrx_word' id='word_1_398' title='bbox 1921 5133 1972 5179; x_wconf 87' lang='lat' dir='ltr'><strong>te</strong></span> <span class='ocrx_word' id='word_1_399' title='bbox 1998 5124 2139 5181; x_wconf 90' lang='lat' dir='ltr'><strong>valet</strong></span> 
     </span>
    </p>
   </div>
   <div class='ocr_carea' id='block_1_53' title="bbox 548 5213 2137 5285">
    <p class='ocr_par' dir='ltr' id='par_1_53' title="bbox 548 5213 2137 5285">
     <span class='ocr_line' id='line_1_53' title="bbox 548 5213 2137 5285; baseline 0 -15"><span class='ocrx_word' id='word_1_400' title='bbox 548 5230 645 5285; x_wconf 90' lang='lat' dir='ltr'><strong>pro</strong></span> <span class='ocrx_word' id='word_1_401' title='bbox 666 5214 937 5285; x_wconf 85' lang='lat' dir='ltr'><strong>Baptismo</strong></span> <span class='ocrx_word' id='word_1_402' title='bbox 958 5213 1155 5270; x_wconf 86' lang='lat' dir='ltr'><strong>Christi</strong></span> <span class='ocrx_word' id='word_1_403' title='bbox 1180 5213 1375 5270; x_wconf 89' lang='lat' dir='ltr'><strong>sedens</strong></span> <span class='ocrx_word' id='word_1_404' title='bbox 1405 5213 1471 5269; x_wconf 89' lang='lat' dir='ltr'><strong>ad</strong></span> <span class='ocrx_word' id='word_1_405' title='bbox 1500 5214 1640 5269; x_wconf 89' lang='lat' dir='ltr'><strong>latus</strong></span> <span class='ocrx_word' id='word_1_406' title='bbox 1663 5224 1810 5270; x_wconf 92' lang='lat' dir='ltr'><strong>tuum</strong></span> <span class='ocrx_word' id='word_1_407' title='bbox 1837 5224 1891 5270; x_wconf 92' lang='lat' dir='ltr'><strong>et</strong></span> <span class='ocrx_word' id='word_1_408' title='bbox 1917 5214 2137 5270; x_wconf 86' lang='lat' dir='ltr'><strong>damna-</strong></span> 
     </span>
    </p>
   </div>
   <div class='ocr_carea' id='block_1_54' title="bbox 549 5305 2141 5378">
    <p class='ocr_par' dir='ltr' id='par_1_54' title="bbox 549 5305 2141 5378">
     <span class='ocr_line' id='line_1_54' title="bbox 549 5305 2141 5378; baseline 0 -16"><span class='ocrx_word' id='word_1_409' title='bbox 549 5315 635 5362; x_wconf 92' lang='lat' dir='ltr'><strong>tus</strong></span> <span class='ocrx_word' id='word_1_410' title='bbox 679 5321 708 5361; x_wconf 91' lang='lat' dir='ltr'><strong>a</strong></span> <span class='ocrx_word' id='word_1_411' title='bbox 737 5317 826 5371; x_wconf 89' lang='lat' dir='ltr'><strong>te,</strong></span> <span class='ocrx_word' id='word_1_412' title='bbox 853 5322 1014 5378; x_wconf 89' lang='lat' dir='ltr'><strong>quam</strong></span> <span class='ocrx_word' id='word_1_413' title='bbox 1053 5306 1143 5361; x_wconf 89' lang='lat' dir='ltr'><strong>ille</strong></span> <span class='ocrx_word' id='word_1_414' title='bbox 1186 5305 1380 5363; x_wconf 91' lang='lat' dir='ltr'><strong>sedens</strong></span> <span class='ocrx_word' id='word_1_415' title='bbox 1424 5308 1492 5361; x_wconf 90' lang='lat' dir='ltr'><strong>ad</strong></span> <span class='ocrx_word' id='word_1_416' title='bbox 1540 5305 1819 5361; x_wconf 82' lang='lat' dir='ltr'><strong>dexteram</strong></span> <span class='ocrx_word' id='word_1_417' title='bbox 1862 5305 2034 5361; x_wconf 83' lang='lat' dir='ltr'><strong>Patris</strong></span> <span class='ocrx_word' id='word_1_418' title='bbox 2083 5315 2141 5362; x_wconf 77' lang='lat' dir='ltr'><strong>et&quot;</strong></span> 
     </span>
    </p>
   </div>
   <div class='ocr_carea' id='block_1_55' title="bbox 550 5381 2135 5469">
    <p class='ocr_par' dir='ltr' id='par_1_55' title="bbox 550 5381 2135 5469">
     <span class='ocr_line' id='line_1_55' title="bbox 550 5381 2135 5469; baseline 0.001 -16"><span class='ocrx_word' id='word_1_419' title='bbox 550 5399 834 5453; x_wconf 80' lang='lat' dir='ltr'><strong>crucifixus</strong></span> <span class='ocrx_word' id='word_1_420' title='bbox 873 5414 968 5469; x_wconf 91' lang='lat' dir='ltr'><strong>pro</strong></span> <span class='ocrx_word' id='word_1_421' title='bbox 998 5400 1090 5454; x_wconf 79' lang='lat' dir='ltr'><strong>te?</strong></span> <span class='ocrx_word' id='word_1_422' title='bbox 1121 5398 1364 5453; x_wconf 85' lang='lat' dir='ltr'><strong>Parcitur</strong></span> <span class='ocrx_word' id='word_1_423' title='bbox 1404 5397 1458 5452; x_wconf 90' lang='lat' dir='ltr'><strong>in</strong></span> <span class='ocrx_word' id='word_1_424' title='bbox 1507 5397 1838 5466; x_wconf 82' lang='lat' dir='ltr'><strong>paucissimis</strong></span> <span class='ocrx_word' id='word_1_425' title='bbox 1867 5381 2135 5469; x_wconf 69' lang='lat' dir='ltr'><strong>Baptismo</strong></span> 
     </span>
    </p>
   </div>
   <div class='ocr_carea' id='block_1_56' title="bbox 551 5488 2131 5561">
    <p class='ocr_par' dir='ltr' id='par_1_56' title="bbox 551 5488 2131 5561">
     <span class='ocr_line' id='line_1_56' title="bbox 551 5488 2131 5561; baseline -0.001 -15"><span class='ocrx_word' id='word_1_426' title='bbox 551 5490 781 5556; x_wconf 87' lang='lat' dir='ltr'><strong>Christi,</strong></span> <span class='ocrx_word' id='word_1_427' title='bbox 814 5507 881 5546; x_wconf 92' lang='lat' dir='ltr'><strong>ne</strong></span> <span class='ocrx_word' id='word_1_428' title='bbox 910 5491 1210 5547; x_wconf 82' lang='lat' dir='ltr'><strong>Felicianus</strong></span> <span class='ocrx_word' id='word_1_429' title='bbox 1246 5488 1550 5545; x_wconf 80' lang='lat' dir='ltr'><strong>offendatur</strong></span> <span class='ocrx_word' id='word_1_430' title='bbox 1581 5507 1593 5544; x_wconf 90' lang='lat'><strong>:</strong></span> <span class='ocrx_word' id='word_1_431' title='bbox 1628 5499 1682 5544; x_wconf 93' lang='lat' dir='ltr'><strong>ct</strong></span> <span class='ocrx_word' id='word_1_432' title='bbox 1712 5506 1818 5545; x_wconf 91' lang='lat' dir='ltr'><strong>non</strong></span> <span class='ocrx_word' id='word_1_433' title='bbox 1858 5491 2088 5561; x_wconf 87' lang='lat' dir='ltr'><strong>parcitur</strong></span> <span class='ocrx_word' id='word_1_434' title='bbox 2115 5533 2131 5559; x_wconf 91' lang='lat'><strong>,</strong></span> 
     </span>
    </p>
   </div>
   <div class='ocr_carea' id='block_1_57' title="bbox 551 5623 2137 5740">
    <p class='ocr_par' dir='ltr' id='par_1_57' title="bbox 551 5623 2137 5740">
     <span class='ocr_line' id='line_1_57' title="bbox 551 5623 2137 5740; baseline 0.001 -65"><span class='ocrx_word' id='word_1_435' title='bbox 551 5630 631 5740; x_wconf 50' lang='lat' dir='ltr'><strong>ac!</strong></span> <span class='ocrx_word' id='word_1_436' title='bbox 654 5625 824 5698; x_wconf 69' lang='lat' dir='ltr'><strong>plures</strong></span> <span class='ocrx_word' id='word_1_437' title='bbox 845 5635 972 5690; x_wconf 69' lang='lat' dir='ltr'><strong>Mss,</strong></span> <span class='ocrx_word' id='word_1_438' title='bbox 1000 5633 1185 5679; x_wconf 81' lang='lat' dir='ltr'><strong>tantum</strong></span> <span class='ocrx_word' id='word_1_439' title='bbox 1210 5623 1535 5690; x_wconf 79' lang='lat' dir='ltr'><strong>dignationis;</strong></span> <span class='ocrx_word' id='word_1_440' title='bbox 1558 5625 1735 5675; x_wconf 82' lang='lat' dir='ltr'><strong>omissa</strong></span> <span class='ocrx_word' id='word_1_441' title='bbox 1761 5637 1879 5675; x_wconf 89' lang='lat' dir='ltr'><strong>voce</strong></span> <span class='ocrx_word' id='word_1_442' title='bbox 1897 5657 1913 5685; x_wconf 93' lang='lat'><strong>,</strong></span> <span class='ocrx_word' id='word_1_443' title='bbox 1936 5623 2137 5677; x_wconf 81' lang='lat' dir='ltr'><strong>damna-</strong></span> 
     </span>
     <span class='ocr_line' id='line_1_58' title="bbox 612 5703 704 5740; baseline 0.022 -2"><span class='ocrx_word' id='word_1_444' title='bbox 612 5703 704 5740; x_wconf 78' lang='lat' dir='ltr'><strong>ms.</strong></span> 
     </span>
    </p>
   </div>
   <div class='ocr_carea' id='block_1_58' title="bbox 612 5703 704 5741">
    <p class='ocr_par' dir='ltr' id='par_1_58' title="bbox 612 5703 704 5741">
     <span class='ocr_line' id='line_1_59' title="bbox 612 5703 704 5741; baseline 0.033 -3"><span class='ocrx_word' id='word_1_445' title='bbox 612 5703 704 5741; x_wconf 69' lang='lat' dir='ltr'><strong>&quot;IS.</strong></span> 
     </span>
    </p>
   </div>
   <div class='ocr_carea' id='block_1_59' title="bbox 613 5768 1254 5835">
    <p class='ocr_par' dir='ltr' id='par_1_59' title="bbox 613 5768 1254 5835">
     <span class='ocr_line' id='line_1_60' title="bbox 613 5768 1254 5835; baseline -0.009 -11"><span class='ocrx_word' id='word_1_446' title='bbox 613 5773 858 5835; x_wconf 48' lang='lat' dir='ltr'><strong>{Vaticani</strong></span> <span class='ocrx_word' id='word_1_447' title='bbox 880 5781 1007 5833; x_wconf 66' lang='lat' dir='ltr'><strong>Mss,</strong></span> <span class='ocrx_word' id='word_1_448' title='bbox 1020 5770 1095 5823; x_wconf 80' lang='lat' dir='ltr'><strong>rei</strong></span> <span class='ocrx_word' id='word_1_449' title='bbox 1117 5768 1254 5835; x_wconf 80' lang='lat' dir='ltr'><strong>ﬁunt.</strong></span> 
     </span>
    </p>
   </div>
   <div class='ocr_carea' id='block_1_60' title="bbox 615 5831 2133 5897">
    <p class='ocr_par' dir='ltr' id='par_1_60' title="bbox 615 5831 2133 5897">
     <span class='ocr_line' id='line_1_61' title="bbox 615 5831 2133 5897; baseline 0.001 -16"><span class='ocrx_word' id='word_1_450' title='bbox 615 5831 688 5895; x_wconf 78' lang='grc' dir='ltr'>(ιι)</span> <span class='ocrx_word' id='word_1_451' title='bbox 712 5844 807 5886; x_wconf 84' lang='lat' dir='ltr'><strong>Hoc</strong></span> <span class='ocrx_word' id='word_1_452' title='bbox 828 5839 974 5887; x_wconf 87' lang='lat' dir='ltr'><strong>totius</strong></span> <span class='ocrx_word' id='word_1_453' title='bbox 995 5831 1137 5884; x_wconf 80' lang='lat' dir='ltr'><strong>orbis</strong></span> <span class='ocrx_word' id='word_1_454' title='bbox 1161 5831 1391 5897; x_wconf 85' lang='lat' dir='ltr'><strong>judicium</strong></span> <span class='ocrx_word' id='word_1_455' title='bbox 1409 5867 1422 5891; x_wconf 93' lang='lat'><strong>,</strong></span> <span class='ocrx_word' id='word_1_456' title='bbox 1446 5842 1542 5897; x_wconf 74' lang='lat' dir='ltr'><strong>quo</strong></span> <span class='ocrx_word' id='word_1_457' title='bbox 1567 5832 1833 5897; x_wconf 68' lang='lat' dir='ltr'><strong>Donatista:</strong></span> <span class='ocrx_word' id='word_1_458' title='bbox 1864 5831 2133 5897; x_wconf 78' lang='lat' dir='ltr'><strong>litigatores</strong></span> 
     </span>
    </p>
   </div>
   <div class='ocr_carea' id='block_1_61' title="bbox 553 5893 2066 5959">
    <p class='ocr_par' dir='ltr' id='par_1_61' title="bbox 553 5893 2066 5959">
     <span class='ocr_line' id='line_1_62' title="bbox 553 5893 2066 5959; baseline -0.001 -13"><span class='ocrx_word' id='word_1_459' title='bbox 553 5893 763 5959; x_wconf 68' lang='lat' dir='ltr'><strong>Superati</strong></span> <span class='ocrx_word' id='word_1_460' title='bbox 786 5905 891 5947; x_wconf 76' lang='lat' dir='ltr'><strong>sunt</strong></span> <span class='ocrx_word' id='word_1_461' title='bbox 919 5899 980 5947; x_wconf 87' lang='lat' dir='ltr'><strong>ab</strong></span> <span class='ocrx_word' id='word_1_462' title='bbox 1001 5893 1308 5955; x_wconf 74' lang='lat' dir='ltr'><strong>adversariis,</strong></span> <span class='ocrx_word' id='word_1_463' title='bbox 1335 5907 1427 5943; x_wconf 80' lang='lat' dir='ltr'><strong>non</strong></span> <span class='ocrx_word' id='word_1_464' title='bbox 1453 5893 1577 5942; x_wconf 86' lang='lat' dir='ltr'><strong>aliud</strong></span> <span class='ocrx_word' id='word_1_465' title='bbox 1602 5906 1745 5957; x_wconf 81' lang='lat' dir='ltr'><strong>quam</strong></span> <span class='ocrx_word' id='word_1_466' title='bbox 1768 5893 2066 5945; x_wconf 60' lang='lat' dir='ltr'><strong>,trelatdnse.</strong></span> 
     </span>
    </p>
   </div>
   <div class='ocr_carea' id='block_1_62' title="bbox 3696 409 3800 469">
    <p class='ocr_par' dir='ltr' id='par_1_62' title="bbox 3696 409 3800 469">
     <span class='ocr_line' id='line_1_63' title="bbox 3696 409 3800 469; baseline 0.019 -2"><span class='ocrx_word' id='word_1_467' title='bbox 3696 409 3800 469; x_wconf 71' lang='grc'><strong>100</strong></span> 
     </span>
    </p>
   </div>
   <div class='ocr_carea' id='block_1_63' title="bbox 2219 518 3779 593">
    <p class='ocr_par' dir='ltr' id='par_1_63' title="bbox 2219 518 3779 593">
     <span class='ocr_line' id='line_1_64' title="bbox 2219 518 3779 593; baseline 0.005 -22"><span class='ocrx_word' id='word_1_468' title='bbox 2219 535 2285 573; x_wconf 91' lang='lat' dir='ltr'><strong>ne</strong></span> <span class='ocrx_word' id='word_1_469' title='bbox 2341 518 2454 590; x_wconf 80' lang='lat' dir='ltr'><strong>ipse</strong></span> <span class='ocrx_word' id='word_1_470' title='bbox 2510 518 2754 576; x_wconf 91' lang='lat' dir='ltr'><strong>Christus</strong></span> <span class='ocrx_word' id='word_1_471' title='bbox 2810 519 2864 576; x_wconf 91' lang='lat' dir='ltr'><strong>in</strong></span> <span class='ocrx_word' id='word_1_472' title='bbox 2915 527 2990 576; x_wconf 91' lang='lat' dir='ltr'><strong>tot</strong></span> <span class='ocrx_word' id='word_1_473' title='bbox 3039 518 3276 593; x_wconf 84' lang='lat' dir='ltr'><strong>gentiqu</strong></span> <span class='ocrx_word' id='word_1_474' title='bbox 3324 519 3565 579; x_wconf 90' lang='lat' dir='ltr'><strong>millibus</strong></span> <span class='ocrx_word' id='word_1_475' title='bbox 3614 523 3779 581; x_wconf 75' lang='lat' dir='ltr'><strong>exsul</strong></span> 
     </span>
    </p>
   </div>
   <div class='ocr_carea' id='block_1_64' title="bbox 2216 610 2420 667">
    <p class='ocr_par' dir='ltr' id='par_1_64' title="bbox 2216 610 2420 667">
     <span class='ocr_line' id='line_1_65' title="bbox 2216 610 2420 667; baseline 0.005 -2"><span class='ocrx_word' id='word_1_476' title='bbox 2216 610 2371 667; x_wconf 83' lang='lat' dir='ltr'><strong>fletur</strong></span> <span class='ocrx_word' id='word_1_477' title='bbox 2396 612 2420 666; x_wconf 89' lang='lat'><strong>?</strong></span> 
     </span>
    </p>
   </div>
   <div class='ocr_carea' id='block_1_65' title="bbox 2286 702 3805 772">
    <p class='ocr_par' dir='ltr' id='par_1_65' title="bbox 2286 702 3805 772">
     <span class='ocr_line' id='line_1_66' title="bbox 2286 702 3805 772; baseline 0.002 -12"><span class='ocrx_word' id='word_1_478' title='bbox 2286 702 2376 760; x_wconf 77' lang='lat'><strong>25.</strong></span> <span class='ocrx_word' id='word_1_479' title='bbox 2416 703 2519 759; x_wconf 87' lang='lat' dir='ltr'><strong>Sed</strong></span> <span class='ocrx_word' id='word_1_480' title='bbox 2558 702 2881 760; x_wconf 90' lang='lat' dir='ltr'><strong>incredibilis</strong></span> <span class='ocrx_word' id='word_1_481' title='bbox 2918 714 3000 760; x_wconf 90' lang='lat' dir='ltr'><strong>est</strong></span> <span class='ocrx_word' id='word_1_482' title='bbox 3037 704 3249 760; x_wconf 74' lang='lat' dir='ltr'><strong>cmcitas</strong></span> <span class='ocrx_word' id='word_1_483' title='bbox 3283 703 3580 772; x_wconf 88' lang='lat' dir='ltr'><strong>hominum,</strong></span> <span class='ocrx_word' id='word_1_484' title='bbox 3608 715 3665 763; x_wconf 91' lang='lat' dir='ltr'><strong>et</strong></span> <span class='ocrx_word' id='word_1_485' title='bbox 3689 722 3805 763; x_wconf 84' lang='lat' dir='ltr'><strong>om-</strong></span> 
     </span>
    </p>
   </div>
   <div class='ocr_carea' id='block_1_66' title="bbox 2218 796 3808 869">
    <p class='ocr_par' dir='ltr' id='par_1_66' title="bbox 2218 796 3808 869">
     <span class='ocr_line' id='line_1_67' title="bbox 2218 796 3808 869; baseline 0.001 -16"><span class='ocrx_word' id='word_1_486' title='bbox 2218 797 2344 853; x_wconf 90' lang='lat' dir='ltr'><strong>nino</strong></span> <span class='ocrx_word' id='word_1_487' title='bbox 2370 799 2550 854; x_wconf 90' lang='lat' dir='ltr'><strong>nescio</strong></span> <span class='ocrx_word' id='word_1_488' title='bbox 2575 796 3016 869; x_wconf 87' lang='lat' dir='ltr'><strong>quemadmodum</strong></span> <span class='ocrx_word' id='word_1_489' title='bbox 3040 797 3184 853; x_wconf 90' lang='lat' dir='ltr'><strong>credi</strong></span> <span class='ocrx_word' id='word_1_490' title='bbox 3211 807 3392 869; x_wconf 86' lang='lat' dir='ltr'><strong>posset</strong></span> <span class='ocrx_word' id='word_1_491' title='bbox 3411 814 3529 856; x_wconf 89' lang='lat' dir='ltr'><strong>esse</strong></span> <span class='ocrx_word' id='word_1_492' title='bbox 3554 800 3609 854; x_wconf 93' lang='lat' dir='ltr'><strong>in</strong></span> <span class='ocrx_word' id='word_1_493' title='bbox 3631 799 3808 855; x_wconf 89' lang='lat' dir='ltr'><strong>homi-</strong></span> 
     </span>
    </p>
   </div>
   <div class='ocr_carea' id='block_1_67' title="bbox 2220 886 3810 960">
    <p class='ocr_par' dir='ltr' id='par_1_67' title="bbox 2220 886 3810 960">
     <span class='ocr_line' id='line_1_68' title="bbox 2220 886 3810 960; baseline 0.003 -16"><span class='ocrx_word' id='word_1_494' title='bbox 2220 888 2376 944; x_wconf 88' lang='lat' dir='ltr'><strong>nibus</strong></span> <span class='ocrx_word' id='word_1_495' title='bbox 2417 898 2558 944; x_wconf 87' lang='lat' dir='ltr'><strong>tanta</strong></span> <span class='ocrx_word' id='word_1_496' title='bbox 2603 890 2941 960; x_wconf 84' lang='lat' dir='ltr'><strong>perversitas,</strong></span> <span class='ocrx_word' id='word_1_497' title='bbox 2977 889 3077 944; x_wconf 86' lang='lat' dir='ltr'><strong>nisi</strong></span> <span class='ocrx_word' id='word_1_498' title='bbox 3118 886 3482 960; x_wconf 83' lang='lat' dir='ltr'><strong>experimento</strong></span> <span class='ocrx_word' id='word_1_499' title='bbox 3519 893 3810 949; x_wconf 88' lang='lat' dir='ltr'><strong>verborum</strong></span> 
     </span>
    </p>
   </div>
   <div class='ocr_carea' id='block_1_68' title="bbox 2220 979 3811 1053">
    <p class='ocr_par' dir='ltr' id='par_1_68' title="bbox 2220 979 3811 1053">
     <span class='ocr_line' id='line_1_69' title="bbox 2220 979 3811 1053; baseline 0.003 -18"><span class='ocrx_word' id='word_1_500' title='bbox 2220 996 2436 1035; x_wconf 87' lang='lat' dir='ltr'><strong>suorum</strong></span> <span class='ocrx_word' id='word_1_501' title='bbox 2463 979 2828 1051; x_wconf 87' lang='lat' dir='ltr'><strong>factorumque</strong></span> <span class='ocrx_word' id='word_1_502' title='bbox 2848 988 3146 1050; x_wconf 89' lang='lat' dir='ltr'><strong>patesceret</strong></span> <span class='ocrx_word' id='word_1_503' title='bbox 3168 996 3335 1053; x_wconf 89' lang='lat' dir='ltr'><strong>usque</strong></span> <span class='ocrx_word' id='word_1_504' title='bbox 3361 982 3496 1039; x_wconf 91' lang='lat' dir='ltr'><strong>adeo</strong></span> <span class='ocrx_word' id='word_1_505' title='bbox 3520 999 3577 1038; x_wconf 88' lang='lat' dir='ltr'><strong>se</strong></span> <span class='ocrx_word' id='word_1_506' title='bbox 3596 984 3811 1041; x_wconf 89' lang='lat' dir='ltr'><strong>clausos</strong></span> 
     </span>
    </p>
   </div>
   <div class='ocr_carea' id='block_1_69' title="bbox 2224 1070 3813 1140">
    <p class='ocr_par' dir='ltr' id='par_1_69' title="bbox 2224 1070 3813 1140">
     <span class='ocr_line' id='line_1_70' title="bbox 2224 1070 3813 1140; baseline 0.005 -15"><span class='ocrx_word' id='word_1_507' title='bbox 2224 1070 2421 1126; x_wconf 89' lang='lat' dir='ltr'><strong>habere</strong></span> <span class='ocrx_word' id='word_1_508' title='bbox 2446 1070 2622 1126; x_wconf 90' lang='lat' dir='ltr'><strong>cordis</strong></span> <span class='ocrx_word' id='word_1_509' title='bbox 2649 1071 2852 1140; x_wconf 90' lang='lat' dir='ltr'><strong>oculos,</strong></span> <span class='ocrx_word' id='word_1_510' title='bbox 2888 1081 2945 1127; x_wconf 93' lang='lat' dir='ltr'><strong>ut</strong></span> <span class='ocrx_word' id='word_1_511' title='bbox 2983 1086 3104 1127; x_wconf 91' lang='lat' dir='ltr'><strong>cum</strong></span> <span class='ocrx_word' id='word_1_512' title='bbox 3146 1082 3570 1131; x_wconf 87' lang='lat' dir='ltr'><strong>commemorent</strong></span> <span class='ocrx_word' id='word_1_513' title='bbox 3609 1084 3813 1133; x_wconf 75' lang='lat' dir='ltr'><strong>sancta:</strong></span> 
     </span>
    </p>
   </div>
   <div class='ocr_carea' id='block_1_70' title="bbox 2223 1150 3813 1235">
    <p class='ocr_par' dir='ltr' id='par_1_70' title="bbox 2223 1150 3813 1235">
     <span class='ocr_line' id='line_1_71' title="bbox 2223 1150 3813 1235; baseline 0.004 -15"><span class='ocrx_word' id='word_1_514' title='bbox 2223 1163 2509 1235; x_wconf 72' lang='lat' dir='ltr'><strong>Scriptura:</strong></span> <span class='ocrx_word' id='word_1_515' title='bbox 2554 1150 2875 1234; x_wconf 73' lang='lat' dir='ltr'><strong>testimonia,</strong></span> <span class='ocrx_word' id='word_1_516' title='bbox 2907 1182 3013 1220; x_wconf 87' lang='lat' dir='ltr'><strong>non</strong></span> <span class='ocrx_word' id='word_1_517' title='bbox 3058 1166 3361 1223; x_wconf 89' lang='lat' dir='ltr'><strong>intueantur</strong></span> <span class='ocrx_word' id='word_1_518' title='bbox 3403 1167 3456 1223; x_wconf 92' lang='lat' dir='ltr'><strong>in</strong></span> <span class='ocrx_word' id='word_1_519' title='bbox 3497 1167 3651 1226; x_wconf 84' lang='lat' dir='ltr'><strong>factis</strong></span> <span class='ocrx_word' id='word_1_520' title='bbox 3674 1169 3813 1227; x_wconf 88' lang='lat' dir='ltr'><strong>Pro-</strong></span> 
     </span>
    </p>
   </div>
   <div class='ocr_carea' id='block_1_71' title="bbox 2225 1252 3814 1330">
    <p class='ocr_par' dir='ltr' id='par_1_71' title="bbox 2225 1252 3814 1330">
     <span class='ocr_line' id='line_1_72' title="bbox 2225 1252 3814 1330; baseline 0.006 -23"><span class='ocrx_word' id='word_1_521' title='bbox 2225 1252 2537 1324; x_wconf 88' lang='lat' dir='ltr'><strong>phetarum,</strong></span> <span class='ocrx_word' id='word_1_522' title='bbox 2583 1254 3030 1325; x_wconf 87' lang='lat' dir='ltr'><strong>quemadmodum</strong></span> <span class='ocrx_word' id='word_1_523' title='bbox 3084 1257 3424 1330; x_wconf 85' lang='lat' dir='ltr'><strong>intelligenda</strong></span> <span class='ocrx_word' id='word_1_524' title='bbox 3476 1269 3600 1315; x_wconf 91' lang='lat' dir='ltr'><strong>sunt</strong></span> <span class='ocrx_word' id='word_1_525' title='bbox 3647 1260 3814 1317; x_wconf 85' lang='lat' dir='ltr'><strong>verba</strong></span> 
     </span>
    </p>
   </div>
   <div class='ocr_carea' id='block_1_72' title="bbox 2227 1346 3817 1424">
    <p class='ocr_par' dir='ltr' id='par_1_72' title="bbox 2227 1346 3817 1424">
     <span class='ocr_line' id='line_1_73' title="bbox 2227 1346 3817 1424; baseline 0.006 -23"><span class='ocrx_word' id='word_1_526' title='bbox 2227 1346 2633 1418; x_wconf 85' lang='lat' dir='ltr'><strong>Prophetarum.</strong></span> <span class='ocrx_word' id='word_1_527' title='bbox 2661 1349 2800 1405; x_wconf 82' lang='lat' dir='ltr'><strong>Dixit</strong></span> <span class='ocrx_word' id='word_1_528' title='bbox 2819 1349 3099 1419; x_wconf 83' lang='lat' dir='ltr'><strong>Jeremias,</strong></span> <span class='ocrx_word' id='word_1_529' title='bbox 3128 1352 3263 1419; x_wconf 82' lang='lat' dir='ltr'><strong>Quid</strong></span> <span class='ocrx_word' id='word_1_530' title='bbox 3284 1354 3442 1424; x_wconf 79' lang='lat' dir='ltr'><strong>paleis</strong></span> <span class='ocrx_word' id='word_1_531' title='bbox 3464 1354 3530 1408; x_wconf 89' lang='lat' dir='ltr'><strong>ad</strong></span> <span class='ocrx_word' id='word_1_532' title='bbox 3551 1354 3817 1413; x_wconf 75' lang='lat' dir='ltr'><strong>triticum?</strong></span> 
     </span>
    </p>
   </div>
   <div class='ocr_carea' id='block_1_73' title="bbox 2226 1439 3819 1518">
    <p class='ocr_par' dir='ltr' id='par_1_73' title="bbox 2226 1439 3819 1518">
     <span class='ocr_line' id='line_1_74' title="bbox 2226 1439 3819 1518; baseline 0.009 -26"><span class='ocrx_word' id='word_1_533' title='bbox 2226 1453 2333 1493; x_wconf 92' lang='lat' dir='ltr'><strong>non</strong></span> <span class='ocrx_word' id='word_1_534' title='bbox 2363 1439 2378 1471; x_wconf 81' lang='grc'>¹</span> <span class='ocrx_word' id='word_1_535' title='bbox 2404 1447 2461 1493; x_wconf 85' lang='grc' dir='ltr'><strong>ιιι</strong></span> <span class='ocrx_word' id='word_1_536' title='bbox 2508 1439 2621 1510; x_wconf 68' lang='lat' dir='ltr'><strong>ipse</strong></span> <span class='ocrx_word' id='word_1_537' title='bbox 2660 1441 2939 1498; x_wconf 89' lang='lat' dir='ltr'><strong>recederet</strong></span> <span class='ocrx_word' id='word_1_538' title='bbox 2966 1458 2993 1497; x_wconf 88' lang='lat' dir='ltr'><strong>a</strong></span> <span class='ocrx_word' id='word_1_539' title='bbox 3024 1443 3189 1513; x_wconf 87' lang='lat' dir='ltr'><strong>paleis</strong></span> <span class='ocrx_word' id='word_1_540' title='bbox 3228 1445 3407 1516; x_wconf 83' lang='lat' dir='ltr'><strong>populi</strong></span> <span class='ocrx_word' id='word_1_541' title='bbox 3444 1448 3545 1512; x_wconf 89' lang='lat' dir='ltr'><strong>sui,</strong></span> <span class='ocrx_word' id='word_1_542' title='bbox 3583 1447 3638 1502; x_wconf 93' lang='lat' dir='ltr'><strong>in</strong></span> <span class='ocrx_word' id='word_1_543' title='bbox 3682 1463 3819 1518; x_wconf 76' lang='lat' dir='ltr'><strong>quas</strong></span> 
     </span>
    </p>
   </div>
   <div class='ocr_carea' id='block_1_74' title="bbox 2230 1529 3819 1608">
    <p class='ocr_par' dir='ltr' id='par_1_74' title="bbox 2230 1529 3819 1608">
     <span class='ocr_line' id='line_1_75' title="bbox 2230 1529 3819 1608; baseline 0.007 -23"><span class='ocrx_word' id='word_1_544' title='bbox 2230 1537 2374 1585; x_wconf 87' lang='lat' dir='ltr'><strong>tanta</strong></span> <span class='ocrx_word' id='word_1_545' title='bbox 2397 1530 2484 1586; x_wconf 88' lang='lat' dir='ltr'><strong>illa</strong></span> <span class='ocrx_word' id='word_1_546' title='bbox 2509 1547 2633 1587; x_wconf 87' lang='lat' dir='ltr'><strong>vera</strong></span> <span class='ocrx_word' id='word_1_547' title='bbox 2653 1532 2879 1589; x_wconf 86' lang='lat' dir='ltr'><strong>dicebat.</strong></span> <span class='ocrx_word' id='word_1_548' title='bbox 2908 1534 3057 1590; x_wconf 74' lang='lat' dir='ltr'><strong>Dixit</strong></span> <span class='ocrx_word' id='word_1_549' title='bbox 3076 1534 3255 1603; x_wconf 89' lang='lat' dir='ltr'><strong>Isaias,</strong></span> <span class='ocrx_word' id='word_1_550' title='bbox 3282 1529 3819 1608; x_wconf 73' lang='lat' dir='ltr'><strong>Recedite,&#39;recedite;</strong></span> 
     </span>
    </p>
   </div>
   <div class='ocr_carea' id='block_1_75' title="bbox 2229 1623 3819 1707">
    <p class='ocr_par' dir='ltr' id='par_1_75' title="bbox 2229 1623 3819 1707">
     <span class='ocr_line' id='line_1_76' title="bbox 2229 1623 3819 1707; baseline 0.009 -29"><span class='ocrx_word' id='word_1_551' title='bbox 2229 1623 2360 1679; x_wconf 73' lang='lat' dir='ltr'><strong>exite</strong></span> <span class='ocrx_word' id='word_1_552' title='bbox 2405 1625 2539 1691; x_wconf 83' lang='lat' dir='ltr'><strong>inde,</strong></span> <span class='ocrx_word' id='word_1_553' title='bbox 2592 1635 2639 1680; x_wconf 86' lang='lat' dir='ltr'><strong>et</strong></span> <span class='ocrx_word' id='word_1_554' title='bbox 2683 1626 3001 1682; x_wconf 75' lang='lat' dir='ltr'><strong>immundum</strong></span> <span class='ocrx_word' id='word_1_555' title='bbox 3048 1631 3201 1687; x_wconf 79' lang='lat' dir='ltr'><strong>nolite</strong></span> <span class='ocrx_word' id='word_1_556' title='bbox 3228 1640 3450 1704; x_wconf 76' lang='lat' dir='ltr'><strong>tangere.</strong></span> <span class='ocrx_word' id='word_1_557' title='bbox 3480 1633 3589 1690; x_wconf 91' lang='lat' dir='ltr'><strong>Cur</strong></span> <span class='ocrx_word' id='word_1_558' title='bbox 3618 1635 3733 1707; x_wconf 87' lang='lat' dir='ltr'><strong>ipse</strong></span> <span class='ocrx_word' id='word_1_559' title='bbox 3763 1636 3819 1692; x_wconf 87' lang='lat' dir='ltr'><strong>in</strong></span> 
     </span>
    </p>
   </div>
   <div class='ocr_carea' id='block_1_76' title="bbox 2231 1712 3823 1795">
    <p class='ocr_par' dir='ltr' id='par_1_76' title="bbox 2231 1712 3823 1795">
     <span class='ocr_line' id='line_1_77' title="bbox 2231 1712 3823 1795; baseline 0.009 -27"><span class='ocrx_word' id='word_1_560' title='bbox 2231 1712 2323 1769; x_wconf 92' lang='lat' dir='ltr'><strong>illo</strong></span> <span class='ocrx_word' id='word_1_561' title='bbox 2354 1716 2548 1787; x_wconf 93' lang='lat' dir='ltr'><strong>populo</strong></span> <span class='ocrx_word' id='word_1_562' title='bbox 2587 1715 2973 1774; x_wconf 91' lang='lat' dir='ltr'><strong>immunditiam</strong></span> <span class='ocrx_word' id='word_1_563' title='bbox 3002 1736 3160 1789; x_wconf 89' lang='lat' dir='ltr'><strong>quam</strong></span> <span class='ocrx_word' id='word_1_564' title='bbox 3187 1724 3419 1793; x_wconf 79' lang='lat' dir='ltr'><strong>graviter</strong></span> <span class='ocrx_word' id='word_1_565' title='bbox 3440 1725 3727 1795; x_wconf 78' lang='lat' dir='ltr'><strong>arguebat,</strong></span> <span class='ocrx_word' id='word_1_566' title='bbox 3763 1727 3823 1783; x_wconf 84' lang='lat' dir='ltr'><strong>in</strong></span> 
     </span>
    </p>
   </div>
   <div class='ocr_carea' id='block_1_77' title="bbox 2231 1808 3825 1888">
    <p class='ocr_par' dir='ltr' id='par_1_77' title="bbox 2231 1808 3825 1888">
     <span class='ocr_line' id='line_1_78' title="bbox 2231 1808 3825 1888; baseline 0.008 -27"><span class='ocrx_word' id='word_1_567' title='bbox 2231 1821 2335 1861; x_wconf 88' lang='lat' dir='ltr'><strong>una</strong></span> <span class='ocrx_word' id='word_1_568' title='bbox 2376 1822 2497 1862; x_wconf 92' lang='lat' dir='ltr'><strong>cum</strong></span> <span class='ocrx_word' id='word_1_569' title='bbox 2535 1808 2614 1863; x_wconf 90' lang='lat' dir='ltr'><strong>eis</strong></span> <span class='ocrx_word' id='word_1_570' title='bbox 2652 1811 3062 1882; x_wconf 80' lang='lat' dir='ltr'><strong>congregatione</strong></span> <span class='ocrx_word' id='word_1_571' title='bbox 3094 1814 3372 1884; x_wconf 87' lang='lat' dir='ltr'><strong>tangebat?</strong></span> <span class='ocrx_word' id='word_1_572' title='bbox 3396 1814 3825 1888; x_wconf 77' lang='lat' dir='ltr'><strong>chantquanla</strong></span> 
     </span>
    </p>
   </div>
   <div class='ocr_carea' id='block_1_78' title="bbox 2233 1896 3831 1975">
    <p class='ocr_par' dir='ltr' id='par_1_78' title="bbox 2233 1896 3831 1975">
     <span class='ocr_line' id='line_1_79' title="bbox 2233 1896 3831 1975; baseline 0.009 -24"><span class='ocrx_word' id='word_1_573' title='bbox 2233 1896 2286 1951; x_wconf 92' lang='lat' dir='ltr'><strong>in</strong></span> <span class='ocrx_word' id='word_1_574' title='bbox 2319 1897 2486 1952; x_wconf 91' lang='lat' dir='ltr'><strong>malos</strong></span> <span class='ocrx_word' id='word_1_575' title='bbox 2517 1900 2693 1971; x_wconf 90' lang='lat' dir='ltr'><strong>populi</strong></span> <span class='ocrx_word' id='word_1_576' title='bbox 2722 1901 2824 1968; x_wconf 90' lang='lat' dir='ltr'><strong>sui,</strong></span> <span class='ocrx_word' id='word_1_577' title='bbox 2852 1912 2905 1957; x_wconf 90' lang='lat' dir='ltr'><strong>et</strong></span> <span class='ocrx_word' id='word_1_578' title='bbox 2930 1918 3086 1973; x_wconf 88' lang='lat' dir='ltr'><strong>quam</strong></span> <span class='ocrx_word' id='word_1_579' title='bbox 3110 1905 3451 1963; x_wconf 88' lang='lat' dir='ltr'><strong>vehementer</strong></span> <span class='ocrx_word' id='word_1_580' title='bbox 3473 1921 3538 1963; x_wconf 91' lang='lat' dir='ltr'><strong>ac</strong></span> <span class='ocrx_word' id='word_1_581' title='bbox 3560 1910 3831 1975; x_wconf 28' lang='lat' dir='ltr'><strong>veraciter,</strong></span> 
     </span>
    </p>
   </div>
   <div class='ocr_carea' id='block_1_79' title="bbox 2233 1989 3831 2071">
    <p class='ocr_par' dir='ltr' id='par_1_79' title="bbox 2233 1989 3831 2071">
     <span class='ocr_line' id='line_1_80' title="bbox 2233 1989 3831 2071; baseline 0.008 -25"><span class='ocrx_word' id='word_1_582' title='bbox 2233 1989 2460 2057; x_wconf 79' lang='lat' dir='ltr'><strong>dixerit,</strong></span> <span class='ocrx_word' id='word_1_583' title='bbox 2498 2007 2527 2046; x_wconf 93' lang='lat' dir='ltr'><strong>a</strong></span> <span class='ocrx_word' id='word_1_584' title='bbox 2563 1993 2753 2064; x_wconf 91' lang='lat' dir='ltr'><strong>quibus</strong></span> <span class='ocrx_word' id='word_1_585' title='bbox 2793 2010 2854 2050; x_wconf 92' lang='lat' dir='ltr'><strong>se</strong></span> <span class='ocrx_word' id='word_1_586' title='bbox 2894 2005 3073 2052; x_wconf 87' lang='lat' dir='ltr'><strong>tamen</strong></span> <span class='ocrx_word' id='word_1_587' title='bbox 3121 1999 3264 2054; x_wconf 89' lang='lat' dir='ltr'><strong>nulla</strong></span> <span class='ocrx_word' id='word_1_588' title='bbox 3310 2000 3574 2071; x_wconf 88' lang='lat' dir='ltr'><strong>corporali</strong></span> <span class='ocrx_word' id='word_1_589' title='bbox 3616 2001 3831 2069; x_wconf 41' lang='lat' dir='ltr'><strong>direm:</strong></span> 
     </span>
    </p>
   </div>
   <div class='ocr_carea' id='block_1_80' title="bbox 2236 2081 3832 2153">
    <p class='ocr_par' dir='ltr' id='par_1_80' title="bbox 2236 2081 3832 2153">
     <span class='ocr_line' id='line_1_81' title="bbox 2236 2081 3832 2153; baseline 0.009 -17"><span class='ocrx_word' id='word_1_590' title='bbox 2236 2081 2416 2152; x_wconf 90' lang='lat' dir='ltr'><strong>ptione</strong></span> <span class='ocrx_word' id='word_1_591' title='bbox 2437 2083 2457 2114; x_wconf 75' lang='grc'>³</span> <span class='ocrx_word' id='word_1_592' title='bbox 2479 2084 2821 2153; x_wconf 84' lang='lat' dir='ltr'><strong>separaverit.</strong></span> <span class='ocrx_word' id='word_1_593' title='bbox 2848 2085 2988 2142; x_wconf 80' lang='lat' dir='ltr'><strong>Dixit</strong></span> <span class='ocrx_word' id='word_1_594' title='bbox 3010 2088 3173 2144; x_wconf 86' lang='lat' dir='ltr'><strong>David</strong></span> <span class='ocrx_word' id='word_1_595' title='bbox 3197 2108 3212 2144; x_wconf 89' lang='lat'><strong>:</strong></span> <span class='ocrx_word' id='word_1_596' title='bbox 3239 2088 3361 2145; x_wconf 86' lang='lat' dir='ltr'><strong>Non</strong></span> <span class='ocrx_word' id='word_1_597' title='bbox 3390 2092 3499 2146; x_wconf 80' lang='lat' dir='ltr'><strong>sedi</strong></span> <span class='ocrx_word' id='word_1_598' title='bbox 3524 2108 3639 2147; x_wconf 85' lang='lat' dir='ltr'><strong>cum</strong></span> <span class='ocrx_word' id='word_1_599' title='bbox 3660 2094 3832 2151; x_wconf 44' lang='lat' dir='ltr'><strong>contis</strong></span> 
     </span>
    </p>
   </div>
   <div class='ocr_carea' id='block_1_81' title="bbox 2235 2173 3825 2248">
    <p class='ocr_par' dir='ltr' id='par_1_81' title="bbox 2235 2173 3825 2248">
     <span class='ocr_line' id='line_1_82' title="bbox 2235 2173 3825 2248; baseline 0.008 -21"><span class='ocrx_word' id='word_1_600' title='bbox 2235 2173 2306 2228; x_wconf 86' lang='lat' dir='ltr'><strong>lio</strong></span> <span class='ocrx_word' id='word_1_601' title='bbox 2329 2174 2583 2240; x_wconf 77' lang='lat' dir='ltr'><strong>vanitatis,</strong></span> <span class='ocrx_word' id='word_1_602' title='bbox 2616 2184 2661 2229; x_wconf 78' lang='lat' dir='ltr'><strong>et</strong></span> <span class='ocrx_word' id='word_1_603' title='bbox 2689 2192 2802 2229; x_wconf 83' lang='lat' dir='ltr'><strong>cum</strong></span> <span class='ocrx_word' id='word_1_604' title='bbox 2829 2177 3128 2248; x_wconf 76' lang='lat' dir='ltr'><strong>facinorosis</strong></span> <span class='ocrx_word' id='word_1_605' title='bbox 3162 2196 3264 2235; x_wconf 86' lang='lat' dir='ltr'><strong>non</strong></span> <span class='ocrx_word' id='word_1_606' title='bbox 3301 2181 3514 2237; x_wconf 79' lang='grc' dir='ltr'><strong>ἰηινοὶὸο</strong></span> <span class='ocrx_word' id='word_1_607' title='bbox 3537 2198 3556 2238; x_wconf 92' lang='lat'><strong><em>:</em></strong></span> <span class='ocrx_word' id='word_1_608' title='bbox 3581 2184 3699 2238; x_wconf 83' lang='lat' dir='ltr'><strong>adio</strong></span> <span class='ocrx_word' id='word_1_609' title='bbox 3723 2184 3825 2239; x_wconf 74' lang='lat' dir='ltr'><strong>Ita-</strong></span> 
     </span>
    </p>
   </div>
   <div class='ocr_carea' id='block_1_82' title="bbox 2236 2262 3826 2345">
    <p class='ocr_par' dir='ltr' id='par_1_82' title="bbox 2236 2262 3826 2345">
     <span class='ocr_line' id='line_1_83' title="bbox 2236 2262 3826 2345; baseline 0.01 -28"><span class='ocrx_word' id='word_1_610' title='bbox 2236 2262 2321 2318; x_wconf 87' lang='lat' dir='ltr'><strong>bui</strong></span> <span class='ocrx_word' id='word_1_611' title='bbox 2364 2265 2556 2319; x_wconf 82' lang='lat' dir='ltr'><strong>curiam</strong></span> <span class='ocrx_word' id='word_1_612' title='bbox 2597 2268 3035 2337; x_wconf 75' lang='lat' dir='ltr'><strong>nequissimorum,</strong></span> <span class='ocrx_word' id='word_1_613' title='bbox 3074 2278 3121 2324; x_wconf 88' lang='lat' dir='ltr'><strong>et</strong></span> <span class='ocrx_word' id='word_1_614' title='bbox 3155 2288 3268 2326; x_wconf 85' lang='lat' dir='ltr'><strong>cum</strong></span> <span class='ocrx_word' id='word_1_615' title='bbox 3306 2273 3477 2345; x_wconf 74' lang='lat' dir='ltr'><strong>impiis</strong></span> <span class='ocrx_word' id='word_1_616' title='bbox 3509 2292 3612 2330; x_wconf 85' lang='lat' dir='ltr'><strong>non</strong></span> <span class='ocrx_word' id='word_1_617' title='bbox 3642 2275 3826 2332; x_wconf 76' lang='lat' dir='ltr'><strong>sedebo</strong></span> 
     </span>
    </p>
   </div>
   <div class='ocr_carea' id='block_1_83' title="bbox 2238 2353 3828 2438">
    <p class='ocr_par' dir='ltr' id='par_1_83' title="bbox 2238 2353 3828 2438">
     <span class='ocr_line' id='line_1_84' title="bbox 2238 2353 3828 2438; baseline 0.01 -29"><span class='ocrx_word' id='word_1_618' title='bbox 2238 2353 2408 2430; x_wconf 81' lang='lat' dir='ltr'><strong>(Psal.</strong></span> <span class='ocrx_word' id='word_1_619' title='bbox 2434 2374 2562 2425; x_wconf 81' lang='lat' dir='ltr'><strong>xxv,</strong></span> <span class='ocrx_word' id='word_1_620' title='bbox 2589 2360 2642 2426; x_wconf 77' lang='grc'><strong>4,</strong></span> <span class='ocrx_word' id='word_1_621' title='bbox 2666 2358 2743 2432; x_wconf 86' lang='grc'><strong>5).</strong></span> <span class='ocrx_word' id='word_1_622' title='bbox 2764 2359 2969 2431; x_wconf 83' lang='lat' dir='ltr'><strong>chant</strong></span> <span class='ocrx_word' id='word_1_623' title='bbox 2996 2362 3180 2432; x_wconf 84' lang='lat' dir='ltr'><strong>quales</strong></span> <span class='ocrx_word' id='word_1_624' title='bbox 3209 2364 3323 2435; x_wconf 87' lang='lat' dir='ltr'><strong>ipse</strong></span> <span class='ocrx_word' id='word_1_625' title='bbox 3352 2367 3685 2438; x_wconf 88' lang='lat' dir='ltr'><strong>temporibus</strong></span> <span class='ocrx_word' id='word_1_626' title='bbox 3712 2368 3828 2425; x_wconf 88' lang='lat' dir='ltr'><strong>suis</strong></span> 
     </span>
    </p>
   </div>
   <div class='ocr_carea' id='block_1_84' title="bbox 2241 2448 3828 2529">
    <p class='ocr_par' dir='ltr' id='par_1_84' title="bbox 2241 2448 3828 2529">
     <span class='ocr_line' id='line_1_85' title="bbox 2241 2448 3828 2529; baseline 0.008 -27"><span class='ocrx_word' id='word_1_627' title='bbox 2241 2448 2292 2503; x_wconf 94' lang='lat' dir='ltr'><strong>in</strong></span> <span class='ocrx_word' id='word_1_628' title='bbox 2318 2449 2407 2504; x_wconf 93' lang='lat' dir='ltr'><strong>illo</strong></span> <span class='ocrx_word' id='word_1_629' title='bbox 2436 2451 2627 2521; x_wconf 88' lang='lat' dir='ltr'><strong>populo</strong></span> <span class='ocrx_word' id='word_1_630' title='bbox 2655 2451 2935 2521; x_wconf 88' lang='lat' dir='ltr'><strong>toleravit;</strong></span> <span class='ocrx_word' id='word_1_631' title='bbox 2963 2454 3054 2524; x_wconf 89' lang='lat' dir='ltr'><strong>qui</strong></span> <span class='ocrx_word' id='word_1_632' title='bbox 3086 2455 3350 2513; x_wconf 90' lang='lat' dir='ltr'><strong>unctionis</strong></span> <span class='ocrx_word' id='word_1_633' title='bbox 3389 2458 3616 2529; x_wconf 79' lang='lat' dir='ltr'><strong>mystico</strong></span> <span class='ocrx_word' id='word_1_634' title='bbox 3640 2472 3828 2514; x_wconf 82' lang='lat' dir='ltr'><strong>sacra-</strong></span> 
     </span>
    </p>
   </div>
   <div class='ocr_carea' id='block_1_85' title="bbox 2238 2542 3829 2616">
    <p class='ocr_par' dir='ltr' id='par_1_85' title="bbox 2238 2542 3829 2616">
     <span class='ocr_line' id='line_1_86' title="bbox 2238 2542 3829 2616; baseline 0.008 -20"><span class='ocrx_word' id='word_1_635' title='bbox 2238 2550 2418 2597; x_wconf 90' lang='lat' dir='ltr'><strong>mento</strong></span> <span class='ocrx_word' id='word_1_636' title='bbox 2445 2552 2647 2599; x_wconf 88' lang='lat' dir='ltr'><strong>tantum</strong></span> <span class='ocrx_word' id='word_1_637' title='bbox 2681 2542 2940 2601; x_wconf 88' lang='lat' dir='ltr'><strong>honorem</strong></span> <span class='ocrx_word' id='word_1_638' title='bbox 2975 2546 3185 2616; x_wconf 89' lang='lat' dir='ltr'><strong>detulit,</strong></span> <span class='ocrx_word' id='word_1_639' title='bbox 3214 2558 3270 2604; x_wconf 93' lang='lat' dir='ltr'><strong>ut</strong></span> <span class='ocrx_word' id='word_1_640' title='bbox 3298 2548 3349 2604; x_wconf 92' lang='lat' dir='ltr'><strong>id</strong></span> <span class='ocrx_word' id='word_1_641' title='bbox 3380 2564 3482 2605; x_wconf 90' lang='lat' dir='ltr'><strong>nec</strong></span> <span class='ocrx_word' id='word_1_642' title='bbox 3511 2551 3564 2606; x_wconf 92' lang='lat' dir='ltr'><strong>in</strong></span> <span class='ocrx_word' id='word_1_643' title='bbox 3592 2551 3829 2608; x_wconf 82' lang='lat' dir='ltr'><strong>scelera-</strong></span> 
     </span>
    </p>
   </div>
   <div class='ocr_carea' id='block_1_86' title="bbox 2239 2632 3825 2712">
    <p class='ocr_par' dir='ltr' id='par_1_86' title="bbox 2239 2632 3825 2712">
     <span class='ocr_line' id='line_1_87' title="bbox 2239 2632 3825 2712; baseline 0.005 -22"><span class='ocrx_word' id='word_1_644' title='bbox 2239 2635 2444 2690; x_wconf 89' lang='lat' dir='ltr'><strong>tissimo</strong></span> <span class='ocrx_word' id='word_1_645' title='bbox 2470 2632 2629 2692; x_wconf 73' lang='lat' dir='ltr'><strong>Same</strong></span> <span class='ocrx_word' id='word_1_646' title='bbox 2656 2645 3057 2705; x_wconf 89' lang='lat' dir='ltr'><strong>contemneret;</strong></span> <span class='ocrx_word' id='word_1_647' title='bbox 3086 2639 3193 2694; x_wconf 92' lang='lat' dir='ltr'><strong>imo</strong></span> <span class='ocrx_word' id='word_1_648' title='bbox 3225 2649 3427 2697; x_wconf 92' lang='lat' dir='ltr'><strong>tantum</strong></span> <span class='ocrx_word' id='word_1_649' title='bbox 3458 2654 3825 2712; x_wconf 84' lang='lat' dir='ltr'><strong>veneraretur,</strong></span> 
     </span>
    </p>
   </div>
   <div class='ocr_carea' id='block_1_87' title="bbox 2239 2727 3831 2802">
    <p class='ocr_par' dir='ltr' id='par_1_87' title="bbox 2239 2727 3831 2802">
     <span class='ocr_line' id='line_1_88' title="bbox 2239 2727 3831 2802; baseline 0.01 -24"><span class='ocrx_word' id='word_1_650' title='bbox 2239 2734 2298 2780; x_wconf 94' lang='lat' dir='ltr'><strong>ut</strong></span> <span class='ocrx_word' id='word_1_651' title='bbox 2317 2727 2544 2797; x_wconf 84' lang='lat' dir='ltr'><strong>amplius</strong></span> <span class='ocrx_word' id='word_1_652' title='bbox 2563 2729 2781 2784; x_wconf 91' lang='lat' dir='ltr'><strong>omnino</strong></span> <span class='ocrx_word' id='word_1_653' title='bbox 2805 2746 2909 2785; x_wconf 92' lang='lat' dir='ltr'><strong>non</strong></span> <span class='ocrx_word' id='word_1_654' title='bbox 2939 2742 3137 2802; x_wconf 87' lang='lat' dir='ltr'><strong>posset.</strong></span> <span class='ocrx_word' id='word_1_655' title='bbox 3160 2732 3368 2798; x_wconf 85' lang='lat' dir='ltr'><strong>Nonne,</strong></span> <span class='ocrx_word' id='word_1_656' title='bbox 3389 2735 3434 2790; x_wconf 89' lang='lat' dir='ltr'><strong>si</strong></span> <span class='ocrx_word' id='word_1_657' title='bbox 3454 2752 3638 2792; x_wconf 88' lang='lat' dir='ltr'><strong>eorum</strong></span> <span class='ocrx_word' id='word_1_658' title='bbox 3663 2738 3831 2794; x_wconf 78' lang='lat' dir='ltr'><strong>verba</strong></span> 
     </span>
    </p>
   </div>
   <div class='ocr_carea' id='block_1_88' title="bbox 2241 2816 3829 2896">
    <p class='ocr_par' dir='ltr' id='par_1_88' title="bbox 2241 2816 3829 2896">
     <span class='ocr_line' id='line_1_89' title="bbox 2241 2816 3829 2896; baseline 0.011 -26"><span class='ocrx_word' id='word_1_659' title='bbox 2241 2816 2392 2873; x_wconf 88' lang='lat' dir='ltr'><strong>factis</strong></span> <span class='ocrx_word' id='word_1_660' title='bbox 2430 2833 2616 2873; x_wconf 89' lang='lat' dir='ltr'><strong>eorum</strong></span> <span class='ocrx_word' id='word_1_661' title='bbox 2658 2820 3048 2892; x_wconf 88' lang='lat' dir='ltr'><strong>objiceremus,</strong></span> <span class='ocrx_word' id='word_1_662' title='bbox 3090 2828 3473 2896; x_wconf 76' lang='lat' dir='ltr'><strong>reSpondercnt</strong></span> <span class='ocrx_word' id='word_1_663' title='bbox 3501 2830 3829 2887; x_wconf 75' lang='lat' dir='ltr'><strong>iiobis:Nos</strong></span> 
     </span>
    </p>
   </div>
   <div class='ocr_carea' id='block_1_89' title="bbox 2240 2910 3798 2981">
    <p class='ocr_par' dir='ltr' id='par_1_89' title="bbox 2240 2910 3798 2981">
     <span class='ocr_line' id='line_1_90' title="bbox 2240 2910 3798 2981; baseline 0.011 -18"><span class='ocrx_word' id='word_1_664' title='bbox 2240 2910 2398 2981; x_wconf 86' lang='lat' dir='ltr'><strong>plane</strong></span> <span class='ocrx_word' id='word_1_665' title='bbox 2428 2927 2550 2967; x_wconf 92' lang='lat' dir='ltr'><strong>cum</strong></span> <span class='ocrx_word' id='word_1_666' title='bbox 2586 2913 2779 2970; x_wconf 89' lang='lat' dir='ltr'><strong>talibus</strong></span> <span class='ocrx_word' id='word_1_667' title='bbox 2809 2916 3011 2972; x_wconf 89' lang='lat' dir='ltr'><strong>nullum</strong></span> <span class='ocrx_word' id='word_1_668' title='bbox 3038 2917 3323 2976; x_wconf 82' lang='lat' dir='ltr'><strong>habuimus</strong></span> <span class='ocrx_word' id='word_1_669' title='bbox 3345 2922 3397 2976; x_wconf 91' lang='lat' dir='ltr'><strong>in</strong></span> <span class='ocrx_word' id='word_1_670' title='bbox 3424 2923 3583 2979; x_wconf 88' lang='lat' dir='ltr'><strong>corde</strong></span> <span class='ocrx_word' id='word_1_671' title='bbox 3602 2939 3798 2980; x_wconf 85' lang='lat' dir='ltr'><strong>censor</strong></span> 
     </span>
    </p>
   </div>
   <div class='ocr_carea' id='block_1_90' title="bbox 2243 3002 3831 3084">
    <p class='ocr_par' dir='ltr' id='par_1_90' title="bbox 2243 3002 3831 3084">
     <span class='ocr_line' id='line_1_91' title="bbox 2243 3002 3831 3084; baseline 0.011 -30"><span class='ocrx_word' id='word_1_672' title='bbox 2243 3002 2392 3067; x_wconf 89' lang='lat' dir='ltr'><strong>tium,</strong></span> <span class='ocrx_word' id='word_1_673' title='bbox 2435 3018 2535 3059; x_wconf 91' lang='lat' dir='ltr'><strong>nec</strong></span> <span class='ocrx_word' id='word_1_674' title='bbox 2580 3006 2921 3075; x_wconf 84' lang='lat' dir='ltr'><strong>tangebamus</strong></span> <span class='ocrx_word' id='word_1_675' title='bbox 2965 3008 3294 3067; x_wconf 90' lang='lat' dir='ltr'><strong>immundum</strong></span> <span class='ocrx_word' id='word_1_676' title='bbox 3340 3012 3427 3068; x_wconf 91' lang='lat' dir='ltr'><strong>ubi</strong></span> <span class='ocrx_word' id='word_1_677' title='bbox 3468 3026 3641 3084; x_wconf 78' lang='lat' dir='ltr'><strong>potest</strong></span> <span class='ocrx_word' id='word_1_678' title='bbox 3678 3019 3831 3072; x_wconf 84' lang='lat' dir='ltr'><strong>cuiu-</strong></span> 
     </span>
    </p>
   </div>
   <div class='ocr_carea' id='block_1_91' title="bbox 2239 3096 3833 3180">
    <p class='ocr_par' dir='ltr' id='par_1_91' title="bbox 2239 3096 3833 3180">
     <span class='ocr_line' id='line_1_92' title="bbox 2239 3096 3833 3180; baseline 0.012 -32"><span class='ocrx_word' id='word_1_679' title='bbox 2239 3096 2448 3166; x_wconf 90' lang='lat' dir='ltr'><strong>quinari</strong></span> <span class='ocrx_word' id='word_1_680' title='bbox 2478 3107 2787 3166; x_wconf 86' lang='lat' dir='ltr'><strong>contactus;</strong></span> <span class='ocrx_word' id='word_1_681' title='bbox 2820 3100 2872 3155; x_wconf 92' lang='lat' dir='ltr'><strong>id</strong></span> <span class='ocrx_word' id='word_1_682' title='bbox 2903 3111 3000 3169; x_wconf 86' lang='lat' dir='ltr'><strong>cst,</strong></span> <span class='ocrx_word' id='word_1_683' title='bbox 3045 3107 3397 3162; x_wconf 85' lang='lat' dir='ltr'><strong>consensione</strong></span> <span class='ocrx_word' id='word_1_684' title='bbox 3435 3117 3595 3179; x_wconf 89' lang='lat' dir='ltr'><strong>atque</strong></span> <span class='ocrx_word' id='word_1_685' title='bbox 3633 3110 3833 3180; x_wconf 87' lang='lat' dir='ltr'><strong>placito</strong></span> 
     </span>
    </p>
   </div>
   <div class='ocr_carea' id='block_1_92' title="bbox 2239 3190 3830 3276">
    <p class='ocr_par' dir='ltr' id='par_1_92' title="bbox 2239 3190 3830 3276">
     <span class='ocr_line' id='line_1_93' title="bbox 2239 3190 3830 3276; baseline 0.011 -33"><span class='ocrx_word' id='word_1_686' title='bbox 2239 3190 2580 3248; x_wconf 73' lang='lat' dir='ltr'><strong>conscientia:</strong></span> <span class='ocrx_word' id='word_1_687' title='bbox 2626 3193 3027 3265; x_wconf 87' lang='lat' dir='ltr'><strong>recedebamus,</strong></span> <span class='ocrx_word' id='word_1_688' title='bbox 3071 3207 3127 3254; x_wconf 91' lang='lat' dir='ltr'><strong>et</strong></span> <span class='ocrx_word' id='word_1_689' title='bbox 3173 3200 3469 3268; x_wconf 79' lang='lat' dir='ltr'><strong>exibamus,</strong></span> <span class='ocrx_word' id='word_1_690' title='bbox 3502 3203 3568 3258; x_wconf 89' lang='lat' dir='ltr'><strong>ab</strong></span> <span class='ocrx_word' id='word_1_691' title='bbox 3605 3205 3703 3272; x_wconf 86' lang='lat' dir='ltr'><strong>eis,</strong></span> <span class='ocrx_word' id='word_1_692' title='bbox 3735 3206 3830 3276; x_wconf 89' lang='lat' dir='ltr'><strong>qui</strong></span> 
     </span>
    </p>
   </div>
   <div class='ocr_carea' id='block_1_93' title="bbox 2240 3282 3832 3358">
    <p class='ocr_par' dir='ltr' id='par_1_93' title="bbox 2240 3282 3832 3358">
     <span class='ocr_line' id='line_1_94' title="bbox 2240 3282 3832 3358; baseline 0.011 -22"><span class='ocrx_word' id='word_1_693' title='bbox 2240 3296 2347 3336; x_wconf 85' lang='lat' dir='ltr'><strong>non</strong></span> <span class='ocrx_word' id='word_1_694' title='bbox 2376 3282 2549 3337; x_wconf 87' lang='lat' dir='ltr'><strong>solum</strong></span> <span class='ocrx_word' id='word_1_695' title='bbox 2587 3284 2709 3338; x_wconf 90' lang='lat' dir='ltr'><strong>talia</strong></span> <span class='ocrx_word' id='word_1_696' title='bbox 2744 3301 2849 3340; x_wconf 93' lang='lat' dir='ltr'><strong>non</strong></span> <span class='ocrx_word' id='word_1_697' title='bbox 2890 3286 3234 3358; x_wconf 83' lang='lat' dir='ltr'><strong>faciebamus,</strong></span> <span class='ocrx_word' id='word_1_698' title='bbox 3264 3291 3361 3348; x_wconf 87' lang='lat' dir='ltr'><strong>sed</strong></span> <span class='ocrx_word' id='word_1_699' title='bbox 3389 3308 3489 3348; x_wconf 90' lang='lat' dir='ltr'><strong>nec</strong></span> <span class='ocrx_word' id='word_1_700' title='bbox 3513 3293 3832 3353; x_wconf 86' lang='lat' dir='ltr'><strong>facientibus</strong></span> 
     </span>
    </p>
   </div>
   <div class='ocr_carea' id='block_1_94' title="bbox 2242 3374 3830 3457">
    <p class='ocr_par' dir='ltr' id='par_1_94' title="bbox 2242 3374 3830 3457">
     <span class='ocr_line' id='line_1_95' title="bbox 2242 3374 3830 3457; baseline 0.011 -30"><span class='ocrx_word' id='word_1_701' title='bbox 2242 3374 2588 3430; x_wconf 89' lang='lat' dir='ltr'><strong>tacebamus?</strong></span> <span class='ocrx_word' id='word_1_702' title='bbox 2613 3376 2705 3433; x_wconf 76' lang='lat' dir='ltr'><strong>Isti</strong></span> <span class='ocrx_word' id='word_1_703' title='bbox 2743 3388 2937 3435; x_wconf 83' lang='lat' dir='ltr'><strong>autem.</strong></span> <span class='ocrx_word' id='word_1_704' title='bbox 2954 3381 3189 3438; x_wconf 90' lang='lat' dir='ltr'><strong>seditiosi</strong></span> <span class='ocrx_word' id='word_1_705' title='bbox 3216 3393 3271 3440; x_wconf 88' lang='lat' dir='ltr'><strong>et</strong></span> <span class='ocrx_word' id='word_1_706' title='bbox 3296 3384 3489 3449; x_wconf 88' lang='lat' dir='ltr'><strong>insani,</strong></span> <span class='ocrx_word' id='word_1_707' title='bbox 3519 3386 3608 3457; x_wconf 90' lang='lat' dir='ltr'><strong>qui</strong></span> <span class='ocrx_word' id='word_1_708' title='bbox 3636 3387 3830 3444; x_wconf 86' lang='lat' dir='ltr'><strong>defen-</strong></span> 
     </span>
    </p>
   </div>
   <div class='ocr_carea' id='block_1_95' title="bbox 2240 3462 3830 3551">
    <p class='ocr_par' dir='ltr' id='par_1_95' title="bbox 2240 3462 3830 3551">
     <span class='ocr_line' id='line_1_96' title="bbox 2240 3462 3830 3551; baseline 0.011 -29"><span class='ocrx_word' id='word_1_709' title='bbox 2240 3468 2445 3523; x_wconf 87' lang='lat' dir='ltr'><strong>sionem</strong></span> <span class='ocrx_word' id='word_1_710' title='bbox 2471 3462 2799 3541; x_wconf 71' lang='lat' dir='ltr'><strong>praccisionis</strong></span> <span class='ocrx_word' id='word_1_711' title='bbox 2827 3488 2938 3529; x_wconf 83' lang='lat' dir='ltr'><strong>suae</strong></span> <span class='ocrx_word' id='word_1_712' title='bbox 2966 3486 3209 3545; x_wconf 55' lang='lat' dir='ltr'><strong>quaerunt</strong></span> <span class='ocrx_word' id='word_1_713' title='bbox 3238 3492 3304 3533; x_wconf 80' lang='lat' dir='ltr'><strong>ex</strong></span> <span class='ocrx_word' id='word_1_714' title='bbox 3331 3479 3561 3536; x_wconf 81' lang='lat' dir='ltr'><strong>oraculis</strong></span> <span class='ocrx_word' id='word_1_715' title='bbox 3584 3481 3830 3551; x_wconf 82' lang='lat' dir='ltr'><strong>Prophe-</strong></span> 
     </span>
    </p>
   </div>
   <div class='ocr_carea' id='block_1_96' title="bbox 2243 3565 3831 3643">
    <p class='ocr_par' dir='ltr' id='par_1_96' title="bbox 2243 3565 3831 3643">
     <span class='ocr_line' id='line_1_97' title="bbox 2243 3565 3831 3643; baseline 0.013 -32"><span class='ocrx_word' id='word_1_716' title='bbox 2243 3567 2436 3625; x_wconf 89' lang='lat' dir='ltr'><strong>tarum,</strong></span> <span class='ocrx_word' id='word_1_717' title='bbox 2478 3574 2727 3631; x_wconf 83' lang='lat' dir='ltr'><strong>superest</strong></span> <span class='ocrx_word' id='word_1_718' title='bbox 2767 3572 2827 3619; x_wconf 91' lang='lat' dir='ltr'><strong>ut</strong></span> <span class='ocrx_word' id='word_1_719' title='bbox 2870 3565 3140 3635; x_wconf 88' lang='lat' dir='ltr'><strong>impietate</strong></span> <span class='ocrx_word' id='word_1_720' title='bbox 3171 3583 3366 3625; x_wconf 83' lang='lat' dir='ltr'><strong>vesana</strong></span> <span class='ocrx_word' id='word_1_721' title='bbox 3396 3570 3465 3625; x_wconf 89' lang='lat' dir='ltr'><strong>de</strong></span> <span class='ocrx_word' id='word_1_722' title='bbox 3494 3568 3669 3630; x_wconf 76' lang='lat' dir='ltr'><strong>verbis</strong></span> <span class='ocrx_word' id='word_1_723' title='bbox 3700 3589 3831 3643; x_wconf 83' lang='lat' dir='ltr'><strong>pro-</strong></span> 
     </span>
    </p>
   </div>
   <div class='ocr_carea' id='block_1_97' title="bbox 2241 3649 3827 3727">
    <p class='ocr_par' dir='ltr' id='par_1_97' title="bbox 2241 3649 3827 3727">
     <span class='ocr_line' id='line_1_98' title="bbox 2241 3649 3827 3727; baseline 0.009 -22"><span class='ocrx_word' id='word_1_724' title='bbox 2241 3649 2467 3720; x_wconf 88' lang='lat' dir='ltr'><strong>pheticis</strong></span> <span class='ocrx_word' id='word_1_725' title='bbox 2492 3667 2673 3709; x_wconf 89' lang='lat' dir='ltr'><strong>mores</strong></span> <span class='ocrx_word' id='word_1_726' title='bbox 2698 3667 2921 3725; x_wconf 88' lang='lat' dir='ltr'><strong>arguant</strong></span> <span class='ocrx_word' id='word_1_727' title='bbox 2948 3656 3353 3727; x_wconf 82' lang='lat' dir='ltr'><strong>Prophetarum.</strong></span> <span class='ocrx_word' id='word_1_728' title='bbox 3382 3661 3466 3716; x_wconf 83' lang='lat' dir='ltr'><strong>An</strong></span> <span class='ocrx_word' id='word_1_729' title='bbox 3497 3660 3599 3717; x_wconf 94' lang='lat' dir='ltr'><strong>hoc</strong></span> <span class='ocrx_word' id='word_1_730' title='bbox 3632 3664 3827 3720; x_wconf 90' lang='lat' dir='ltr'><strong>dicturi</strong></span> 
     </span>
    </p>
   </div>
   <div class='ocr_carea' id='block_1_98' title="bbox 2241 3745 3831 3823">
    <p class='ocr_par' dir='ltr' id='par_1_98' title="bbox 2241 3745 3831 3823">
     <span class='ocr_line' id='line_1_99' title="bbox 2241 3745 3831 3823; baseline 0.011 -28"><span class='ocrx_word' id='word_1_731' title='bbox 2241 3750 2384 3809; x_wconf 85' lang='lat' dir='ltr'><strong>sunt,</strong></span> <span class='ocrx_word' id='word_1_732' title='bbox 2425 3745 2566 3813; x_wconf 91' lang='lat' dir='ltr'><strong>quod</strong></span> <span class='ocrx_word' id='word_1_733' title='bbox 2613 3745 2720 3800; x_wconf 90' lang='lat' dir='ltr'><strong>illis</strong></span> <span class='ocrx_word' id='word_1_734' title='bbox 2765 3749 3089 3817; x_wconf 86' lang='lat' dir='ltr'><strong>temporibus</strong></span> <span class='ocrx_word' id='word_1_735' title='bbox 3131 3751 3386 3808; x_wconf 86' lang='lat' dir='ltr'><strong>recedere</strong></span> <span class='ocrx_word' id='word_1_736' title='bbox 3420 3752 3580 3823; x_wconf 88' lang='lat' dir='ltr'><strong>justis</strong></span> <span class='ocrx_word' id='word_1_737' title='bbox 3617 3769 3645 3808; x_wconf 84' lang='lat' dir='ltr'><strong>a</strong></span> <span class='ocrx_word' id='word_1_738' title='bbox 3688 3758 3831 3813; x_wconf 85' lang='lat' dir='ltr'><strong>malo</strong></span> 
     </span>
    </p>
   </div>
   <div class='ocr_carea' id='block_1_99' title="bbox 2241 3834 3831 3915">
    <p class='ocr_par' dir='ltr' id='par_1_99' title="bbox 2241 3834 3831 3915">
     <span class='ocr_line' id='line_1_100' title="bbox 2241 3834 3831 3915; baseline 0.013 -30"><span class='ocrx_word' id='word_1_739' title='bbox 2241 3834 2439 3904; x_wconf 91' lang='lat' dir='ltr'><strong>populo</strong></span> <span class='ocrx_word' id='word_1_740' title='bbox 2467 3851 2572 3890; x_wconf 90' lang='lat' dir='ltr'><strong>non</strong></span> <span class='ocrx_word' id='word_1_741' title='bbox 2602 3837 2814 3904; x_wconf 86' lang='lat' dir='ltr'><strong>licebat,</strong></span> <span class='ocrx_word' id='word_1_742' title='bbox 2849 3840 2963 3896; x_wconf 85' lang='lat' dir='ltr'><strong>istis</strong></span> <span class='ocrx_word' id='word_1_743' title='bbox 2987 3856 3115 3896; x_wconf 87' lang='lat' dir='ltr'><strong>vero</strong></span> <span class='ocrx_word' id='word_1_744' title='bbox 3144 3844 3476 3914; x_wconf 74' lang='lat' dir='ltr'><strong>temporibus</strong></span> <span class='ocrx_word' id='word_1_745' title='bbox 3501 3845 3663 3901; x_wconf 78' lang='lat' dir='ltr'><strong>licet?</strong></span> <span class='ocrx_word' id='word_1_746' title='bbox 3690 3848 3831 3915; x_wconf 76' lang='lat' dir='ltr'><strong>Quid</strong></span> 
     </span>
    </p>
   </div>
   <div class='ocr_carea' id='block_1_100' title="bbox 2241 3925 3831 4009">
    <p class='ocr_par' dir='ltr' id='par_1_100' title="bbox 2241 3925 3831 4009">
     <span class='ocr_line' id='line_1_101' title="bbox 2241 3925 3831 4009; baseline 0.007 -27"><span class='ocrx_word' id='word_1_747' title='bbox 2241 3925 2345 3983; x_wconf 90' lang='lat' dir='ltr'><strong>dici</strong></span> <span class='ocrx_word' id='word_1_748' title='bbox 2378 3931 2677 3999; x_wconf 84' lang='lat' dir='ltr'><strong>perversius</strong></span> <span class='ocrx_word' id='word_1_749' title='bbox 2708 3943 2914 4001; x_wconf 84' lang='lat' dir='ltr'><strong>potest,</strong></span> <span class='ocrx_word' id='word_1_750' title='bbox 2945 3934 3034 3989; x_wconf 93' lang='lat' dir='ltr'><strong>illo</strong></span> <span class='ocrx_word' id='word_1_751' title='bbox 3062 3943 3303 4005; x_wconf 87' lang='lat' dir='ltr'><strong>tempore</strong></span> <span class='ocrx_word' id='word_1_752' title='bbox 3332 3953 3437 3994; x_wconf 90' lang='lat' dir='ltr'><strong>non</strong></span> <span class='ocrx_word' id='word_1_753' title='bbox 3467 3941 3705 4009; x_wconf 84' lang='lat' dir='ltr'><strong>potuisse</strong></span> <span class='ocrx_word' id='word_1_754' title='bbox 3736 3942 3831 3996; x_wconf 73' lang='lat' dir='ltr'><strong>bu-</strong></span> 
     </span>
    </p>
   </div>
   <div class='ocr_carea' id='block_1_101' title="bbox 2242 4023 3829 4100">
    <p class='ocr_par' dir='ltr' id='par_1_101' title="bbox 2242 4023 3829 4100">
     <span class='ocr_line' id='line_1_102' title="bbox 2242 4023 3829 4100; baseline 0.009 -25"><span class='ocrx_word' id='word_1_755' title='bbox 2242 4036 2342 4076; x_wconf 90' lang='lat' dir='ltr'><strong>nos</strong></span> <span class='ocrx_word' id='word_1_756' title='bbox 2366 4036 2396 4076; x_wconf 90' lang='lat' dir='ltr'><strong>a</strong></span> <span class='ocrx_word' id='word_1_757' title='bbox 2424 4023 2577 4077; x_wconf 90' lang='lat' dir='ltr'><strong>malis</strong></span> <span class='ocrx_word' id='word_1_758' title='bbox 2613 4025 2961 4094; x_wconf 84' lang='lat' dir='ltr'><strong>corporaliter</strong></span> <span class='ocrx_word' id='word_1_759' title='bbox 2999 4028 3256 4097; x_wconf 86' lang='lat' dir='ltr'><strong>separari,</strong></span> <span class='ocrx_word' id='word_1_760' title='bbox 3291 4030 3506 4100; x_wconf 88' lang='lat' dir='ltr'><strong>quando</strong></span> <span class='ocrx_word' id='word_1_761' title='bbox 3543 4032 3710 4087; x_wconf 87' lang='lat' dir='ltr'><strong>multa</strong></span> <span class='ocrx_word' id='word_1_762' title='bbox 3738 4051 3829 4089; x_wconf 82' lang='lat' dir='ltr'><strong>sa-</strong></span> 
     </span>
    </p>
   </div>
   <div class='ocr_carea' id='block_1_102' title="bbox 2242 4118 3830 4201">
    <p class='ocr_par' dir='ltr' id='par_1_102' title="bbox 2242 4118 3830 4201">
     <span class='ocr_line' id='line_1_103' title="bbox 2242 4118 3830 4201; baseline 0.008 -32"><span class='ocrx_word' id='word_1_763' title='bbox 2242 4124 2515 4171; x_wconf 88' lang='lat' dir='ltr'><strong>cramenta</strong></span> <span class='ocrx_word' id='word_1_764' title='bbox 2567 4118 2915 4187; x_wconf 81' lang='lat' dir='ltr'><strong>corporaliter</strong></span> <span class='ocrx_word' id='word_1_765' title='bbox 2960 4119 3234 4176; x_wconf 84' lang='lat' dir='ltr'><strong>observari</strong></span> <span class='ocrx_word' id='word_1_766' title='bbox 3288 4121 3638 4201; x_wconf 86' lang='lat' dir='ltr'><strong>videbantur;</strong></span> <span class='ocrx_word' id='word_1_767' title='bbox 3689 4141 3830 4182; x_wconf 84' lang='lat' dir='ltr'><strong>nunc</strong></span> 
     </span>
    </p>
   </div>
   <div class='ocr_carea' id='block_1_103' title="bbox 2242 4210 3829 4286">
    <p class='ocr_par' dir='ltr' id='par_1_103' title="bbox 2242 4210 3829 4286">
     <span class='ocr_line' id='line_1_104' title="bbox 2242 4210 3829 4286; baseline 0.009 -25"><span class='ocrx_word' id='word_1_768' title='bbox 2242 4219 2419 4264; x_wconf 89' lang='lat' dir='ltr'><strong>autem</strong></span> <span class='ocrx_word' id='word_1_769' title='bbox 2466 4210 2821 4266; x_wconf 80' lang='lat' dir='ltr'><strong>necessariam</strong></span> <span class='ocrx_word' id='word_1_770' title='bbox 2869 4226 2990 4267; x_wconf 88' lang='lat' dir='ltr'><strong>esse</strong></span> <span class='ocrx_word' id='word_1_771' title='bbox 3033 4214 3364 4282; x_wconf 85' lang='lat' dir='ltr'><strong>corporalem</strong></span> <span class='ocrx_word' id='word_1_772' title='bbox 3408 4217 3829 4286; x_wconf 83' lang='lat' dir='ltr'><strong>separationem,</strong></span> 
     </span>
    </p>
   </div>
   <div class='ocr_carea' id='block_1_104' title="bbox 2242 4301 3508 4373">
    <p class='ocr_par' dir='ltr' id='par_1_104' title="bbox 2242 4301 3508 4373">
     <span class='ocr_line' id='line_1_105' title="bbox 2242 4301 3508 4373; baseline 0.006 -16"><span class='ocrx_word' id='word_1_773' title='bbox 2242 4301 2456 4372; x_wconf 89' lang='lat' dir='ltr'><strong>quando</strong></span> <span class='ocrx_word' id='word_1_774' title='bbox 2486 4302 2597 4373; x_wconf 89' lang='lat' dir='ltr'><strong>jam</strong></span> <span class='ocrx_word' id='word_1_775' title='bbox 2629 4303 2713 4357; x_wconf 88' lang='lat' dir='ltr'><strong>illa</strong></span> <span class='ocrx_word' id='word_1_776' title='bbox 2741 4303 3087 4373; x_wconf 88' lang='lat' dir='ltr'><strong>spiritualiter</strong></span> <span class='ocrx_word' id='word_1_777' title='bbox 3112 4308 3508 4364; x_wconf 79' lang='lat' dir='ltr'><strong>observantur?</strong></span> 
     </span>
    </p>
   </div>
   <div class='ocr_carea' id='block_1_105' title="bbox 2312 4395 3829 4471">
    <p class='ocr_par' dir='ltr' id='par_1_105' title="bbox 2312 4395 3829 4471">
     <span class='ocr_line' id='line_1_106' title="bbox 2312 4395 3829 4471; baseline 0.005 -20"><span class='ocrx_word' id='word_1_778' title='bbox 2312 4395 2402 4451; x_wconf 72' lang='grc'><strong>24.</strong></span> <span class='ocrx_word' id='word_1_779' title='bbox 2446 4395 2537 4450; x_wconf 72' lang='grc' dir='ltr'><strong>ναι</strong></span> <span class='ocrx_word' id='word_1_780' title='bbox 2580 4396 2736 4451; x_wconf 61' lang='lat' dir='ltr'><strong>caecis</strong></span> <span class='ocrx_word' id='word_1_781' title='bbox 2777 4396 3090 4454; x_wconf 82' lang='lat' dir='ltr'><strong>ducentibus</strong></span> <span class='ocrx_word' id='word_1_782' title='bbox 3139 4409 3195 4456; x_wconf 91' lang='lat' dir='ltr'><strong>et</strong></span> <span class='ocrx_word' id='word_1_783' title='bbox 3239 4401 3397 4457; x_wconf 71' lang='lat' dir='ltr'><strong>crccis</strong></span> <span class='ocrx_word' id='word_1_784' title='bbox 3442 4403 3829 4471; x_wconf 84' lang='lat' dir='ltr'><strong>sequentibus!</strong></span> 
     </span>
    </p>
   </div>
   <div class='ocr_carea' id='block_1_106' title="bbox 2246 4488 3832 4564">
    <p class='ocr_par' dir='ltr' id='par_1_106' title="bbox 2246 4488 3832 4564">
     <span class='ocr_line' id='line_1_107' title="bbox 2246 4488 3832 4564; baseline 0.008 -21"><span class='ocrx_word' id='word_1_785' title='bbox 2246 4488 2390 4544; x_wconf 78' lang='lat' dir='ltr'><strong>fume</strong></span> <span class='ocrx_word' id='word_1_786' title='bbox 2430 4502 2535 4543; x_wconf 91' lang='lat' dir='ltr'><strong>non</strong></span> <span class='ocrx_word' id='word_1_787' title='bbox 2576 4488 2767 4545; x_wconf 90' lang='lat' dir='ltr'><strong>timent</strong></span> <span class='ocrx_word' id='word_1_788' title='bbox 2806 4489 2906 4545; x_wconf 90' lang='lat' dir='ltr'><strong>ista</strong></span> <span class='ocrx_word' id='word_1_789' title='bbox 2942 4489 3201 4557; x_wconf 87' lang='lat' dir='ltr'><strong>dicentes,</strong></span> <span class='ocrx_word' id='word_1_790' title='bbox 3232 4507 3300 4547; x_wconf 88' lang='lat' dir='ltr'><strong>ne</strong></span> <span class='ocrx_word' id='word_1_791' title='bbox 3339 4492 3477 4548; x_wconf 88' lang='lat' dir='ltr'><strong>forte</strong></span> <span class='ocrx_word' id='word_1_792' title='bbox 3506 4509 3601 4564; x_wconf 84' lang='lat' dir='ltr'><strong>per</strong></span> <span class='ocrx_word' id='word_1_793' title='bbox 3626 4503 3832 4555; x_wconf 85' lang='lat' dir='ltr'><strong>tantam</strong></span> 
     </span>
    </p>
   </div>
   <div class='ocr_carea' id='block_1_107' title="bbox 2245 4582 3833 4653">
    <p class='ocr_par' dir='ltr' id='par_1_107' title="bbox 2245 4582 3833 4653">
     <span class='ocr_line' id='line_1_108' title="bbox 2245 4582 3833 4653; baseline 0.004 -17"><span class='ocrx_word' id='word_1_794' title='bbox 2245 4582 2577 4638; x_wconf 87' lang='lat' dir='ltr'><strong>latitudinem</strong></span> <span class='ocrx_word' id='word_1_795' title='bbox 2603 4582 2750 4637; x_wconf 90' lang='lat' dir='ltr'><strong>orbis</strong></span> <span class='ocrx_word' id='word_1_796' title='bbox 2780 4590 3062 4647; x_wconf 88' lang='lat' dir='ltr'><strong>terrarum,</strong></span> <span class='ocrx_word' id='word_1_797' title='bbox 3089 4600 3189 4653; x_wconf 87' lang='lat' dir='ltr'><strong>qua</strong></span> <span class='ocrx_word' id='word_1_798' title='bbox 3222 4583 3353 4641; x_wconf 85' lang='lat' dir='ltr'><strong>fides</strong></span> <span class='ocrx_word' id='word_1_799' title='bbox 3375 4584 3572 4640; x_wconf 87' lang='lat' dir='ltr'><strong>Christi</strong></span> <span class='ocrx_word' id='word_1_800' title='bbox 3601 4600 3833 4643; x_wconf 78' lang='lat' dir='ltr'><strong>numen-</strong></span> 
     </span>
    </p>
   </div>
   <div class='ocr_carea' id='block_1_108' title="bbox 2244 4673 3833 4746">
    <p class='ocr_par' dir='ltr' id='par_1_108' title="bbox 2244 4673 3833 4746">
     <span class='ocr_line' id='line_1_109' title="bbox 2244 4673 3833 4746; baseline 0.002 -16"><span class='ocrx_word' id='word_1_801' title='bbox 2244 4692 2348 4745; x_wconf 90' lang='lat' dir='ltr'><strong>que</strong></span> <span class='ocrx_word' id='word_1_802' title='bbox 2373 4673 2621 4728; x_wconf 87' lang='lat' dir='ltr'><strong>dill‘usum</strong></span> <span class='ocrx_word' id='word_1_803' title='bbox 2646 4681 2750 4740; x_wconf 88' lang='lat' dir='ltr'><strong>est,</strong></span> <span class='ocrx_word' id='word_1_804' title='bbox 2778 4681 3064 4744; x_wconf 87' lang='lat' dir='ltr'><strong>antequam</strong></span> <span class='ocrx_word' id='word_1_805' title='bbox 3091 4689 3151 4729; x_wconf 89' lang='lat' dir='ltr'><strong>sc</strong></span> <span class='ocrx_word' id='word_1_806' title='bbox 3176 4674 3260 4730; x_wconf 92' lang='lat' dir='ltr'><strong>isti</strong></span> <span class='ocrx_word' id='word_1_807' title='bbox 3288 4686 3620 4746; x_wconf 87' lang='lat' dir='ltr'><strong>separarent,</strong></span> <span class='ocrx_word' id='word_1_808' title='bbox 3647 4678 3699 4732; x_wconf 91' lang='lat' dir='ltr'><strong>in</strong></span> <span class='ocrx_word' id='word_1_809' title='bbox 3728 4679 3833 4733; x_wconf 84' lang='lat' dir='ltr'><strong>ali-</strong></span> 
     </span>
    </p>
   </div>
   <div class='ocr_carea' id='block_1_109' title="bbox 2242 4765 3833 4839">
    <p class='ocr_par' dir='ltr' id='par_1_109' title="bbox 2242 4765 3833 4839">
     <span class='ocr_line' id='line_1_110' title="bbox 2242 4765 3833 4839; baseline 0.005 -20"><span class='ocrx_word' id='word_1_810' title='bbox 2242 4780 2344 4835; x_wconf 87' lang='lat' dir='ltr'><strong>qua</strong></span> <span class='ocrx_word' id='word_1_811' title='bbox 2373 4773 2524 4834; x_wconf 71' lang='lat' dir='ltr'><strong>parte</strong></span> <span class='ocrx_word' id='word_1_812' title='bbox 2560 4774 2823 4820; x_wconf 87' lang='lat' dir='ltr'><strong>terrarum</strong></span> <span class='ocrx_word' id='word_1_813' title='bbox 2858 4765 2926 4821; x_wconf 90' lang='lat' dir='ltr'><strong>ab</strong></span> <span class='ocrx_word' id='word_1_814' title='bbox 2954 4765 3215 4822; x_wconf 84' lang='lat' dir='ltr'><strong>Africanis</strong></span> <span class='ocrx_word' id='word_1_815' title='bbox 3240 4767 3545 4839; x_wconf 86' lang='lat' dir='ltr'><strong>regionibus</strong></span> <span class='ocrx_word' id='word_1_816' title='bbox 3579 4773 3833 4828; x_wconf 82' lang='lat' dir='ltr'><strong>remotis-</strong></span> 
     </span>
    </p>
   </div>
   <div class='ocr_carea' id='block_1_110' title="bbox 2242 4855 3827 4926">
    <p class='ocr_par' dir='ltr' id='par_1_110' title="bbox 2242 4855 3827 4926">
     <span class='ocr_line' id='line_1_111' title="bbox 2242 4855 3827 4926; baseline 0.004 -17"><span class='ocrx_word' id='word_1_817' title='bbox 2242 4860 2373 4909; x_wconf 87' lang='lat' dir='ltr'><strong>sima</strong></span> <span class='ocrx_word' id='word_1_818' title='bbox 2397 4859 2506 4925; x_wconf 86' lang='lat' dir='ltr'><strong>jam</strong></span> <span class='ocrx_word' id='word_1_819' title='bbox 2532 4858 2631 4910; x_wconf 92' lang='lat' dir='ltr'><strong>hoc</strong></span> <span class='ocrx_word' id='word_1_820' title='bbox 2656 4855 2785 4926; x_wconf 90' lang='lat' dir='ltr'><strong>justi</strong></span> <span class='ocrx_word' id='word_1_821' title='bbox 2814 4855 3056 4924; x_wconf 86' lang='lat' dir='ltr'><strong>fecerint,</strong></span> <span class='ocrx_word' id='word_1_822' title='bbox 3084 4867 3135 4912; x_wconf 90' lang='lat' dir='ltr'><strong>et</strong></span> <span class='ocrx_word' id='word_1_823' title='bbox 3158 4858 3332 4914; x_wconf 88' lang='lat' dir='ltr'><strong>adhuc</strong></span> <span class='ocrx_word' id='word_1_824' title='bbox 3355 4859 3440 4914; x_wconf 88' lang='lat' dir='ltr'><strong>isti</strong></span> <span class='ocrx_word' id='word_1_825' title='bbox 3462 4860 3514 4914; x_wconf 91' lang='lat' dir='ltr'><strong>in</strong></span> <span class='ocrx_word' id='word_1_826' title='bbox 3541 4861 3827 4916; x_wconf 88' lang='lat' dir='ltr'><strong>immundi-</strong></span> 
     </span>
    </p>
   </div>
   <div class='ocr_carea' id='block_1_111' title="bbox 2245 4948 3833 5021">
    <p class='ocr_par' dir='ltr' id='par_1_111' title="bbox 2245 4948 3833 5021">
     <span class='ocr_line' id='line_1_112' title="bbox 2245 4948 3833 5021; baseline 0.004 -18"><span class='ocrx_word' id='word_1_827' title='bbox 2245 4950 2351 5014; x_wconf 73' lang='lat' dir='ltr'><strong>tizn,</strong></span> <span class='ocrx_word' id='word_1_828' title='bbox 2394 4963 2555 5019; x_wconf 83' lang='lat' dir='ltr'><strong>qttam</strong></span> <span class='ocrx_word' id='word_1_829' title='bbox 2605 4948 2677 5003; x_wconf 89' lang='lat' dir='ltr'><strong>illi</strong></span> <span class='ocrx_word' id='word_1_830' title='bbox 2728 4949 2990 5020; x_wconf 83' lang='lat' dir='ltr'><strong>fugerant,</strong></span> <span class='ocrx_word' id='word_1_831' title='bbox 3030 4951 3346 5021; x_wconf 84' lang='lat' dir='ltr'><strong>contagione</strong></span> <span class='ocrx_word' id='word_1_832' title='bbox 3389 4951 3676 5008; x_wconf 56' lang='lat' dir='ltr'><strong>vivebant?</strong></span> <span class='ocrx_word' id='word_1_833' title='bbox 3702 4956 3833 5021; x_wconf 80' lang='lat' dir='ltr'><strong>Quis</strong></span> 
     </span>
    </p>
   </div>
   <div class='ocr_carea' id='block_1_112' title="bbox 2243 5040 3832 5115">
    <p class='ocr_par' dir='ltr' id='par_1_112' title="bbox 2243 5040 3832 5115">
     <span class='ocr_line' id='line_1_113' title="bbox 2243 5040 3832 5115; baseline 0.005 -20"><span class='ocrx_word' id='word_1_834' title='bbox 2243 5040 2384 5095; x_wconf 90' lang='lat' dir='ltr'><strong>enim</strong></span> <span class='ocrx_word' id='word_1_835' title='bbox 2407 5040 2486 5096; x_wconf 89' lang='lat' dir='ltr'><strong>eis</strong></span> <span class='ocrx_word' id='word_1_836' title='bbox 2505 5050 2657 5095; x_wconf 82' lang='lat' dir='ltr'><strong>cavet</strong></span> <span class='ocrx_word' id='word_1_837' title='bbox 2676 5041 2718 5105; x_wconf 84' lang='grc'><em>³,</em></span> <span class='ocrx_word' id='word_1_838' title='bbox 2743 5043 2861 5112; x_wconf 91' lang='lat' dir='ltr'><strong>quis</strong></span> <span class='ocrx_word' id='word_1_839' title='bbox 2879 5057 2974 5098; x_wconf 89' lang='lat' dir='ltr'><strong>eos</strong></span> <span class='ocrx_word' id='word_1_840' title='bbox 2994 5058 3211 5099; x_wconf 87' lang='lat' dir='ltr'><strong>securos</strong></span> <span class='ocrx_word' id='word_1_841' title='bbox 3236 5042 3382 5109; x_wconf 88' lang='lat' dir='ltr'><strong>facit,</strong></span> <span class='ocrx_word' id='word_1_842' title='bbox 3407 5045 3451 5099; x_wconf 93' lang='lat' dir='ltr'><strong>si</strong></span> <span class='ocrx_word' id='word_1_843' title='bbox 3474 5044 3780 5115; x_wconf 85' lang='lat' dir='ltr'><strong>hujusmodi</strong></span> <span class='ocrx_word' id='word_1_844' title='bbox 3803 5065 3832 5104; x_wconf 66' lang='grc' dir='ltr'><strong>ι</strong></span> 
     </span>
    </p>
   </div>
   <div class='ocr_carea' id='block_1_113' title="bbox 2243 5130 3836 5208">
    <p class='ocr_par' dir='ltr' id='par_1_113' title="bbox 2243 5130 3836 5208">
     <span class='ocr_line' id='line_1_114' title="bbox 2243 5130 3836 5208; baseline 0.007 -24"><span class='ocrx_word' id='word_1_845' title='bbox 2243 5130 2396 5185; x_wconf 89' lang='lat' dir='ltr'><strong>malis</strong></span> <span class='ocrx_word' id='word_1_846' title='bbox 2420 5131 2685 5200; x_wconf 82' lang='lat' dir='ltr'><strong>separatio</strong></span> <span class='ocrx_word' id='word_1_847' title='bbox 2710 5130 2948 5187; x_wconf 85' lang='lat' dir='ltr'><strong>facienda</strong></span> <span class='ocrx_word' id='word_1_848' title='bbox 2979 5142 3082 5199; x_wconf 89' lang='lat' dir='ltr'><strong>est,</strong></span> <span class='ocrx_word' id='word_1_849' title='bbox 3115 5134 3269 5201; x_wconf 88' lang='lat' dir='ltr'><strong>hanc,</strong></span> <span class='ocrx_word' id='word_1_850' title='bbox 3306 5143 3592 5208; x_wconf 87' lang='lat' dir='ltr'><strong>antequam</strong></span> <span class='ocrx_word' id='word_1_851' title='bbox 3618 5137 3688 5193; x_wconf 83' lang='lat' dir='ltr'><strong>ab</strong></span> <span class='ocrx_word' id='word_1_852' title='bbox 3719 5139 3836 5195; x_wconf 83' lang='lat' dir='ltr'><strong>istis</strong></span> 
     </span>
    </p>
   </div>
   <div class='ocr_carea' id='block_1_114' title="bbox 2244 5222 3834 5299">
    <p class='ocr_par' dir='ltr' id='par_1_114' title="bbox 2244 5222 3834 5299">
     <span class='ocr_line' id='line_1_115' title="bbox 2244 5222 3834 5299; baseline 0.006 -22"><span class='ocrx_word' id='word_1_853' title='bbox 2244 5222 2412 5287; x_wconf 83' lang='lat' dir='ltr'><strong>ﬁeret,</strong></span> <span class='ocrx_word' id='word_1_854' title='bbox 2444 5237 2715 5293; x_wconf 86' lang='lat' dir='ltr'><strong>nunquam</strong></span> <span class='ocrx_word' id='word_1_855' title='bbox 2747 5223 2937 5280; x_wconf 84' lang='lat' dir='ltr'><strong>factam</strong></span> <span class='ocrx_word' id='word_1_856' title='bbox 2976 5225 3138 5281; x_wconf 90' lang='lat' dir='ltr'><strong>fuisse</strong></span> <span class='ocrx_word' id='word_1_857' title='bbox 3178 5235 3287 5281; x_wconf 86' lang='lat' dir='ltr'><strong>tam</strong></span> <span class='ocrx_word' id='word_1_858' title='bbox 3330 5227 3520 5299; x_wconf 88' lang='lat' dir='ltr'><strong>longe,</strong></span> <span class='ocrx_word' id='word_1_859' title='bbox 3558 5239 3618 5285; x_wconf 92' lang='lat' dir='ltr'><strong>ut</strong></span> <span class='ocrx_word' id='word_1_860' title='bbox 3651 5230 3834 5286; x_wconf 77' lang='lat' dir='ltr'><strong>Africa</strong></span> 
     </span>
    </p>
   </div>
   <div class='ocr_carea' id='block_1_115' title="bbox 2241 5315 3835 5392">
    <p class='ocr_par' dir='ltr' id='par_1_115' title="bbox 2241 5315 3835 5392">
     <span class='ocr_line' id='line_1_116' title="bbox 2241 5315 3835 5392; baseline 0.005 -21"><span class='ocrx_word' id='word_1_861' title='bbox 2241 5317 2459 5372; x_wconf 88' lang='lat' dir='ltr'><strong>omnino</strong></span> <span class='ocrx_word' id='word_1_862' title='bbox 2485 5315 2717 5373; x_wconf 85' lang='lat' dir='ltr'><strong>nesciret</strong></span> <span class='ocrx_word' id='word_1_863' title='bbox 2741 5316 2784 5387; x_wconf 71' lang='grc'><strong>⁸,</strong></span> <span class='ocrx_word' id='word_1_864' title='bbox 2813 5318 2950 5373; x_wconf 91' lang='lat' dir='ltr'><strong>sicut</strong></span> <span class='ocrx_word' id='word_1_865' title='bbox 2987 5318 3039 5373; x_wconf 89' lang='lat' dir='ltr'><strong>in</strong></span> <span class='ocrx_word' id='word_1_866' title='bbox 3078 5320 3334 5376; x_wconf 79' lang='lat' dir='ltr'><strong>extremis</strong></span> <span class='ocrx_word' id='word_1_867' title='bbox 3359 5321 3569 5377; x_wconf 87' lang='lat' dir='ltr'><strong>illarum</strong></span> <span class='ocrx_word' id='word_1_868' title='bbox 3598 5324 3835 5392; x_wconf 85' lang='lat' dir='ltr'><strong>partium</strong></span> 
     </span>
    </p>
   </div>
   <div class='ocr_carea' id='block_1_116' title="bbox 2305 5516 3834 5581">
    <p class='ocr_par' dir='ltr' id='par_1_116' title="bbox 2305 5516 3834 5581">
     <span class='ocr_line' id='line_1_117' title="bbox 2305 5516 3834 5581; baseline 0 -11"><span class='ocrx_word' id='word_1_869' title='bbox 2305 5523 2321 5552; x_wconf 79' lang='grc'>³</span> <span class='ocrx_word' id='word_1_870' title='bbox 2350 5516 2627 5581; x_wconf 81' lang='lat' dir='ltr'><strong>Particulam</strong></span> <span class='ocrx_word' id='word_1_871' title='bbox 2643 5524 2906 5581; x_wconf 82' lang='lat' dir='ltr'><strong>negantem</strong></span> <span class='ocrx_word' id='word_1_872' title='bbox 2925 5517 3003 5581; x_wconf 82' lang='lat' dir='ltr'><strong>hic</strong></span> <span class='ocrx_word' id='word_1_873' title='bbox 3022 5518 3286 5581; x_wconf 74' lang='lat' dir='ltr'><strong>adiecimus</strong></span> <span class='ocrx_word' id='word_1_874' title='bbox 3305 5531 3368 5581; x_wconf 84' lang='lat' dir='ltr'><strong>ex</strong></span> <span class='ocrx_word' id='word_1_875' title='bbox 3391 5519 3605 5569; x_wconf 86' lang='lat' dir='ltr'><strong>Casalino</strong></span> <span class='ocrx_word' id='word_1_876' title='bbox 3624 5519 3799 5571; x_wconf 89' lang='lat' dir='ltr'><strong>codice</strong></span> <span class='ocrx_word' id='word_1_877' title='bbox 3817 5533 3834 5570; x_wconf 70' lang='grc' dir='ltr'>τ</span> 
     </span>
    </p>
   </div>
   <div class='ocr_carea' id='block_1_117' title="bbox 2240 5578 3835 5647">
    <p class='ocr_par' dir='ltr' id='par_1_117' title="bbox 2240 5578 3835 5647">
     <span class='ocr_line' id='line_1_118' title="bbox 2240 5578 3835 5647; baseline 0.003 -17"><span class='ocrx_word' id='word_1_878' title='bbox 2240 5595 2388 5647; x_wconf 83' lang='lat' dir='ltr'><strong>quam</strong></span> <span class='ocrx_word' id='word_1_879' title='bbox 2404 5584 2445 5632; x_wconf 91' lang='lat' dir='ltr'><strong>si</strong></span> <span class='ocrx_word' id='word_1_880' title='bbox 2462 5580 2636 5647; x_wconf 76' lang='lat' dir='ltr'><strong>delere</strong></span> <span class='ocrx_word' id='word_1_881' title='bbox 2659 5578 2834 5647; x_wconf 64' lang='lat' dir='ltr'><strong>placet,</strong></span> <span class='ocrx_word' id='word_1_882' title='bbox 2857 5579 3068 5629; x_wconf 87' lang='lat' dir='ltr'><strong>delenda</strong></span> <span class='ocrx_word' id='word_1_883' title='bbox 3080 5578 3231 5647; x_wconf 69' lang='lat' dir='ltr'><strong>simul</strong></span> <span class='ocrx_word' id='word_1_884' title='bbox 3254 5580 3447 5647; x_wconf 77' lang='lat' dir='ltr'><strong>videtur</strong></span> <span class='ocrx_word' id='word_1_885' title='bbox 3469 5582 3731 5647; x_wconf 67' lang='lat' dir='ltr'><strong>particula,</strong></span> <span class='ocrx_word' id='word_1_886' title='bbox 3745 5589 3800 5633; x_wconf 81' lang='lat' dir='ltr'><strong>ut</strong></span> <span class='ocrx_word' id='word_1_887' title='bbox 3826 5624 3835 5638; x_wconf 86' lang='lat'><strong>.</strong></span> 
     </span>
    </p>
   </div>
   <div class='ocr_carea' id='block_1_118' title="bbox 2242 5641 3835 5708">
    <p class='ocr_par' dir='ltr' id='par_1_118' title="bbox 2242 5641 3835 5708">
     <span class='ocr_line' id='line_1_119' title="bbox 2242 5641 3835 5708; baseline 0.001 -13"><span class='ocrx_word' id='word_1_888' title='bbox 2242 5641 2321 5695; x_wconf 67' lang='lat' dir='ltr'><strong>vel</strong></span> <span class='ocrx_word' id='word_1_889' title='bbox 2345 5645 2455 5708; x_wconf 83' lang='lat' dir='ltr'><strong>ejus</strong></span> <span class='ocrx_word' id='word_1_890' title='bbox 2476 5642 2581 5693; x_wconf 87' lang='lat' dir='ltr'><strong>loco</strong></span> <span class='ocrx_word' id='word_1_891' title='bbox 2600 5641 2883 5708; x_wconf 75' lang='lat' dir='ltr'><strong>legendum,</strong></span> <span class='ocrx_word' id='word_1_892' title='bbox 2907 5647 2974 5708; x_wconf 81' lang='lat' dir='ltr'><strong>at.</strong></span> <span class='ocrx_word' id='word_1_893' title='bbox 3000 5642 3160 5708; x_wconf 71' lang='lat' dir='ltr'><strong>Paulo</strong></span> <span class='ocrx_word' id='word_1_894' title='bbox 3175 5649 3284 5704; x_wconf 77' lang='lat' dir='ltr'><strong>post</strong></span> <span class='ocrx_word' id='word_1_895' title='bbox 3320 5643 3453 5693; x_wconf 87' lang='lat' dir='ltr'><strong>idem</strong></span> <span class='ocrx_word' id='word_1_896' title='bbox 3470 5641 3565 5693; x_wconf 50' lang='lat' dir='ltr'><strong>‘us.</strong></span> <span class='ocrx_word' id='word_1_897' title='bbox 3586 5643 3835 5697; x_wconf 63' lang='lat' dir='ltr'><strong>Cantium</strong></span> 
     </span>
    </p>
   </div>
   <div class='ocr_carea' id='block_1_119' title="bbox 2241 5702 3239 5770">
    <p class='ocr_par' dir='ltr' id='par_1_119' title="bbox 2241 5702 3239 5770">
     <span class='ocr_line' id='line_1_120' title="bbox 2241 5702 3239 5770; baseline -0.001 -13"><span class='ocrx_word' id='word_1_898' title='bbox 2241 5702 2406 5768; x_wconf 72' lang='lat' dir='ltr'><strong>habet,</strong></span> <span class='ocrx_word' id='word_1_899' title='bbox 2428 5706 2480 5757; x_wconf 80' lang='lat' dir='ltr'><strong>in</strong></span> <span class='ocrx_word' id='word_1_900' title='bbox 2497 5718 2615 5770; x_wconf 82' lang='lat' dir='ltr'><strong>quas</strong></span> <span class='ocrx_word' id='word_1_901' title='bbox 2637 5702 2769 5770; x_wconf 52' lang='lat' dir='ltr'><strong>tanta</strong></span> <span class='ocrx_word' id='word_1_902' title='bbox 2785 5702 3012 5770; x_wconf 60' lang='lat' dir='ltr'><strong>umectata</strong></span> <span class='ocrx_word' id='word_1_903' title='bbox 3033 5702 3239 5756; x_wconf 72' lang='lat' dir='ltr'><strong>dicebat.</strong></span> 
     </span>
    </p>
   </div>
   <div class='ocr_carea' id='block_1_120' title="bbox 2304 5763 3563 5839">
    <p class='ocr_par' dir='ltr' id='par_1_120' title="bbox 2304 5763 3563 5839">
     <span class='ocr_line' id='line_1_121' title="bbox 2304 5763 3563 5839; baseline 0 -21"><span class='ocrx_word' id='word_1_904' title='bbox 2304 5773 2324 5839; x_wconf 66' lang='grc' dir='ltr'><strong>ξ</strong></span> <span class='ocrx_word' id='word_1_905' title='bbox 2348 5763 2447 5839; x_wconf 57' lang='lat' dir='ltr'><strong>sm.</strong></span> <span class='ocrx_word' id='word_1_906' title='bbox 2477 5763 2963 5839; x_wconf 37' lang='grc' dir='ltr'><strong>θί-Μεεεηςίίνεριὶοιις</strong></span> <span class='ocrx_word' id='word_1_907' title='bbox 2974 5779 2999 5839; x_wconf 88' lang='lat'><strong><em>_:</em></strong></span> <span class='ocrx_word' id='word_1_908' title='bbox 3018 5775 3072 5817; x_wconf 89' lang='lat' dir='ltr'><strong>ut</strong></span> <span class='ocrx_word' id='word_1_909' title='bbox 3088 5780 3249 5831; x_wconf 88' lang='lat' dir='ltr'><strong>supra,</strong></span> <span class='ocrx_word' id='word_1_910' title='bbox 3272 5766 3358 5818; x_wconf 87' lang='lat' dir='ltr'><strong>lib.</strong></span> <span class='ocrx_word' id='word_1_911' title='bbox 3382 5768 3426 5829; x_wconf 87' lang='lat' dir='ltr'><strong>l,</strong></span> <span class='ocrx_word' id='word_1_912' title='bbox 3442 5781 3495 5818; x_wconf 85' lang='grc' dir='ltr'>ιι.</span> <span class='ocrx_word' id='word_1_913' title='bbox 3513 5768 3563 5819; x_wconf 87' lang='lat'><strong>8.</strong></span> 
     </span>
    </p>
   </div>
   <div class='ocr_carea' id='block_1_121' title="bbox 2308 5828 3269 5889">
    <p class='ocr_par' dir='ltr' id='par_1_121' title="bbox 2308 5828 3269 5889">
     <span class='ocr_line' id='line_1_122' title="bbox 2308 5828 3269 5889; baseline 0.001 -10"><span class='ocrx_word' id='word_1_914' title='bbox 2308 5834 2327 5865; x_wconf 80' lang='grc'>³</span> <span class='ocrx_word' id='word_1_915' title='bbox 2349 5834 2423 5880; x_wconf 86' lang='lat' dir='ltr'><strong>sic</strong></span> <span class='ocrx_word' id='word_1_916' title='bbox 2447 5832 2653 5882; x_wconf 80' lang='lat' dir='ltr'><strong>vaticani</strong></span> <span class='ocrx_word' id='word_1_917' title='bbox 2675 5836 2780 5877; x_wconf 76' lang='lat' dir='ltr'><strong>Mss.</strong></span> <span class='ocrx_word' id='word_1_918' title='bbox 2799 5835 2854 5877; x_wconf 77' lang='lat' dir='ltr'><strong>At</strong></span> <span class='ocrx_word' id='word_1_919' title='bbox 2871 5828 3006 5889; x_wconf 83' lang='lat' dir='ltr'><strong>editi,</strong></span> <span class='ocrx_word' id='word_1_920' title='bbox 3028 5828 3269 5882; x_wconf 71' lang='lat' dir='ltr'><strong>eoscum.</strong></span> 
     </span>
    </p>
   </div>
   <div class='ocr_carea' id='block_1_122' title="bbox 2308 5890 3827 5959">
    <p class='ocr_par' dir='ltr' id='par_1_122' title="bbox 2308 5890 3827 5959">
     <span class='ocr_line' id='line_1_123' title="bbox 2308 5890 3827 5959; baseline 0.001 -16"><span class='ocrx_word' id='word_1_921' title='bbox 2308 5896 2326 5927; x_wconf 68' lang='grc'><strong><em>³</em></strong></span> <span class='ocrx_word' id='word_1_922' title='bbox 2351 5894 2484 5954; x_wconf 80' lang='lat' dir='ltr'><strong>Edili,</strong></span> <span class='ocrx_word' id='word_1_923' title='bbox 2508 5901 2555 5945; x_wconf 84' lang='lat' dir='ltr'><strong>ut</strong></span> <span class='ocrx_word' id='word_1_924' title='bbox 2583 5891 2787 5955; x_wconf 67' lang='lat' dir='ltr'><strong>Jﬂ‘it‘ttlll</strong></span> <span class='ocrx_word' id='word_1_925' title='bbox 2820 5890 3009 5943; x_wconf 80' lang='lat' dir='ltr'><strong>cumino</strong></span> <span class='ocrx_word' id='word_1_926' title='bbox 3030 5892 3279 5944; x_wconf 75' lang='lat' dir='ltr'><strong>nescirent.</strong></span> <span class='ocrx_word' id='word_1_927' title='bbox 3309 5893 3601 5959; x_wconf 82' lang='lat' dir='ltr'><strong>tegendum,</strong></span> <span class='ocrx_word' id='word_1_928' title='bbox 3618 5892 3699 5947; x_wconf 83' lang='lat' dir='ltr'><strong>vel</strong></span> <span class='ocrx_word' id='word_1_929' title='bbox 3724 5906 3827 5945; x_wconf 74' lang='lat' dir='ltr'><strong>cum</strong></span> 
     </span>
    </p>
   </div>
  </div>
