4054 6472
305 378 396 434 νη
1690 359 1887 416 LIBER

2000 359 2233 420 ZRTIUS.

308 491 461 547 terris
484 505 611 560 pars
635 491 827 546 Donati
860 504 1069 562 prorsus
1096 489 1271 559 ignota
1300 486 1410 558 est?
1440 487 1684 539 Fortasse
1711 482 1888 535 dicent

312 586 497 640 obesse
525 585 628 640 sibi
659 601 768 640 non
796 584 1026 655 potuisse
1047 581 1183 652 quod
1211 580 1537 652 ignorabant.
1567 577 1652 633 Sic
1682 591 1808 645 ergo
1837 583 1891 628 et

313 675 410 730 illis
456 676 617 729 terris
664 675 858 730 obesse
898 690 999 728 non
1038 681 1211 744 potest
1237 670 1376 742 quod
1403 679 1606 739 gestum
1639 669 1689 722 in
1714 665 1889 720 Africa

316 766 577 834 ignorant,
610 765 820 818 etiamsi
854 778 974 818 vera
1003 763 1086 817 isti
1114 761 1370 826 dicereut,
1400 776 1516 831 qure
1547 759 1612 813 de
1640 758 1890 812 Afrorum

308 855 624 912 criminibus
652 857 998 910 mentiuntur.
1022 854 1076 910 Si
1105 864 1278 909 autem
1303 853 1484 908 dicunt
1512 851 1675 906 latere
1700 865 1757 904 se
1784 864 1889 903 non

313 950 572 1018 potuisse,
615 950 659 1003 si
709 949 860 1004 ﬁeret
893 966 906 1002 :
936 947 1094 1003 modo
1133 947 1340 1011 dicant,
1391 960 1486 1014 per
1523 958 1710 997 omnes
1747 941 1892 996 orbis

311 1051 465 1094 terra:
513 1048 696 1108 partes
739 1038 880 1109 quod
926 1039 1153 1094 sebisnta
1201 1037 1393 1092 factum
1436 1037 1523 1090 sit.
1552 1035 1779 1090 Nimium
1811 1041 1893 1088 est

309 1129 447 1199 quod
479 1129 752 1199 interrogo
780 1147 791 1182 :
822 1129 871 1183 in
901 1129 1012 1198 ipsa
1044 1129 1218 1183 Africa
1250 1127 1426 1182 dicant
1451 1126 1736 1181 Donatistze
1759 1123 1890 1178 Car-

310 1219 678 1288 tbagincnses,
711 1218 796 1274 vel
826 1219 1140 1290 quicumque
1169 1228 1291 1272 sunt
1339 1218 1390 1271 in
1436 1216 1646 1270 civitate
1674 1213 1892 1269 Cartha-

307 1312 478 1382 ginis,
518 1320 648 1381 quot
680 1320 855 1381 partes
885 1327 978 1381 per
1005 1310 1299 1365 Numidiam
1331 1318 1384 1364 et
1410 1306 1774 1363 Mauritaniam
1818 1305 1892 1358 fa-

306 1412 406 1458 cta:
427 1404 538 1457 sint
563 1403 631 1458 de
658 1403 769 1473 ipsa
803 1415 950 1474 parte
969 1403 1177 1468 Donati,
1204 1417 1424 1474 quarum
1448 1400 1683 1454 omnium
1706 1412 1894 1453 causas

307 1495 491 1564 utique
520 1511 681 1550 nosse
709 1495 963 1550 deberent
989 1513 1002 1559 ;
1034 1510 1099 1549 ne
1129 1493 1264 1549 forte
1290 1493 1415 1562 justi
1447 1491 1608 1561 aliqui
1639 1491 1688 1544 in
1715 1490 1892 1560 regio-

305 1586 466 1641 nibus
497 1586 607 1641 illis
639 1586 897 1640 tnalorum
928 1602 1140 1640 suorum
1181 1585 1487 1639 societatem
1524 1581 1891 1652 congregatio-

306 1693 541 1747 nemque
581 1677 882 1742 vltaverint,
920 1686 972 1732 et
1009 1677 1233 1732 exierint
1270 1675 1412 1738 inde,
1457 1690 1522 1730 ne
1564 1671 1891 1727 inuuundum

307 1778 611 1842 tangerent,
659 1786 726 1826 ne
771 1785 890 1826 cum
939 1768 1250 1824 facinorosis
1295 1768 1606 1830 introirent;
1649 1780 1716 1819 ne
1761 1763 1894 1818 forte

305 1864 390 1919 isti
415 1864 534 1932 jam
563 1871 689 1918 ante
718 1862 920 1934 aliquot
942 1877 1109 1917 annos
1140 1862 1189 1915 in
1216 1860 1393 1931 aliquo
1419 1859 1608 1930 angulo
1633 1856 1892 1912 Numidiae

303 1954 388 2008 vel
434 1953 768 2008 Mauritania:
812 1951 1178 2023 separantibus
1215 1966 1272 2007 se
1314 1950 1590 2007 frumentis
1620 1949 1766 2021 palea
1811 1967 1867 2003 re

298 2047 608 2102 manserint
651 2055 704 2103 et
751 2048 997 2102 nesciunt
1023 2045 1186 2102 ’.Sed
1225 2044 1362 2100 unde
1406 2044 1577 2100 securi
1619 2050 1760 2107 sunt,
1790 2041 1892 2096 nisi

297 2138 426 2209 quia
449 2149 660 2194 certum
682 2138 876 2193 habent
904 2139 1072 2193 bonos
1096 2153 1213 2193 esse
1236 2153 1338 2192 non
1361 2135 1618 2206 potuisse,
1635 2135 1721 2205 qui
1749 2148 1806 2188 se
1826 2133 1892 2188 ab

297 2229 512 2284 unitate
542 2230 932 2286 communionis
958 2229 1170 2295 Donati,
1199 2243 1317 2298 quae
1346 2241 1439 2296 per
1467 2234 1627 2282 totaut
1660 2224 1892 2280 Africam

293 2319 647 2387 diffunditur,
694 2319 1079 2390 segregarunt?
1117 2318 1248 2387 Quia
1298 2319 1340 2373 si
1385 2319 1552 2373 malos
1588 2316 1794 2386 aliquos
1838 2315 1889 2369 in

291 2426 396 2466 sua
443 2411 719 2466 vicinitate
764 2411 1096 2482 patiebantur
1119 2411 1157 2476 ',
1184 2424 1318 2480 quos
1360 2408 1642 2463 ostendere
1684 2405 1892 2462 cmteris

289 2519 410 2559 non
448 2503 722 2570 valebant,
759 2519 852 2558 eos
897 2503 1124 2557 tolerare
1165 2502 1336 2571 potius
1377 2500 1700 2565 debuerunt,
1732 2513 1889 2568 quam

287 2595 549 2651 dividere
593 2609 654 2650 se
697 2611 725 2648 a
765 2602 841 2649 tot
890 2593 1256 2648 innocentibus
1281 2590 1323 2659 ³,
1352 2591 1542 2660 quibus
1586 2588 1890 2660 persuaderi

287 2701 408 2741 non
445 2694 694 2756 poterant
732 2685 905 2739 aliena
942 2692 1178 2754 peccata,
1202 2682 1407 2737 etiamsi
1449 2695 1510 2735 ea
1556 2680 1652 2751 ipsi
1695 2679 1893 2748 optime

287 2787 552 2832 nossent.
578 2776 687 2830 Cur
720 2791 847 2844 ergo
888 2775 1002 2829 huic
1040 2773 1340 2828 innocentia
1372 2785 1474 2825 non
1505 2769 1752 2824 tribuitur
1777 2769 1891 2823 orbi

289 2876 574 2923 terrarum
616 2866 670 2920 in
711 2873 854 2919 tanta
895 2863 1231 2919 multitudine
1275 2862 1530 2932 gentium,
1563 2873 1893 2928 quacumque

285 2956 508 3013 ChriSti
537 2956 822 3011 bmreditas
848 2964 1011 3026 patet,
1037 2963 1088 3008 ut
1120 2964 1263 3009 certa
1294 2963 1451 3022 atque
1477 2966 1659 3006 secura
1688 2951 1772 3015 sit,
1800 2966 1893 3006 eos

285 3050 388 3118 qui
425 3064 488 3106 se
519 3049 690 3102 bonos
714 3047 914 3112 dicunt,
936 3056 991 3102 et
1023 3061 1080 3100 se
1108 3045 1174 3100 ab
1200 3045 1372 3098 omnis
1400 3053 1551 3098 terra:
1579 3043 1776 3097 unitate
1801 3056 1892 3096 sc-

284 3141 556 3210 jungunt,
597 3153 663 3194 eo
701 3137 817 3210 ipso
850 3137 1214 3193 demonstrare
1241 3135 1424 3206 quales
1453 3136 1592 3189 sint?
1611 3134 1721 3190 Sibi
1750 3134 1891 3188 enim

286 3233 433 3300 justi
464 3233 733 3296 videntur,
763 3237 816 3286 et
840 3238 1098 3301 spernunt
1125 3237 1378 3292 emeres;
1407 3237 1459 3281 et
1487 3227 1606 3281 ideo
1632 3241 1735 3279 non
1766 3241 1893 3279 can-

293 3333 420 3380 tant
444 3324 715 3380 canticum
741 3337 961 3388 novum,
986 3320 1107 3392 quia
1133 3320 1200 3375 de
1227 3319 1469 3390 superbia
1495 3319 1692 3372 veteris
1721 3316 1894 3371 homi-

295 3417 388 3471 nis
421 3415 774 3472 cxtolluntur.
803 3414 884 3468 Ab
903 3428 964 3468 ea
984 3412 1006 3444 ⁸
1027 3413 1218 3483 quippe
1243 3410 1613 3466 communione
1641 3423 1894 3478 separau-

301 3516 391 3562 tur
417 3507 505 3563 cui
544 3506 745 3561 dictum
773 3512 884 3570 est,
917 3503 1127 3557 Cantate
1154 3500 1373 3555 Domino
1399 3501 1645 3554 canticum
1673 3514 1891 3563 novum;

304 3607 508 3652 cantate
529 3597 768 3660 Domino,
790 3596 952 3650 omnis
972 3603 1106 3648 terra
1132 3591 1299 3665 (Psal.
1323 3606 1453 3658 xcv,
1478 3589 1551 3659 1).
1574 3589 1675 3657 Qui
1700 3589 1744 3644 si
1767 3603 1891 3643 vere

303 3690 435 3760 justi
468 3697 671 3754 essent,
699 3697 751 3742 ct
783 3686 1008 3741 humiles
1032 3691 1210 3740 essent
1233 3701 1246 3735 :
1269 3683 1311 3736 si
1347 3689 1523 3736 autem
1561 3680 1786 3734 humiles
1810 3695 1894 3733 es-

309 3791 452 3846 sent,
483 3780 690 3835 etiamsi
718 3792 846 3834 vere
875 3775 1042 3831 malos
1071 3775 1122 3828 in
1151 3787 1259 3828 sum
1284 3772 1565 3827 vicinitatis
1600 3785 1890 3840 congrega-

316 3871 460 3925 tione
495 3877 823 3941 paterentur,
864 3881 998 3937 quos
1035 3865 1102 3920 ab
1144 3863 1343 3918 unitate
1380 3862 1578 3918 Christi
1625 3861 1892 3930 expellere

317 3977 419 4016 non
440 3963 692 4026 valerent,
707 3959 966 4014 charitate
979 3956 1174 4012 Christi
1194 3957 1418 4011 tolerare
1433 3954 1730 4024 diligerent.
1751 3954 1890 4020 Quo-

318 4053 472 4108 modo
499 4062 676 4108 autent
701 4056 920 4121 possunt
940 4048 1008 4104 de
1032 4049 1095 4103 iis
1121 4047 1248 4118 ipsis
1269 4061 1402 4117 quos
1427 4046 1480 4099 in
1503 4059 1599 4100 sua
1623 4044 1888 4098 vicinitate

321 4147 482 4202 malos
506 4154 754 4216 arguunt,
776 4145 975 4214 justum
1004 4143 1198 4197 habere
1221 4139 1498 4210 judicium,
1521 4152 1640 4192 cum
1667 4147 1894 4191 temera-

321 4239 392 4291 ria
421 4241 660 4293 accitate
691 4247 798 4291 tam
829 4235 983 4306 longe
1010 4250 1037 4287 a
1066 4247 1125 4288 se
1154 4232 1355 4303 positos
1395 4229 1753 4300 ignotissimos
1784 4228 1891 4283 cri-

322 4327 616 4383 minantur?
644 4327 834 4383 Utrum
877 4327 1018 4380 enim
1066 4324 1149 4378 vel
1202 4323 1344 4377 cives
1390 4335 1517 4375 suos
1559 4320 1642 4375 vel
1690 4320 1893 4375 vicinos

319 4433 446 4488 quos
471 4427 720 4489 arguunt,
745 4417 911 4470 malos
939 4430 1059 4470 esse
1089 4413 1352 4478 noverint,
1377 4413 1636 4466 incertum
1668 4418 1750 4465 est
1773 4410 1888 4464 orbi

321 4519 571 4565 terrarum
599 4508 758 4580 :quia
781 4522 906 4561 vero
935 4506 1002 4560 ab
1027 4505 1102 4559 eis
1131 4519 1352 4574 quorum
1376 4503 1535 4556 vitam
1566 4502 1721 4571 longe
1751 4501 1893 4570 posi-

320 4611 483 4656 torum
508 4615 669 4656 nosse
691 4614 794 4654 non
816 4606 1054 4670 possunt,
1079 4593 1358 4650 temeraria
1384 4592 1619 4647 carcitate
1642 4606 1890 4660 separen-

317 4705 414 4759 tur,
453 4703 657 4747 ccrtum
699 4699 781 4746 est
824 4689 938 4743 orbi
986 4696 1280 4748 terrarum;
1313 4693 1365 4738 et
1407 4683 1528 4752 quia
1572 4696 1690 4736 cum
1738 4681 1891 4736 laude

313 4783 576 4853 patientire
603 4783 729 4838 mali
758 4780 1073 4842 tolerantur,
1102 4792 1169 4832 ne
1197 4775 1358 4846 ignoti
1387 4775 1509 4828 boni
1547 4773 1886 4838 damnentur,

310 4885 510 4930 certum
543 4883 623 4929 cst
646 4871 762 4927 orbi
793 4879 1069 4926 terrarmn.
1095 4866 1428 4934 Quapropter
1451 4879 1671 4919 securus
1690 4863 1891 4931 judicat

309 4967 450 5020 orbis
491 4974 790 5027 terrarum,
818 4961 988 5016 bonos
1026 4973 1130 5014 non
1170 4971 1291 5013 esse
1329 4956 1418 5026 qui
1458 4971 1516 5010 se
1554 4955 1792 5010 dividunt
1822 4955 1890 5009 ab

309 5059 436 5112 orbe
465 5067 726 5111 terrarum
756 5055 807 5107 in
837 5065 1172 5122 quacumque
1197 5056 1350 5119 parte
1371 5055 1650 5102 terrarum.

375 5148 466 5202 25.
507 5147 808 5207 Postremo,
856 5144 900 5196 si
945 5139 1223 5211 Propheta:
1263 5148 1506 5209 posteros
1549 5145 1886 5202 monuerunt,

311 5250 366 5296 ut
391 5255 449 5294 se
473 5248 597 5295 ante
627 5247 838 5306 tempus
861 5233 1064 5289 ultima:
1082 5229 1438 5286 ventilatiouis
1458 5245 1485 5282 a
1509 5229 1674 5298 paleis
1699 5244 1890 5298 corpo-

311 5370 538 5432 t'atiqinis
555 5364 856 5432 Mss.,4]n_'ca
878 5360 1066 5432 omnino
1085 5361 1288 5432 nesciret
1302 5358 1439 5432 ,j_vel,
1468 5357 1680 5432 Africani
1700 5359 1888 5432 omnino

310 5429 555 5496 nescirgtt,
578 5430 649 5478 uti
669 5423 861 5496 in'aliis
893 5423 1140 5496 plerisque
1170 5424 1415 5496 codicibus
1436 5423 1890 5496 .sursp'ieatuurﬂseri-

311 5510 322 5557 ι
342 5504 439 5558 tum
461 5483 609 5541 fuisse
635 5483 1101 5558 :seduuia‘voca‘lis
1121 5485 1354 5536 icarebat
1373 5484 1530 5546 apice,
1556 5483 1678 5542 loco,
1701 5484 1886 5546 Africa-

310 5547 356 5606 ἱτή
373 5596 384 5612 ,
410 5565 665 5618 perperam
680 5549 786 5618 legi
804 5547 968 5618 bmpil,
990 5547 1208 5618 Africam.
1282 5607 1312 5618 __
1396 5605 1408 5618 ,
1615 5613 1643 5618 _
1746 5605 1779 5618 Δ,

370 5607 383 5648 ί
409 5607 649 5664 ὶκιδὲιίηιιε
675 5607 863 5669 codex,
879 5607 925 5659 et
945 5607 1156 5659 uestiunt
1180 5607 1572 5669 carthaginenses
1610 5607 1883 5669 Donatistis,

311 5686 350 5731 et
373 5675 719 5727 communicant
740 5665 859 5732 illis,
883 5676 929 5732 et
952 5684 1042 5720 non
1059 5678 1192 5722 nocet
1217 5671 1302 5721 hoc
1335 5665 1419 5732 eis.
1439 5667 1530 5717 Sed
1550 5665 1696 5724 unde,
1727 5675 1821 5716 etc.

372 5745 388 5772 ²
407 5738 623 5786 Gallicani
649 5730 862 5792 codices,
885 5731 934 5781 in
957 5745 1041 5782 sua
1061 5732 1243 5783 civitate
1260 5730 1573 5795 patiebrmtur.

371 5804 390 5834 ³
417 5809 527 5856 vos,
551 5795 901 5853 innocentibus,
925 5795 1060 5843 abest
1078 5807 1105 5842 a
1130 5795 1476 5855 manuscriptis.

372 5867 389 5893 δ
411 5862 712 5910 hivioneus'ts
737 5869 910 5921 couex,
935 5856 994 5906 ab
1012 5856 1129 5920 ejus.

3484 377 3585 431 {0‘2

1999 481 2179 534 raliter
2200 492 2523 550 separarent,
2545 494 2596 538 et
2619 485 2703 538 tali
2725 487 3057 556 separatione
3101 499 3346 545 caverent
3371 500 3583 561 tangere

1999 573 2346 638 immundum,
2389 585 2443 630 et
2483 591 2602 630 cum
2652 577 2963 634 facinorosis
3005 595 3107 634 nott
3153 581 3452 646 introirent,
3486 598 3583 638 cur

2001 667 2099 722 boc
2137 684 2237 721 non
2279 667 2403 723 fecit
2444 671 2712 740 apostolus
2744 671 2976 728 Paulus?
3001 676 3080 728 An
3113 676 3258 745 palea
3292 693 3396 733 non
3429 686 3582 734 erant

1998 759 2084 828 qui
2119 774 2219 813 non
2249 776 2311 814 ex
2343 761 2581 826 veritate,
2616 764 2707 818 sed
2737 779 2800 819 ex
2843 765 3034 820 invidia
3067 767 3334 824 Christum
3371 787 3581 826 annun-

2000 851 2236 906 tiabant?
2264 855 2340 907 An
2375 853 2630 910 immundi
2663 872 2764 910 non
2797 869 2945 912 erant
2975 862 3062 930 qui
3095 877 3197 916 non
3234 874 3380 918 caste
3407 865 3580 918 Evan-

1997 942 2189 1011 gelimn
2223 943 2597 1012 przedicabant,
2628 962 2762 1017 quos
2804 949 2853 1002 in
2887 949 3025 1003 illius
3057 953 3308 1023 temporis
3337 953 3577 1010 Ecclesia

1999 1031 2160 1088 fuisse
2187 1043 2408 1091 testatur
2438 1035 2690 1109 (Philipp.
2716 1055 2753 1106 ι,
2781 1039 2866 1107 15,
2903 1041 3008 1113 Π),
3038 1051 3091 1096 et
3118 1043 3268 1112 cujus
3304 1047 3576 1100 cxcellcn-
3609 1039 3616 1050 ³

2001 1125 2256 1182 tissimam
2294 1128 2604 1185 charitatem
2644 1132 2819 1186 omnia
2860 1133 3170 1189 tolerantem
3208 1136 3365 1190 etiam
3395 1147 3577 1206 poste-

1999 1215 2168 1272 riores
2197 1218 2381 1274 imitati
2411 1219 2574 1276 sunt?
2599 1223 2676 1276 Au
2707 1223 3041 1278 immunditia
3065 1240 3166 1279 non
3192 1236 3273 1280 est
3295 1227 3513 1281 avaritia
3535 1229 3576 1290 ‘.

1998 1321 2156 1376 quam
2200 1307 2494 1379 Cyprianus
2539 1311 2699 1368 eordc
2745 1329 2847 1367 non
2899 1315 3086 1383 tetigit,
3125 1325 3176 1370 et
3219 1325 3391 1370 tamen
3438 1316 3578 1370 inter

1999 1411 2191 1452 avaros
2215 1399 2441 1470 collegas
2465 1403 2799 1472 pacatissimo
2821 1403 2987 1459 vixit?
3007 1403 3368 1461 Obsurduerat
3389 1407 3577 1462 videli-

1998 1494 2081 1541 cet
2106 1487 2126 1518 ³
2151 1485 2405 1544 adversus
2442 1491 2598 1546 verba
2643 1492 2995 1562 Psalmorum,
3030 1505 3086 1550 ut
3121 1497 3333 1552 sederet
3369 1498 3420 1552 in
3449 1512 3577 1553 con-

1998 1579 2265 1633 venticulo
2294 1581 2558 1649 vanitatis,
2581 1592 2636 1638 et
2660 1598 2779 1638 cum
2810 1584 3121 1641 facinorosis
3149 1588 3422 1653 introiret;
3453 1589 3577 1645 odio

2001 1683 2104 1722 non
2137 1669 2348 1725 haberet
2372 1671 2571 1725 curiam
2599 1673 2970 1741 malignorum,
2995 1685 3047 1730 et
3073 1691 3191 1730 eutn
3220 1678 3394 1746 impiis
3419 1679 3575 1734 sede-

1999 1770 2080 1816 ret
2100 1760 2155 1814 ’ἲ
2181 1765 2368 1817 Annon
2399 1775 2510 1819 erat
2537 1768 2959 1822 conventiculum
2992 1769 3236 1823 vanitatis
3275 1770 3326 1824 in
3360 1771 3458 1837 eis,
3484 1771 3574 1841 qui

1998 1852 2351 1907 esurientibus
2382 1854 2432 1908 in
2462 1855 2694 1911 Ecclesia
2737 1857 2985 1914 fratribus
3027 1860 3324 1931 largissitno
3355 1871 3577 1932 argento
3613 1871 3615 1874 '

1999 1944 2169 1999 nitere
2193 1945 2510 2015 cupiebant?
2537 1950 2725 2004 Annon
2751 1961 2901 2005 erant
2929 1951 3234 2020 facinerosi,
3268 1954 3354 2024 qui
3385 1954 3577 2010 fundos

1999 2036 2266 2092 insidiosis
2312 2036 2585 2095 fraudibus
2633 2043 2941 2112 rapiebant?
2979 2046 3058 2098 An
3110 2045 3419 2115 nequissimi
3468 2062 3576 2102 non

1997 2137 2168 2193 erant,
2211 2129 2300 2198 qui
2347 2132 2523 2186 usuris
2567 2133 3034 2203 multiplicantihus
3081 2136 3230 2190 fenus
3273 2138 3580 2208 angebant?

2000 2216 2091 2272 ille
2125 2233 2252 2274 vero
2291 2219 2500 2276 lavabat
2540 2237 2725 2276 manus
2769 2238 2892 2278 suas
2932 2240 3052 2279 cum
3099 2226 3485 2291 innocentibus,
3526 2236 3581 2283 et

2002 2306 2364 2364 circumdabat
2392 2312 2558 2367 altare
2583 2314 2810 2368 Domini.
2839 2314 2960 2370 ldeo
2981 2317 3174 2386 quippe
3202 2317 3460 2373 tolerabat
3485 2333 3580 2374 no-

2011 2409 2212 2466 centes,
2246 2417 2312 2457 ne
2347 2401 2617 2460 desereret
2657 2406 2983 2472 innocentes,
3014 2423 3134 2463 cum
3159 2409 3349 2479 quibus
3389 2425 3579 2467 manus

2007 2487 2240 2552 lavabat,
2269 2493 2388 2560 quia
2418 2493 2666 2562 diligebat
2703 2497 2936 2564 speciem
2967 2497 3156 2552 domus
3190 2499 3429 2563 Domini,
3461 2515 3580 2570 quae

1999 2578 2204 2648 Species
2223 2579 2273 2634 in
2293 2583 2430 2637 vasis
2454 2585 2850 2641 bonorabilibus
2867 2596 2980 2640 erat
2997 2587 3093 2657 (α).
3120 2587 3185 2642 1η
3209 2606 3389 2660 magna
3409 2601 3579 2646 autem

1998 2671 2146 2724 domo
2174 2687 2273 2726 non
2299 2673 2459 2726 solum
2493 2689 2613 2729 vasa
2649 2686 2765 2729 sunt
2789 2693 2944 2730 aurea
2979 2689 3023 2730 et
3056 2681 3419 2749 argenteaksed
3442 2691 3488 2739 et
3517 2681 3580 2735 li-

1999 2778 2126 2832 gnea
2167 2770 2211 2815 et
2245 2763 2441 2832 ﬁctilia.
2479 2764 2544 2819 Et
2586 2766 2675 2820 illa
2703 2767 2902 2838 quidem
2944 2778 3058 2822 sunt
3093 2769 3146 2823 in
3190 2770 3459 2837 honorem,
3488 2772 3579 2826 illa

2000 2870 2113 2909 vero
2138 2855 2189 2909 in
2215 2860 2588 2913 contumeliam.
2614 2861 2678 2915 Et
2706 2863 2994 2917 mundabat
3023 2865 3363 2934 semetipsum
3386 2867 3450 2920 ab
3481 2865 3580 2920 ltu-

1995 2948 2248 3015 jusmodi,
2281 2958 2335 3004 ut
2373 2961 2512 3008 esset
2537 2954 2696 3008 etiam
2729 2969 2816 3009 vas
2845 2957 2894 3009 in
2926 2957 3164 3010 honorent
3186 2959 3574 3028 sanctiﬁcatum,

2000 3037 2122 3093 utit'e
2161 3037 2395 3106 Domino,
2434 3043 2503 3096 ad
2527 3060 2672 3098 omne
2708 3061 2835 3116 opus
2870 3047 3051 3100 bonum
3082 3058 3312 3116 paratum
3338 3048 3355 3118 (
3379 3048 3418 3102 Il
3446 3048 3576 3102 Tim.

1999 3147 2054 3196 tl,
2084 3131 2176 3196 20,
2199 3133 2259 3185 9|
2291 3132 2308 3204 )
2343 3151 2356 3186 :
2387 3149 2485 3188 nec
2513 3145 2728 3204 propter
2753 3152 2873 3190 vasa
2904 3154 3021 3207 qum.
3048 3148 3198 3192 erant
3224 3138 3272 3192 in
3298 3149 3578 3194 contume-

2000 3221 2123 3274 liam
2150 3237 2207 3276 sc
2234 3237 2262 3276 a
2294 3239 2480 3294 magna
2508 3224 2668 3279 domo
2695 3228 3008 3297 separabat;
3047 3229 3138 3283 sed
3175 3246 3265 3284 eos
3301 3231 3351 3283 in
3380 3232 3579 3285 unitate

2001 3313 2140 3368 illius
2162 3314 2352 3371 domus
2378 3333 2604 3388 arguens
2635 3320 2914 3387 tolerabat,
2942 3336 2971 3374 a
2997 3322 3186 3391 quibus
3219 3336 3277 3376 se
3317 3339 3419 3377 non
3463 3323 3582 3378 imi-

2003 3405 2160 3460 tando
2187 3408 2473 3463 mandabat
2494 3408 2534 3462 ⁵.

2069 3497 2152 3551 CA
2163 3498 2294 3554 PUT
2321 3499 2547 3556 V.—26.
2567 3501 2669 3557 Sed
2695 3504 2836 3558 novit
2859 3519 3057 3573 ponere
3075 3506 3451 3562 Parmcnianus
3468 3524 3581 3564 vcr-

2000 3589 2064 3643 ba
2085 3589 2380 3660 PrOphctce,
2405 3593 2662 3648 dicentis:
2685 3594 2805 3648 Non
2827 3595 2932 3649 sedi
2952 3612 3067 3649 cum
3090 3598 3301 3650 concilio
3324 3599 3575 3665 vanitatis,

2001 3693 2046 3738 et
2072 3700 2185 3737 cum
2215 3685 2511 3754 facinorosis
2537 3704 2636 3741 non
2665 3689 2880 3742 intro-ibo
2909 3704 2927 3742 :
2951 3689 3067 3742 odio
3096 3690 3248 3743 habui
3273 3695 3462 3743 curiam
3487 3708 3577 3744 ne-

1999 3775 2372 3843 quissimorum.
2398 3777 2596 3830 Lavabo
2623 3795 2735 3831 cum
2769 3779 3112 3834 innocentibus
3146 3797 3323 3834 manus
3349 3797 3504 3850 meas,
3534 3792 3580 3836 et

2000 3866 2320 3920 circumdabo
2350 3867 2513 3920 altare
2537 3867 2742 3921 Domini
2768 3884 2786 3921 :
2813 3879 2865 3921 ut
2893 3869 3098 3922 audiant
3132 3885 3273 3923 voces
3306 3871 3502 3938 laudis,
3532 3883 3579 3926 et

2000 3973 2225 4010 enarrem
2261 3961 2428 4011 omnia
2459 3957 2707 4011 mirabilia
2743 3969 2847 4012 tua.
2898 3959 3136 4026 Domine,
3172 3961 3326 4016 dilexi
3365 3963 3580 4031 speciem

2001 4049 2179 4102 domus
2208 4059 2325 4114 tuor,
2354 4060 2400 4103 et
2430 4051 2590 4103 locum
2627 4049 2934 4104 tabernaculi
2959 4051 3204 4106 claritatis
3233 4061 3350 4106 tute.
3383 4051 3466 4106 Ne
3502 4055 3577 4107 si-

2001 4139 2108 4192 mul
2133 4140 2412 4210 perdideris
2439 4157 2548 4194 eum
2577 4140 2917 4211 peccatoribus
2943 4142 3164 4196 animam
3189 4159 3369 4210 meam,
3397 4153 3444 4197 et
3468 4161 3580 4198 cum

2001 4233 2119 4286 viris
2148 4233 2448 4302 sanguinum
2484 4235 2634 4286 vitam
2677 4249 2835 4286 meam
2863 4248 2881 4286 :
2907 4234 2959 4286 in
2985 4249 3199 4302 quorum
3227 4234 3453 4287 manibus
3487 4235 3579 4289 de-

2001 4325 2118 4378 licta
2145 4333 2258 4378 sunt
2282 4341 2300 4388 ;
2327 4324 2530 4378 dextera
2559 4341 2730 4378 eorum
2760 4325 2965 4395 impleta
2989 4332 3063 4378 est
3090 4325 3377 4379 muneribus
3408 4325 3578 4396 (1³εηί.

2003 4433 2128 4483 xxv,
2152 4414 2324 4488 4-10).
2367 4417 2523 4470 Novit
2562 4416 2664 4471 hoc
2703 4431 2900 4486 ponere
2940 4417 3348 4481 Parmeniauus,
3380 4429 3434 4473 ct
3475 4435 3578 4472 non

2002 4519 2147 4562 curat
2179 4509 2456 4563 advertere
2493 4509 2937 4579 quemadmodum
2980 4509 3062 4564 his
3101 4511 3275 4565 verbis
3321 4511 3434 4565 sine
3476 4512 3581 4566 ttllo

2001 4603 2275 4658 divisionis
2306 4605 2519 4657 nefaria:
2561 4603 2838 4672 sacrilegio
2877 4603 3156 4658 serviatur.
3181 4602 3398 4673 Species
3439 4605 3578 4659 enim

2002 4697 2190 4752 domus
2217 4708 2270 4751 et
2300 4697 2446 4751 locus
2476 4697 2798 4751 tabernaculi
2831 4696 3088 4750 claritatis
3118 4696 3208 4750 Dei
3241 4697 3291 4750 in
3319 4698 3457 4751 vasis
3478 4707 3580 4760 est,

2004 4800 2058 4844 ut
2083 4789 2210 4854 dixi,
2240 4804 2344 4842 non
2377 4789 2427 4841 in
2455 4787 2719 4850 omnibus,
2744 4803 2861 4857 qua:
2883 4795 3062 4841 tamen
3089 4788 3139 4841 in
3168 4803 3271 4841 ttna
3299 4787 3458 4841 domo
3478 4803 3583 4841 ma-

2001 4898 2101 4953 gna
2124 4890 2276 4945 sunt;
2301 4880 2392 4935 sed
2425 4882 2475 4934 in
2505 4881 2566 4934 iis
2587 4895 2703 4950 qua:
2729 4889 2853 4934 sunt
2880 4881 2930 4934 in
2957 4883 3211 4935 honorem
3239 4881 3577 4943 sanctiﬁcata,

2007 4975 2228 5028 Domino
2248 4972 2413 5036 utilia,
2448 4970 2511 5025 ad
2539 4986 2699 5025 omne
2732 4985 2866 5040 opus
2901 4970 3098 5024 bonum
3139 4985 3350 5041 semper
3379 4980 3578 5040 parata.

2003 5067 2056 5121 In
2084 5067 2165 5122 his
2189 5065 2424 5136 quisquis
2451 5064 2697 5118 dilexerit
2716 5065 2946 5134 speciem
2970 5063 3160 5119 domus
3185 5066 3294 5129 Dei,
3325 5074 3376 5118 et
3407 5065 3579 5118 locum

2004 5157 2329 5213 tabernaculi
2360 5156 2614 5211 claritatis
2639 5155 2773 5225 ejus,
2801 5157 2990 5211 tolerat
3017 5172 3077 5211 ca
3100 5172 3216 5227 qua:
3243 5164 3366 5210 sunt
3391 5157 3440 5209 in
3464 5171 3562 5210 con

2005 5251 2293 5314 tumeliam,
2321 5263 2420 5304 nec
2445 5257 2660 5318 prOptcr
2688 5249 2803 5303 hanc
2833 5248 3084 5319 relinquit
3114 5248 3328 5303 domum
3353 5289 3366 5311 ,
3399 5263 3465 5301 ne
3495 5249 3584 5303 liat

2004 5345 2115 5414 ipse
2161 5357 2267 5396 non
2303 5354 2396 5395 vas
2444 5340 2497 5394 in
2539 5340 2936 5407 contumeliam,
2961 5339 3100 5411 quod
3136 5349 3309 5394 tamen
3338 5339 3390 5392 in
3422 5338 3585 5396 domo

2065 5539 2081 5570 ι
2107 5535 2252 5586 Editi:
2283 5546 2350 5584 ,ιη
2378 5529 2681 5584 ἱηιηωηάὶιὶα
2699 5528 2724 5580 2
2743 5543 2805 5580 an
2833 5528 2977 5580 etiam
3006 5523 3254 5578 avaritia?
3287 5528 3580 5591 castigantur

2001 5607 2193 5709 “inﬁgo.
2211 5666 2314 5707 Mss.
2341 5664 2396 5708 At
2417 5656 2562 5713 editi,
2591 5663 2689 5704 Non
2711 5652 2838 5703 enim
2857 5649 3172 5701 Obsurduerat
3205 5649 3453 5702 adversus.

2063 5726 2084 5757 ³
2108 5721 2244 5776 Edili,
2269 5732 2362 5769 non
2377 5719 2583 5768 sederet.
2612 5718 2774 5771 Abest,
2798 5726 2906 5776 non,
2933 5725 2960 5776 a
2983 5718 3089 5776 Mss.
3117 5714 3370 5762 Vaticanis.

2063 5787 2080 5816 ὀ
2111 5793 2209 5831 Aut.
2231 5772 2278 5830 lit
2296 5816 2306 5827 .
2336 5790 2385 5830 et
2407 5778 2600 5841 quidam
2625 5784 2841 5841 tts.,_no_n
2872 5772 3104 5841 imittmdo
3122 5776 3355 5825 sonabat.

2070 5846 2141 5906 (ι.)
2169 5853 2192 5888 \‘
2206 5845 2280 5892 illo.
2302 5836 2596 5904 (ivpriaaunt,
2617 5837 2764 5884 Set-tn.
2785 5837 2846 5884 de
2867 5836 3036 5898 lapsis.
