4054 6466
516 385 624 471 siis

519 528 797 589 toleratur,
842 520 936 578 sed
979 528 1183 575 stercus
1222 512 1362 584 quod
1403 510 1471 565 de
1508 509 1669 563 domo
1710 503 2018 576 projicitur;
2052 508 2106 554 et

518 626 738 691 prepter
762 615 930 688 ipsam
960 605 1305 679 temporalem
1329 603 1345 634 ¹
1370 616 1495 657 cum
1532 598 1687 655 malis
1724 597 1778 652 in
1814 608 1918 650 una
1947 592 2108 646 dumo

519 685 983 781 congregationem
1013 706 1128 754 orat
1160 695 1364 762 dicens,
1391 690 1476 747 Ne
1503 688 1657 746 simul
1684 685 1965 760 perdideris
1993 697 2108 737 cum

522 774 861 871 peccatoribus
885 793 1107 848 animum
1135 788 1318 855 meam,
1348 794 1394 840 et
1423 800 1540 839 cum
1568 781 1688 837 uiris
1712 779 2016 851 sanguinum
2040 774 2107 828 vi-

521 866 628 950 tam
655 907 817 947 meam
846 904 865 943 :
888 887 941 941 in
966 898 1176 955 quorum
1217 877 1448 934 manibus
1484 874 1667 930 delicta
1706 880 1865 936 sunt;
1904 866 2110 922 detiztera

521 1003 697 1046 eorum
719 979 908 1053 repleta
928 967 997 1032 est
1020 964 1329 1029 muneribus.
1355 970 1466 1025 lloc
1493 967 1674 1038 utique
1698 971 1838 1028 orat,
1862 976 1929 1017 ne
1950 957 2110 1015 simul

521 1078 708 1149 pereat
725 1051 844 1129 cum
880 1070 945 1125 iis
971 1083 1091 1145 eum
1115 1063 1308 1137 quibus
1329 1056 1452 1118 eum
1480 1059 1637 1116 simul
1664 1057 1847 1112 vivere
1875 1051 2110 1110 Charitas

521 1170 699 1226 omnia
741 1166 977 1239 tolerans
1018 1138 1278 1239 invertatur,
1312 1154 1464 1226 cujus
1503 1142 1821 1209 sacrifiCium
1855 1136 2111 1219 praemisit

519 1251 727 1327 dicens,
753 1230 992 1321 bomiue,
1030 1230 1183 1306 dilexi
1225 1248 1438 1318 speciem
1475 1244 1656 1299 domus
1698 1250 1818 1308 tute,
1855 1247 1900 1294 et
1943 1228 2109 1292 locum

520 1334 831 1407 tabernaculi
871 1346 1116 1403 claritatis
1160 1354 1277 1398 tuae.
1314 1340 1447 1409 Quia
1490 1337 1632 1394 enim
1671 1333 1831 1390 dilexi
1875 1331 2108 1402 speciem

520 1446 713 1500 domus
743 1451 867 1507 ture,
898 1448 953 1494 et
979 1445 1197 1508 propter
1220 1434 1389 1505 ipsam
1419 1428 1756 1485 dilectionem
1786 1424 1954 1508 tolero
1980 1436 2108 1508 vasa

521 1552 642 1608 qua:
683 1542 808 1591 sunt
848 1533 900 1587 in
933 1527 1337 1593 contumeliam,
1363 1522 1486 1595 quia
1511 1518 1742 1576 charitas
1776 1504 1952 1570 omnia
1980 1502 2112 1567 'tole-

523 1603 626 1698 rat,
666 1641 734 1685 ne
775 1622 933 1679 simul
979 1636 1102 1676 cum
1145 1618 1224 1675 eis
1262 1611 1560 1687 perdideris
1594 1609 1826 1666 animam
1866 1619 2039 1691 meam
2065 1603 2107 1656 ’.

523 1692 710 1777 Nonne
735 1725 958 1789 apparet
982 1714 1034 1769 in
1055 1712 1139 1787 his
1165 1709 1343 1766 verbis
1365 1722 1466 1763 vox
1497 1692 1730 1769 illorum,
1752 1699 1841 1787 qui
1870 1714 1963 1770 per
1989 1695 2114 1750 Eze-

522 1792 751 1870 chielem
773 1782 1084 1883 prophetali
1124 1784 1250 1861 Sunt
1290 1816 1507 1883 gemere
1534 1788 1602 1883 et
1640 1782 1868 1852 munere
1903 1790 1973 1847 ob
2010 1788 2111 1843 iui-

523 1907 753 1979 quitates
776 1878 955 1974 populi
982 1914 1109 1977 qua:
1146 1878 1342 1954 fiebant
1371 1894 1424 1949 in
1454 1878 1635 1949 medio
1660 1901 1880 1976 eorum;
1909 1880 2111 1979 et‘quia'

523 1974 679 2051 erant
715 2008 843 2049 vasa
887 1981 939 2046 in
975 1974 1231 2045 honorem
1252 2028 1266 2054 ,
1302 1976 1575 2056 proprium
1617 1974 1827 2050 signum
1869 1974 2113 2059 accipere

523 2073 853 2148 meruerunt,
877 2091 935 2137 ut
956 2096 1079 2137 cum
1102 2060 1175 2134 illi
1198 2091 1390 2134 omnes
1410 2073 1706 2143 inciperent
1730 2061 1925 2123 vastari
1952 2062 2114 2148 atque

522 2177 712 2243 deleri,
740 2175 882 2231 Deus
912 2188 1016 2229 non
1056 2169 1304 2242 perderet
1341 2181 1463 2221 eum
1500 2159 1869 2235 peccatoribus
1906 2145 2114 2211 animas

524 2283 709 2325 eorum
743 2266 762 2337 (
787 2264 975 2319 Ezeclt.
999 2278 1079 2325 ιι,
1110 2262 1145 2316 4
1171 2260 1225 2327 )?
1253 2257 1345 2314 lsti
1373 2250 1551 2312 autem
1577 2262 1703 2311 sunt
1731 2249 1993 2316 infelices,
2023 2246 2114 2318 qui

525 2375 585 2417 se
617 2359 685 2415 ab
720 2357 864 2413 oumi
901 2353 1164 2411 malorum
1187 2350 1208 2383 ³
1238 2346 1651 2421 congregatione
1689 2353 1940 2412 tanquam
1979 2338 2116 2394 triti-

525 2442 647 2510 cum
690 2467 721 2505 a
763 2448 929 2521 paleis
970 2454 1222 2518 purgatos
1266 2456 1385 2498 esse
1427 2444 1774 2512 praesumunt.
1813 2434 1919 2489 Per
1957 2432 2112 2513 istam

525 2546 670 2603 enim
696 2544 982 2599 vanitatem
1006 2536 1417 2611 praajudiearunt
1447 2531 1566 2598 sibi,
1598 2539 1656 2585 ut
1685 2531 1736 2583 in
1765 2525 1976 2598 populis
1997 2523 2116 2595 qui-

527 2638 626 2694 bus
666 2627 921 2712 praesunt,
967 2630 1325 2702 iniquissimas
1364 2620 1907 2710 etﬂagitiosissimas
1933 2615 2115 2672 turbas

529 2745 636 2785 non
661 2705 892 2783 audeant
919 2720 1192 2793 corripere
1218 2728 1274 2793 ut
1298 2705 1653 2787 corrigantur,
1682 2728 1749 2767 ne
1775 2725 1868 2781 per
1893 2708 1994 2763 hoc
2021 2723 2116 2764 eo-

528 2818 719 2893 gautur
742 2816 984 2874 eoulileri
1007 2816 1131 2886 quia
1160 2812 1282 2868 mali
1320 2802 1466 2875 sunt,
1497 2816 1551 2863 et
1586 2805 1793 2877 dicatur
1819 2802 1897 2858 eis
1920 2818 1933 2855 :
1958 2801 2115 2857 Certe

530 2913 706 2971 tritico
726 2917 958 2982 purgato
1002 2902 1299 2982 loquimini,
1330 2916 1426 2956 cur
1461 2896 1687 2980 peritas
1721 2900 2115 2980 voces'tantam

530 2971 938 3064 commiituram
970 3014 1090 3055 esse
1119 2978 1437 3053 fatemini‘?
1460 2992 1524 3059 Et
1553 2971 1673 3046 ideo
1698 2989 1821 3059 quia
1847 2971 1976 3057 justi
2008 2999 2117 3063 non

531 3080 678 3163 sunt,
709 3110 813 3173 non
842 3084 1128 3162 emendant
1163 3096 1218 3143 et
1255 3074 1483 3156 arguunt
1511 3081 1563 3137 iu
1593 3066 1958 3136 misericordia
1979 3118 1994 3142 ,
2022 3074 2115 3132 sed

533 3191 657 3246 oleo
680 3167 1000 3244 adulationis
1027 3180 1356 3251 impinguant
1379 3174 1553 3244 capita
1578 3186 1766 3228 eorum
1795 3167 1966 3241 (Psal.
1993 3182 2115 3235 eu,

534 3281 570 3337 5
589 3279 633 3352 ),
662 3277 855 3350 quibus
884 3273 985 3345 ipsi
1013 3271 1186 3341 capita
1216 3282 1339 3325 esse
1365 3260 1584 3329 volunt;
1612 3261 1861 3334 quoniam
1888 3259 1987 3315 sub
2015 3272 2120 3315 uno

534 3351 709 3441 capite
735 3365 876 3439 quod
905 3365 956 3420 in
982 3363 1120 3420 cmlo
1144 3370 1245 3429 est,
1278 3360 1329 3415 iu
1359 3359 1562 3413 unitate
1590 3353 1832 3425 corporis
1857 3351 1997 3424 quod
2027 3367 2122 3422 per

538 3473 702 3520 totam
744 3470 940 3517 terram
979 3466 1085 3533 est,
1127 3469 1247 3513 esse
1290 3453 1515 3527 nolunt:
1543 3458 1601 3505 ut
1638 3448 1830 3504 merito
1876 3444 2125 3517 plebibus

537 3570 725 3631 eorum
758 3553 987 3619 dicatur,
1017 3550 1118 3618 Qui
1153 3564 1239 3603 vos
1274 3543 1680 3624 {clices’dicuut,
1714 3541 1769 3595 iu
1794 3554 2018 3615 errorem
2038 3551 2124 3615 vos

542 3625 745 3704 mittunt
765 3686 780 3714 ,
808 3655 856 3702 et
884 3643 1181 3699 conturbant
1206 3637 1409 3694 semitas
1436 3634 1619 3708 pedum
1648 3640 1924 3687 uestrorum
1952 3625 2123 3700 (Isui.

546 3736 756 3823 mnu).
935 3805 955 3825 ο
1478 3794 1494 3825 .'
1903 3812 1914 3824 .
2001 3810 2013 3824 .
2078 3791 2094 3825 .;

608 3814 699 3886 2'7.
730 3827 829 3898 Qui
846 3810 972 3898 ergo
997 3840 1103 3897 non
1125 3822 1238 3879 vult
1261 3820 1453 3878 sedare
1477 3818 1533 3874 in
1552 3814 1780 3873 concilio
1796 3810 2047 3898 vanitatis
2076 3810 2126 3889 ἕ,

540 3918 646 3978 non
666 3927 951 3977 evanescat
967 3915 1142 3991 typho
1167 3912 1452 3986 sup:rbim,
1480 3922 1727 3983 quierens
1755 3891 2127 3960 conventicula

542 4013 798 4084 iustorum
819 4025 851 4065 a
877 4009 1036 4083 totius
1051 4007 1198 4079 orbis
1223 4005 1424 4060 unitate
1446 4007 1709 4071 separata,
1733 4012 1854 4068 quae
1894 4009 2000 4051 non
2032 4008 2129 4063 po-

544 4115 648 4161 test
673 4102 932 4159 invenire.
964 4101 1102 4156 Justi
1138 4107 1314 4173 autem
1367 4104 1491 4149 sunt
1541 4108 1636 4164 per
1666 4092 1968 4161 universam
1997 4086 2126 4142 civi-

546 4207 732 4261 tatem,
761 4210 882 4266 qua:
914 4190 1168 4249 abscondi
1197 4202 1300 4243 nou
1333 4193 1527 4256 potest,
1554 4183 1675 4254 quia
1703 4196 1864 4250 supra
1893 4187 2128 4233 montem

544 4288 830 4357 cottstituta
864 4295 945 4341 est
971 4283 1198 4355 (Matth.
1221 4296 1277 4347 v,-
1312 4282 1371 4335 li
1396 4279 1436 4350 ).
1465 4278 1696 4332 Montem
1726 4275 1873 4346 illum
1892 4272 2010 4327 dico
2031 4272 2132 4325 Da-

547 4381 722 4448 ni'elis,
751 4378 803 4435 in
821 4392 927 4449 quo
949 4376 1079 4446 lapis
1101 4374 1190 4429 ille
1211 4372 1452 4443 prwcisus
1475 4370 1496 4401 ⁸
1534 4366 1913 4438 saturnalibus,
1940 4362 2128 4429 crevit,

548 4484 595 4530 et
635 4472 861 4544 implevit
904 4469 1188 4534 universam
1222 4474 1408 4519 terram
1433 4465 1454 4535 (
1483 4460 1617 4514 Dan.
1659 4475 1715 4524 tl,
1740 4460 1833 4525 5i,
1864 4457 1933 4513 '55
1953 4457 1993 4528 ).
2024 4455 2129 4513 Per

549 4564 714 4624 totam
742 4566 899 4637 igitur
938 4563 1092 4617 istam
1113 4558 1381 4615 civitatem
1413 4563 1523 4610 toto
1548 4544 1678 4607 orbe
1721 4549 1966 4607 diffusam
1999 4546 2130 4625 justi

549 4665 833 4732 gemuntel
858 4661 1085 4712 matrem
1113 4652 1181 4706 ob
1207 4648 1507 4719 iniquitates
1548 4661 1667 4717 qua:
1715 4645 1849 4699 lium
1877 4643 1928 4699 in
1956 4640 2133 4697 medio

550 4766 758 4809 eorum.
787 4748 902 4805 Non
931 4760 1061 4817 ergo
1092 4752 1297 4816 (lacerat
1316 4741 1433 4812 quis
1475 4745 1747 4810 separatos
1789 4736 2002 4806 justos;
2038 4733 2135 4790 sed

551 4859 672 4898 cum
695 4841 822 4912 ipsis
850 4840 1027 4911 potius
1052 4838 1104 4893 iu
1136 4836 1396 4891 malorum
1439 4829 1718 4901 temporali
1750 4826 2133 4884 commixtione

552 4935 890 5002 concorditer
911 4942 1107 5004 gemat.
1136 4929 1253 4986 Non
1282 4927 1422 4984 enim
1450 4922 1657 4981 sedebit
1686 4924 1737 4979 iu
1759 4921 2131 4979 conventiculo

554 5025 986 5095 vanitatiszquia
1018 5023 1089 5079 ibi
1137 5019 1366 5088 sedebit,
1406 5017 1498 5074 ubi
1539 5025 1926 5082 conversatur;
1957 5013 2138 5070 audiet

619 5211 636 5241 ι
665 5208 832 5269 Plures
850 5211 981 5264 uss,
1006 5202 1167 5269 talem.
1190 5257 1208 5269 .
1302 5267 1307 5269 Α
1738 5247 1743 5253 ,

618 5273 638 5301 ²
662 5252 1014 5329 bimari:
1040 5252 1111 5314 sic
1132 5257 1353 5329 habent:
1387 5268 1486 5329 Hoc
1504 5252 1670 5329 itaque
1702 5254 1962 5329 ordits,'ue
1997 5252 2142 5329 simul

557 5316 723 5398 pereat
868 5316 947 5389 iis,
985 5339 1097 5378 cum
1118 5324 1302 5398 qubus
1316 5335 1427 5373 eum
1443 5316 1597 5373 siautl'
1613 5320 1780 5398 ‘riuere
1800 5316 2013 5398 char'itas
2033 5322 2144 5383 quatI

558 5379 718 5445 omnia
739 5379 1215 5454 tolerutr'contpcllit;
1249 5400 1404 5457 nonne
1423 5390 1625 5457 apparet
1646 5382 1696 5433 in
1718 5379 1803 5457 his.
1824 5380 1997 5457 verbis,
2024 5379 2140 5457 etc;

561 5443 614 5507 ct
634 5443 795 5518 prope
818 5467 990 5518 omnes
1013 5443 1315 5518 praetereunt
1336 5461 1427 5518 se;
1451 5443 1559 5496 illos
1579 5456 1753 5518 versus
1791 5443 2143 5513 intermedios,

562 5503 1035 5581 cujus—sacriﬁcim't
1067 5512 1301 5581 prtumisit
1350 5508 1550 5569 dicens,
1596 5503 1893 5557 Domine“...
1934 5503 2147 5556 animftm

561 5592 736 5631 meam.

627 5644 650 5675 ³
672 5640 839 5691 Plures
859 5646 994 5698 Mss;
1009 5636 1219 5689 omnium
1244 5634 1497 5698 malorum.

564 5705 650 5819 ωδ
902 5689 1122 5761 codices,
1147 5705 1327 5749 tantum
1348 5694 1537 5759 paleam
1572 5689 1881 5743 conuitime
1923 5705 2025 5744 esse
2071 5695 2146 5757 fa-

611 5780 747 5818 mnu.

611 5780 747 5818 ιδιυιι.

628 5834 648 5863 ⁵
674 5838 801 5888 λιαςη
820 5825 871 5877 in
890 5822 1209 5876 conventiculo
1232 5820 1466 5888 uanitatis.

630 5892 650 5924 ⁸
678 5884 1027 5955 ὶίυκίνίινίιαιι.
1046 5923 1059 5949 ,
1085 5888 1227 5936 deest
1253 5886 1298 5933 in
1324 5884 1484 5933 mulus

1257 395 1524 453 comas
1571 358 1953 449 Ef’lSTULAll
1995 381 2436 453 PARMENIANI,
2476 385 2535 442 s.
2577 354 2944 444 aucusi‘tivt

3700 381 3803 440 1οι

2217 507 2393 552 autem
2423 498 2686 557 dicentem
2731 500 3065 570 [.postolum,
3102 480 3291 553 Nostra
3332 509 3498 552 (uitem
3536 516 3801 554 Conversa-

2215 587 2284 641 tio
2310 590 2518 645 incwlis
2536 601 2609 645 est
2634 593 2655 663 (
2680 590 2911 663 Philipp.
2961 606 3037 655 ιιι,
3060 590 3131 645 20
3155 590 3193 660 ).
3236 588 3309 643 lbi
3335 586 3800 645 cum'faciuorosis

2218 693 2322 734 non
2351 681 2473 747 erit,
2503 681 2573 737 ibi
2599 682 2803 737 curiam
2835 683 3279 752 nequissimorum
3308 695 3413 734 non
3448 682 3701 750 patietur,
3724 680 3799 736 ibi

2215 787 2336 828 cum
2369 773 2544 845 impiis
2586 791 2693 831 non
2742 776 2968 833 sedebit.
3016 775 3072 829 lu
3104 776 3189 830 tali
3222 790 3317 845 spe
3361 773 3563 828 habitet
3593 774 3632 837 ‘,
3658 784 3717 828 ut
3737 775 3801 830 ad

2216 883 2331 923 rem
2362 869 2513 939 cujus
2532 868 2691 924 habet
2704 884 2853 940 spem
2887 869 3163 938 pervenire
3188 866 3474 938 aliquando
3504 878 3799 922 mereatur.

2215 947 2329 1012 Non
2349 958 2488 1014 enim
2527 958 2636 1028 jam
2678 946 3071 1014 resurre'ximus
3100 956 3237 1013 sicut
3280 954 3546 1024 Christus,
3574 969 3668 1013 aut
3686 957 3800 1027 jan’t

2216 1065 2335 1104 cum
2354 1049 2443 1104 illo
2462 1038 2712 1106 sedemus
2738 1050 2789 1105 in
2818 1037 3125 1106 cmlestibus
3147 1067 3161 1116 ;
3187 1059 3241 1105 et
3263 1038 3441 1105 tamen
3470 1050 3592 1121 quia
3637 1052 3799 1105 talem

2216 1159 2364 1213 spem
2411 1143 2564 1198 nobis
2591 1142 2757 1210 dedit,
2805 1154 2855 1199 et
2887 1160 2981 1214 per
3018 1130 3186 1214 ipsam
3216 1158 3365 1213 spem
3410 1142 3521 1215 jam
3570 1143 3803 1214 quodam

2216 1226 2375 1291 modo
2402 1236 2476 1319 ibi
2507 1220 2905 1317 cenversamur.
2958 1237 3085 1291 dicit
3113 1223 3415 1307 ApoStolus,
3452 1236 3513 1293 Si
3537 1247 3803 1313 autemref

2215 1330 2502 1385 sun‘existis
2521 1346 2635 1384 cum
2679 1320 2892 1395 Christo,
2907 1324 3030 1406 ante
3062 1345 3261 1383 sursum
3295 1340 3415 1383 sunt
3455 1309 3682 1401 quierite,
3718 1306 3803 1385 ubi

2217 1411 2445 1477 Christus
2485 1414 2556 1475 est
2582 1410 2635 1475 in
2664 1422 2870 1475 dextera
2900 1419 2994 1475 Dei
3035 1421 3212 1475 sedens
3235 1436 3253 1485 ;
3280 1436 3392 1490 quin
3444 1436 3645 1475 sursum
3686 1428 3803 1474 sunt

2214 1514 2394 1585 sapite,
2426 1529 2527 1567 non
2543 1529 2658 1582 qua:
2676 1530 2827 1583 super
2850 1522 3053 1566 terram.
3090 1512 3280 1566 Μονιηὶ
3317 1512 3452 1566 enim
3491 1512 3628 1579 estis,
3651 1522 3701 1567 et
3727 1512 3805 1566 ui-

2215 1614 2267 1661 ta
2292 1616 2452 1661 vestra
2475 1604 2766 1660 abscondita
2794 1615 2864 1660 est
2907 1622 3021 1659 cum
3078 1603 3276 1660 Christo
3321 1604 3372 1658 iu
3431 1602 3539 1658 Deo
3566 1602 3802 1676 (Coloss.

2215 1715 2294 1767 ιιι,
2324 1698 2475 1771 1-5).
2505 1699 2678 1779 lnilla
2702 1698 2807 1753 vita
2850 1708 3028 1777 nostra
3076 1712 3195 1764 qua:
3241 1695 3549 1751 abscondita
3576 1704 3660 1752 est
3678 1712 3804 1751 cum

2216 1792 2427 1848 Christo
2455 1793 2508 1848 in
2536 1776 2805 1869 Deohnon
2828 1775 3073 1846 sedemus
3103 1789 3157 1844 iu
3184 1775 3556 1868 conventiculo
3586 1776 3797 1844 vanita-

2216 1884 2307 1952 tis,
2329 1884 2472 1955 quia,
2496 1875 2634 1939 sicut
2659 1862 2785 1939 dicit
2806 1877 3110 1952 Apostolus,
3158 1862 3329 1952 Simul
3357 1898 3449 1936 nos
3474 1866 3727 1945 excitauit,
3755 1865 3805 1955 et

2216 1948 2368 2031 simul
2390 1948 2482 2031 nos
2504 1956 2679 2031 sedere
2697 1974 2811 2043 fecit
2833 1948 2886 2028 iu.
2918 1948 3197 2028 ccilcstibus
3225 1971 3243 2045 (
3266 1948 3456 2043 Ephes.
3490 1956 3547 2036 ιι,
3567 1973 3599 2028 6
3629 1955 3679 2043 >ξ
3704 1948 3801 2028 sed

2218 2067 2273 2122 in
2286 2052 2400 2138 spe,
2429 2066 2669 2122 nomium
2700 2066 2753 2121 in
2781 2082 2858 2120 re.
2887 2065 3016 2137 Spes
3045 2075 3212 2119 autem
3249 2047 3363 2134 qua!
3387 2062 3583 2118 videtur
3606 2049 3807 2119 nonest

2217 2177 2331 2232 spes
2348 2176 2367 2215 :
2390 2161 2526 2237 quod
2544 2161 2676 2215 enim
2703 2159 2814 2230 quis
2831 2146 2979 2223 videt,
3002 2156 3124 2229 quid
3149 2142 3362 2237 sperat?
3387 2143 3450 2214 Si
3477 2165 3645 2213 autem
3668 2143 3811 2228 quod

2219 2268 2320 2308 non
2343 2253 2588 2318 uidemus,
2627 2239 2889 2323 speramus
2912 2291 2928 2318 ,
2980 2267 3068 2321 per
3119 2235 3415 2320 patientiam
3449 2250 3811 2319 exspectamus

2220 2348 2242 2416 (
2261 2343 2410 2413 Rom.
2431 2330 2545 2411 vni,
2575 2343 2664 2410 24,
2686 2342 2758 2399 25
2784 2342 2828 2415 ).
2847 2343 3014 2411 Quam
3053 2342 3361 2413 patientiam
3377 2343 3462 2398 isti
3490 2341 3669 2400 miseri
3692 2340 3814 2414 pcr-

2218 2436 2489 2505 diderunt,
2517 2445 2572 2493 et
2611 2437 2919 2492 festinantes
2958 2428 3015 2491 se
3044 2443 3168 2491 ante
3195 2443 3403 2506 tempus
3429 2437 3576 2491 velut
3598 2452 3628 2492 a
3655 2437 3816 2507 palea

2219 2542 2501 2600 separare,
2545 2543 2607 2584 se
2657 2528 2800 2597 ipsos
2849 2542 2970 2581 esse
3013 2525 3339 2580 levissimam
3389 2525 3596 2596 paleam
3638 2516 3811 2583 vento

2221 2621 2454 2678 ablatam
2479 2612 2548 2677 de
2582 2634 2705 2675 area
2726 2618 3184 2675 demonstrarunt.
3238 2618 3389 2687 Quod
3420 2634 3550 2690 ergo
3597 2620 3673 2675 ait
3705 2604 3814 2677 Sa-

2220 2713 2420 2785 pientia
2452 2721 2760 2769 teneamus:
2792 2710 2891 2776 Qui
2937 2719 3104 2764 autem
3148 2727 3227 2765 me
3263 2710 3425 2776 audit,
3479 2710 3718 2766 habitabit
3760 2696 3825 2769 ili

2220 2821 2331 2878 spe,
2354 2813 2400 2860 et
2419 2803 2584 2860 silebit
2609 2803 2717 2859 siue
2770 2803 2948 2858 timore
2988 2801 3050 2856 ab
3080 2802 3218 2857 omni
3251 2802 3565 2874 malignitate
3592 2802 3611 2871 (
3642 2790 3810 2860 Preti.

2221 2912 2258 2964 ι,
2292 2897 2364 2953 55
2387 2894 2432 2968 ).
2479 2895 2615 2952 Dum
2644 2911 2773 2973 ergo
2798 2894 3098 2970 habitamus
3124 2894 3177 2949 in
3201 2909 3317 2973 spe,
3344 2895 3636 2965 cogitantes
3659 2897 3681 2928 ²
3702 2880 3825 2973 non,

2222 2987 2353 3060 quid
2398 3003 2606 3067 sumus,
2629 2972 2721 3044 sed
2766 2987 2891 3059 quid
2921 2973 3121 3043 erimus
3144 3004 3158 3041 :
3181 2972 3302 3067 quia
3326 2988 3423 3057 ﬁlii
3459 2988 3674 3060 quidem
3716 2972 3823 3046 Dei

2223 3103 2417 3153 sumus,
2449 3085 2542 3144 sed
2585 3087 3074 3157 nondumgapparuit
3117 3072 3254 3160 quod
3280 3079 3466 3155 erimus
3489 3072 3661 3161 pauiu
3696 3075 3822 3148 cum

2224 3182 2539 3253 apparuerit,
2555 3180 2743 3237 similes
2780 3181 2824 3235 ei
2846 3181 3051 3248 erimus,
3105 3181 3347 3250 quoniam
3394 3166 3673 3238 uidebimus
3698 3171 3825 3239 eum

2223 3273 2372 3327 sicuti
2397 3272 2510 3345 est(
2529 3272 2550 3326 l
2576 3271 2732 3327 Joan.
2756 3287 2831 3336 Ill,
2854 3272 2928 3342 2)
2954 3290 2972 3339 ξ
3000 3273 3050 3326 iu
3074 3272 3164 3327 tali
3209 3288 3304 3343 Spe
3338 3256 3661 3343 habitantes,
3679 3276 3817 3346 quia

2226 3362 2344 3420 base
2384 3361 2642 3418 habitatio
2662 3362 2691 3429 _'
2741 3377 2848 3419 non
2885 3362 3043 3418 habet
3075 3364 3263 3430 malos,
3306 3378 3405 3420 nec
3443 3366 3825 3423 conventicula

2229 3454 2621 3519 vanitatis,nec
2644 3451 2994 3521 facinorosos,
3039 3469 3141 3511 nec
3188 3454 3420 3526 iniquos,
3480 3469 3581 3512 nec
3615 3456 3821 3527 impios

2229 3545 2501 3617 patimur;
2542 3555 2596 3602 et
2618 3560 2713 3601 eos
2739 3553 2915 3601 tamen
2943 3559 3048 3600 non
3077 3544 3132 3601 in
3152 3559 3248 3615 spe
3274 3560 3393 3617 qua:
3418 3561 3525 3602 non
3555 3546 3772 3603 videtur
3802 3548 3824 3581 ⁸

2229 3639 2460 3710 patimur
2485 3638 2538 3693 iu
2566 3639 2974 3709 congregatione
3002 3636 3262 3694 catholica
3287 3645 3399 3694 toto
3441 3637 3575 3695 orbe
3598 3638 3832 3709 dill'usa;

2229 3733 2402 3789 donec
2444 3740 2680 3788 transeat
2711 3731 2980 3801 iniquitas,
3007 3730 3179 3787 donec
3224 3739 3467 3801 tempore
3515 3731 3707 3787 messis
3738 3738 3825 3787 κιο

2231 3825 2381 3879 sauia
2423 3822 2773 3895 colligamur(
2801 3821 2988 3877 Matth.
3042 3838 3163 3890 xui,-
3209 3822 3279 3878 30
3312 3822 3357 3892 ),
3401 3820 3574 3891 dopee
3627 3820 3827 3889 ultimo

2232 3915 2530 3973 ventilabro
2557 3931 2587 3971 a
2612 3915 2881 3971 frumento
2918 3914 3068 3985 palea
3104 3912 3427 3984 separetur(
3457 3910 3543 3966 Id.
3572 3918 3648 3979 nt,
3685 3912 3759 3968 12
3780 3912 3823 3979 l,

2233 4010 2403 4067 donec
2423 4010 2596 4080 pisces
2636 4009 2758 4064 boni
2797 4023 2827 4062 a
2871 4005 3302 4078 piscibus‘malis,
3329 4020 3450 4061 eum
3471 4005 3663 4075 quibus
3687 4006 3829 4073 intra

2234 4104 2421 4159 eadem
2442 4102 2574 4158 retia
2615 4100 2918 4172 congregati
2949 4106 3093 4166 sunt,
3123 4099 3173 4154 in
3204 4098 3383 4154 littore
3406 4098 3677 4175 eligantur
3708 4098 3825 4171 (Id.

2234 4210 2349 4259 xm,
2376 4190 2500 4266 b8),
2527 4191 2699 4248 donec
2725 4191 2862 4246 luedi
2889 4190 2959 4246 ab
3004 4191 3192 4245 ovibus
3223 4204 3344 4244 cum
3369 4188 3564 4261 quibus
3592 4190 3696 4245 sub
3717 4184 3830 4257 uno

2237 4294 2452 4354 pastore
2478 4282 2529 4337 in
2576 4282 2779 4340 eisdem
2827 4280 3036 4351 pascuis
3065 4279 3266 4336 tamdiu
3298 4289 3577 4350 paverunt,
3610 4281 3662 4336 in
3696 4283 3828 4338 ulti-

2238 4386 2328 4431 mo
2350 4374 2417 4430 ad
2438 4374 2712 4430 sinistram
2737 4382 3079 4444 segregentur
3106 4371 3127 4444 (
3157 4370 3244 4425 Id.
3270 4388 3394 4439 xxv,
3426 4372 3496 4428 55
3520 4369 3564 4443 ).

2309 4466 2400 4523 28.
2428 4465 2581 4531 Nulla
2610 4473 2694 4521 est
2745 4465 2902 4535 igitur
2929 4463 3187 4519 securitas
3215 4462 3454 4526 unitatis,
3485 4462 3588 4516 nisi
3619 4478 3686 4518 ex
3708 4478 3837 4532 pro-

2241 4560 2421 4617 missis
2448 4558 2547 4619 Dei
2573 4557 2809 4614 Ecclesia
2831 4557 2852 4589 ⁸
2878 4555 3144 4612 declarata
3161 4585 3181 4622 ,-
3205 4570 3327 4631 qua).
3367 4569 3528 4625 super
3565 4565 3837 4622 montem,-

2240 4664 2302 4709 ut
2340 4652 2543 4708 dictum
2587 4659 2700 4719 est,“
2740 4650 3025 4705 constituta
3070 4630 3327 4705 abscondi
3367 4662 3474 4702 non
3528 4648 3707 4717 potest
3739 4666 3751 4701 :
3785 4657 3838 4703 et

2243 4746 2364 4802 ideo
2390 4756 2611 4800 necesse
2640 4751 2723 4798 est
2749 4751 2803 4796 ut
2846 4740 3096 4796 omnibus
3126 4749 3387 4795 terrarum
3435 4739 3677 4810 partibus
3706 4752 3835 4795 nota

2244 4838 2332 4893 sit.
2363 4837 2741 4892 Inconcussum
2772 4833 2932 4903 igitur
2961 4833 2982 4865 ⁸
3012 4832 3330 4903 ﬁrmumque
3369 4840 3677 4899 teneamus,
3715 4832 3835 4888 nul-

2246 4929 2326 4985 los
2352 4928 2522 4983 bonos
2548 4925 2616 4981 ab
2641 4940 2702 4980 ea
2728 4939 2788 4981 se
2818 4937 2974 4994 posse
3020 4922 3277 4989 dividere,
3308 4921 3361 4977 i‘d
3403 4930 3509 4988 est,
3537 4922 3716 4989 nullos
3747 4922 3842 4977 bo-

2248 5035 2366 5086 nos,
2396 5017 2604 5075 etiamsi
2628 5017 2870 5087 cognitos
2894 5015 3005 5071 sibi"
3048 5014 3218 5071 malos
3250 5014 3549 5085 patiantur,
3594 5014 3837 5073 ubicum-

2247 5126 2352 5183 que
2374 5116 2675 5173 versentur,
2701 5113 2916 5176 propter
2944 5119 3039 5161 eos
3062 5120 3123 5161 se
3151 5120 3181 5160 a
3211 5105 3369 5176 longe
3391 5105 3582 5177 positis
3608 5114 3664 5163 et
3692 5105 3845 5162 inco-

2248 5202 2413 5274 gnitis
2433 5200 2587 5255 bonis
2605 5197 2887 5255 temerario
2906 5196 3211 5252 schismatis
3239 5195 3523 5268 sacrilegio
3547 5212 3809 5267 separare
3824 5214 3849 5265 ς·

2252 5305 2309 5349 ιιι
2336 5294 2388 5349 iu
2411 5305 2745 5373 quacumque
2775 5298 2924 5360 parte
2979 5300 3241 5345 terrarum
3262 5289 3347 5344 vel
3377 5290 3512 5344 facta
3558 5296 3684 5344 sunt
3714 5289 3844 5354 ista.

2254 5386 2336 5442 vel
2366 5386 2518 5452 finiit,
2546 5383 2631 5440 vel
2657 5381 2833 5438 futura
2885 5372 3029 5447 sunt,
3055 5377 3268 5438 caneris
3309 5373 3569 5437 terrarum
3602 5373 3852 5451 partibus

2320 5567 2333 5597 ¹
2361 5564 2435 5614 sic
2459 5570 2563 5613 atss.
2588 5559 2707 5611 Editi
2726 5571 2874 5619 vero,
2895 5552 3143 5606 habitabit.

2320 5630 2339 5660 ²
2364 5628 2435 5675 μία
2458 5624 2667 5674 Vaticani
2692 5615 2743 5671 et
2764 5618 2989 5681 Gallicani
3010 5624 3125 5681 Mss.
3140 5615 3257 5681 miti
3280 5619 3417 5681 vero,
3444 5616 3707 5681 cogitemus

2322 5693 2343 5724 ³
2364 5686 2588 5738 Gallicani
2623 5692 2747 5749 Mss,
2772 5679 2999 5749 Ιιέιίινὶιεμῇο
3021 5677 3329 5749 cogitationis.

2322 5755 2344 5784 δ
2369 5749 2578 5799 \aticani
2603 5742 2858 5807 usuque:
2876 5742 3103 5807 ridetur}
3126 5742 3322 5801 omisso,
3346 5752 3456 5790 non.

2323 5817 2343 5871 ιε
2370 5822 2382 5860 ι
2403 5812 2537 5861 iures
2562 5817 2685 5866 Mss,
2706 5803 2946 5871 L‘r'clesitp.

2327 5868 2348 5908 ⁸
2373 5884 2494 5937 uss,
2522 5861 2851 5922 iuroucusstau
2883 5865 3169 5931 ﬁrmantque
3183 5878 3201 5929 ;
3224 5865 3433 5927 omisso,
3459 5861 3630 5931 igitur:
