4054 6470
264 470 421 542 longe
459 468 674 541 positis,
704 476 759 526 et
793 475 969 525 utrum
1014 466 1153 525 facta
1180 467 1287 525 sint
1313 466 1398 523 vel
1438 480 1534 523 cur
1560 464 1695 520 facta
1736 464 1843 519 sint

262 546 653 635 ignorantibus,
686 571 741 617 et
781 570 957 617 tamen
986 576 1105 617 cum
1132 561 1263 616 orbe
1304 569 1565 615 terrarum
1595 559 1646 613 in
1676 556 1849 612 unita-

264 658 332 713 tis
350 657 567 711 vinculo
596 656 1049 727 permanentibus,
1070 670 1132 710 ea
1162 654 1276 725 ipsa
1297 654 1365 709 sit
1394 653 1545 708 firma
1565 651 1843 718 securitas,

260 762 368 803 non
401 747 503 801 hoc
542 748 781 817 potuisse
826 747 1022 814 facere,
1052 745 1153 800 nisi
1197 754 1287 799 aut
1329 744 1592 815 superbiae
1642 753 1848 798 tumore

259 840 509 906 furiosos,
538 848 630 895 aut
660 840 962 895 invidentia:
999 839 1165 894 livore
1193 852 1441 904 vesanos,
1490 845 1581 891 aut
1603 834 1844 891 saeculari

259 932 645 987 commoditate
691 940 989 1001 corruptos,
1022 939 1112 985 aut
1154 930 1354 984 carnali
1402 930 1591 983 timore
1620 942 1841 997 perver-

258 1037 369 1077 sos.
416 1023 623 1089 Quibus
647 1024 893 1079 omnibus
920 1023 1094 1079 causis
1122 1022 1350 1077 efficitur
1378 1029 1437 1076 ut
1483 1021 1565 1076 vel
1596 1020 1718 1075 boni
1750 1018 1848 1074 fal-

258 1114 333 1169 sis
358 1116 675 1171 criminibus
700 1115 1040 1180 infamentur,
1073 1115 1158 1170 vel
1211 1122 1415 1169 temere
1440 1113 1507 1167 de
1532 1113 1687 1167 bonis
1715 1112 1843 1168 falsa

258 1204 571 1271 credantur,
604 1207 689 1263 vel
725 1208 885 1262 etiam
935 1206 1058 1261 mali
1083 1206 1174 1277 qui
1224 1220 1320 1277 pro
1369 1205 1583 1260 unitatis
1634 1203 1846 1259 vinculo

257 1296 473 1350 tolerati
502 1296 637 1352 nihil
668 1297 862 1352 obsunt
917 1298 1091 1363 bonis,
1128 1298 1364 1367 disrupta
1408 1298 1667 1353 bonorum
1708 1310 1841 1366 pace

254 1385 669 1456 perversissime
694 1388 979 1459 fugiantur,
1006 1403 1127 1443 cum
1150 1388 1414 1443 vexationi
1460 1388 1843 1442 frumentorum

256 1490 364 1532 non
400 1478 658 1547 parcitur,
705 1480 1078 1549 usurpantibus
1103 1479 1202 1534 sibi
1224 1477 1528 1534 hominibus
1554 1486 1677 1533 ante
1700 1491 1843 1533 mes-

259 1578 372 1621 sem
400 1567 548 1636 quod
564 1568 753 1639 Angeli
782 1569 836 1623 in
851 1584 1026 1625 messe
1053 1568 1242 1624 facturi
1268 1578 1409 1624 sunt.

323 1656 561 1714 CAPUT
601 1659 688 1713 Vl.
718 1660 895 1716 —29.
917 1660 1045 1729 Quae
1066 1676 1187 1716 cum
1212 1661 1282 1715 ita
1304 1661 1430 1726 sint,
1461 1660 1657 1716 audent
1686 1660 1842 1715 etiam

258 1750 523 1821 sacrilega
554 1751 840 1807 schismata
865 1754 949 1808 vel
993 1753 1225 1808 haereses
1254 1752 1452 1821 impiae,
1480 1752 1527 1807 si
1552 1752 1764 1823 quando
1789 1752 1843 1807 in

259 1840 474 1912 flagello
496 1852 638 1899 utse
671 1844 939 1915 corrigam
996 1844 1384 1913 admonentur,
1412 1858 1599 1913 poenas
1648 1843 1844 1899 furoris

259 1934 339 1988 sui
367 1936 534 1989 etiam
589 1936 728 1991 inter
755 1937 1005 2009 martyris
1033 1937 1307 2007 deputare.
1356 1936 1506 2003 Quod
1532 1937 1844 1991 existimans

256 2026 416 2081 etiam
447 2027 831 2083 Parmenianus
857 2070 871 2093 ,
898 2029 949 2082 in
982 2028 1086 2081 fine
1114 2028 1353 2098 epistola:
1397 2043 1507 2084 sute
1533 2028 1844 2084 exhortatur

255 2116 577 2174 Tichonium
604 2128 663 2175 ut
689 2119 744 2174 in
771 2128 918 2190 parte
945 2120 1133 2175 Donati
1163 2128 1472 2191 permaneat
1515 2129 1569 2175 et
1593 2135 1843 2190 persecu-

255 2210 428 2265 tiones
454 2212 711 2281 perferat.
728 2211 931 2278 dicens,
960 2228 1061 2266 non
1080 2229 1131 2266 se
1152 2212 1328 2266 debere
1350 2213 1603 2266 voluntate
1627 2214 1841 2281 conjun-

252 2304 303 2373 gi
326 2305 419 2368 eis,
445 2304 627 2374 quibus
647 2306 988 2371 persecutione
1006 2315 1211 2377 cogente
1250 2321 1347 2359 non
1370 2306 1540 2376 juncti
1566 2315 1682 2361 sunt
1702 2322 1723 2371 ;
1748 2304 1843 2360 ad-

250 2392 444 2450 hibens
470 2396 633 2450 etiam
664 2396 1019 2451 testimonium
1067 2398 1353 2466 Scriptura:
1376 2397 1620 2463 dicentis,
1655 2396 1744 2452 Vw
1762 2398 1841 2453 his

250 2487 335 2553 qui
362 2487 701 2556 perdiderunt
729 2488 1092 2552 sustinentium,
1122 2488 1482 2545 etdiverterunt
1509 2488 1561 2540 iu
1586 2488 1691 2541 vias
1716 2504 1839 2557 pra-

251 2596 355 2634 vas.
384 2580 456 2634 Et
470 2581 593 2651 quid
614 2580 822 2650 facient,
846 2597 961 2635 cum
980 2581 1227 2651 inspicere
1250 2582 1456 2650 cmperit
1483 2597 1565 2634 eos
1593 2579 1838 2636 Dominus

252 2671 272 2744 (
300 2670 460 2725 Eccli.
490 2688 549 2736 ιι,
581 2673 668 2739 l6,
699 2672 765 2727 l7
790 2670 853 2743 )?
890 2686 1038 2727 more
1081 2686 1179 2727 suo
1204 2681 1389 2726 cuncta
1429 2671 1496 2727 dc
1522 2672 1714 2727 divinis
1744 2672 1835 2726 Li-

250 2765 359 2821 bris
384 2765 649 2821 adversus
700 2780 760 2821 se
804 2766 949 2835 ipsos
1000 2766 1361 2837 proponens‘.
1388 2765 1487 2832 Qui
1519 2765 1662 2819 enim
1688 2765 1841 2820 susti~

250 2856 486 2911 nentiam
517 2855 882 2925 perdiderunt,
913 2855 1015 2910 nisi
1035 2854 1123 2925 qui
1164 2868 1257 2910 eos
1276 2854 1344 2910 de
1383 2854 1694 2910 criminibus
1719 2870 1839 2925 qua:

251 2947 576 3016 objicicbant
620 2947 948 3003 convincere
990 2946 1359 3016 nequiverunt,
1400 2959 1533 3017 quos
1588 2961 1687 3018 pro
1710 2960 1841 3017 pace

249 3039 443 3095 Christi
462 3041 699 3095 tolerare
732 3040 1058 3105 noluerunt;
1081 3047 1135 3095 et
1162 3054 1284 3094 sero
1311 3049 1492 3109 postea
1521 3040 1837 3110 cogitantes,

248 3131 415 3199 ipsam
445 3140 652 3202 partem
689 3145 841 3187 suam
888 3146 993 3186 non
1033 3145 1153 3186 esse
1183 3146 1276 3201 per
1312 3131 1505 3185 multas
1556 3132 1839 3201 particulas

246 3224 587 3279 dividendam
616 3266 630 3290 ,
676 3225 836 3280 etiam
885 3224 985 3279 sibi
1048 3224 1509 3279 manifestissimos
1552 3224 1840 3295 sacrilegos

246 3330 380 3386 quos
410 3316 514 3386 ipsi
543 3316 885 3381 damnarunt,
910 3329 1098 3369 rursus
1116 3322 1359 3384 receptos
1383 3329 1481 3385 pro
1506 3313 1638 3370 falsa
1667 3316 1841 3369 Dona-

247 3408 284 3462 ti
302 3423 438 3478 pace
494 3408 825 3462 tolerarunt?
855 3407 923 3462 Et
972 3407 1082 3477 jam
1134 3422 1274 3462 nunc
1300 3408 1512 3463 tandem
1556 3408 1840 3478 aliquando

246 3508 579 3569 cognoscant
604 3507 657 3553 et
672 3499 956 3570 corrigam,
982 3499 1124 3569 quod
1170 3514 1228 3555 se
1253 3499 1414 3570 impie
1441 3499 1650 3563 fecisse,
1684 3515 1746 3554 ex
1774 3514 1839 3555 eo

247 3591 437 3644 saltem
466 3588 611 3659 quod
640 3605 671 3643 a
701 3588 1020 3644 Maximiano
1048 3590 1189 3660 passi
1211 3597 1355 3657 sunt,
1382 3589 1703 3646 didicerunt.
1731 3589 1834 3647 Sed

247 3684 453 3738 scilicet
497 3682 838 3746 erubescunt,
861 3683 883 3715 ⁹
912 3682 1357 3738 manifestissimis
1383 3682 1675 3737 rationibus
1715 3697 1839 3737 cor-

248 3774 366 3843 rigi,
417 3773 542 3843 quia
582 3773 956 3842 imperatorum
1001 3772 1328 3841 jussionibus
1373 3772 1716 3839 restiterunt,
1770 3786 1839 3828 ne

248 3865 339 3919 illa
364 3880 489 3933 qu:e
521 3878 581 3917 se
607 3872 1004 3933 conqueruntur
1041 3861 1205 3918 fuisse
1255 3878 1558 3935 perpessos,
1612 3866 1837 3920 correcti

249 3956 552 4025 perdidisse
577 3954 853 4009 videantur
881 3972 895 4009 :
925 3953 1071 4024 quasi
1094 3969 1199 4008 non
1248 3954 1437 4009 melius
1468 3955 1696 4025 perdunt
1726 3954 1831 4021 illa,

251 4061 408 4116 quam
442 4053 689 4115 pereunt.
745 4043 802 4100 Si
852 4044 995 4099 enim
1036 4044 1232 4099 habent
1256 4044 1277 4075 ⁸
1303 4045 1533 4114 aliquam
1572 4046 1834 4112 umbram,

256 4138 503 4206 quamvis
552 4135 737 4190 falsam
780 4144 938 4205 atque
981 4136 1247 4201 fallacem,
1297 4145 1473 4191 tamen
1529 4138 1835 4192 nonnullam

250 4226 540 4298 imaginem
569 4226 909 4294 fortitudinis,
935 4227 1139 4297 jubenti
1160 4243 1265 4281 non
1292 4226 1833 4299 cedereimperatori:

249 4317 404 4387 cujus
424 4317 513 4372 vel
530 4316 777 4371 humanae
825 4316 997 4371 laudis
1042 4317 1291 4372 illecebra
1338 4326 1440 4386 est,
1484 4319 1835 4389 apertissima:

248 4408 619 4463 contradicere
650 4406 893 4462 veritati?
918 4406 1026 4461 Cur
1066 4406 1262 4462 clausis
1308 4408 1479 4462 oculis
1525 4417 1631 4463 tam
1672 4410 1837 4465 multa

248 4499 317 4555 de
340 4498 633 4569 Scripturis
660 4499 958 4554 testimonia
987 4497 1291 4569 proferunt,
1316 4516 1434 4571 qure
1463 4501 1729 4557 intellecta
1757 4510 1837 4557 at-

247 4607 351 4663 que
376 4600 569 4646 contra
609 4604 668 4645 se
704 4590 906 4661 prolata
946 4590 1256 4660 repudiant;
1299 4606 1418 4661 qum
1456 4592 1501 4647 si
1544 4592 1834 4648 secundum

246 4696 436 4738 eorum
483 4680 811 4737 intellectum
856 4681 1214 4753 recipiuntur,
1264 4680 1607 4737 nihilominus
1640 4697 1733 4739 eos
1770 4683 1839 4739 de

246 4789 343 4831 sua
392 4774 749 4846 perversitate
791 4774 1150 4829 convincunt?
1198 4773 1383 4829 Nonne
1431 4775 1685 4845 scriptum
1732 4784 1835 4843 est,

250 4865 372 4921 Non
412 4866 734 4921 contradicas
773 4865 879 4919 ullo
920 4865 1067 4918 modo
1103 4865 1299 4919 veritati
1340 4864 1449 4935 (Id.
1478 4882 1551 4934 IV,
1578 4866 1706 4938 50)?
1741 4866 1836 4923 Cui

250 4968 426 5015 autem
457 4958 566 5013 nisi
596 4958 802 5013 veritati
827 4957 1233 5025 contradicitur,
1261 4974 1381 5013 cum
1419 4960 1577 5015 etiam
1621 4962 1731 5032 regi
1769 4977 1835 5017 ex

250 5050 475 5104 veritate
501 5047 703 5119 aliquid
727 5047 929 5118 iubenti
957 5048 1257 5103 resistitur?
1281 5048 1385 5104 Sed
1421 5064 1514 5105 rex
1550 5050 1713 5106 homo
1746 5054 1837 5124 qui

250 5144 487 5199 minatur
514 5142 601 5198 vel
640 5142 731 5212 qui
774 5140 1035 5207 vindicat,
1080 5141 1147 5196 ad
1187 5150 1396 5212 tempus
1430 5144 1689 5201 molestus
1715 5156 1833 5202 est:

251 5251 358 5291 non
389 5236 467 5291 sic
509 5235 600 5289 ille
625 5234 739 5289 Rex
769 5235 856 5303 qui
895 5233 1051 5288 etiam
1079 5234 1286 5290 Veritas
1320 5235 1545 5305 dicitur,
1571 5238 1661 5309 qui
1695 5254 1837 5295 nunc

250 5342 465 5398 quoque
509 5326 613 5381 illis
656 5340 753 5396 per
794 5324 1103 5395 prophetam
1133 5326 1359 5393 clamat,
1391 5327 1515 5382 Sine
1538 5336 1691 5384 causa
1717 5347 1833 5400 per-

315 5486 332 5515 ι
357 5482 497 5543 aditi,
522 5488 852 5548 proponemes.
898 5482 1198 5533 Divionensis
1218 5483 1392 5543 codex,
1417 5496 1718 5548 proponens;
1740 5488 1835 5537 sci-

252 5543 367 5593 licet
400 5543 757 5595 Parmenlanus.

316 5608 335 5637 ³
354 5607 473 5655 Fditi
490 5640 505 5664 ,
530 5605 621 5655 sed
640 5603 684 5655 si
707 5602 813 5655 licet
849 5604 1141 5656 erubescant.
1187 5604 1507 5656 Emendantur
1544 5621 1570 5657 a
1604 5610 1838 5660 Vaticanis

318 5729 338 5759 ³
582 5729 937 5793 Mss._omittupt
954 5763 969 5787 ,
993 5728 1165 5779 habent
1186 5743 1307 5793 ;7pro
1320 5743 1417 5793 quo
1442 5729 1637 5780 videtur
1660 5729 1834 5793 legen-

318 5745 338 5759 -
360 5745 559 5786 υωυειω
584 5745 687 5776 mss.
712 5745 937 5777 οῐῐιιιιιιιιι
954 5763 969 5787 ,
993 5745 1202 5791 navent;
1251 5745 1307 5779 ro
1320 5745 1417 5793 quo
1442 5745 1637 5780 videtur
1661 5745 1828 5792 legen-

252 5785 387 5862 dum,
594 5788 737 5862 Paulo
754 5798 860 5862 post
880 5789 986 5862 loco
1002 5826 1016 5849 ,
1040 5745 1316 5862 nonnan
1336 5826 1350 5852 ,
1379 5793 1656 5855 reperimus
1672 5826 1687 5853 ,
1720 5792 1828 5842 nul-

254 5843 355 5898 lam
372 5843 426 5899 iu
447 5857 554 5900 Ias.
583 5858 636 5899 et
650 5852 699 5899 in
722 5843 936 5902 editione
958 5843 1274 5903 Amerbachii.

531 5931 757 5996 βασι.
790 5934 1070 5998 Aususr.
1100 5935 1214 5996 lx.

1603 342 1806 400 LIBER
1843 340 2156 401 TERTIUS.

3431 360 3531 418 106

1955 463 2090 517 cussi
2117 464 2249 531 ﬁlios
2284 474 2467 521 vestros
2490 481 2509 531 ;
2534 468 2853 539 disciplinam
2880 485 2979 526 non
3002 483 3292 542 receperunt
3317 475 3530 547 (Jerem.

1955 551 2026 620 it,
2054 553 2164 623 50).
2207 556 2303 623 Qui
2345 567 2622 626 propterea
2663 574 2759 629 per
2782 559 3039 615 humanas
3069 572 3357 633 potestates
3394 584 3535 625 nunc

1954 646 2366 702 misericorditer
2384 649 2652 716 admonet,
2678 667 2745 707 ne
2770 654 2821 707 in
2847 652 2951 708 fine
2976 654 3053 708 sic
3074 656 3323 723 vindicet,
3352 670 3406 713 ut
3427 676 3530 713 non

1954 753 2013 794 se
2053 740 2255 809 possint
2296 742 2507 811 superbi
2550 742 2617 797 de
2654 759 2745 798 sua
2785 744 3121 802 damnatione
3158 748 3378 818 jactare.
3421 751 3534 808 Sub

1953 832 2181 888 vindicta
2206 836 2344 889 enim
2376 850 2557 906 regum
2587 846 2761 907 potest
2789 838 3058 895 hominum
3087 842 3372 910 pertinacia
3400 844 3531 899 falso

1953 923 2168 979 nomine
2204 925 2410 980 virtutis
2453 927 2588 981 velle
2615 927 2850 994 laudari;
2881 932 3094 986 aeternis
3117 941 3294 987 autem
3322 934 3529 1004 ignibus

1952 1015 2314 1084 concremari,
2359 1031 2457 1071 nec
2498 1016 2627 1083 erit,
2661 1033 2759 1073 nec
2800 1020 3072 1075 vocabitur
3111 1021 3382 1079 fortitudo.
3414 1025 3527 1080 Non

1928 1105 2093 1161 enim
2123 1116 2279 1162 erunt
2305 1107 2354 1161 in
2380 1107 2467 1163 die
2492 1108 2580 1163 illa
2602 1109 2690 1179 qui
2716 1120 2873 1180 caput
2898 1121 3093 1181 ungant
3120 1113 3240 1169 oleo
3264 1114 3526 1171 adulatio-

1952 1199 2056 1264 nis,
2087 1208 2177 1255 aut
2204 1201 2346 1254 varia
2390 1202 2406 1233 ³
2437 1200 2644 1273 decepti
2683 1203 2887 1258 fallacia
2924 1214 3204 1261 coronatos
3248 1209 3519 1264 somnient

1951 1288 2248 1358 damnatos,
2282 1291 2540 1360 dicentes,
2573 1293 2735 1364 Euge,
2772 1310 2935 1365 euge;
2957 1304 3010 1351 et
3042 1296 3285 1367 jurantes
3310 1314 3404 1369 per
3423 1314 3515 1354 ca-

1951 1398 2051 1439 nos
2075 1398 2280 1451 eorum,
2310 1384 2399 1454 qui
2430 1395 2587 1455 caput
2634 1401 2820 1441 sanum
2849 1402 2953 1442 non
2985 1387 3315 1457 habuerunt,
3347 1398 3402 1445 et
3431 1406 3526 1460 per

1952 1488 2239 1546 compages
2263 1478 2284 1508 ³
2314 1490 2499 1532 eorum
2526 1477 2612 1548 qui
2637 1478 2777 1532 viam
2826 1479 2971 1548 pacis
3018 1494 3123 1535 non
3176 1490 3523 1552 agnoverunt.

1951 1566 2145 1634 Quales
2170 1567 2351 1623 turbas
2376 1568 2461 1623 isti
2489 1577 2791 1625 avertentes
2818 1585 2847 1624 a
2878 1570 3074 1625 Christi
3109 1572 3332 1639 unitate,
3376 1580 3432 1627 et
3459 1575 3525 1626 ad

1949 1673 2103 1715 suum
2130 1674 2321 1716 nomen
2347 1668 2657 1717 convertere
2677 1662 2970 1732 cupientes,
3001 1662 3211 1718 interim
3256 1672 3525 1734 tempora-

1950 1750 2021 1807 lia
2048 1751 2301 1822 supplicia
2334 1752 2637 1808 schismatis
2666 1754 2746 1807 sui
2774 1752 3021 1810 conferre
3050 1754 3248 1810 audent
3277 1756 3531 1825 passioni-

1948 1841 2047 1898 bus
2070 1850 2391 1913 martyrum,
2421 1853 2477 1899 ut
2502 1845 2581 1899 eis
2606 1859 2884 1915 poenarum
2931 1859 3143 1901 suarum
3174 1848 3407 1903 natalitia
3435 1862 3526 1904 ce-

1950 1934 2224 1990 lebrentur
2273 1950 2467 2006 magno
2509 1946 2775 1993 conventu
2830 1937 3105 1993 hominum
3154 1937 3525 1995 furiosorum:

1949 2040 2175 2096 quorum
2226 2042 2259 2083 e
2289 2041 2512 2082 numero
2542 2028 2614 2083 illi
2646 2037 2771 2084 sunt
2793 2071 2808 2097 ,
2840 2030 2930 2100 qui
2977 2031 3138 2085 etiam
3168 2031 3317 2087 nullo
3342 2047 3525 2103 perse-

1950 2124 2165 2186 quente,
2188 2130 2249 2171 se
2277 2117 2423 2186 ipsos
2443 2118 2583 2172 ultro
2610 2134 2707 2189 per
2737 2120 2997 2175 montium
3029 2120 3253 2191 abrupta
3284 2123 3528 2192 praecipi—

1948 2216 2083 2273 tant,
2144 2216 2202 2261 ut
2238 2210 2431 2263 malam
2462 2210 2626 2265 vitam
2676 2211 2859 2281 pejore
2909 2221 3083 2267 morte
3133 2224 3523 2269 consumment.

1948 2298 2063 2355 Non
2091 2308 2248 2355 erunt
2278 2300 2330 2356 in
2358 2301 2445 2356 die
2482 2301 2571 2356 illa
2625 2302 2802 2357 stulta:
2852 2302 3035 2373 plebes
3078 2304 3271 2375 quibus
3323 2304 3525 2374 dicant,

1948 2390 2058 2446 Nos
2086 2406 2269 2446 sumus
2296 2391 2423 2462 justi
2452 2392 2543 2463 qui
2578 2397 2807 2464 patimur
2830 2396 3253 2465 persecutionem
3288 2413 3301 2449 :
3332 2406 3387 2451 et
3407 2398 3502 2467 qui

1946 2480 2046 2537 bus
2070 2483 2227 2537 caecis
2250 2483 2511 2539 vendatur
2540 2485 2800 2553 reprobus
2840 2486 2973 2555 lapis
3021 2501 3118 2555 pro
3165 2502 3371 2557 gemma
3400 2503 3525 2557 pre-

1948 2574 2106 2640 tiosa,
2134 2572 2186 2627 id
2213 2581 2314 2640 est,
2347 2574 2575 2629 carnalis
2600 2574 2789 2628 duritia
2833 2589 2930 2644 pro
2957 2576 3218 2645 spirituali
3246 2577 3519 2646 patientia.

1946 2662 2063 2720 Non
2094 2674 2252 2720 erunt
2273 2665 2362 2736 qui
2392 2666 2607 2720 nomina
2632 2666 2930 2736 principum
2970 2666 3165 2722 furoris
3194 2668 3274 2722 sui
3299 2668 3523 2724 recitent

1946 2757 2013 2811 ad
2036 2758 2246 2823 altaria,
2264 2757 2349 2813 vel
2378 2772 2497 2828 qua:
2524 2758 2591 2812 ab
2615 2757 2817 2813 unitate
2851 2756 3049 2812 Christi
3077 2758 3402 2826 diviserunt,
3438 2760 3522 2814 vel

1945 2863 2065 2920 quae
2119 2850 2217 2904 sub
2273 2850 2487 2904 nomine
2538 2848 2734 2905 Christi
2776 2856 2960 2904 contra
3005 2858 3290 2905 erexerunt
3328 2850 3370 2904 ³.
3398 2850 3524 2907 Hrec

1949 2941 2096 2996 enim
2125 2950 2248 2995 sunt
2281 2941 2475 3011 pretia,
2506 2956 2623 3010 qum
2652 2941 2738 2995 isti
2781 2949 2837 2995 ut
2858 2940 3155 3011 accipiant,
3187 2941 3313 2997 dum
3339 2943 3524 2998 volunt

1946 3035 2145 3091 habere
2168 3034 2308 3105 quod
2340 3033 2590 3097 vendant,
2617 3034 2849 3089 excitant
2882 3033 3165 3088 adversum
3190 3048 3249 3089 se
3290 3042 3526 3104 potesta-

1944 3134 2055 3183 tum
2082 3129 2427 3183 severitatem
2455 3143 2549 3197 per
2592 3128 2885 3182 animosam
2908 3127 3334 3197 perversitatem,
3357 3141 3425 3182 ne
3446 3126 3523 3182 illi

1944 3219 2036 3291 qui
2061 3220 2129 3274 ab
2159 3221 2237 3274 eis
2265 3218 2589 3275 seducuntur
2610 3259 2627 3287 ,
2655 3227 2710 3273 et
2763 3232 2857 3273 eos
2898 3227 3177 3288 prepterea
3204 3219 3379 3289 justos
3422 3234 3523 3289 pu-

1944 3320 2094 3377 tant,
2126 3312 2247 3381 quia
2295 3325 2480 3382 pmnas
2528 3309 2821 3380 iniquitatis
2849 3310 3151 3375 exsolvunt,
3193 3309 3419 3366 redeant
3456 3310 3523 3365 ad

1944 3417 2056 3469 cor,
2086 3411 2140 3457 et
2160 3401 2501 3458 considerent
2520 3416 2686 3473 quare
2713 3401 2984 3473 patiantur
3012 3417 3128 3472 quae
3152 3418 3211 3457 se
3255 3402 3362 3473 pati
3402 3403 3519 3473 glo-

1943 3493 2149 3548 riantur
2180 3492 2227 3545 ⁸.
2260 3493 2525 3561 Quantum
2553 3492 2697 3548 enim
2738 3502 2855 3547 erat
2890 3500 2947 3546 ut
2975 3492 3245 3563 paululum
3274 3493 3519 3549 adverte-

1944 3594 2065 3640 rent
2103 3585 2223 3639 talia
2271 3585 2451 3641 dicere
2501 3585 2907 3642 Parmenianum
2940 3586 3200 3642 Tichnnio
3228 3588 3295 3643 de
3348 3588 3523 3659 perfe-

1944 3678 2123 3733 rendis
2184 3678 2641 3748 persecutionibus
2699 3687 2753 3734 et
2789 3680 2954 3749 gloria
3000 3680 3313 3749 tolerantire,
3345 3683 3520 3752 qualia

1943 3768 2125 3823 dicunt
2149 3782 2336 3825 omnes
2359 3768 2619 3837 haeretici,
2646 3769 2713 3824 de
2742 3770 2931 3839 quibus
2969 3771 3276 3826 coercendis
3314 3773 3394 3827 vel
3426 3790 3523 3843 pu-

1943 3859 2152 3915 niendis
2177 3860 2367 3914 similia
2390 3875 2570 3930 regum
2596 3860 2745 3929 jussa
2769 3859 3138 3929 proferuntur;
3168 3863 3339 3932 qualia
3370 3875 3519 3920 certe

1942 3950 2364 4008 Membresitanis
2417 3952 2527 4006 suis
2569 3951 2698 4006 dicit
2741 3950 2899 4005 etiam
2941 3951 3184 4020 Salvius,
3237 3954 3319 4008 cui
3345 3962 3521 4010 tantas

1942 4044 2284 4099 Abitinenses
2304 4044 2484 4114 plagas
2504 4052 2558 4098 et
2571 4042 2918 4099 contumelias
2935 4043 3254 4114 intulerunt,
3274 4060 3369 4117 per
3387 4062 3522 4118 quos

1942 4137 2029 4192 isti
2060 4146 2364 4194 meruerant
2408 4145 2468 4192 ut
2493 4136 2561 4193 de
2605 4136 2845 4192 Ecclesia
2880 4137 3166 4209 pelleretur
3205 4138 3247 4206 ⁸,
3293 4150 3353 4194 ιιι
3403 4140 3521 4211 ejus

1943 4230 2141 4285 cervici
2166 4229 2326 4285 etiam
2353 4238 2685 4285 mortuorum
2705 4242 2896 4284 canum
2913 4228 3168 4285 cadavera
3188 4230 3515 4302 colligarent,

1942 4328 2002 4375 ut
2037 4328 2311 4391 postremo
2328 4334 2450 4375 cum
2479 4318 2571 4375 illo
2596 4318 2661 4374 ad
2696 4327 2879 4391 turpes
2896 4334 3056 4375 voces
3080 4322 3515 4392 cantationesque

1941 4415 2217 4469 saltarent.
2257 4412 2426 4481 Quem
2475 4427 2780 4469 sermonem
2804 4453 2818 4479 ,
2853 4421 3199 4485 posteaquam
3227 4421 3370 4469 tanta
3400 4429 3520 4485 per-

1941 4520 2131 4577 pessus
2177 4514 2294 4572 est,
2324 4519 2448 4561 eum
2496 4513 2745 4575 putamus
2772 4504 3021 4560 habuisse
3048 4520 3168 4561 cum
3205 4506 3350 4573 suis,
3386 4520 3521 4577 quos

1942 4597 2171 4653 miseros
2218 4596 2429 4668 decepit
2456 4606 2515 4653 ut
2553 4596 2775 4652 alteram
2829 4596 2930 4652 sibi
2980 4596 3254 4653 basilicam
3291 4596 3520 4652 fabrica-

1943 4690 2101 4747 rent?
2123 4688 2331 4759 Quanta
2383 4690 2517 4747 dixit
2545 4689 2613 4747 de
2644 4689 2847 4761 iustitia
2866 4730 2883 4758 ,
2905 4704 3005 4761 pro
3030 4704 3133 4761 qua
3163 4690 3288 4746 talia
3313 4691 3518 4761 perpeti

2005 4930 2023 4993 ξ
2047 4929 2258 4993 Vaticani
2280 4928 2489 4993 codices,
2514 4943 2651 4981 vana.

2003 4992 2025 5023 ¹
2056 4989 2201 5039 lorel
2220 5026 2235 5051 ,
2258 4989 2494 5043 Element'.
2525 4994 2702 5053 Critlc.,
2720 5004 2829 5056 pag.
2866 4992 3028 5055 l8-20,
3046 4994 3217 5057 prohat
3237 4993 3515 5058 legendum,

2003 5064 2209 5107 "magos,
2234 5052 2283 5101 id
2305 5060 2383 5104 est
2405 5055 2737 5107 eniscooorum
2759 5054 2958 5107 caligas.
3000 5063 3058 5105 ιιι.

1941 5063 2209 5116 compagos,
2234 5063 2283 5101 ια
2305 5063 2383 5104 est
2405 5063 2737 5118 episcoporum
2759 5063 2958 5118 caligas.
3000 5063 3058 5105 ιιι.

1956 5174 1986 5190 Α.
2004 5114 2030 5190 ἓν
2170 5120 2355 5190 etuas.
2373 5189 2377 5190 ν
2396 5116 2603 5190 vaticani
2640 5116 2941 5190 ac_plerique
2963 5117 3213 5190 Gallicani,
3239 5122 3518 5190 contruse-

1941 5174 2139 5243 clesiam
2159 5181 2434 5227 erexerunt.
2460 5185 2651 5239 Vocem,
2678 5174 2937 5229 Ecclesium
2953 5213 2969 5239 ,
3000 5180 3112 5243 quia
3133 5192 3161 5227 a
3184 5174 3388 5239 Belgicis
3411 5186 3516 5243 Mss.

1940 5238 2135 5297 aberat,
2162 5246 2511 5301 expunxeruut
2542 5244 2896 5301 Lovanieuses,
2928 5238 3033 5291 «ιη’
3057 5241 3122 5291 sit
3149 5238 3354 5299 sensus,
3378 5255 3401 5285 ι
3441 5240 3516 5291 iu-

1941 5300 2137 5362 quiunt,
2172 5317 2194 5345 α
2214 5313 2406 5374 quaee:
2429 5300 2633 5374 adverso
2658 5300 2944 5351 erexerunt.
2968 5318 2991 5347 ι

2003 5363 2120 5425 {sic
2142 5369 2348 5425 vanam
2372 5371 2478 5413 Mss.
2520 5362 2605 5413 ΑΙίι
2628 5377 2749 5413 vero
2770 5376 2881 5413 cum
2904 5364 3063 5424 editis,
3098 5373 3247 5425 quare
3268 5366 3315 5412 et
3335 5374 3446 5425 qua
3466 5378 3517 5417 se

1940 5422 2357 5560 iurgi???
2382 5484 2690 5560 pellerentur.
2744 5487 3096 5560 hovanienses,
3142 5483 3520 5560 reclamantibus

1942 5546 2056 5612 licet
2068 5555 2170 5596 MSS.
2187 5549 2270 5612 qui
2284 5546 2459 5598 revera
2474 5551 2683 5612 antiquis
2698 5548 2987 5612 editionibus
2998 5546 3331 5612 astipulantur,
3349 5561 3517 5599 emen-

1939 5608 2133 5679 darunt,
2154 5607 2442 5681 pelleretur;
2462 5612 2573 5684 quia
2589 5607 2652 5660 de
2668 5608 2807 5681 salvii
2830 5615 3011 5658 tantum
3030 5607 3318 5721 expulsione
3341 5613 3517 5682 agitur,

1941 5683 2082 5721 uuam
2122 5683 2211 5721 ipsi
2259 5673 2611 5721 Membresnaul
2655 5682 2892 5720 mermsse
2918 5683 3005 5721 Der
3028 5671 3095 5719 Ab
3115 5679 3334 5721 tmenses
3348 5674 3516 5721 dicun-

1941 5683 2082 5731 quam
2122 5671 2136 5717 i
2171 5671 2211 5719 si
2259 5671 2611 5721 Membresitaul
2655 5672 2892 5720 memisse
2949 5683 3005 5719 er
3028 5671 3334 5721 Abitinenses
3348 5671 3516 5721 dicun-

1942 5740 2036 5781 tur.
2062 5685 2236 5781 Sicl‘ib.
2254 5730 2465 5781 icontra
2486 5734 2807 5781 Cresconium.
2827 5744 2877 5779 ιι.
3006 5749 3029 5779 ι
3067 5746 3155 5781 uer
3190 5746 3351 5781 uuam.
3376 5750 3398 5777 ι
3430 5734 3513 5781 ait.

1942 5730 2036 5781 tur.
2062 5732 2133 5779 sic
2146 5730 2236 5781 lib.
2254 5730 2465 5781 icontra
2486 5734 2807 5791 Cresconium,
2827 5744 2877 5779 ιι.
2895 5730 2975 5791 59,
3006 5749 3029 5779 ι
3067 5746 3155 5793 per
3190 5746 3351 5794 quam,
3376 5750 3398 5777 ι
3430 5734 3513 5792 ait,

1949 5811 1971 5838 ι
1993 5794 2238 5864 civitatem
2259 5795 2458 5864 vicinam
2482 5794 2989 5864 (putaabitinensem)
3024 5794 3287 5864 judicatum
3309 5794 3514 5864 implere

1942 5855 2094 5904 vestri
2111 5860 2413 5915 meruerunt;
2431 5869 2454 5899 ι
2480 5852 2535 5904 ιιι
2547 5852 2731 5904 scilicet
2746 5868 2773 5905 a
2788 5868 2875 5906 sua
2894 5852 3017 5907 sede
3025 5852 3299 5919 pelleretur
3314 5852 3511 5905 Salvius.

2882 5940 3212 6019 (Quam-1
