4054 6484
542 379 651 441 Hi

538 504 716 554 autem
738 494 846 553 illic
867 502 1011 555 recte
1032 495 1220 568 accipi,
1248 496 1435 553 nolunt
1454 495 1628 553 fateri.
1658 496 1860 554 Harum
1888 504 2115 568 quatuor

536 588 918 647 sententiarum
961 596 1069 645 tres
1113 596 1310 645 nostra:
1354 595 1560 645 tantum
1602 596 1750 657 sunt,
1789 604 1948 646 unam
1989 601 2117 644 vero

535 680 747 750 utrique
773 678 1019 735 dicimus.
1052 678 1184 735 Nam
1212 693 1331 735 esse
1356 679 1412 735 in
1455 678 1725 736 Catholica
1763 679 2113 751 Baptismum,

533 781 591 829 et
610 781 758 830 recte
787 771 895 828 illic
912 771 1101 844 accipi,
1140 779 1195 828 ει
1220 771 1358 843 apud
1388 772 1692 829 Donatistas
1719 786 1824 829 non
1852 780 1998 829 recte
2016 786 2112 828 ac-

533 860 662 931 cipi,
702 876 799 918 nos
832 870 1037 918 tantum
1084 861 1312 918 dicimus
1341 880 1357 919 :
1384 876 1506 919 esse
1538 877 1667 918 vero
1705 862 2033 935 Baptismum
2056 872 2113 920 et

533 952 674 1023 apud
706 952 1027 1020 Donatistas,
1058 962 1112 1009 et
1137 952 1214 1009 illi
1235 962 1501 1022 asserunt,
1549 960 1605 1010 et
1625 969 1722 1011 nos
1747 955 2109 1013 concedimus.

532 1042 783 1114 Quisquis
820 1058 949 1115 ergo
976 1043 1088 1099 vult
1122 1042 1399 1115 baptizari,
1439 1052 1497 1101 et
1531 1053 1715 1101 certus
1750 1052 1834 1100 est
1874 1044 1985 1116 jam
2009 1044 2111 1101 sibi

533 1143 771 1191 nostram
798 1134 1091 1191 Ecclesiam
1119 1134 1186 1190 ad
1214 1135 1557 1191 christianam
1577 1135 1802 1193 salutem
1835 1150 1957 1192 esse
1975 1136 2111 1193 deli-

532 1224 759 1297 gendam
786 1226 827 1291 ι,
848 1233 905 1280 ει
938 1225 993 1281 iu
1016 1239 1081 1281 ea
1112 1225 1225 1281 sola
1272 1225 1527 1297 prodesse
1568 1224 1893 1298 baptismum
1912 1225 2110 1283 Christi

532 1318 737 1373 etiamsi
763 1318 888 1373 alibi
916 1326 1190 1391 acceptum
1226 1318 1412 1381 fuerit;
1443 1317 1538 1375 sed
1565 1318 1687 1377 ideo
1715 1318 1771 1374 in
1820 1327 1971 1389 parte
2000 1320 2109 1375 Do-

533 1410 639 1464 nati
663 1409 771 1463 vult
813 1409 1091 1480 baptizari,
1121 1408 1245 1481 quia
1281 1424 1403 1465 esse
1446 1409 1521 1465 ibi
1546 1409 1872 1481 Baptismum
1900 1424 2007 1466 non
2032 1409 2108 1466 illi

531 1501 632 1556 soli
682 1515 856 1571 neque
898 1516 996 1556 nos
1033 1500 1153 1568 soli,
1198 1500 1293 1556 sed
1321 1501 1534 1573 utrique
1575 1501 1803 1558 dicimus
1832 1502 2110 1559 :attendat

532 1594 637 1649 alia
667 1594 784 1648 tria.
806 1593 861 1649 Si
887 1594 1029 1649 enim
1067 1608 1165 1649 nos
1185 1593 1344 1665 elegit
1385 1594 1537 1665 sequi
1566 1594 1621 1649 in
1665 1593 1730 1650 iis
1756 1610 1875 1666 quae
1903 1595 1977 1650 illi
2001 1611 2107 1651 non

531 1687 735 1754 dicunt,
777 1701 841 1741 ea
869 1701 998 1741 vero
1039 1701 1158 1757 qua:
1198 1687 1410 1758 utrique
1448 1686 1695 1754 dicimus,
1737 1688 1997 1758 praeponit
2024 1687 2109 1743 his

529 1794 650 1848 quae
685 1792 785 1833 nos
838 1777 938 1832 soli
979 1777 1231 1844 dicimus;
1268 1778 1397 1833 satis
1415 1785 1499 1835 est
1524 1778 1678 1834 nobis
1706 1778 1849 1851 quod
1893 1795 1956 1835 ea
1989 1794 2108 1851 quae

530 1867 605 1924 illi
630 1884 734 1924 non
759 1869 962 1938 dicunt,
985 1876 1041 1924 et
1070 1884 1170 1925 nos
1197 1869 1298 1925 soli
1326 1869 1574 1938 dicimus,
1606 1870 1868 1942 praeponit
1886 1871 1963 1927 eis
1990 1885 2108 1942 quae

528 1959 607 2015 illi
634 1961 731 2016 soli
760 1960 961 2017 dicunt.
998 1962 1132 2017 Esse
1167 1969 1341 2018 autem
1381 1962 1434 2017 in
1464 1962 1733 2019 Catholica
1755 1963 2104 2034 Baptismum,

528 2068 627 2109 nos
654 2053 897 2117 dicimus,
925 2053 1000 2109 illi
1042 2069 1147 2110 non
1172 2053 1376 2111 dicunt.
1411 2055 1577 2112 Recte
1605 2057 1773 2128 accipi
1817 2057 1869 2112 in
1907 2057 2107 2114 Catho-

530 2142 630 2199 lica
669 2144 1020 2214 Baptismum,
1066 2159 1165 2201 nos
1219 2145 1466 2214 dicimus,
1494 2147 1572 2201 illi
1600 2162 1707 2203 non
1750 2147 1953 2204 dicunt.
1990 2148 2107 2205 Non

526 2243 673 2290 recte
689 2236 857 2305 accipi
888 2237 942 2292 in
962 2245 1112 2308 parte
1147 2237 1336 2294 Donati
1360 2239 1707 2311 Baptismum,
1732 2255 1830 2297 nos
1858 2241 2104 2308 dicimus,

529 2323 603 2378 illi
631 2340 737 2380 non
765 2325 967 2381 dicunt.
1015 2325 1163 2383 Sicut
1182 2342 1310 2399 ergo
1361 2329 1413 2383 id
1443 2330 1617 2400 potius
1644 2330 1816 2385 credit
1840 2331 1981 2402 quod
2007 2346 2107 2387 nos

527 2414 627 2468 soli
653 2413 876 2470 dicimus
925 2431 1045 2471 esse
1090 2416 1444 2483 credendum;
1490 2419 1561 2473 ita
1588 2419 1690 2475 hoc
1730 2421 1905 2490 potius
1952 2420 2109 2475 faciat

527 2503 667 2573 quod
697 2518 794 2558 nos
830 2505 929 2559 soli
959 2505 1187 2562 dicimus
1218 2520 1336 2562 esse
1378 2506 1695 2563 faciendum.
1746 2510 1899 2577 Quod
1933 2520 2107 2567 autem

527 2595 737 2665 utrique
761 2610 881 2651 esse
926 2595 1250 2652 credendum
1288 2597 1534 2665 dicimus,
1577 2599 1697 2667 hoc,
1722 2601 1766 2655 si
1812 2601 1882 2655 ita
1936 2612 2104 2671 putat,

526 2686 798 2743 robustius
818 2688 1023 2755 credat;
1065 2703 1221 2760 quam
1249 2689 1300 2744 id
1326 2690 1467 2761 quod
1505 2706 1535 2745 a
1557 2692 1684 2746 solis
1711 2692 1865 2747 nobis
1892 2692 2104 2750 dicitur.

529 2775 818 2833 Robustius
840 2780 983 2834 enim
1007 2779 1304 2835 crediturus
1325 2790 1406 2835 est
1427 2796 1546 2836 esse
1565 2781 1890 2853 Baptismum
1911 2783 2107 2839 Christi

529 2866 585 2922 in
612 2877 763 2938 parte
802 2868 1017 2937 Donati,
1059 2870 1199 2940 quod
1236 2871 1302 2926 ab
1326 2872 1565 2942 utrisque
1607 2880 1846 2927 nostrum
1892 2873 2103 2940 dicitur,

529 2974 687 3029 quam
708 2974 830 3016 esse
858 2960 1184 3031 Baptismum
1209 2960 1262 3016 in
1288 2961 1581 3029 Catholica,
1606 2964 1745 3033 quod
1765 2978 1795 3017 a
1829 2964 2108 3020 catholicis

531 3051 899 3107 tantummodo
927 3052 1140 3108 dicitur.
1163 3052 1269 3109 Sed
1298 3069 1481 3108 rursus
1509 3054 1676 3126 magis
1702 3055 2000 3111 crediturus
2025 3064 2110 3111 est

531 3159 651 3199 esse
698 3144 1025 3214 Baptismum
1073 3144 1268 3199 Christi
1302 3147 1460 3199 etiam
1491 3146 1627 3216 apud
1660 3161 1778 3213 nos,
1824 3148 1965 3219 quod
2009 3164 2108 3206 nos

530 3236 632 3291 soli
658 3235 905 3303 dicimus,
929 3251 1085 3305 quam
1116 3252 1222 3291 non
1254 3252 1372 3293 esse
1400 3237 1537 3308 apud
1568 3253 1687 3307 nos,
1716 3240 1858 3309 quod
1894 3241 1970 3295 illi
2008 3243 2106 3297 soli

529 3327 729 3382 dicunt.
755 3326 869 3383 Jam
901 3328 1040 3382 enim
1062 3326 1365 3383 decrevitet
1382 3336 1562 3384 certus
1586 3337 1686 3395 est,
1713 3330 1764 3385 in
1787 3331 1975 3401 quibus
2000 3331 2109 3387 dis-

531 3420 808 3483 sentimus,
844 3432 942 3472 nos
967 3418 1072 3472 illis
1096 3433 1216 3473 esse
1240 3419 1647 3489 praeponendos.
1689 3419 1765 3476 ita
1787 3437 1932 3492 ergo,
1965 3423 2105 3494 quod

530 3524 631 3564 nos
658 3509 755 3563 soli
782 3509 1024 3574 dicimus,
1059 3517 1205 3564 recte
1235 3509 1378 3580 apud
1402 3525 1500 3565 nos
1527 3511 1715 3581 accipi,
1745 3513 1912 3582 magis
1933 3514 2106 3569 credi-

531 3611 682 3657 turus
710 3611 810 3668 est,
834 3616 995 3672 quam
1020 3616 1125 3657 non
1160 3609 1305 3658 recte
1338 3602 1477 3673 apud
1505 3617 1604 3657 nos
1623 3601 1813 3673 accipi,
1856 3606 1977 3675 quia
2003 3606 2107 3660 hoc

529 3692 603 3748 illi
632 3694 730 3748 soli
750 3692 950 3749 dicunt.
983 3693 1183 3749 Eadem
1210 3693 1415 3764 regula,
1437 3692 1579 3763 quod
1609 3708 1707 3749 nos
1733 3694 1835 3749 soli
1855 3695 2101 3764 dicimus,

528 3798 633 3839 non
680 3793 825 3839 recte
875 3783 1015 3853 apud
1058 3783 1178 3839 illos
1228 3782 1417 3853 accipi,
1468 3783 1634 3854 magis
1671 3783 1968 3841 crediturus
2000 3796 2102 3855 est,

526 3889 685 3945 quam
712 3873 765 3929 id
791 3873 931 3946 quod
961 3874 1036 3929 illi
1069 3874 1167 3929 soli
1198 3873 1398 3942 dicunt,
1430 3874 1483 3930 id
1510 3884 1613 3943 est,
1636 3883 1783 3932 recte
1808 3878 1947 3948 apud
1986 3879 2103 3936 illos

525 3967 716 4037 accipi.
746 3965 963 4021 Frustra
1004 3967 1180 4037 itaque
1222 3966 1322 4022 sibi
1373 3966 1581 4021 videtur
1630 3981 1851 4023 securus
1876 3969 1944 4023 ibi
1965 3971 2105 4025 acci-

525 4072 674 4128 pcre,
703 4058 843 4128 quod
877 4072 996 4113 esse
1033 4058 1245 4128 quidem
1290 4057 1361 4113 ibi
1392 4061 1602 4130 utrique
1643 4059 1888 4129 dicimus,
1911 4062 2008 4118 sed
2028 4062 2101 4117 ibi

525 4163 646 4204 esse
666 4149 1033 4219 accipiendum
1074 4164 1180 4205 non
1207 4149 1417 4219 utrique
1445 4150 1692 4206 dicimus.
1723 4153 1896 4224 Elegit
1924 4165 2102 4210 autem

526 4240 661 4308 ipse,
684 4240 737 4293 in
768 4253 832 4294 eo
872 4240 1015 4311 quod
1054 4254 1159 4295 non
1194 4240 1402 4311 utrique
1442 4241 1689 4305 dicimus.
1733 4245 1885 4299 nobis
1929 4248 2103 4314 potius

526 4329 810 4386 inhaerere.
840 4330 937 4384 llic
976 4345 1105 4400 ergo
1147 4344 1367 4385 securus
1400 4331 1647 4402 accipiat,
1687 4332 1776 4387 ubi
1826 4341 1882 4388 ct
1906 4350 2025 4391 esse
2048 4346 2104 4393 et

526 4430 675 4477 recte
727 4421 893 4491 accipi
940 4430 1121 4476 certus
1171 4430 1255 4476 est
1284 4438 1297 4475 :
1330 4420 1439 4477 illic
1488 4432 1663 4478 autem
1702 4439 1808 4479 non
1854 4427 2097 4497 accipiat,

525 4513 663 4582 quod
688 4527 809 4568 esse
830 4512 899 4567 ibi
921 4512 1133 4582 quidem
1151 4511 1356 4579 dicunt,
1385 4512 1478 4567 sed
1502 4514 1571 4567 ibi
1598 4515 1961 4585 accipiendum
1983 4533 2101 4574 esse

525 4619 632 4658 non
682 4604 893 4670 dicunt,
944 4618 1167 4674 quorum
1234 4605 1552 4659 sententiam
1600 4605 1837 4661 decrevit
1877 4609 2096 4679 eligere.

526 4695 836 4763 Quanquam
858 4694 1018 4748 etiam
1054 4692 1101 4747 si
1138 4692 1356 4748 dubium
1410 4694 1647 4761 haberet,
1675 4710 1783 4751 non
1812 4697 1921 4754 illic
1954 4710 2101 4757 recte

525 4787 691 4856 accipi
714 4786 852 4856 quod
880 4787 931 4840 in
968 4784 1242 4841 Catholica
1271 4794 1415 4841 recte
1443 4787 1607 4858 accipi
1630 4798 1831 4845 certum
1860 4792 2097 4861 haberet,

524 4878 756 4946 graviter
792 4884 1057 4947 peccaret,
1081 4877 1133 4931 in
1162 4878 1321 4933 rebus
1346 4877 1413 4932 ad
1442 4878 1666 4934 salutem
1707 4881 1901 4936 anima'.
1934 4886 2100 4955 perti-

525 4967 797 5036 nentibus,
822 4968 905 5022 vel
928 4983 993 5023 eo
1014 4967 1129 5023 solo
1154 4969 1295 5038 quod
1320 4970 1480 5024 certis
1510 4969 1709 5027 incerta
1733 4986 2094 5045 praeponeret.

526 5060 691 5117 Recte
719 5061 911 5132 quippe
938 5059 1205 5115 hominem
1246 5060 1299 5114 in
1326 5060 1565 5117 Ecclesia
1620 5066 1878 5122 catholica
1930 5068 2099 5139 bapti-

525 5154 630 5209 zari
659 5166 725 5207 eo
765 5151 880 5221 ipso
908 5159 1085 5205 certus
1126 5159 1229 5217 est,
1281 5152 1422 5221 quod
1457 5154 1614 5210 etiam
1651 5157 1775 5211 alibi
1804 5159 2098 5229 baptizatus

527 5239 627 5299 huc
652 5242 878 5296 transire
900 5240 1152 5295 decrevit.
1182 5240 1297 5295 Non
1333 5252 1481 5299 recte
1516 5254 1692 5300 autem
1738 5248 1877 5315 apud
1918 5248 2095 5304 Dona-

528 5335 672 5388 tistas
706 5333 973 5388 hominem
1007 5333 1283 5403 baptizari,
1333 5334 1523 5391 saltem
1572 5336 1830 5392 incertum
1879 5337 2093 5408 habeat,

522 5438 640 5481 cum
672 5423 772 5479 hoc
791 5424 865 5479 illi
884 5423 1083 5489 dicant,
1099 5438 1323 5494 quorum
1345 5427 1661 5487 sententiam
1690 5427 1976 5487 Donatistis
2000 5448 2095 5489 an-

519 5514 871 5585 teponendam
923 5529 1044 5571 esse
1094 5524 1298 5571 certum
1354 5516 1513 5572 habet
1547 5535 1561 5570 :
1591 5528 1648 5573 et
1685 5520 1900 5602 incertis
1946 5533 2094 5581 certa

519 5606 852 5679 praferendo
887 5607 975 5663 hic
994 5607 1312 5679 baptizetur,
1352 5609 1441 5665 ubi
1477 5621 1760 5682 propterea
1804 5625 1982 5673 certus
2009 5627 2095 5675 est

579 5762 776 5837 ιμιίιίρ
1154 5760 1325 5837 setius
1344 5763 1704 5837 Iov-sensum
1720 5767 1925 5837 iudicio.
1966 5772 2091 5826 deu-

515 5824 723 5895 gatdam
747 5824 767 5876 ξ
791 5831 845 5875 ει
870 5824 943 5876 sic
962 5824 1271 5876 vetusoodex
1296 5834 1460 5878 uoster
1482 5824 1800 5892 nauigaui”.

1278 379 1367 436 DE
1402 376 1741 439 BAP’I’ISMO
1773 377 2049 437 CONTRA
2085 376 2533 454 DONATISTAS,
2570 383 2631 442 S.
2672 384 3034 445 AUGUSTINI

3700 399 3809 459 H3

2227 506 2374 555 recte
2402 500 2540 570 fieri,
2562 502 2685 574 quia
2711 510 2767 560 et
2792 518 2912 561 cum
2958 504 3085 563 alibi
3125 506 3299 567 facere
3336 511 3604 585 cogitabat
3630 516 3674 586 ¹,
3702 517 3806 578 huc

2223 593 2602 649 transeundum
2628 609 2748 652 esse
2766 595 3092 654 decreverat.

2290 682 2517 743 CAPUT
2553 686 2641 741 IV.
2671 717 2745 730 —
2785 689 2838 744 5.
2864 688 2980 745 Jam
3007 706 3135 748 vero
3160 693 3206 749 si
3246 694 3366 765 quis
3408 711 3513 752 non
3556 698 3805 773 intelligit

2217 775 2485 845 quomodo
2526 777 2639 833 ﬁeri
2680 780 2876 850 possit,
2907 790 2966 837 ut
2992 783 3134 854 quod
3172 784 3244 842 ibi
3283 800 3405 843 esse
3442 789 3802 861 conﬁtemur,

2216 879 2323 922 non
2350 866 2420 922 ibi
2444 875 2590 924 recte
2616 868 2731 925 dari
2774 870 3046 941 dicamus;
3083 874 3212 931 illud
3238 878 3477 935 attendat
3496 920 3512 948 ,
3552 882 3676 951 quia
3703 899 3807 941 nec

2215 966 2361 1014 recte
2384 956 2458 1014 ibi
2486 960 2885 1031 essedicimus,
2910 965 3052 1037 quod
3090 975 3143 1023 et
3166 968 3242 1023 illi
3267 968 3449 1026 dicunt
3494 972 3548 1027 in
3587 972 3671 1029 his
3710 979 3804 1046 qui

2214 1048 2283 1104 ab
2317 1064 2501 1106 eorum
2539 1055 2913 1112 communione
2944 1055 3245 1114 discedunt.
3290 1058 3561 1118 lntueatur
3588 1066 3609 1097 ³
3638 1065 3802 1123 etiam

2214 1137 2609 1196 similitudinem
2650 1153 2791 1200 notae
2833 1146 3111 1216 militaris,
3141 1149 3264 1220 quia
3300 1160 3449 1208 extra
3479 1154 3723 1212 militiam
3770 1172 3801 1213 a

2212 1227 2573 1287 desertoribus
2610 1241 2665 1289 et
2704 1233 2889 1292 haberi
2928 1245 2984 1294 et
3022 1240 3189 1310 accipi
3232 1250 3440 1312 potest;
3479 1245 3573 1301 sed
3617 1254 3799 1303 tamen

2210 1329 2361 1379 extra
2384 1324 2622 1380 militiam
2649 1342 2748 1384 nec
2769 1327 3009 1387 habenda
3038 1346 3140 1389 nec
3158 1334 3464 1406 accipienda
3494 1346 3597 1406 est,
3629 1348 3685 1395 et
3712 1355 3798 1397 re-

2210 1413 2370 1471 ducto
2396 1417 2480 1473 vel
2509 1418 2763 1490 perducto
2790 1420 2858 1478 ad
2896 1423 3138 1480 militiam
3166 1441 3265 1483 nec
3289 1429 3540 1486 mutanda
3565 1445 3667 1488 nec
3692 1432 3799 1488 ite-

2210 1507 2377 1563 randa
2416 1518 2518 1565 est.
2547 1509 2924 1571 Verumtamen
2952 1515 3054 1571 alia
3082 1531 3241 1573 causa
3270 1528 3353 1575 est
3379 1534 3567 1576 eorum
3604 1523 3698 1593 qui
3742 1522 3796 1579 in

2209 1596 2341 1652 istos
2370 1596 2649 1656 haereticos
2692 1602 3056 1673 imprudenter
3102 1606 3415 1675 incurrunt,
3461 1610 3632 1681 ipsam
3674 1626 3797 1669 esse

2209 1684 2404 1744 Christi
2433 1689 2724 1747 Ecclesiam
2749 1694 3112 1753 existimantes
3136 1717 3151 1753 :
3180 1698 3281 1754 alia
3300 1715 3485 1756 eorum
3510 1704 3601 1773 qui
3626 1717 3796 1760 nove-

2208 1786 2334 1833 runt
2348 1794 2452 1835 non
2466 1796 2583 1837 esse
2598 1784 2910 1841 catholicam
2936 1787 3249 1855 Ecclesiam,
3270 1792 3369 1846 nisi
3385 1808 3501 1848 eam
3527 1810 3668 1865 quae,
3691 1796 3796 1852 sic-

2209 1879 2266 1925 ut
2302 1873 2563 1942 promissa
2630 1884 2750 1944 est,
2795 1886 2904 1933 toto
2943 1888 3204 1935 terrarum
3244 1883 3374 1939 orbe
3401 1884 3713 1942 diffunditur
3741 1896 3797 1944 et

2209 1964 2509 2019 extenditur
2535 1980 2705 2037 usque
2738 1968 2804 2023 ad
2831 1969 2966 2047 ﬁnes
2995 1980 3180 2039 terrm,
3224 1990 3342 2042 quae
3381 1992 3628 2034 crescens
3655 1980 3796 2036 inter

2209 2054 2408 2109 zizania
2435 2063 2491 2111 et
2516 2056 2567 2111 in
2595 2058 2752 2113 taedio
2779 2061 3152 2117 scandalorum
3173 2067 3409 2135 requiem
3438 2069 3665 2123 futuram
3696 2071 3795 2126 de-

2209 2144 2476 2211 siderans,
2505 2146 2632 2202 dicit
2660 2150 2711 2203 in
2742 2150 2966 2206 Psalmis
2985 2194 3000 2219 ,
3030 2152 3072 2206 A
3110 2155 3295 2223 ﬁnibus
3331 2167 3476 2212 terra:
3499 2160 3569 2212 ad
3606 2170 3655 2214 te
3681 2161 3793 2215 cla-

2208 2238 2372 2302 maui;
2401 2238 2523 2293 dum
2547 2242 2747 2321 (ederet
2784 2245 2955 2297 anima
2994 2261 3103 2299 mea
3122 2287 3137 2312 ,
3173 2248 3226 2300 in
3266 2258 3406 2317 petra
3435 2252 3670 2306 exaltasti
3691 2270 3791 2308 me.

2209 2326 2361 2382 Petra
2389 2338 2563 2386 autem
2589 2342 2703 2387 erat
2730 2333 2972 2391 Christus
3003 2354 3016 2392 :
3040 2338 3092 2393 in
3119 2354 3224 2409 quo
3249 2356 3347 2396 nos
3365 2341 3475 2411 jam
3503 2344 3796 2400 resuscita-

2209 2424 2291 2473 tos
2313 2429 2367 2473 et
2394 2420 2445 2473 in
2471 2423 2607 2477 coelo
2626 2424 2983 2494 considentes,
3012 2427 3143 2484 dicit
3164 2431 3448 2500 Apostolus
3466 2434 3683 2505 (Ephes.
3719 2452 3755 2491 ll
3774 2477 3792 2505 ,

2209 2510 2287 2581 6),
2321 2513 2556 2569 nondum
2586 2516 2636 2570 in
2663 2532 2742 2583 re,
2770 2518 2863 2573 sed
2892 2520 2945 2574 in
2973 2536 3087 2591 spe.
3121 2523 3350 2594 Ideoque
3374 2527 3614 2596 sequitur
3640 2528 3794 2584 Psal-

2208 2620 2356 2672 mus,
2387 2615 2441 2661 et
2468 2607 2597 2663 dicit
2626 2626 2638 2663 :
2668 2609 2935 2666 Deduxisti
2958 2630 3038 2668 me
3055 2654 3070 2677 ,
3099 2616 3218 2684 quia
3243 2616 3406 2686 factus
3429 2634 3483 2673 es
3508 2636 3621 2689 spes
3646 2637 3793 2688 mea,

2210 2698 2361 2751 turris
2389 2698 2695 2766 fortitudinis
2718 2718 2751 2755 a
2779 2704 2907 2773 {acie
2938 2704 3129 2759 inimici
3154 2706 3323 2777 (Psal.
3348 2725 3416 2763 ιχ
3437 2751 3451 2775 ,
3494 2711 3528 2764 5
3552 2754 3566 2776 ,
3599 2711 3678 2783 4).
3711 2712 3797 2768 Ex

2210 2787 2348 2843 illius
2374 2790 2394 2821 ³
2420 2791 2613 2862 quippe
2650 2796 3087 2864 promissionibus
3112 2809 3356 2872 tanquam
3385 2805 3501 2858 telis
3528 2814 3580 2859 et
3601 2806 3797 2874 iaculis

2211 2878 2263 2932 in
2291 2881 2420 2935 turri
2455 2884 2806 2941 munitissima
2843 2890 3176 2959 constitutis,
3206 2908 3310 2947 non
3342 2895 3514 2951 solum
3547 2908 3792 2967 cavetur,

2210 2969 2304 3024 sed
2340 2972 2498 3025 etiam
2529 2986 2862 3044 expugnatur
2898 2978 3179 3048 inimicus,
3212 2983 3436 3040 induens
3476 2987 3629 3057 lupos
3666 3002 3797 3044 suos

2210 3063 2435 3141 pellibus
2459 3065 2633 3120 ovium
2669 3068 2880 3139 (Matth.
2911 3087 2983 3125 vn
3008 3113 3023 3137 ,
3052 3072 3142 3145 15)
3167 3115 3181 3140 ,
3209 3085 3265 3130 ut
3294 3077 3509 3146 dicant,
3556 3079 3689 3134 Ecce
3712 3083 3796 3136 hic

2210 3163 2282 3207 est
2302 3154 2524 3209 Christus
2547 3198 2562 3221 ,
2590 3174 2702 3213 ecce
2722 3159 2829 3213 illic
2858 3160 2965 3231 (Id.
3002 3179 3131 3219 xxiv
3150 3207 3165 3231 ,
3206 3166 3335 3235 23);
3364 3178 3413 3222 et
3442 3169 3509 3225 ab
3536 3172 3797 3229 universi-

2210 3254 2316 3300 tate
2341 3248 2567 3305 civitatis
2591 3265 2753 3320 super
2778 3264 3008 3308 montem
3047 3258 3345 3314 constitutae
3364 3302 3379 3326 ,
3406 3261 3471 3315 ad
3508 3265 3796 3331 particulas

2210 3339 2515 3396 insidiarum
2546 3359 2761 3400 suarum
2791 3347 2985 3403 multos
3005 3361 3283 3419 separent,
3313 3361 3368 3407 et
3396 3354 3663 3425 jugulatos
3699 3358 3797 3413 ab-

2208 3441 2438 3487 sumant.
2470 3434 2681 3490 Etcum
2707 3435 2808 3493 hoc
2837 3439 3078 3495 noverint
3102 3481 3117 3506 ,
3147 3442 3347 3512 eligunt
3375 3454 3526 3499 extra
3553 3461 3793 3503 commu-

2208 3523 2421 3577 nionem
2458 3525 2673 3581 unitatis
2698 3530 2937 3597 corporis
2970 3529 3167 3587 Christi
3192 3534 3432 3603 accipere
3462 3536 3792 3606 Baptismum

2207 3610 2422 3678 Christi,
2455 3614 2521 3669 ad
2547 3616 2789 3673 eamdem
2814 3622 3241 3677 communionem
3263 3638 3383 3678 cum
3408 3640 3475 3679 eo
3502 3628 3643 3695 quod
3665 3628 3792 3683 alibi

2206 3706 2509 3775 acceperint
2550 3719 2734 3779 postea
2776 3712 3071 3782 migraturi.
3103 3713 3346 3771 Scientes
3373 3718 3515 3771 enim
3560 3718 3790 3775 habituri

2206 3806 2333 3854 sunt
2355 3800 2613 3858 adversus
2646 3803 2933 3859 Ecclesiam
2962 3804 3161 3861 Christi
3195 3807 3522 3878 Baptismum
3547 3810 3749 3867 Christi
3772 3852 3788 3881 ,

2205 3894 2289 3949 vel
2316 3908 2382 3949 eo
2410 3894 2529 3964 ipso
2549 3895 2635 3951 die
2656 3912 2762 3966 quo
2785 3897 3067 3969 accipiunt.
3089 3899 3240 3967 Quod
3269 3902 3314 3956 si
3340 3902 3662 3959 sceleratum
3682 3912 3789 3971 est,

2206 3984 2324 4055 quis
2352 3995 2435 4039 est
2470 3986 2559 4056 qui
2596 3986 2771 4054 dicat,
2809 3988 3157 4045 Permittatur
3199 3990 3330 4045 mihi
3366 4007 3472 4047 uno
3498 3992 3587 4049 die
3614 3996 3793 4050 scelus

2204 4077 2523 4134 admittere?
2566 4079 2622 4135 Si
2653 4081 2793 4136 enim
2836 4082 3154 4137 transiturus
3192 4094 3276 4138 est
3314 4083 3379 4138 ad
3419 4084 3748 4141 Catholicam
3771 4127 3790 4153 ,

2205 4182 2387 4238 quaero
2413 4184 2646 4225 causam.
2684 4171 2819 4240 Quid
2846 4171 2990 4226 aliud
3015 4186 3370 4243 responsurus
3396 4184 3506 4241 est,
3539 4177 3641 4231 nisi
3668 4180 3790 4249 quia

2202 4261 2402 4315 malum
2428 4270 2510 4317 est
2536 4278 2655 4318 esse
2681 4264 2734 4317 in
2758 4272 2909 4332 parte
2935 4264 3142 4331 Donati,
3166 4275 3221 4321 et
3240 4282 3345 4321 non
3368 4283 3489 4324 esse
3515 4270 3569 4323 in
3600 4273 3790 4327 cathoo

2206 4350 2303 4405 lica
2332 4351 2570 4407 unitate?
2606 4352 2718 4407 Hoc
2755 4353 2913 4423 igitur
2939 4356 3134 4409 malum
3169 4366 3300 4427 quot
3326 4357 3513 4413 diebus
3555 4360 3786 4427 feceris,

2206 4450 2284 4496 tot
2307 4442 2511 4497 dierum
2539 4444 2736 4498 malum
2774 4444 3009 4501 facturus
3032 4461 3092 4502 es
3125 4456 3219 4502 :et
3243 4449 3345 4504 dici
3377 4458 3585 4519 potest,
3616 4453 3790 4524 majus

2205 4533 2401 4588 malum
2429 4535 2540 4588 ﬁeri
2568 4534 2795 4603 plurium
2824 4536 3054 4601 dierum,
3076 4538 3253 4593 minus
3270 4548 3447 4594 autem
3474 4556 3786 4611 paucorum;

2204 4626 2411 4681 nullum
2460 4636 2636 4681 autem
2692 4628 2891 4684 malum
2942 4630 3097 4698 ﬁeri,
3128 4630 3233 4687 dici
3272 4646 3378 4687 non
3424 4643 3620 4705 potest.
3650 4636 3789 4708 Quid

2206 4726 2385 4773 autem
2438 4732 2572 4787 opus
2619 4726 2703 4773 est
2754 4719 2856 4774 hoc
2900 4726 3007 4774 tam
3075 4722 3403 4778 exsecrabile
3451 4725 3653 4781 malum
3703 4730 3787 4784 vel

2212 4821 2318 4860 uno
2361 4807 2468 4874 die,
2496 4808 2581 4863 vel
2607 4824 2708 4863 una
2738 4808 2868 4865 hora
2911 4811 3284 4868 committere?
3328 4813 3440 4869 Hoc
3489 4816 3633 4871 enim
3694 4820 3788 4888 qui

2204 4898 2304 4953 sibi
2334 4899 2554 4955 concedi
2582 4902 2713 4965 vult,
2736 4908 2910 4971 potest
2953 4901 3023 4955 ah
3042 4902 3277 4959 Ecclesia
3302 4906 3389 4960 vel
3431 4906 3500 4961 ab
3525 4907 3643 4977 ipso
3675 4909 3790 4965 Deo

2203 5000 2402 5061 petere,
2431 5002 2489 5047 ut
2510 4994 2611 5047 sib;
2641 4994 2722 5049 vel
2756 5008 2865 5049 uno
2888 4994 2974 5049 die
3016 5007 3317 5065 apostatare
3341 5000 3620 5057 concedat.
3651 5002 3785 5059 Nam

2202 5098 2298 5138 cur
2350 5085 2505 5139 unius
2534 5084 2637 5139 dmi
2688 5099 2809 5141 esse
2852 5096 3090 5155 apostata
3144 5089 3362 5156 timeat,
3390 5100 3446 5145 et
3476 5093 3636 5148 unius
3678 5094 3784 5151 diei

2200 5190 2319 5231 esse
2386 5175 2755 5232 schismaticus
2805 5178 3155 5236 haereticusve
3204 5195 3312 5237 non
3378 5183 3584 5253 timeat,
3636 5188 3782 5245 nulla

2198 5282 2358 5325 causa
2391 5279 2493 5324 est.

2267 5360 2493 5415 CAPUT
2528 5361 2587 5414 V.
2614 5390 2686 5402 —
2709 5362 2761 5418 6.
2787 5362 2899 5421 Illic
2920 5405 2936 5429 ,
2962 5364 3167 5437 inquit,
3192 5366 3435 5437 accipere
3469 5367 3668 5434 malui,
3692 5371 3782 5426 ubi

2198 5452 2521 5524 Baptismum
2546 5453 2741 5512 Christi
2766 5472 2886 5515 esse
2909 5460 3119 5529 utrique
3146 5462 3506 5517 consentiunt.
3533 5459 3641 5517 Sed
3673 5462 3784 5519 illic

2259 5651 2451 5719 suam,
2498 5650 2617 5702 alibi
2658 5652 2798 5704 aliter
2834 5655 3013 5716 facere.
3053 5654 3426 5719 Μαίων.
3460 5658 3781 5713 amen-sai-

2257 5748 2350 5825 ῗίη
2371 5783 2500 5835 uss,
2530 5780 2821 5824 mtueantur.

2259 5840 2281 5871 ³
2302 5839 2373 5888 sic
2392 5846 2496 5888 Mss.
2522 5843 2577 5887 Αι
2601 5836 2737 5897 editi,
2759 5844 2833 5886 ax
2853 5834 2967 5889 illis.

3442 5938 3473 5970 .2

3810 534 3869 596 i“

3813 602 3824 649 i
