4054 6482
252 416 345 479 ns
1068 360 1082 377 Ἰ
1219 360 1267 399 ’⁷
1358 360 1363 363 ﬁ
1626 407 1825 468 unus

1928 407 2144 469 RIMUS.

252 552 347 594 non
368 543 520 592 recte
544 533 752 607 accipi,
786 530 862 590 illi
897 528 964 587 ad
991 545 1127 603 quos
1159 528 1480 602 migraturus
1503 539 1563 583 es
1588 526 1771 583 dicunt
1810 542 1824 579 :

252 638 385 684 recte
406 641 539 682 vero
564 626 674 682 illic
701 622 901 695 accipi,
926 623 1057 679 illia
1082 620 1275 693 quibus
1304 622 1623 692 migraturus
1664 631 1724 674 es
1748 615 1830 672 di-

249 726 387 775 cunt.
411 715 549 773 Illud
571 717 749 787 itaque
766 713 908 785 quod
932 713 985 768 111
1013 712 1216 780 dicunt,
1245 726 1380 783 quos
1402 711 1516 781 ipse
1544 705 1825 780 postponis

247 809 735 869 contradicentibus
763 807 867 863 illis
890 821 1023 878 quos
1051 806 1164 877 ipse
1185 805 1464 875 anteponis
1480 845 1495 870 ,
1521 810 1614 859 aut
1638 800 1831 857 falsum

244 911 323 959 est
341 943 357 969 ,
386 912 481 956 aut
503 942 518 965 ,
546 908 605 955 ut
625 899 804 955 mitius
831 898 1035 954 dicatur
1057 939 1073 966 ,
1106 897 1384 953 incertum.
1413 895 1550 951 Vera
1578 909 1706 966 ergo
1724 892 1829 951 fal-

244 994 313 1049 sis
334 1034 347 1058 ,
388 1002 484 1048 aut
515 992 733 1049 incertis
765 998 909 1046 certa
934 1003 1204 1060 111-11100118.
1232 987 1345 1043 Illic
1372 987 1515 1044 enim
1535 1027 1552 1054 ,
1582 1000 1689 1058 quo
1724 983 1830 1041 ml-

243 1092 493 1154 graturus
519 1096 580 1137 es
618 1096 739 1137 cum
767 1078 893 1134 alibi
933 1081 1234 1149 acceperis,
1278 1087 1421 1134 recte
1465 1090 1623 1148 posse
1661 1074 1828 1146 accipi

241 1171 381 1243 quod
426 1170 704 1227 desideras
725 1212 741 1239 ,
773 1184 880 1225 non
918 1168 995 1226 illi
1023 1177 1226 1224 tantum
1252 1169 1318 1224 ad
1342 1183 1478 1239 quos
1499 1166 1822 1224 transiturus

240 1282 296 1322 es
315 1308 331 1334 ,
358 1265 459 1321 sed
486 1275 543 1320 tu
568 1265 682 1335 ipse
705 1263 794 1334 qui
819 1262 1134 1319 transiturus
1162 1278 1222 1317 es
1264 1260 1554 1318 conﬁteris.
1592 1259 1651 1316 Si
1685 1259 1829 1315 enim

239 1364 418 1410 utrum
450 1363 597 1411 recte
624 1354 731 1409 illic
770 1360 949 1423 posset
972 1351 1141 1422 accipi
1163 1351 1433 1406 dubitares
1452 1392 1467 1418 ,
1498 1350 1660 1407 etiam
1703 1349 1831 1407 illuc

242 1446 630 1501 transeundum
652 1459 772 1500 esse
792 1443 1084 1499 dubitares.
1111 1444 1369 1513 Accipere
1396 1443 1571 1513 itaque
1598 1442 1652 1498 in
1678 1453 1828 1511 parte

240 1538 466 1604 Donati,
497 1538 544 1594 si
571 1537 833 1592 incertum
862 1544 945 1592 est
971 1550 1093 1592 esse
1120 1544 1432 1606 peccatum;
1466 1534 1584 1606 quis
1626 1535 1830 1591 dubitet

240 1641 447 1686 certum
474 1645 598 1686 esse
624 1640 900 1701 peccatum
921 1669 937 1697 ,
964 1644 1072 1684 non
1111 1628 1183 1685 ibi
1221 1628 1398 1698 potius
1432 1629 1706 1699 accipere,
1740 1627 1829 1683 ubi

239 1734 447 1779 certum
470 1733 556 1779 est
582 1739 688 1779 non
714 1738 833 1779 esse
858 1729 1133 1794 peccatum
1149 1722 1174 1775 τ
1193 1720 1273 1777 1111
1296 1736 1424 1777 vero
1446 1722 1533 1792 qui
1562 1738 1655 1791 per
1680 1722 1829 1793 igno-

240 1815 470 1870 rantiam
516 1815 587 1871 ibi
626 1814 991 1885 baptizantur,
1031 1814 1347 1869 arbitrantes
1384 1814 1550 1884 ipsam
1577 1828 1695 1869 esse
1722 1814 1828 1869 Ec-

242 1908 461 1963 clesium
490 1907 716 1976 Christi,
742 1909 794 1963 in
819 1907 1041 1963 istorum
1064 1905 1280 1977 quidem
1300 1906 1696 1976 comparatione
1724 1907 1827 1962 mi-

245 2019 339 2059 nus
371 2013 603 2075 peccant
631 2022 646 2059 :
678 2004 955 2075 sacrilegio
996 2012 1173 2059 tamen
1219 2002 1519 2059 schismatis
1545 2002 1829 2058 vulneran-

247 2104 327 2151 tur
354 2114 369 2151 :
395 2112 507 2151 non
541 2096 662 2152 ideo
688 2112 790 2152 non
818 2096 1087 2166 graviter,
1131 2096 1270 2165 quod
1316 2096 1402 2150 alii
1428 2096 1658 2166 gravius.
1693 2093 1825 2150 Cum

246 2186 382 2241 enim
411 2186 618 2243 dictum
645 2196 728 2242 est
752 2186 1067 2257 quibusdam
1084 2228 1097 2251 ,
1120 2185 1454 2241 Tolerabilius
1474 2187 1564 2240 erit
1590 2185 1828 2241 Sodomis

245 2278 293 2331 in
316 2277 400 2331 die
414 2278 609 2349 judicit'
625 2294 774 2348 quant
798 2276 932 2332 vobis
964 2275 1173 2349 (Matth.
1210 2294 1285 2345 xu,
1315 2276 1407 2349 24)
1428 2295 1441 2343 ;
1465 2292 1568 2332 11011
1593 2276 1715 2333 ideo
1740 2276 1824 2333 di-

245 2380 381 2426 ctum
408 2380 523 2438 est,
557 2372 677 2441 quia
700 2371 987 2427 Sodomita:
1006 2388 1113 2428 non
1144 2373 1561 2443 torquebuntur,
1591 2371 1686 2428 sed
1705 2371 1825 2443 quia

246 2461 312 2516 illi
338 2462 555 2533 gravius
574 2463 975 2533 torquebuntur.

245 2586 251 2591 -
309 2554 361 2606 7.
408 2553 724 2623 Quanquam
773 2554 873 2610 hoc
925 2553 1098 2610 fuerat
1144 2554 1364 2611 fortasse
1407 2554 1670 2611 occultum
1727 2554 1829 2609 ali-

245 2644 452 2715 quando
481 2654 537 2699 et
572 2644 849 2700 incertum.
882 2645 1031 2702 Unde
1054 2657 1231 2703 autem
1259 2656 1517 2703 sanantur
1539 2648 1592 2703 hi
1619 2647 1706 2719 qui
1733 2647 1820 2705 ad-

245 2730 453 2790 vertunt
496 2745 552 2790 et
595 2736 967 2806 corriguntur,
1015 2736 1138 2793 inde
1175 2746 1464 2809 gravantur
1493 2737 1544 2791 hi
1586 2738 1675 2808 qui
1704 2753 1825 2794 cum

246 2825 345 2897 iam
373 2827 625 2895 ignorare
668 2840 772 2882 non
807 2827 1177 2897 permittantur
1198 2868 1214 2895 ,
1246 2828 1299 2883 in
1348 2826 1633 2898 perniciem
1674 2842 1824 2883 suam

222 2917 587 2988 pertinaciter
613 2918 856 2973 steviunt.
890 2918 1167 2977 Damnatio
1192 2919 1387 2989 quippe
1416 2918 1826 2975 Maximianista-

248 3022 381 3074 runt,
403 3018 455 3063 et
475 3010 716 3079 receptio
741 3010 1132 3078 damnatorum,
1156 3025 1275 3066 cum
1304 3009 1389 3066 his
1408 3026 1540 3082 quos
1565 3020 1714 3067 extra
1734 3026 1822 3068 eo-

245 3116 358 3158 rum
386 3102 821 3159 communionem
859 3103 913 3157 in
942 3102 1220 3173 sacrilegio
1240 3144 1256 3170 ,
1278 3102 1415 3158 sicut
1440 3104 1721 3159 concilium
1745 3101 1824 3177 (a)

245 3207 423 3251 eorum
447 3194 667 3261 clamat,
697 3194 750 3249 in
777 3192 1064 3250 schismate
1090 3193 1446 3265 baptizarunt,
1478 3203 1639 3250 totam
1672 3195 1825 3251 istam

244 3286 397 3341 solvit
422 3284 775 3355 quaestionem
794 3324 811 3352 ,
848 3292 1014 3342 totam
1044 3284 1441 3342 contentionem
1467 3284 1702 3342 abstulit.
1730 3285 1825 3341 Ni-

243 3376 311 3435 hil
333 3377 563 3433 omnino
604 3378 742 3432 inter
765 3391 864 3433 nos
890 3384 946 3434 et
983 3391 1080 3434 eos
1111 3377 1413 3433 Donatistas
1440 3379 1531 3448 qui
1556 3378 1826 3436 Primiauo

242 3467 641 3524 cotumunicant
664 3467 983 3539 dereliquit,
1019 3466 1162 3524 unde
1189 3466 1491 3536 dubitetur,
1520 3484 1625 3525 non
1651 3470 1824 3527 solum

228 3558 422 3616 haberi
444 3599 461 3627 ,
491 3558 588 3615 sed
616 3559 778 3614 etiam
815 3558 929 3615 dari
968 3573 1129 3629 posse
1157 3559 1482 3631 Baptismum
1522 3559 1715 3617 Christi
1757 3561 1826 3619 ab

244 3652 313 3708 eis
340 3652 435 3722 qui
467 3650 539 3706 ab
570 3650 806 3706 Ecclesia
848 3660 1182 3721 separantur.
1228 3649 1377 3708 Sicut
1402 3652 1545 3708 enim
1587 3653 1687 3724 ipsi
1731 3669 1826 3711 eos

243 3756 370 3812 quos
389 3740 697 3797 Felicianus
722 3742 774 3796 in
802 3740 1090 3797 schismate
1107 3742 1413 3815 baptizavit,
1439 3758 1625 3799 verum
1648 3742 1826 3815 Bapti-

242 3847 412 3889 smum
443 3833 719 3904 accepisse
740 3831 895 3889 fateri
918 3842 1198 3905 coguntur,
1215 3834 1337 3905 quia
1365 3848 1460 3891 eos
1483 3849 1662 3891 secum
1684 3850 1825 3892 nunc

243 3925 441 3982 habent
464 3927 521 3980 in
552 3926 670 3998 ipso
688 3926 958 3997 Baptismo
990 3942 1149 3998 quem
1174 3927 1226 3983 in
1254 3926 1541 3984 schismate
1567 3943 1822 4000 percepe-

241 4027 361 4073 runt
390 4034 406 4072 :
438 4018 520 4072 sic
557 4031 657 4072 nos
691 4016 916 4073 dicimus
943 4017 1271 4088 Baptismum
1295 4018 1493 4074 Christi
1516 4034 1636 4075 esse
1662 4020 1825 4077 etiam

242 4121 386 4167 extra
411 4109 844 4166 communionem
864 4109 1201 4177 catholicam,
1217 4126 1377 4182 quem
1392 4111 1521 4167 dant
1540 4111 1614 4167 illi
1639 4112 1729 4183 qui
1755 4112 1825 4169 ab

242 4201 427 4258 eadem
476 4202 855 4258 communione
890 4202 1097 4274 pracisi
1125 4210 1287 4269 sunt,
1332 4203 1455 4275 quia
1498 4219 1655 4271 eum,
1703 4218 1825 4262 cum

242 4291 692 4359 praciderentur,
726 4307 831 4349 non
860 4294 1174 4351 amiserunt.
1203 4294 1270 4350 Et
1301 4294 1442 4365 quod
1486 4295 1585 4366 ipsi
1623 4309 1683 4351 se
1728 4311 1827 4366 pu-

244 4389 354 4438 tant
375 4382 671 4439 contulisse
690 4383 795 4439 illis
809 4399 945 4455 quos
957 4383 1255 4447 Felicianus
1276 4385 1328 4440 in
1343 4385 1628 4443 schismate
1649 4388 1824 4460 bapti-

241 4472 413 4541 zavit,
439 4488 567 4529 cum
589 4488 686 4530 eos
706 4474 806 4530 sibi
834 4475 1344 4543 reconciliaverunt;
1376 4476 1429 4533 id
1467 4487 1550 4534 est
1569 4520 1585 4546 ,
1611 4495 1720 4535 non
1766 4489 1826 4538 ut

240 4565 548 4636 accipereut
578 4565 722 4637 quod
759 4582 867 4622 non
892 4566 1190 4635 habebant,
1219 4567 1315 4624 sed
1339 4575 1398 4624 ut
1432 4570 1710 4639 prodesset
1744 4572 1825 4629 eis

241 4655 383 4725 quod
409 4656 673 4713 inutiliter
702 4657 756 4712 in
782 4657 1067 4714 schismate
1089 4669 1404 4729 acceperant
1429 4670 1481 4715 et
1511 4660 1775 4718 habebant
1804 4678 1819 4719 :

245 4752 346 4802 hoe
364 4762 493 4804 vere
515 4747 727 4803 confert
749 4756 806 4805 et
833 4758 1051 4819 praestat
1089 4749 1229 4805 Deus
1268 4766 1365 4821 per
1396 4752 1821 4808 communionem

242 4837 560 4895 catholicam
582 4839 687 4895 illis
706 4840 796 4910 qui
825 4840 1043 4896 veniunt
1060 4840 1129 4895 ab
1147 4842 1322 4912 aliqua
1351 4842 1543 4899 hzeresi
1565 4844 1649 4900 vel
1675 4843 1819 4900 schi-

242 4938 431 4997 smate,
455 4930 547 4987 ubi
576 4930 902 5000 Baptismum
924 4930 1123 4986 Christi
1151 4941 1487 5003 acceperunt;
1508 4934 1563 4989 id
1588 4943 1691 5002 est,
1714 4949 1821 4991 non

242 5026 303 5072 ut
329 5019 584 5091 Baptismi
610 5031 1001 5078 sacramentum
1034 5022 1286 5092 incipiant
1311 5022 1509 5079 habere
1536 5023 1679 5095 quod
1714 5038 1821 5080 non

242 5107 545 5181 habebant,
590 5113 690 5170 sed
730 5123 788 5169 ut
830 5114 1047 5185 incipiat
1082 5115 1163 5172 eis
1198 5116 1451 5187 prodesse
1477 5117 1620 5189 quod
1654 5116 1822 5176 habe-

238 5200 371 5260 bant
394 5208 432 5262 ¹.

311 5297 538 5358 CAPUT
566 5298 656 5356 Vl.
697 5329 771 5341 -
813 5300 866 5357 8.
911 5300 1243 5372 Quapropter
1277 5304 1417 5359 inter
1449 5316 1550 5359 nos
1585 5310 1641 5359 et
1678 5303 1822 5374 ipsos

239 5390 469 5457 quodam
494 5391 659 5448 modo
678 5390 973 5447 cardinales
1000 5392 1329 5460 Donatistas,
1363 5408 1589 5464 quorum
1616 5393 1823 5464 episco-

241 5494 346 5547 pus
368 5483 505 5554 apud
533 5482 909 5554 Carthaginem
936 5483 1232 5539 Primianus
1259 5494 1342 5540 est
1362 5526 1377 5550 ,
1404 5484 1515 5554 jam
1538 5485 1607 5541 de
1632 5485 1731 5542 hac
1762 5500 1822 5542 re

243 5570 385 5626 nulla
423 5581 505 5630 est
542 5572 931 5629 controversia.
974 5573 1152 5630 Voluit
1185 5573 1328 5629 enim
1356 5573 1498 5629 Deus
1526 5589 1623 5644 per
1646 5574 1820 5631 Maxi-

243 5661 515 5722 mianistas
541 5681 659 5721 eam
686 5665 845 5732 finiri,
871 5675 929 5721 ut
954 5666 1093 5737 quod
1116 5664 1371 5722 charitate
1396 5664 1651 5723 suadente
1673 5666 1824 5723 nole-

310 5798 329 5861 ξ
356 5804 426 5848 Er.
452 5805 506 5850 et
524 5805 658 5857 ιον..
682 5798 809 5861 quod
823 5798 1053 5852 autem
1069 5798 1314 5852 habebant.

307 5857 381 5923 fu)
402 5857 721 5926 Bagaitanum.

3400 420 3508 479 111

1932 524 2089 595 bant,
2112 527 2357 599 exmvplo
2374 543 2474 587 suo
2490 537 2711 602 cogente
2736 529 3016 589 fateantur.
3042 530 3151 590 Sed
3175 532 3348 589 adhuc
3387 549 3513 605 pro-

1932 626 2114 687 pterea
2155 617 2281 675 inde
2300 619 2626 692 disputamus
2641 663 2657 689 ,
2683 638 2752 679 ne
2786 622 2873 679 illi.
2889 623 2992 682 sibi
3012 624 3290 682 videantur
3308 625 3510 697 aliquid

1908 705 2112 781 dicere
2135 750 2149 774 ,
2193 710 2284 780 qui
2306 724 2407 767 nec
2441 712 2556 768 istis
2578 715 3007 783 communicant,
3045 716 3138 788 qui
3161 716 3302 789 apud
3327 731 3388 773 se
3416 732 3514 788 po-

1933 798 2039 855 tius
2056 839 2071 867 ,
2114 809 2311 871 quanto
2336 803 2641 873 pauciores,
2673 814 2819 863 tanto
2855 808 3171 865 sinceriores
3209 808 3515 868 Donatistae

1933 891 2252 949 remansisse
2278 895 2623 952 contendunt.
2655 896 2755 965 Qui
2778 899 2825 955 si
2851 898 3252 957 laximianistae
3279 901 3381 958 soli
3416 916 3507 960 es-

1932 992 2087 1054 sent,
2116 1000 2218 1042 nec
2259 986 2493 1059 ipsorum
2537 990 2762 1047 salutem
2787 1002 3129 1051 contemnere
3168 993 3510 1053 deberemus.

1932 1073 2141 1142 Quanto
2164 1092 2292 1149 ergo
2320 1080 2487 1151 magis
2513 1082 2635 1152 quia
2661 1082 2848 1140 eadem
2872 1099 2996 1155 pars
3032 1084 3223 1142 Donati
3264 1086 3319 1142 in
3344 1087 3513 1144 multa

1933 1168 2283 1227 minutissima
2334 1172 2501 1229 frusta
2539 1176 2750 1232 concisa
2778 1186 2895 1245 est,
2935 1192 3053 1249 quae
3078 1192 3264 1236 omnes
3293 1180 3512 1237 minuta

1932 1260 2202 1329 particulae
2227 1261 2363 1318 hanc
2392 1279 2547 1320 unam
2587 1266 2754 1322 multo
2787 1267 3118 1338 grandiorem
3139 1312 3154 1336 ,
3183 1270 3235 1325 in
3261 1285 3365 1341 qua
3390 1270 3511 1327 Pri-

1933 1350 2141 1407 mianus
2160 1362 2263 1420 est,
2290 1353 2357 1409 de
2376 1364 2591 1426 recepto
2608 1356 3108 1415 Maximianistarum
3138 1361 3410 1431 Baptismo
3429 1376 3511 1420 re-

1932 1444 2301 1515 prehendunt,
2339 1455 2393 1503 et
2430 1448 2652 1520 singulas
2680 1458 2941 1506 conantur
2975 1466 3216 1508 asserere
3235 1495 3249 1521 ,
3280 1453 3421 1525 apud
3448 1469 3511 1512 se

1933 1538 2299 1593 tantummodo
2329 1554 2509 1594 verum
2539 1540 2863 1611 Baptismum
2889 1543 3241 1612 remansisse,
3268 1560 3367 1601 nec
3394 1560 3510 1602 om-

1934 1626 2061 1682 nino
2085 1643 2203 1684 esse
2222 1629 2384 1697 alibi,
2411 1646 2508 1686 nec
2534 1631 2587 1687 in
2614 1640 2723 1688 toto
2750 1632 2879 1689 orbe
2907 1641 3169 1689 terrarum
3195 1649 3299 1705 qua
3324 1635 3511 1693 Eccle-

1932 1718 2009 1771 sia
2033 1718 2291 1775 catholica
2317 1721 2631 1791 expanditur
2654 1765 2670 1789 ,
2701 1738 2802 1779 nec
2822 1723 2875 1779 in
2902 1724 3015 1794 ipsa
3042 1724 3323 1795 grandiore
3361 1733 3509 1796 parte

1933 1808 2121 1865 Donati
2142 1851 2155 1876 ,
2184 1826 2282 1867 nec
2305 1812 2360 1867 in
2384 1815 2589 1870 caeteris
2617 1824 2810 1885 praeter
2836 1830 2897 1871 se
2921 1831 3078 1872 unam
3107 1832 3174 1872 ex
3213 1817 3508 1876 minutissi-

1930 1902 2034 1957 mis
2057 1902 2332 1973 partibus?
2356 1904 2485 1973 Quae
2514 1920 2698 1962 omnes
2735 1907 3006 1977 particulae
3032 1907 3078 1963 si
3102 1907 3382 1965 advertere
3409 1924 3506 1966 vo-

1931 1993 2126 2050 luerint
2150 2010 2334 2051 vocem
2360 2011 2467 2052 non
2490 1997 2738 2065 hominis,
2761 1997 2856 2054 sed
2876 1998 3043 2069 ipsius
3063 1999 3508 2057 manifestissimae

1931 2086 2168 2141 veritatis
2191 2128 2208 2155 ,
2247 2094 2303 2143 et
2347 2088 2646 2143 animosum
2697 2089 2942 2159 spiritum
2991 2104 3101 2145 suae
3147 2091 3507 2161 perversitatis

1930 2176 2179 2234 edomare
2200 2219 2216 2245 ,
2241 2194 2346 2235 non
2373 2179 2553 2250 utique
2574 2178 2641 2235 ad
2679 2188 2881 2251 partem
2909 2180 3098 2236 Donati
3127 2181 3382 2252 majorem
3400 2222 3417 2249 ,
3438 2181 3510 2240 de

1930 2286 2032 2341 qua
2060 2272 2279 2342 praecisa
2302 2273 2540 2344 praecisa:
2564 2283 2725 2341 sunt,
2756 2272 2850 2329 sed
2875 2272 2943 2329 ad
2978 2272 3147 2344 ipsam
3189 2274 3509 2331 viriditatem

1930 2362 2123 2417 radicis
2163 2362 2449 2420 Catholica:
2494 2365 2563 2421 de
2609 2364 2851 2422 ariditate
2896 2366 3107 2437 propria
3153 2375 3506 2423 revertentur.

1930 2452 2127 2509 Omnes
2146 2456 2340 2526 quippe
2362 2457 2449 2511 isti
2488 2457 2575 2512 ubi
2600 2468 2787 2513 contra
2827 2472 2927 2514 nos
2963 2474 3068 2515 non
3095 2467 3248 2527 sunt,
3271 2474 3370 2530 pro
3404 2473 3508 2517 no-

1929 2544 2014 2601 bis
2040 2554 2165 2601 sunt
2202 2564 2216 2599 :
2264 2547 2351 2602 ubi
2376 2554 2553 2604 autem
2581 2548 2855 2605 nobiscum
2883 2564 2988 2606 non
3023 2550 3307 2621 colligunt,
3350 2564 3506 2621 spar-

1928 2646 2076 2709 gunL

1998 2726 2223 2786 CAPUT
2246 2729 2357 2785 Vll.
2382 2759 2453 2771 -—
2479 2731 2531 2787 9.
2571 2730 2687 2787 Jam
2728 2733 2870 2789 enim
2920 2748 2987 2789 ne
3029 2733 3210 2789 videar
3258 2733 3506 2791 humanis

1929 2822 2253 2892 argumentis
2278 2820 2331 2877 id
2350 2837 2529 2893 agere,
2552 2823 2800 2893 quoniam
2817 2824 3123 2895 quzestionis
3140 2824 3295 2894 hujus
3315 2824 3512 2881 obscu-

1928 2914 2057 2970 ritas
2083 2914 2345 2984 prioribus
2368 2914 2619 2970 Ecclesiae
2650 2915 2980 2985 temporibus
2998 2924 3122 2971 ante
3145 2914 3377 2971 schisma
3401 2914 3507 2972 Do-

1927 3008 2039 3065 nati
2059 3023 2278 3079 magnos
2301 3010 2462 3074 viros,
2488 3017 2543 3063 et
2562 3022 2751 3080 magna
2779 3007 3036 3064 charitate
3058 3008 3308 3079 prteditos
3324 3017 3504 3079 patres

1926 3101 2205 3175 episcopos
2242 3103 2313 3158 ita
2351 3102 2490 3159 inter
2514 3116 2574 3159 se
2596 3102 2852 3172 compulit
2879 3102 3021 3158 salva
3047 3117 3178 3173 pace
3204 3103 3506 3174 disceptare

1926 3202 2085 3268 atque
2110 3194 2385 3261 fluctuare,
2416 3201 2477 3250 ut
2500 3194 2591 3250 diu
2617 3193 2964 3251 conciliorum
2990 3194 3043 3250 in
3067 3193 3178 3250 suis
3204 3193 3507 3265 quibusque

1926 3286 2231 3359 regionibus
2253 3285 2469 3343 diversa
2492 3293 2688 3342 statuta
2715 3285 3038 3354 nutaverint,
3064 3283 3235 3341 donec
3262 3285 3505 3355 plenario

1929 3378 2090 3435 totius
2125 3377 2272 3435 orbis
2296 3377 2545 3444 concilio,
2575 3376 2717 3449 quod
2753 3376 3102 3435 saluberrime
3137 3376 3502 3447 sentiebatur,

1927 3470 2088 3528 etiam
2134 3471 2354 3528 remotis
2399 3468 2855 3538 dubitationibus,
2896 3467 3200 3525 ﬁrmaretur
3255 3465 3331 3541 (a)
3378 3485 3393 3523 :
3432 3482 3506 3526 ex

1927 3562 2216 3635 Evangelia
2240 3561 2453 3634 prolem
2476 3572 2622 3620 certa
2643 3561 2963 3619 documenta
2981 3601 2999 3627 ,
3041 3560 3235 3633 quibus
3276 3560 3504 3619 Domino

1926 3654 2215 3727 adjuvante
2234 3654 2562 3722 demonstro,
2586 3670 2746 3727 quam
2770 3663 2918 3711 recte
2936 3654 3192 3725 placuerit
3207 3662 3262 3711 et
3274 3668 3507 3711 verese-

1927 3746 2159 3801 cundum
2196 3744 2395 3814 Deum,
2436 3752 2494 3800 ut
2528 3744 2629 3801 hoc
2655 3743 2711 3800 in
2748 3757 3014 3816 quoquam
3049 3744 3391 3818 schismatico
3419 3743 3504 3800 vel

1928 3835 2181 3893 hmretico
2203 3834 2561 3893 ecclesiastica
2608 3835 2869 3891 medicina
2896 3842 3126 3900 curaret,
3155 3834 3209 3889 in
3251 3848 3358 3904 quo
3384 3833 3503 3890 vul-

1928 3942 2058 3983 nere
2080 3927 2423 3998 scparabatur
2440 3928 2488 3994 ';
2519 3925 2648 3981 illud
2674 3935 2848 3981 autem
2870 3923 3010 3995 quod
3024 3939 3213 3980 sanum
3237 3933 3498 3992 maneret,

1926 4019 2159 4091 agnitum
2188 4018 2362 4089 potius
2386 4007 2787 4089 approbaretur,
2818 4031 2976 4088 quam
3004 4016 3355 4086 improbatum
3380 4015 3502 4071 vul-

1927 4118 2223 4168 neraretur.
2247 4110 2405 4168 Certe
2432 4110 2687 4166 Dominus
2709 4110 2763 4165 in
2781 4107 3064 4179 Evangelia
3091 4107 3255 4164 dicit:
3280 4107 3381 4174 Qui
3398 4123 3503 4164 non

1927 4211 1999 4259 est
2024 4219 2236 4270 mecum,
2257 4202 2522 4258 aduersum
2547 4218 2626 4256 me
2647 4210 2754 4268 est;
2782 4209 2829 4255 et
2847 4202 2933 4273 qui
2951 4216 3145 4255 mecum
3165 4217 3265 4254 non
3285 4198 3500 4270 colligit,

1926 4295 2141 4367 spargit.
2169 4294 2371 4351 Tamen
2395 4310 2515 4351 cum
2538 4293 2604 4348 ad
2625 4308 2748 4349 eum
2773 4291 3019 4362 discipuli
3041 4291 3381 4360 retulissent,
3421 4290 3503 4347 vi-

1926 4387 2070 4444 disse
2094 4402 2154 4443 se
2180 4385 2465 4459 quemdam
2490 4384 2543 4441 in
2574 4383 2691 4455 ejus
2724 4383 2940 4439 nomine
2978 4382 3264 4455 pellentem
3303 4381 3503 4438 diente-

1927 4481 2034 4549 nia,
2056 4488 2111 4537 et
2137 4478 2491 4551 prohibuisse,
2519 4476 2642 4549 quia
2674 4492 2794 4532 cum
2821 4475 2924 4531 illis
2947 4490 3071 4531 eum
3104 4489 3212 4530 non
3236 4474 3501 4546 sequeba-

1928 4583 2016 4629 tur
2044 4591 2061 4629 :
2093 4571 2287 4639 Nolite,
2320 4562 2508 4641 inquit,
2541 4569 2819 4640 prohibere.
2851 4567 2950 4634 Qui
2973 4575 3148 4621 contra
3170 4581 3256 4621 vos
3286 4581 3386 4619 non
3407 4575 3500 4631 est,

1923 4681 2018 4736 pro
2044 4664 2181 4719 vobis
2202 4672 2295 4719 est.
2315 4660 2436 4718 Non
2455 4669 2611 4733 potest
2643 4660 2775 4715 enim
2818 4660 3078 4730 quisquam
3102 4658 3155 4712 in
3175 4674 3283 4714 meo
3302 4658 3505 4713 nomine

1926 4762 2093 4829 facere
2118 4754 2331 4828 aliquid,
2355 4763 2401 4808 et
2425 4751 2557 4806 male
2584 4752 2721 4823 loqui
2749 4750 2812 4804 de
2838 4766 2916 4804 me
2940 4748 3145 4821 (Marc.
3177 4764 3253 4814 tx,
3276 4748 3367 4815 '58,
3394 4747 3464 4804 59
3487 4763 3506 4816 ;

1926 4857 1972 4903 et
1992 4846 2119 4901 Luc.
2150 4861 2225 4912 tx,
2249 4841 2360 4916 50).
2386 4843 2441 4898 Si
2471 4841 2601 4897 nihil
2629 4841 2683 4895 in
2712 4840 2802 4895 illo
2826 4837 3201 4911 corrigendum
3234 4846 3390 4903 erat;
3418 4852 3506 4893 se-
3558 4881 3562 4887 .

1925 4952 2084 4995 curus
2114 4951 2243 5007 ergo
2262 4936 2331 4990 sit
2355 4934 2592 5005 quisquis
2617 4940 2764 4987 extra
2789 4929 3215 4986 communionem
3244 4928 3501 4985 Ecclesiae
3547 4999 3556 5013 _
3592 4982 3595 4987 .

1925 5029 2240 5085 constitutus
2278 5024 2478 5096 colligit
2514 5023 2567 5079 in
2605 5022 2801 5079 Christi
2845 5020 3093 5090 nomine,
3124 5019 3437 5077 dissociatus
3466 5033 3497 5071 a

1925 5120 2210 5177 christiana
2230 5119 2698 5186 societatezatque
2740 5114 2810 5169 ita
2842 5113 3032 5169 falsum
3072 5112 3175 5173 erit
3215 5110 3363 5173 illud,
3399 5108 3498 5173 Qui

1926 5231 2025 5269 non
2051 5221 2123 5267 est
2146 5226 2362 5276 mecum,
2390 5209 2656 5263 aduersum
2694 5223 2773 5261 me
2807 5215 2922 5272 est;
2962 5213 3007 5261 et
3040 5205 3126 5276 qui
3168 5220 3267 5258 non
3308 5200 3511 5275 colligit

1925 5321 2133 5368 mecum,
2176 5300 2387 5373 spargit.
2416 5299 2474 5355 Si
2514 5308 2689 5355 autem
2719 5296 2857 5368 quod
2892 5295 3135 5365 discipuli
3176 5290 3381 5347 Domini
3404 5305 3499 5363 per

1926 5393 2274 5467 ignorantiam
2304 5389 2481 5447 facere
2509 5390 2825 5453 voluerunt,
2855 5386 2906 5442 id
2940 5386 2993 5440 in
3032 5399 3097 5439 eo
3125 5379 3496 5453 corrigendum

1925 5496 2039 5555 est;
2071 5484 2211 5557 quod
2238 5483 2372 5539 dixit
2402 5482 2657 5537 Dominus
2676 5522 2690 5544 ,
2733 5477 2909 5533 Nolite
2950 5473 3208 5545 prohibere
3237 5487 3368 5528 :cur
3396 5472 3501 5527 hoc

1925 5580 2037 5650 ipse
2055 5575 2321 5650 prohiberi
2338 5571 2642 5645 prohibuit?
2667 5570 2735 5626 Et
2751 5565 3016 5639 quomodo
3030 5563 3130 5619 erit
3151 5578 3332 5619 verum
3354 5563 3497 5635 quod

1987 5801 2006 5871 ξ
2034 5797 2367 5871 eligemus?»
2381 5790 2444 5871 is
2463 5784 2928 5871 «:20er-

1983 5861 2057 5926 (a)
2080 5847 2196 5911 vide
2217 5847 2539 5917 111110,1111.’2,
2562 5861 2666 5914 cap.
2686 5847 2735 5901 9.
