4054 6470
553 496 658 554 119
1290 493 1379 550 DE
1418 491 1592 549 BAPT
1599 488 1754 550 15Μο
1790 490 2065 549 CONTRA
2108 490 2551 561 DONATISTAS,
2590 490 2647 551 S.
2689 491 3055 552 AUGUSTINI
3703 499 3808 558 £20

550 611 747 669 Christi
793 613 1116 683 Baptismate
1148 610 1344 665 tinctus
1386 608 1475 664 sit.
1516 606 1965 678 Respondebant,
2003 604 2121 673 Ita;

550 705 672 775 quia
714 712 912 759 sanctae
953 702 1239 773 Scriptum:
1280 700 1594 756 auctoritate
1631 706 1912 769 coguntur.
1934 696 2127 765 Quaero

549 810 677 865 ergo
732 805 908 849 utrum
948 792 1214 849 fateantur
1246 792 1297 849 ei
1334 791 1552 847 dimissa
1582 790 1841 861 peccata?
1880 788 2127 845 Profecto

550 884 874 941 fatebuntur.
916 884 1046 940 Item
1088 899 1290 954 quaero,
1329 898 1425 939 cur
1454 883 1506 939 ei
1545 882 1737 937 dixerit
1762 881 1950 936 Petrus
1973 922 1989 948 ,
2019 895 2127 935 non

548 992 671 1033 eum
718 978 914 1034 habere
958 986 1160 1048 partem
1189 976 1245 1031 in
1273 985 1419 1033 sorte
1447 974 1785 1031 sanctorum?
1826 973 1959 1041 Quia
1984 1014 2000 1041 ,
2040 973 2127 1028 in-

546 1073 755 1141 quiunt,
782 1080 964 1142 postea
987 1071 1243 1141 peccavit,
1270 1069 1493 1139 pecunia
1518 1068 1701 1124 volens
1720 1081 1901 1123 emere
1925 1065 2124 1122 donum

548 1164 662 1226 Dei,
690 1163 840 1232 cujus
868 1162 1172 1217 venditores
1197 1176 1316 1217 esse
1337 1160 1618 1231 Apostolos
1645 1158 1891 1214 credidit.

616 1255 842 1311 CAPUT
875 1254 990 1310 Xll.
1026 1285 1097 1295 —
1122 1255 1208 1311 I8.
1241 1253 1375 1321 Quid
1396 1294 1411 1318 ,
1441 1254 1485 1309 si
1510 1252 1575 1308 ad
1604 1253 1775 1323 ipsum
1796 1251 2121 1321 Baptismum

547 1347 699 1402 fictus
726 1347 983 1401 accessit?
1009 1346 1228 1401 dimissa
1268 1354 1394 1401 sunt
1420 1346 1469 1401 ei
1503 1355 1716 1417 peccata
1740 1388 1756 1415 ,
1781 1361 1848 1399 an
1871 1359 1979 1400 non
1998 1352 2127 1401 sunt

544 1438 805 1493 dimissa?
832 1439 1039 1510 Eligant
1078 1438 1219 1509 quod
1248 1438 1458 1505 volunt;
1491 1437 1800 1493 utrumlibet
1823 1437 2078 1507 elegerint
2102 1478 2119 1505 ,

545 1527 743 1585 sufficit
790 1530 962 1585 nobis.
1015 1529 1070 1585 Si
1111 1529 1329 1584 dimissa
1379 1528 1645 1594 dixerint;
1693 1528 1959 1599 quomodo
1997 1542 2125 1598 ergo

546 1619 771 1689 Spiritus
799 1630 1003 1673 sanctus
1028 1619 1309 1689 disciplina:
1336 1619 1536 1691 eﬂ’ugiet
1574 1620 1747 1687 [ictum
1777 1617 1931 1692 (Sap.
1958 1635 1996 1686 I,
2025 1617 2081 1689 5)
2105 1658 2122 1683 ,

545 1713 591 1768 si
620 1714 672 1768 in
702 1713 802 1769 isto
832 1715 953 1769 ficto
980 1713 1347 1769 remissionem
1374 1720 1624 1782 operatus
1647 1720 1727 1769 est
1750 1711 2124 1782 peccatorum?

543 1804 599 1861 Si
620 1806 849 1861 dixerint
868 1820 973 1860 non
1000 1820 1118 1859 esse
1146 1804 1397 1871 dimissa;
1420 1819 1623 1874 quaero,
1654 1804 1701 1859 si
1726 1812 1910 1873 postea
1950 1802 2122 1857 fictio-

545 1914 666 1953 nem
697 1913 845 1952 suam
886 1897 1047 1953 corde
1077 1911 1337 1952 concusso
1364 1906 1419 1952 et
1443 1910 1571 1951 vero
1603 1894 1789 1951 dolore
1828 1895 2083 1949 fateretur
2104 1933 2120 1961 ,

542 1990 721 2046 denuo
760 1989 1107 2060 baptizandus
1141 1988 1503 2057 judicaretur?
1534 1986 1684 2053 Quod
1715 1986 1760 2041 si
1786 1985 2122 2041 dementissi-

542 2097 685 2136 mum
710 2091 792 2136 est
825 2082 1035 2147 dicere;
1058 2078 1325 2136 fateantur
1349 2094 1477 2134 vero
1506 2079 1774 2149 Baptismo
1800 2077 1997 2133 Christi
2022 2077 2120 2133 ba-

539 2175 724 2244 ptizari
755 2190 913 2245 posse
938 2174 1239 2239 hominem,
1275 2182 1330 2228 et
1373 2181 1549 2227 tamen
1580 2185 1675 2226 cor
1699 2171 1816 2239 ejus
1841 2170 1893 2225 in
1919 2170 2120 2225 malitia

538 2265 624 2319 vel
669 2266 946 2335 sacrilegio
985 2278 1355 2334 perseverans,
1406 2270 1747 2331 peccatorum
1775 2261 2120 2316 abolitionem

539 2372 645 2411 non
693 2358 868 2411 sinere
900 2356 1010 2410 fieri
1041 2374 1053 2409 :
1086 2364 1243 2425 atque
1284 2354 1355 2409 ita
1385 2353 1680 2423 intelligant
1709 2352 1760 2406 in
1791 2352 2121 2407 communio-

538 2448 692 2501 nibus
718 2447 783 2501 ab
814 2448 1049 2502 Ecclesia
1075 2446 1331 2515 separatis
1362 2460 1518 2515 posse
1548 2444 1792 2498 homines
1817 2443 2071 2513 baptizari
2098 2482 2115 2510 ,

537 2538 626 2592 ubi
653 2538 851 2593 Christi
877 2538 1175 2607 Baptismus
1199 2537 1389 2593 eadem
1414 2535 1731 2590 sacramenti
1756 2534 2117 2590 celebratione

535 2630 689 2685 datur
718 2640 773 2686 et
798 2632 1054 2695 sumitur;
1100 2632 1187 2700 qui
1239 2638 1412 2684 tamen
1467 2637 1591 2682 tunc
1642 2628 1808 2696 prosit
1831 2625 1896 2680 ad
1926 2625 2117 2681 remis.

536 2724 739 2777 sionem
771 2733 1107 2793 peccatorum
1132 2764 1147 2788 ,
1191 2736 1310 2777 cum
1342 2720 1459 2790 quis
1485 2718 1856 2773 reconciliatus
1881 2716 2068 2771 unitati
2096 2757 2112 2783 ,

536 2813 814 2883 sacrilegio
843 2812 1187 2868 dissensionis
1213 2811 1441 2877 exuitur,
1466 2824 1572 2879 quo
1595 2809 1710 2877 ejus
1730 2816 1942 2877 peccata
1966 2816 2115 2864 tene-

536 2902 753 2969 bantur,
796 2912 849 2959 et
891 2902 1081 2957 dimitti
1113 2918 1215 2957 non
1243 2902 1573 2957 sinebantur.
1603 2900 1750 2955 Sicut
1776 2900 1916 2954 enim
1942 2900 1995 2954 in
2024 2899 2115 2955 illo

535 2994 625 3064 qui
657 2995 811 3049 fictus
835 3002 1156 3059 accesserat,
1187 2992 1247 3046 fit
1274 3000 1333 3046 ut
1358 3006 1463 3045 non
1488 2990 1665 3046 denuo
1681 2989 1995 3060 baptizetur,
2019 2990 2114 3046 sed

534 3085 645 3153 ipsa
676 3086 759 3156 pia
798 3084 1129 3139 correctione
1156 3091 1211 3138 et
1238 3081 1413 3137 veraci
1445 3079 1781 3136 confessione
1816 3088 2070 3150 purgetur
2094 3122 2110 3149 ,

531 3174 674 3245 quod
695 3189 799 3231 non
829 3183 1011 3245 posset
1036 3174 1151 3229 sine
1192 3172 1489 3243 Baptismo,
1532 3180 1589 3225 ut
1618 3171 1756 3241 quod
1787 3180 1910 3226 ante
1932 3170 2114 3227 datum

531 3276 634 3334 est,
666 3276 793 3325 tunc
819 3267 998 3323 valere
1040 3266 1257 3336 incipiat
1301 3264 1367 3319 ad
1410 3263 1659 3329 salutem,
1700 3278 1819 3319 cum
1852 3263 1938 3321 illa
1971 3263 2115 3320 ﬁctio

532 3362 705 3417 veraci
730 3360 1063 3416 confessione
1089 3357 1410 3413 recesserit:
1440 3356 1519 3411 sic
1554 3355 1714 3411 etiam
1756 3355 1856 3410 iste
1894 3355 1981 3425 qui
2013 3355 2115 3410 Ba-

531 3451 721 3520 ptisma
747 3450 960 3515 Christi,
990 3448 1130 3519 quod
1158 3462 1262 3502 non
1292 3446 1585 3501 amiserunt
1626 3445 1713 3512 qui
1741 3460 1799 3499 se
1828 3460 2114 3515 separave-

530 3552 675 3610 runt,
709 3542 954 3597 inimicus
982 3538 1258 3595 charitatis
1302 3546 1355 3594 et
1390 3538 1535 3607 pacis
1578 3536 1794 3606 Christi,
1838 3537 1891 3591 in
1938 3537 2111 3607 aliqua

531 3631 723 3688 haeresi
767 3641 859 3687 aut
905 3631 1191 3686 schismate
1220 3628 1441 3699 accepit,
1471 3642 1576 3698 quo
1603 3626 1861 3696 sacrilego
1908 3628 2114 3684 scelere

530 3732 745 3792 peccata
792 3724 906 3792 ejus
946 3737 1050 3776 non
1092 3720 1512 3781 dimittebantur,
1540 3733 1661 3773 cum
1691 3731 1749 3772 se
1777 3718 2109 3788 correxerit,

529 3822 583 3870 et
607 3815 672 3870 ad
701 3814 953 3869 Ecclesiae
978 3815 1284 3869 societatem
1326 3811 1687 3880 unitatemque
1733 3809 1959 3875 venerit,
2005 3825 2111 3866 non

529 3908 722 3964 iterum
766 3906 1116 3978 baptizandus
1162 3914 1279 3971 est;
1308 3904 1431 3975 quia
1459 3904 1571 3973 ipsa
1598 3902 1646 3956 ei
1678 3903 2111 3958 reconciliatione

528 4015 592 4055 ac
634 4015 766 4069 pace
810 4007 1122 4069 praestatur,
1169 4006 1228 4053 ut
1263 3997 1328 4051 ad
1372 3994 1741 4051 remissionem
1771 4002 2111 4064 peccatorum

530 4090 649 4159 ejus
678 4091 730 4143 in
759 4091 961 4145 unitate
985 4090 1096 4160 jam
1126 4087 1381 4159 prodesse
1407 4085 1623 4154 incipiat
1659 4085 2061 4139 Sacramentum
2092 4123 2108 4151 ,

529 4178 672 4250 quod
698 4187 976 4249 acceptum
1018 4180 1071 4233 in
1100 4177 1385 4233 schismate
1409 4174 1663 4244 prodesse
1683 4187 1788 4229 non
1810 4182 2037 4243 poterat.

540 4298 544 4303 -
602 4272 691 4329 19.
734 4270 792 4328 Si
834 4281 1010 4327 autem
1041 4270 1291 4335 dixerint,
1325 4268 1376 4321 in
1422 4266 1515 4320 illo
1554 4265 1642 4334 qui
1671 4264 1821 4319 fictus
1843 4250 2108 4331 accessit,

531 4381 627 4436 per
655 4373 890 4420 sanctam
917 4364 1025 4418 vim
1051 4362 1182 4418 tanti
1208 4358 1525 4416 sacramenti
1551 4356 1765 4411 dimissa
1794 4355 2007 4426 quidem
2035 4356 2111 4411 illi

532 4472 655 4512 esse
681 4464 895 4527 peccata
925 4454 981 4509 in
1010 4454 1126 4523 ipso
1152 4450 1404 4521 temporis
1433 4456 1627 4519 puncto
1647 4487 1662 4513 ,
1694 4446 1786 4502 sed
1814 4461 1908 4517 per
1944 4445 2112 4502 fictio-

532 4565 655 4605 nem
694 4549 813 4619 ejus
861 4546 1086 4603 rediisse
1133 4546 1387 4600 continuo
1433 4560 1447 4596 :
1481 4550 1537 4597 ut
1564 4540 1794 4610 Spiritus
1822 4548 2038 4595 sanctus
2056 4547 2113 4595 et

531 4641 761 4697 adfuerit
784 4641 1048 4711 baptizato
1071 4647 1131 4695 ut
1159 4646 1371 4709 peccata
1400 4634 1744 4701 recederent,
1773 4641 1828 4688 et
1854 4646 2110 4703 perseve-

532 4735 758 4789 rantiam
808 4733 1036 4789 fictionis
1086 4731 1277 4803 fugerit
1306 4738 1364 4785 ut
1392 4729 1663 4792 redirent;
1696 4736 1753 4781 ut
1775 4735 1830 4783 et
1859 4726 1985 4780 illud
2014 4740 2109 4781 ve-

532 4840 651 4880 rum
686 4826 790 4893 sit,
835 4826 1083 4896 Quotquot
1112 4824 1166 4878 in
1194 4822 1391 4877 Christo
1418 4819 1657 4891 baptizati
1683 4818 1820 4884 estis,
1852 4815 2109 4871 Christum

533 4918 803 4983 induistis;
827 4925 882 4972 et
906 4915 1053 4983 illud,
1101 4914 1322 4985 Spiritus
1351 4914 1484 4968 enim
1509 4921 1710 4966 sanctus
1735 4908 2017 4977 disciplina
2036 4907 2112 4978 ef-

533 5008 691 5079 fugiet
713 5007 886 5077 ﬁctam
906 5023 926 5061 :
948 5006 1001 5061 id
1021 5015 1123 5073 est,
1145 5013 1205 5061 ut
1222 5012 1276 5059 et
1298 5004 1476 5059 induat
1494 5018 1615 5058 eum
1636 5001 1844 5057 Christo
1858 5000 2111 5056 sanctitas

534 5098 821 5169 Baptismi,
852 5106 907 5153 et
934 5105 1095 5152 exuat
1135 5104 1257 5152 eum
1304 5094 1517 5151 Christo
1544 5092 1803 5163 pernicies
1842 5091 2106 5147 fictionis:

530 5190 669 5246 sicut
695 5190 755 5246 ﬁt
777 5205 899 5247 cum
929 5189 1151 5260 quisque
1169 5203 1201 5243 a
1230 5187 1464 5244 tenebris
1496 5200 1591 5257 per
1616 5184 1786 5240 lucem
1819 5184 2007 5238 transit
2043 5182 2112 5239 ad

534 5282 809 5349 tenebras;
837 5280 974 5336 oculi
998 5280 1211 5351 quidem
1234 5278 1350 5349 ejus
1375 5278 1426 5332 in
1453 5275 1699 5331 tenebras
1735 5282 1993 5344 perpetuo
2030 5272 2112 5327 di-

533 5374 795 5445 riguntur,
814 5371 909 5428 sed
929 5387 1034 5427 non
1059 5379 1230 5442 potest
1243 5370 1332 5423 lux
1351 5371 1364 5400 ¹
1392 5367 1489 5422 nisi
1505 5364 1821 5436 perfundere
1837 5373 2112 5420 transeun-

534 5473 641 5520 tem
675 5482 688 5517 :
718 5466 759 5517 si
791 5465 892 5518 hoc
942 5478 1068 5534 ergo
1120 5461 1367 5526 dixerint,
1415 5459 1515 5514 hoc
1540 5457 1698 5512 etiam
1726 5457 1778 5510 in
1809 5456 1888 5511 eis
1913 5454 2111 5510 intelli-

533 5565 660 5627 gant
706 5554 841 5619 fieri,
887 5555 976 5624 qui
1027 5562 1173 5609 extra
1224 5552 1476 5607 Ecclesiae
1512 5548 1968 5611 communionem,
2018 5547 2112 5603 sed

534 5656 712 5701 tamen
766 5644 1085 5713 Baptismate
1122 5643 1374 5699 Ecclesizn
1422 5641 1775 5710 baptizantur,
1820 5637 1958 5707 quod
1994 5637 2109 5692 nbi—

532 5752 761 5807 cumque
788 5736 967 5801 fuerit,
996 5746 1233 5791 sanctum
1259 5745 1341 5791 est
1363 5751 1454 5805 per
1478 5748 1536 5791 sc
1557 5733 1729 5802 ipsum
1760 5748 1772 5785 :
1798 5740 1851 5785 et
1867 5729 1985 5785 ideo
2007 5745 2112 5785 non

596 5896 614 5925 ¹
640 5900 772 5962 L_ov.,
792 5890 876 5940 sed
900 5897 1161 5962 nonpotest
1184 5904 1293 5940 eum
1324 5890 1427 5940 lux.
1470 5888 1742 5953 Elegantius
1784 5885 1900 5938 editi
1940 5885 2018 5936 alii
2062 5891 2114 5937 et

532 5957 683 6016 nostri
705 5957 1016 6017 manusch
1036 5957 1230 6013 omisso.
1250 5966 1374 6005 omn.
1830 5972 1835 5977 ν

2237 615 2318 663 est
2342 621 2526 662 eorum
2556 607 2645 678 qui
2666 622 2725 664 se
2750 618 3015 679 separant,
3038 608 3132 665 sed
3151 609 3266 681 ejus
3286 610 3428 667 unde
3443 624 3502 668 se
3517 624 3767 684 separant
3792 632 3807 672 :

2233 698 2373 753 valet
2401 706 2575 754 tamen
2604 708 2657 753 et
2692 699 2832 769 apud
2873 714 2966 755 eos
3009 700 3286 768 hactenus,
3326 711 3385 757 ut
3428 717 3522 773 per
3564 704 3682 773 ejus
3724 704 3810 759 lu-

2232 803 2351 845 cem
2379 798 2647 845 transeant
2671 790 2738 845 ad
2763 790 3109 848 dissensionis
3135 808 3247 848 suae
3273 794 3537 861 tenebras,
3558 798 3812 853 continuo

2232 884 2573 941 redeuntibus
2623 886 2875 956 peccatis,
2924 903 3041 957 quas
3088 888 3425 959 Baptismatis
3464 891 3717 944 sanctitas
3755 890 3811 946 in

2233 976 2323 1033 illo
2372 979 2626 1049 temporis
2678 990 2872 1049 puncto
2912 980 3207 1048 dimiserat,
3263 990 3512 1052 tanquam
3550 980 3810 1039 redeunte

2231 1066 2552 1125 obscuritate
2574 1085 2733 1141 quam
2752 1072 2839 1125 lux
2868 1072 2920 1125 in
2954 1072 3177 1127 transitu
3194 1082 3518 1128 excusserat.

2300 1160 2389 1217 20.
2418 1162 2548 1217 Nam
2576 1162 2749 1218 redire
2773 1162 2989 1219 dimissa
3020 1174 3257 1235 peccata,
3290 1164 3379 1219 ubi
3405 1163 3635 1220 fraterna
3676 1163 3808 1220 cha-

2230 1253 2361 1308 ritas
2414 1270 2519 1309 non
2571 1265 2681 1323 est,
2726 1256 3059 1325 apertissime
3100 1256 3355 1312 Dominus
3402 1255 3558 1312 docet
3597 1256 3665 1311 de
3716 1256 3810 1312 illo

2230 1360 2402 1412 servo,
2423 1363 2580 1417 quem
2600 1363 2719 1402 cum
2748 1347 3036 1403 invenisset
3058 1347 3352 1403 debitorem
3373 1347 3557 1403 decem
3579 1348 3807 1402 millium

2229 1438 2565 1505 talentorum,
2593 1438 2899 1509 deprecanti
2919 1432 3095 1493 omnia
3111 1437 3328 1493 dimisit.
3352 1438 3451 1493 Ille
3470 1447 3649 1493 autem
3667 1451 3801 1491 con-

2229 1544 2437 1586 servum
2468 1547 2620 1586 suum
2647 1532 2737 1601 qui
2764 1532 2813 1587 ei
2841 1530 3067 1587 debebat
3091 1539 3303 1586 centum
3342 1530 3590 1585 denarios
3615 1571 3630 1594 ,
3680 1542 3805 1583 cum

2229 1622 2511 1676 miseratus
2554 1638 2655 1677 non
2699 1622 2917 1688 fuisset,
2954 1620 3111 1691 jussit
3138 1636 3259 1677 eum
3290 1620 3535 1675 dominus
3578 1617 3804 1675 reddere

2229 1728 2346 1782 qua:
2375 1714 2423 1767 ei
2468 1713 2759 1768 dimiserat.
2802 1713 3032 1783 Tempus
3057 1728 3185 1783 ergo
3214 1727 3318 1783 quo
3347 1712 3605 1781 accipitur
3629 1710 3805 1765 indul-

2227 1805 2400 1874 gentia
2427 1821 2523 1874 per
2548 1806 2895 1876 Baptismum,
2929 1815 3173 1876 tanquam
3193 1814 3401 1876 tempus
3417 1813 3499 1859 est
3518 1803 3805 1859 reddenda:

2227 1897 2466 1961 rationis,
2496 1909 2550 1952 ut
2575 1899 2749 1953 omnia
2780 1899 2954 1953 debita
2981 1915 3099 1969 quze
3142 1898 3353 1954 inventa
3391 1896 3588 1952 fuerint
3626 1896 3807 1951 dimit-

2228 1994 2421 2042 tantur.
2452 1988 2568 2043 Non
2598 1999 2773 2043 tamen
2803 1989 2888 2043 ille
2913 2004 3099 2044 servus
3128 1998 3309 2059 postea
3356 1988 3501 2043 dedit
3543 2001 3804 2044 conservo

2225 2092 2323 2133 suo
2351 2090 2585 2134 mutuam
2612 2080 2907 2150 pecuniam,
2931 2095 3089 2150 quam
3105 2095 3226 2135 cum
3247 2078 3335 2135 ille
3356 2094 3462 2134 non
3482 2086 3661 2149 posset
3683 2077 3805 2134 red—

2224 2170 2383 2235 dere,
2427 2187 2531 2226 non
2580 2172 2695 2241 ejus
2733 2173 2981 2227 misertus
3018 2182 3142 2227 est:
3185 2170 3279 2227 sed
3323 2171 3432 2241 jam
3473 2172 3521 2227 ei
3574 2169 3805 2227 debebat

2224 2277 2514 2319 conservus
2542 2264 2675 2334 ejus,
2710 2279 2830 2319 cum
2869 2266 2981 2335 ipse
3007 2266 3265 2321 rationem
3296 2265 3511 2320 domino
3550 2279 3647 2319 suo
3673 2265 3801 2321 red-

2222 2353 2382 2419 dens,
2414 2355 2544 2409 tanti
2586 2357 2792 2411 numeri
2821 2356 3002 2411 debito
3041 2357 3369 2423 solveretur;
3400 2371 3499 2412 nec
3523 2355 3803 2412 dimiserat

2221 2459 2480 2502 conservo
2506 2461 2602 2501 suo
2625 2446 2764 2518 quod
2787 2448 2835 2503 ei
2860 2447 3109 2514 debebat,
3146 2458 3201 2504 et
3224 2448 3301 2503 sic
3339 2455 3640 2503 accesserat
3665 2455 3725 2502 ut
3749 2447 3801 2503 ei

2221 2535 2514 2592 dimitteret
2542 2538 2807 2593 dominus.
2840 2539 2950 2594 Hoc
2981 2538 3211 2593 indicant
3249 2540 3409 2594 verba
3438 2538 3680 2594 conservi
3710 2537 3800 2592 di-

2220 2627 2388 2680 centis
2417 2645 2429 2680 :
2466 2626 2769 2682 Patientiam
2795 2628 2920 2682 habe
2946 2630 2996 2683 in
3026 2646 3123 2696 me,
3147 2640 3194 2683 et
3224 2630 3431 2703 reddam
3457 2629 3545 2683 tibi
3579 2629 3617 2682 ¹.
3644 2628 3800 2683 Alio-

2220 2718 2343 2787 quin
2390 2717 2609 2788 diceret,
2654 2720 2767 2775 Jam
2812 2722 2939 2775 mihi
2992 2720 3093 2777 hoc
3123 2721 3435 2787 dimiseras,
3482 2735 3579 2775 cur
3604 2720 3799 2778 iterum

2220 2808 2456 2877 repetis?
2484 2809 2591 2863 Hoc
2617 2819 2671 2864 ct
2696 2811 2859 2880 ipsius
2888 2812 3095 2865 Domini
3120 2812 3276 2867 verba
3303 2810 3631 2867 manifestius
3672 2825 3802 2881 ape-

2219 2902 2380 2958 riunt.
2412 2903 2500 2957 Ait
2528 2903 2669 2957 enim
2700 2920 2713 2957 :
2745 2903 2992 2974 Egressus
3025 2914 3193 2958 autem
3232 2919 3402 2972 servus
3448 2904 3563 2969 ille,
3612 2904 3802 2959 inuenit

2219 3010 2377 3050 unum
2416 2997 2477 3050 de
2516 2995 2767 3049 conservis
2804 2996 2907 3049 suis
2939 2997 3024 3065 qui
3050 2995 3253 3050 debebat
3279 2998 3323 3051 ei
3343 3007 3538 3051 centum
3562 2996 3802 3051 denarios

2219 3081 2431 3155 (Matth.
2478 3100 2624 3150 xvut,
2670 3083 2883 3154 25-35).
2930 3085 3047 3140 Non
3085 3086 3241 3151 dixit,
3272 3086 3369 3142 Cui
3409 3088 3518 3157 jam
3557 3087 3799 3144 debitum

2216 3185 2431 3231 centum
2475 3175 2812 3231 denariorum
2842 3176 3135 3232 dimiserat.
3187 3176 3244 3232 Si
3288 3179 3430 3233 enim
3474 3176 3751 3233 dimiserat
3777 3216 3797 3245 ,

2217 3280 2323 3321 non
2343 3266 2391 3321 ei
2417 3264 2661 3321 debebat.
2682 3266 2812 3333 Quia
2832 3282 2959 3338 ergo
2974 3267 3122 3333 dixit,
3136 3268 3340 3323 debebat
3355 3268 3429 3334 ei;
3457 3268 3798 3326 manifestum

2217 3364 2299 3411 est
2327 3356 2469 3426 quod
2507 3371 2613 3412 non
2654 3356 2944 3413 dimiserat.
2998 3359 3063 3414 Et
3099 3358 3290 3414 melius
3327 3358 3539 3429 quidem
3582 3362 3791 3427 fuerat.

2215 3457 2375 3518 atque
2398 3447 2499 3504 hoc
2522 3450 2697 3518 potius
2722 3451 3045 3521 congruebat
3085 3460 3233 3507 tanto
3254 3451 3482 3508 debitori
3516 3452 3799 3511 reddituro

2216 3542 2495 3609 rationem,
2528 3552 2581 3597 et
2606 3544 2931 3613 exspectanti
2958 3544 3377 3601 misericordiam
3415 3545 3615 3600 domini
3658 3545 3743 3601 sui
3774 3587 3795 3615 ,

2217 3643 2273 3689 ut
2300 3634 2449 3704 prior
2475 3636 2587 3704 ipse
2612 3650 2870 3691 conservo
2895 3636 3188 3693 dimitteret
3208 3637 3347 3706 quod
3377 3636 3426 3691 ei
3451 3635 3751 3694 debebatur
3774 3678 3794 3707 ,

2216 3734 2270 3780 et
2294 3726 2371 3781 sic
2396 3725 2462 3780 ad
2490 3727 2749 3781 rationem
2776 3726 3101 3783 reddendam
3118 3770 3134 3796 ,
3171 3728 3258 3784 ubi
3288 3728 3647 3785 misericordia
3690 3728 3795 3784 do-

2214 3820 2344 3873 mini
2374 3819 2699 3889 imploranda
2728 3827 2873 3885 erat,
2924 3820 3223 3875 accederet.
3277 3820 3385 3875 Nec
3434 3829 3609 3876 tamen
3660 3820 3793 3875 illud

2213 3910 2355 3980 quod
2392 3909 2625 3964 nondum
2668 3924 2927 3966 conservo
2963 3910 3254 3976 dimiserat,
3302 3906 3573 3981 impedivit
3614 3910 3795 3966 domi-

2215 4017 2341 4055 num
2367 4001 2502 4071 ejus,
2538 4001 2818 4071 quominus
2856 4002 2907 4056 in
2950 4001 3041 4055 illo
3070 4008 3307 4071 tempore
3335 4000 3657 4071 accipiendae
3701 4017 3794 4055 ra-

2217 4093 2374 4148 tionis
2421 4092 2713 4149 dimitteret
2747 4094 2794 4148 ei
2834 4094 3010 4149 omnia
3056 4108 3174 4164 qua:
3216 4092 3462 4148 debebat.
3504 4093 3611 4149 Sed
3662 4094 3793 4165 quid

2215 4185 2438 4256 profuit,
2483 4186 2912 4257 quandoquidem
2957 4188 3010 4241 in
3052 4196 3212 4257 caput
3246 4186 3363 4256 ejus
3395 4193 3615 4256 propter
3642 4186 3796 4241 odio-

2213 4293 2330 4332 rum
2365 4278 2812 4348 perseverantiam
2842 4291 3024 4331 rursus
3050 4278 3226 4331 omnia
3255 4277 3509 4333 continuo
3535 4276 3792 4346 replicata

2214 4369 2379 4423 suntet
2408 4368 2496 4424 Sic
2533 4384 2636 4424 non
2674 4369 2958 4440 impeditur
2997 4370 3247 4438 Baptismi
3275 4370 3477 4441 gratia,
3506 4370 3795 4439 quominus

2214 4462 2391 4516 omnia
2419 4472 2635 4533 peccata
2663 4462 2913 4527 dimittat,
2942 4462 3146 4517 etiamsi
3183 4461 3360 4517 odium
3405 4463 3698 4517 fraternum
3736 4461 3797 4517 in

2213 4552 2329 4621 ejus
2358 4552 2439 4607 cui
2466 4551 2803 4607 dimittuntur
2823 4552 3001 4606 animo
3028 4560 3357 4621 perseverat.
3388 4552 3627 4608 Solvitur
3645 4553 3795 4608 enim

2215 4644 2493 4699 hesternus
2517 4642 2652 4711 dies,
2678 4650 2733 4697 et
2756 4641 3008 4713 quidquid
3034 4656 3191 4711 supra
3218 4650 3301 4697 est
3318 4643 3340 4675 ³
3363 4642 3600 4708 solvitur,
3626 4642 3794 4698 etiam

2213 4735 2326 4805 ipsa
2369 4734 2499 4789 hora
2549 4741 2984 4803 momentumque
3019 4741 3142 4789 ante
3170 4733 3495 4803 Baptismum
3523 4741 3579 4789 et
3603 4732 3660 4787 in
3689 4733 3795 4789 Ba-

2213 4830 2409 4899 ptismo
2441 4828 2483 4882 ³.
2532 4827 2793 4898 Deinceps
2838 4834 3016 4881 autem
3047 4840 3169 4882 reus
3204 4839 3325 4881 esse
3359 4827 3612 4882 continuo
3652 4826 3794 4882 inci-

2215 4921 2311 4991 pit,
2342 4934 2447 4974 non
2476 4918 2646 4975 solum
2673 4916 3110 4987 consequentium
3129 4957 3145 4983 ,
3175 4916 3273 4972 sed
3309 4916 3467 4972 etiam
3494 4916 3796 4987 praeterito-

2214 5028 2333 5067 rum
2377 5010 2583 5067 dierum
2609 5052 2625 5077 ,
2678 5010 2965 5074 horarum,
2999 5015 3413 5073 momentorum,
3445 5006 3799 5064 redeuntibus

2215 5104 2461 5160 omnibus
2489 5116 2607 5173 quae
2632 5101 2849 5157 dimissa
2870 5108 2993 5156 sunt
3015 5099 3037 5131 δ
3059 5114 3074 5153 :
3105 5109 3161 5157 et
3184 5099 3299 5156 haec
3317 5114 3461 5171 saepe
3478 5100 3802 5172 contingunt

2217 5196 2269 5251 in
2299 5196 2557 5251 Ecclesia.

2287 5284 2509 5341 CAPUT
2538 5282 2671 5339 XIII.
2700 5313 2773 5325 —
2793 5284 2885 5340 2i.
2911 5283 3041 5347 Nam
3085 5284 3402 5356 plerumque
3446 5282 3507 5339 fit
3529 5291 3589 5339 ut
3630 5282 3802 5341 homo

2282 5440 2459 5515 {aditu
2480 5444 2526 5490 et
2547 5435 2703 5489 onmia
2726 5439 2931 5489 reddam
2971 5436 3071 5490 tibi.
3118 5438 3295 5500 Abest,
3339 5436 3531 5497 omnia,
3564 5448 3594 5486 a
3627 5448 3802 5487 mann-

2216 5512 2422 5614 565"}:in
2446 5572 2498 5615 et
2535 5570 2628 5624 En,
2652 5568 2883 5625 superest.
2918 5561 3086 5612 Melius
3115 5568 3226 5613 ων.
3269 5568 3322 5612 et
3344 5569 3470 5623 Mam,
3503 5573 3655 5625 supra
3689 5566 3808 5623 est;

2220 5629 2267 5678 id
2292 5634 2392 5687 est,
2430 5635 2544 5676 aute
2582 5626 2880 5687 hesternum
2910 5625 3057 5687 diem.

2281 5692 2301 5723 ³
2326 5698 2345 5737 \
2360 5682 2528 5759 aticani
2552 5688 2742 5759 codices
2767 5683 3004 5759 amittitur
3020 5685 3162 5735 etiam
3184 5684 3289 5747 ipsa
3306 5683 3425 5735 hora
3446 5682 3670 5734 momenti
3690 5693 3807 5748 qua:

2219 5760 2326 5804 ante
2354 5754 2645 5815 aaptismum
2667 5754 2753 5807 est,
2779 5754 2832 5797 in
2855 5754 3106 5810 Baptismo.

2282 5817 2315 5881 ἰ-
2329 5823 2425 5861 Am.
2450 5819 2525 5861 Er.
2554 5818 2604 5881 et
2618 5809 2791 5881 plures
2812 5815 2936 5881 Mss,
2958 5809 3171 5881 erratibus
3194 5820 3302 5881 qua:
3319 5806 3519 5881 dimissa
3542 5815 3661 5881 sunt.
3689 5820 3807 5881 pec-

2220 5877 2339 5992 catis:
2383 5882 2547 5926 Postea
2567 5870 2711 5922 iidem
2735 5877 2840 5921 uss.
2864 5870 3138 5934 subjiciunt,
3178 5870 3223 5923 et
3245 5883 3373 5935 stupe
3394 5870 3619 5935 contingit
3641 5870 3693 5921 in
3714 5877 3803 5923 Eo»

2225 5956 2249 5996 ι’
2270 5952 2383 5993 essu.

2791 6100 2817 6109 μ

3110 6340 3151 6375 ί,
3508 6254 3906 6415 ἠέ.ὓῆ

2966 6460 2973 6463 ,
3013 6436 3072 6461 μὴ
3168 6458 3175 6462 .

3962 6442 4022 6470 4—
