4054 6468
247 424 341 485 121

247 543 438 599 habeat
474 538 753 597 inimicum
800 547 957 610 quem
1007 530 1337 608 iniquissime
1382 530 1555 588 oderit
1592 549 1603 584 :
1646 545 1820 600 quau-

244 649 397 704 quam
455 634 622 689 etiam
682 631 888 702 iniquos
954 629 1195 684 inimicos
1248 625 1467 695 diligere
1514 623 1820 694 jubeamur,

243 736 293 782 et
356 740 517 781 orare
562 742 661 796 pro
721 725 818 779 eis.
873 722 1059 779 Subito
1105 730 1280 776 autem
1330 718 1569 790 periculo
1637 716 1823 770 mortis

243 821 424 889 incipit
450 818 771 888 perturbari,
802 827 855 873 et
882 816 1050 888 poscit
1090 814 1418 884 Baptismum
1446 854 1459 876 ,
1491 825 1647 882 quem
1679 820 1822 865 tanta

240 912 584 967 festinatione
613 911 832 980 accipit,
878 917 933 963 ut
973 907 1326 964 necessariam
1354 902 1825 972 interrogationem

242 1021 534 1076 paucorum
580 1006 864 1061 verborum
897 1004 987 1057 vix
1033 1002 1249 1072 periculi
1298 1010 1504 1069 tempus
1550 997 1820 1059 admittat,

244 1098 464 1169 (quanto
481 1102 547 1151 m‘
558 1110 661 1151 Ns
676 1110 978 1151 sermonem
999 1090 1411 1163 longissimum?)
1433 1100 1486 1144 nt
1504 1088 1628 1143 illud
1642 1087 1825 1142 odium

240 1187 400 1241 corde
436 1186 691 1256 pellatur,
722 1187 881 1240 etiam
908 1184 1005 1255 ipsi
1033 1183 1079 1238 si
1108 1182 1392 1252 baptizanti
1433 1182 1502 1235 sit
1529 1179 1823 1249 cognitum.

240 1278 394 1331 Certe
426 1278 529 1330 ista
568 1292 673 1331 non
704 1277 874 1330 solum
900 1274 1038 1344 apud
1063 1289 1179 1341 nos,
1222 1272 1313 1327 sed
1343 1272 1501 1327 etiam
1538 1269 1676 1339 apud
1707 1269 1825 1323 illos

240 1368 455 1422 evenire
472 1383 579 1421 non
611 1375 840 1421 cessant.
864 1364 999 1432 Quid
1026 1379 1153 1436 ergo
1178 1363 1450 1417 dicimus?
1476 1361 1825 1416 Dimittuntur

244 1468 455 1528 peccata
484 1458 611 1512 huic
652 1457 880 1523 homini,
929 1472 996 1511 an
1040 1470 1147 1510 non
1194 1452 1572 1508 dimittuntur?
1600 1452 1824 1506 Prorsus

244 1549 377 1617 quod
408 1549 597 1603 volunt
626 1548 841 1617 eligant.
888 1546 944 1601 Si
989 1547 1130 1601 enim
1172 1544 1529 1609 dimittuntur,
1573 1542 1826 1597 continuo

244 1640 467 1694 redeunt
501 1658 513 1692 :
546 1639 889 1709 Evangelium
920 1637 1174 1707 loquitur,
1205 1636 1401 1690 veritas
1445 1634 1656 1688 clamat.
1704 1632 1826 1687 Sive

244 1748 365 1802 ergo
393 1731 756 1793 dimittantur,
810 1730 922 1784 sive
968 1743 1075 1783 non
1119 1727 1469 1792 dimittantur,
1527 1724 1826 1779 necessaria

245 1834 322 1880 est
360 1832 548 1892 postea
577 1822 837 1877 medicina
876 1840 887 1875 :
919 1837 1018 1876 nec
1045 1832 1222 1875 tamen
1254 1820 1297 1875 si
1329 1819 1537 1879 vixerit,
1586 1828 1744 1887 atque
1773 1814 1825 1870 id

244 1915 617 1984 corrigendum
665 1929 785 1968 esse
811 1912 1052 1967 didicerit
1082 1920 1239 1981 atque
1273 1908 1599 1974 correxerit,
1651 1908 1827 1963 denuo

243 2007 562 2076 baptizatur,
596 2006 709 2059 sive
735 2004 875 2075 apud
903 2003 1044 2069 illos,
1078 2004 1188 2057 sive
1210 2001 1349 2072 apud
1385 2015 1500 2055 nos.
1541 1999 1628 2056 Sic
1652 2009 1707 2054 et
1740 1999 1826 2053 illa

243 2113 354 2168 quae
380 2097 715 2153 schismatici
735 2096 818 2151 vel
856 2094 1091 2150 haeretici
1134 2108 1239 2148 non
1278 2092 1431 2147 aliter
1469 2092 1696 2157 habent,
1730 2104 1829 2146 nec

243 2189 394 2243 aliter
422 2196 591 2258 agunt
610 2203 769 2257 quam
793 2201 916 2241 vera
948 2185 1205 2250 Ecclesia,
1235 2200 1353 2239 cum
1380 2183 1444 2237 ad
1468 2198 1564 2238 nos
1587 2183 1823 2248 veniunt,

244 2293 342 2333 non
372 2278 761 2343 emendamus,
797 2276 890 2331 sed
927 2276 1102 2345 potius
1131 2275 1507 2345 approbamus.
1547 2272 1601 2326 In
1637 2273 1827 2342 quibus

242 2372 378 2427 enim
408 2388 518 2426 non
565 2372 883 2425 dissentiunt
903 2385 932 2424 a
960 2368 1113 2424 nobis
1137 2412 1150 2433 ,
1188 2369 1240 2422 in
1269 2370 1346 2424 eis
1375 2383 1481 2422 non
1510 2368 1824 2436 disjungun-

242 2473 323 2518 tur
350 2480 380 2517 a
415 2464 591 2518 nobis.
627 2462 732 2517 Sed
762 2474 935 2517 tamen
968 2460 1088 2530 quia
1114 2460 1245 2513 nihil
1271 2460 1348 2514 eis
1381 2466 1603 2528 prosunt
1635 2473 1824 2527 quam-

241 2556 325 2610 diu
346 2555 677 2610 schismatici
698 2554 783 2608 vel
813 2552 1044 2607 limretici
1075 2560 1229 2618 sunt,
1259 2557 1478 2620 prOpter
1506 2550 1604 2603 alia
1632 2548 1682 2602 in
1704 2548 1825 2619 qui-

241 2649 336 2703 bus
359 2663 391 2702 a
420 2648 645 2703 veritate
689 2644 1025 2710 dissentiunt,
1068 2652 1122 2698 et
1151 2652 1365 2712 propter
1394 2642 1565 2710 ipsum
1607 2653 1825 2709 separa-

244 2738 400 2794 tionis
424 2740 873 2795 immanissimum
901 2738 1093 2803 scelus,
1127 2736 1238 2791 sive
1262 2734 1655 2807 permanserint
1680 2733 1730 2786 in
1747 2732 1825 2787 eis

245 2842 480 2901 peccata,
515 2831 631 2886 sive
661 2830 912 2885 continuo
937 2828 1155 2883 dimissa
1184 2826 1458 2891 redierint,
1488 2834 1546 2879 ut
1572 2823 1637 2878 ad
1677 2823 1824 2877 sani-

248 2931 407 2978 tatem
436 2925 584 2993 pacis
627 2925 643 2955 ¹
673 2933 832 2994 atque
878 2920 1150 2977 charitatis
1195 2920 1411 2974 veniant
1459 2916 1822 2981 adhortamur;

249 3028 354 3069 non
373 3015 545 3070 solum
573 3024 632 3069 ut
656 3012 851 3084 aliquid
873 3012 1103 3067 habeant
1126 3010 1267 3082 quod
1296 3025 1401 3064 non
1422 3008 1707 3072 habebant,
1733 3006 1827 3062 sed

246 3115 303 3163 ut
322 3108 400 3163 eis
424 3108 586 3162 etiam
612 3106 741 3160 illud
768 3105 1023 3175 prodesse
1052 3104 1267 3174 incipiat
1295 3100 1437 3173 quod
1465 3099 1754 3156 habebant.

310 3198 546 3254 CAPUT
572 3197 715 3253 XIV.
745 3227 815 3238 —-
837 3196 926 3251 22.
976 3194 1191 3250 Frustra
1243 3208 1371 3264 ergo
1422 3191 1575 3247 nobis
1599 3190 1783 3245 dicunt
1810 3204 1825 3243 :

249 3309 268 3342 ι
300 3288 356 3346 Si
390 3289 729 3359 Baptismum
761 3272 997 3341 nostrum
1026 3285 1313 3356 acceptatis
1333 3327 1347 3352 ,
1379 3282 1505 3354 quid
1530 3283 1705 3337 minus
1735 3280 1832 3335 ha-

242 3381 453 3445 bemus,
481 3387 545 3433 ut
574 3378 727 3432 nobis
749 3376 816 3432 de
837 3385 1013 3431 vestra
1041 3377 1413 3431 communione
1444 3372 1829 3430 consulendum

243 3472 440 3542 putetis
461 3471 487 3523 ?
524 3490 543 3523 ι
580 3470 987 3540 Respondemus
1012 3469 1153 3525 enim
1188 3489 1200 3524 :
1231 3468 1346 3524 Non
1378 3469 1705 3539 Baptismum
1736 3482 1831 3522 ve-

244 3572 409 3618 strum
442 3571 819 3633 acceptamus;
853 3560 975 3632 quia
996 3576 1101 3615 non
1122 3568 1207 3616 est
1232 3559 1530 3629 Baptismus
1559 3560 1649 3614 ille
1685 3558 1831 3616 schi-

247 3654 596 3709 smaticorum
646 3653 731 3708 vel
778 3653 1151 3708 haereticorum
1177 3694 1191 3718 ,
1217 3652 1311 3708 sed
1342 3652 1433 3707 Dei
1460 3661 1513 3707 et
1552 3651 1828 3719 Ecclesiae,

249 3747 568 3816 ubicumque
600 3745 753 3800 fuerit
783 3744 1028 3799 inventus
1057 3754 1108 3799 et
1146 3758 1480 3815 quocumque
1525 3744 1829 3798 translatus.

249 3836 495 3892 Vestrum
528 3846 706 3892 autem
740 3852 843 3890 non
871 3845 974 3900 esr,
1009 3835 1111 3889 nisi
1136 3834 1274 3904 quod
1301 3849 1463 3904 prave
1501 3834 1730 3899 sentitis,
1780 3842 1834 3888 et

248 3931 507 4001 sacrilege
540 3929 714 3999 agitis,
749 3937 802 3983 et
831 3928 993 3997 impie
1021 3927 1360 3997 scparamini.
1396 3925 1529 3979 Nam
1560 3926 1603 3979 si
1639 3932 1833 3980 caetera

247 4025 422 4079 omnia
453 4037 583 4077 vera
608 4020 692 4076 vel
740 4020 979 4075 sentiatis
1017 4018 1103 4074 vel
1132 4018 1371 4073 habeatis
1398 4020 1440 4083 ’,
1472 4027 1523 4071 et
1554 4017 1604 4071 in
1646 4016 1833 4072 eadem

250 4124 424 4171 tamen
451 4114 796 4184 separatione
822 4112 1025 4167 duretis
1053 4110 1307 4165 adversus
1334 4109 1603 4163 vinculum
1644 4107 1834 4165 frater-

249 4225 330 4265 na:
354 4209 506 4281 pacis
532 4248 547 4273 ,
578 4206 833 4261 adversus
859 4205 1115 4259 unitatem
1158 4202 1396 4256 omnium
1438 4200 1657 4255 fratrum
1677 4241 1691 4266 ,
1745 4200 1835 4269 qui

251 4308 360 4355 toto
384 4300 521 4356 orbe
550 4308 832 4363 terrarum,
860 4295 998 4350 sicut
1028 4293 1274 4364 promissi
1303 4300 1444 4357 sunt,
1479 4291 1549 4346 ita
1579 4289 1832 4357 exhibiti;

250 4406 479 4463 quorum
511 4389 750 4445 omnium
777 4400 964 4442 causas
990 4393 1044 4440 et
1063 4384 1222 4439 corda
1247 4382 1392 4438 nullo
1421 4381 1578 4436 modo
1602 4394 1835 4450 unquam

252 4496 413 4538 nosse
440 4489 539 4535 aut
565 4479 831 4535 discutere
856 4475 1124 4548 potuistis,
1156 4484 1215 4530 ut
1255 4473 1446 4529 merito
1470 4472 1834 4538 damnaretis;

251 4573 340 4643 qui
368 4562 478 4627 non
509 4578 735 4641 possunt
762 4576 1043 4638 propterea
1089 4565 1166 4621 rei
1196 4579 1316 4619 esse
1339 4604 1353 4629 ,
1400 4563 1526 4634 quia
1571 4561 1838 4632 judicibus

251 4662 632 4720 ecclesiasticis
674 4661 851 4733 potius
889 4674 1047 4730 quam
1072 4655 1422 4727 litigatoribus
1450 4652 1834 4710 crediderunt:

253 4756 354 4812 hoc
402 4757 580 4812 solum
610 4754 787 4809 minus
839 4751 1085 4819 habetis,
1139 4748 1281 4821 quod
1329 4748 1507 4802 minus
1548 4746 1711 4801 habet
1748 4744 1839 4816 qui

253 4850 571 4905 charitatem
618 4863 722 4903 non
765 4846 945 4902 habet.
971 4844 1088 4901 Jam
1125 4842 1250 4913 quid
1277 4856 1411 4912 opus
1435 4849 1518 4897 est
1547 4850 1604 4896 ut
1630 4854 1728 4895 nos
1756 4854 1841 4895 re-

258 4940 545 4997 texamus?
574 4939 684 5017 vos
710 4939 810 5017 ipsi
834 4938 885 4992 in
916 4936 1173 5006 Apostolo
1200 4932 1461 5004 insliicite,
1491 4940 1747 5003 quantum
1771 4930 1843 4987 sit

256 5036 398 5106 quod
429 5035 610 5091 minus
652 5032 878 5088 habetis.
916 5028 1056 5098 Quid
1080 5036 1258 5083 autem
1301 5026 1523 5081 interest
1545 5023 1634 5094 qui
1662 5022 1843 5078 chari-

257 5135 423 5182 tatem
454 5142 563 5182 non
616 5124 815 5190 habet,
864 5131 1041 5177 utrum
1073 5120 1218 5175 foras
1270 5117 1443 5173 avolet
1482 5116 1657 5186 aliquo
1685 5124 1843 5171 vento

259 5216 576 5271 tentationis
622 5214 851 5278 ablatus,
880 5227 945 5266 an
974 5213 1116 5265 intus
1138 5209 1207 5264 de
1232 5223 1407 5263 messe
1444 5206 1710 5262 dominica
1739 5220 1845 5262 non

260 5309 475 5365 recedat
502 5308 558 5363 in
588 5306 772 5361 ultima
801 5303 1147 5360 ventilatione
1188 5299 1555 5370 separandus?
1578 5298 1645 5353 Et
1668 5304 1845 5353 tamen

263 5401 423 5457 etiam
450 5399 609 5466 tales,
643 5399 687 5454 si
713 5397 825 5468 jam
864 5396 1031 5452 semel
1076 5410 1172 5465 per
1197 5393 1525 5463 Baptismum
1553 5390 1663 5446 nati
1688 5398 1843 5459 sunt,

263 5493 456 5547 iterum
482 5506 579 5547 eos
606 5490 753 5544 nasci
779 5502 891 5542 non
921 5495 1152 5557 oportet.

339 5581 565 5638 CAPUT
599 5580 717 5636 XV.
760 5610 831 5620 —
867 5579 958 5635 ‘23.
1005 5576 1249 5634 Ecclesia
1294 5576 1490 5646 quippe
1519 5589 1705 5630 omnes
1751 5589 1848 5645 per

268 5678 600 5747 Baptismum
630 5676 804 5745 parit,
830 5675 941 5730 sive
966 5671 1105 5744 apud
1130 5685 1209 5737 se,
1233 5669 1283 5725 id
1308 5678 1410 5736 est,
1442 5683 1507 5723 ex
1533 5676 1686 5722 utero
1714 5681 1845 5734 suo;

336 5790 350 5819 ¹
380 5788 685 5858 Antiquiores
708 5786 947 5836 editiones
974 5792 1071 5833 Am.
1097 5790 1171 5833 Er.
1195 5788 1245 5833 et
1268 5793 1439 5831 omnes
1461 5785 1587 5840 Mss,
1630 5778 1695 5828 ad
1716 5775 1849 5829 salu-

270 5858 366 5946 m”.
382 5862 570 5977 31$};
592 5916 720 5977 Mss,
745 5916 921 5965 cwlera
944 5907 1100 5962 omnia
1124 5905 1194 5959 vel
1213 5902 1421 5958 habeatis
1444 5901 1514 5955 vel
1537 5900 1763 5955 sentiatis.

1641 408 1844 469 LIBER
1883 407 2155 468 PRIMUS.

3403 412 3509 473 129

1930 528 2042 585 sive
2063 537 2208 584 extra
2231 542 2289 584 se
2314 528 2382 585 de
2407 530 2611 587 semine
2638 529 2735 587 viri
2761 527 2843 587 sui
2885 547 2899 586 :
2930 531 3045 587 sive
3077 530 3146 588 de
3172 544 3253 601 se,
3292 530 3407 589 sive
3437 531 3504 587 de

1928 622 2116 678 ancilla
2146 624 2185 677 ί.
2214 622 2316 679 Sed
2345 634 2399 679 et
2421 624 2560 679 Esau
2581 625 2647 681 de
2674 640 2840 681 uxore
2874 632 3050 691 natus,
3074 634 3287 696 pr0pter
3317 624 3503 680 frater-

1929 731 2049 770 nam
2095 715 2409 771 discordiam
2439 729 2712 787 separatus
2740 728 2821 775 est
2844 733 2875 773 a
2905 718 3101 789 populo
3128 717 3240 773 Dei.
3270 717 3337 773 Et
3372 719 3506 773 Aser

1931 823 2024 877 per
2049 810 2230 865 uxoris
2259 810 2471 880 quidem
2500 820 2842 880 potestatem,
2872 812 2966 869 sed
2992 828 3058 867 ex
3102 812 3292 867 ancilla
3321 820 3504 879 natus,

1930 912 2143 971 propter
2188 902 2471 957 fraternam
2510 905 2847 959 concordiam
2897 914 3091 960 terram
3141 905 3507 974 promissionis

1929 993 2150 1062 accepit.
2179 991 2330 1048 Unde
2350 1004 2403 1049 et
2428 993 2656 1063 Ismaeli,
2675 1004 2732 1050 ut
2762 1003 3096 1064 separaretur
3117 1010 3147 1050 a
3173 994 3365 1065 populo
3386 994 3504 1062 Dei,

1930 1099 2035 1138 non
2078 1083 2246 1139 obfuit
2268 1096 2437 1141 mater
2460 1086 2647 1140 ancilla
2668 1128 2682 1153 ,
2728 1086 2821 1142 sed
2848 1087 3015 1142 obfuit
3041 1086 3268 1142 fraterna
3294 1087 3507 1143 discor-

1930 1174 2015 1230 dia
2048 1193 2060 1229 :
2090 1185 2145 1230 et
2168 1192 2273 1231 non
2305 1176 2501 1246 profuit
2527 1186 2762 1248 potestas
2784 1179 2982 1245 uxoris,
3005 1177 3155 1248 cujus
3178 1178 3345 1247 magis
3366 1177 3506 1232 filius

1929 1275 2062 1331 erat,
2088 1268 2209 1335 quia
2238 1282 2331 1336 per
2356 1268 2518 1336 ipsius
2559 1267 2680 1338 jura
2709 1267 3004 1338 conjugalia
3038 1277 3088 1322 et
3119 1268 3170 1322 in
3198 1268 3387 1322 ancilla
3422 1281 3505 1323 se-

1930 1358 2158 1412 minatus
2180 1368 2313 1423 erat,
2346 1368 2401 1413 et
2420 1375 2481 1412 ex
2503 1358 2694 1413 ancilla
2719 1368 3016 1428 susceptus.
3038 1358 3185 1414 Sicut
3208 1357 3344 1428 apud
3372 1359 3506 1413 istos

1931 1450 2182 1505 Ecclesiae
2207 1450 2327 1520 jure
2351 1451 2493 1520 quod
2519 1461 2600 1507 est
2641 1452 2694 1506 in
2724 1451 2994 1521 Baptismo
3013 1493 3028 1520 ,
3060 1463 3350 1507 nascuntur
3383 1452 3505 1523 qui-

1930 1557 2155 1611 cumque
2180 1553 2466 1598 nascuntur
2498 1562 2510 1598 :
2539 1544 2633 1600 sed
2658 1545 2701 1599 si
2732 1544 3055 1599 concordent
3082 1560 3200 1599 cum
3229 1544 3503 1614 fratribus,

1931 1649 2024 1702 per
2052 1636 2304 1689 unitatem
2346 1636 2489 1704 pacis
2530 1635 2597 1689 ad
2636 1644 2828 1689 terram
2860 1634 3075 1690 veniunt
3106 1634 3503 1705 promissionis,

1932 1739 2036 1779 non
2063 1726 2130 1781 de
2152 1735 2390 1781 materno
2412 1736 2563 1782 utero
2592 1742 2775 1782 rursus
2798 1726 3042 1796 ejiciendi
3058 1769 3074 1793 ,
3098 1726 3190 1782 sed
3213 1727 3265 1781 in
3284 1737 3507 1797 paterno

1931 1819 2132 1873 semine
2162 1819 2479 1888 agnoscendi
2510 1838 2523 1875 :
2554 1821 2599 1874 si
2627 1830 2801 1875 autem
2852 1820 2903 1874 in
2951 1819 3215 1876 discordia
3256 1834 3506 1889 perseve-

1930 1919 2069 1976 rent,
2102 1910 2166 1965 ad
2188 1908 2423 1966 lsmaelis
2454 1911 2741 1967 funiculum
2771 1912 3127 1983 pertinebunt.
3156 1912 3309 1967 Prior
3327 1919 3508 1967 autem

1931 2000 2029 2056 fuit
2054 2001 2260 2063 Ismael,
2288 2013 2471 2072 postea
2492 2004 2662 2069 Isaac;
2686 2012 2739 2058 et
2763 2004 2906 2073 prior
2938 2003 3099 2068 Esau,
3129 2004 3392 2073 posterior
3410 2018 3508 2057 au-

1934 2102 2040 2147 tem
2078 2093 2240 2148 Jacob
2266 2112 2276 2146 :
2302 2110 2408 2148 non
2430 2096 2550 2163 quia
2581 2095 2723 2163 prior
2748 2095 2951 2164 peperit
2976 2094 3194 2150 haeresis
3215 2108 3373 2165 quam
3400 2094 3507 2150 Ec-

1931 2183 2113 2249 clesia,
2142 2194 2231 2238 aut
2257 2184 2492 2239 Ecclesia
2518 2185 2631 2254 ipsa
2660 2186 2808 2253 prius
2833 2184 3071 2239 carnales
3108 2184 3192 2240 vel
3215 2184 3469 2238 animales
3490 2225 3506 2250 ,

1930 2284 1985 2329 et
2007 2285 2189 2345 postea
2220 2276 2555 2345 spirituales;
2583 2276 2675 2332 sed
2720 2276 2840 2346 quia
2869 2276 2921 2331 in
2960 2278 3072 2346 ipsa
3103 2285 3247 2331 sorte
3272 2275 3510 2331 mortali-

1931 2367 2057 2419 tatis
2084 2375 2295 2431 nostrae,
2318 2382 2383 2422 ex
2411 2383 2516 2437 quo
2544 2367 2611 2422 de
2637 2368 2806 2422 Adam
2835 2368 3121 2432 nascimur,
3148 2383 3248 2422 non
3274 2367 3510 2437 estprius

1930 2459 2065 2529 quod
2126 2460 2389 2527 spirituale
2414 2500 2429 2525 ,
2481 2460 2569 2513 sed
2622 2460 2755 2529 quod
2812 2459 3048 2524 animale,
3104 2468 3275 2529 postea
3355 2459 3509 2529 spiri-

1932 2550 2067 2604 tuale
2097 2550 2113 2620 (
2139 2547 2296 2604 lCor.
2351 2565 2421 2603 xv
2446 2590 2460 2615 ,
2491 2549 2560 2604 46
2584 2550 2622 2619 ).
2653 2549 2733 2603 Ex
2781 2550 2894 2619 ipso
2943 2557 3119 2604 autem
3144 2549 3356 2603 animali
3385 2563 3508 2603 sen-

1931 2658 1990 2697 su
2013 2682 2028 2707 ,
2060 2642 2179 2711 quia
2207 2642 2355 2695 homo
2386 2640 2619 2694 animalis
2671 2657 2770 2693 non
2814 2640 3021 2709 percipit
3057 2654 3171 2709 quw
3219 2648 3335 2693 sunt
3380 2637 3507 2709 Spi-

1929 2733 2054 2786 rima
2078 2730 2171 2786 Dei
2199 2731 2309 2801 (Id.
2337 2748 2394 2798 ιι,
2421 2732 2533 2802 14),
2560 2745 2747 2786 omnes
2766 2730 3126 2786 dissensiones
3140 2740 3195 2785 et
3219 2729 3505 2785 schismata

1928 2833 2269 2895 generantur.
2292 2823 2348 2878 In
2377 2839 2483 2894 quo
2506 2838 2665 2879 sensu
2688 2831 3089 2894 perseverantes
3115 2822 3402 2891 Apostolus
3426 2815 3515 2876 di.

1929 2922 2003 2974 clt
2043 2918 2109 2973 ad
2149 2917 2313 2973 Vetus
2356 2917 2752 2973 Testamentum
2792 2916 3060 2987 pertinere
3097 2914 3289 2986 (Galat.
3322 2913 3424 2984 iv),
3455 2914 3507 2969 id

1932 3019 2034 3078 est,
2065 3011 2132 3065 ad
2158 3020 2488 3065 terrenorum
2513 3010 2895 3080 promissorum
2924 3007 3286 3078 cupiditatem,
3312 3008 3365 3062 in
3386 3006 3507 3077 qui-

1932 3103 2032 3158 bus
2058 3103 2272 3174 quidem
2300 3103 2593 3174 spiritualia
2635 3102 2950 3173 figurantur,
2981 3101 3074 3157 sed
3100 3101 3335 3155 animalis
3360 3100 3508 3155 homo

1932 3211 2031 3250 non
2056 3196 2265 3267 percipit
2290 3211 2403 3266 qua:
2426 3203 2539 3250 sunt
2575 3194 2798 3266 Spiritus
2826 3193 2941 3249 Dei.

2004 3287 2093 3344 24.
2122 3288 2466 3359 Quocumque
2507 3303 2637 3357 ergo
2682 3298 2921 3358 tempore
2949 3288 3081 3344 tales
3110 3286 3356 3343 homines
3390 3302 3512 3345 esse

1933 3381 2193 3450 creperint
2239 3380 2294 3434 in
2345 3380 2444 3435 hac
2471 3381 2599 3446 vita,
2630 3388 2687 3435 ut
2709 3379 2818 3449 jam
2852 3380 3048 3436 divinis
3074 3396 3171 3451 pro
3195 3382 3511 3438 sznculorum

1934 3471 2303 3526 distributione
2328 3469 2685 3525 Sacramentis
2729 3470 2935 3536 imbuti,
2968 3470 3142 3527 adhuc
3184 3480 3358 3527 tamen
3388 3486 3513 3527 car-

1935 3562 2126 3617 naliter
2147 3561 2418 3631 sapiant’,
2451 3569 2505 3617 et
2527 3560 2757 3615 carnalia
2787 3558 2855 3616 de
2884 3560 3016 3628 Deo,
3042 3561 3153 3616 sive
3173 3561 3225 3616 in
3255 3560 3354 3617 hac
3382 3561 3511 3628 vita,

1936 3654 2047 3709 sive
2070 3663 2192 3724 post
2221 3653 2357 3708 hanc
2382 3654 2564 3720 vitam,
2595 3664 2811 3723 sperent
2853 3665 3010 3724 atque
3042 3652 3369 3721 desiderent,
3399 3655 3516 3709 ani-

1937 3748 2100 3802 males
2148 3756 2291 3801 sunt.
2324 3746 2562 3802 Ecclesia
2603 3762 2731 3802 vero
2755 3787 2770 3812 ,
2824 3746 2966 3816 quod
3009 3753 3093 3801 est
3128 3747 3357 3817 populus
3382 3746 3513 3812 Dei,

1935 3839 2094 3893 etiam
2125 3840 2178 3892 in
2202 3837 2353 3892 istius
2379 3837 2501 3891 vitae
2529 3837 2948 3907 peregrinatione
2975 3838 3191 3906 antiqua
3219 3851 3303 3891 res
3332 3845 3434 3902 est,
3459 3837 3513 3891 in

1936 3930 2053 3985 aliis
2091 3930 2397 3985 hominibus
2430 3929 2631 3984 habens
2659 3930 2943 3984 animalem
2967 3932 3286 3999 portionem,
3314 3930 3366 3983 in
3394 3930 3512 3985 aliis

1936 4032 2111 4077 autem
2136 4022 2480 4091 spiritualem.
2503 4022 2580 4076 Ad
2599 4022 2857 4077 animales
2880 4022 3109 4093 pertinet
3132 4020 3298 4077 Vetus
3327 4020 3515 4078 Testa-‘-

1938 4124 2197 4181 mentum,
2225 4115 2291 4169 ad
2318 4115 2621 4184 spirituales
2640 4114 2865 4170 Novum.
2900 4113 3004 4169 Sed
3034 4114 3220 4184 primis
3256 4114 3515 4183 tempori-

1938 4209 2037 4263 bus
2058 4216 2339 4277 utrumque
2365 4207 2630 4261 occultum
2657 4190 2754 4259 fuit
2790 4206 2859 4260 ab
2885 4204 3052 4259 Adam
3081 4219 3249 4275 usque
3272 4204 3339 4259 ad
3364 4203 3515 4275 Moy-

1939 4315 2053 4355 sen.
2083 4302 2128 4355 A
2150 4300 2327 4370 Moyse
2364 4307 2539 4355 autem
2587 4295 2979 4351 manifestatum
3010 4296 3030 4329 ³
3056 4306 3139 4351 est
3163 4295 3347 4360 Vetus,
3380 4305 3433 4351 et
3459 4298 3514 4353 in

1941 4406 2005 4446 eo
2032 4390 2147 4460 ipso
2188 4389 2549 4445 occultabatur
2574 4388 2776 4443 Novum
2797 4429 2811 4453 ,
2860 4388 2982 4458 quia
3017 4388 3226 4444 occulte
3253 4386 3521 4457 significa-

1939 4483 2113 4538 batur.
2142 4481 2333 4537 Postea
2353 4496 2479 4536 vero
2505 4495 2663 4549 quam
2692 4479 2745 4534 in
2770 4493 2932 4534 carne
2958 4478 3212 4538 Dominus
3230 4478 3395 4545 venit,
3426 4493 3518 4535 re-

1940 4576 2169 4631 velatum
2196 4583 2279 4629 est
2304 4573 2508 4628 Novum
2542 4592 2554 4627 :
2586 4572 2793 4628 Veteris
2815 4580 2992 4626 autem
3030 4571 3375 4626 Sacramenta
3396 4586 3520 4627 ces-

1942 4677 2160 4733 sarunt;
2188 4665 2281 4721 sed
2302 4663 2745 4735 concupiscentiae
2776 4662 2907 4717 tales
2936 4676 3042 4717 non
3068 4668 3431 4717 cessaverunt.
3459 4659 3521 4717 In

1943 4762 2047 4816 illis
2075 4759 2216 4814 enim
2238 4767 2379 4822 sunt,
2409 4770 2542 4827 quos
2563 4753 2849 4825 Apostolus
2869 4753 2978 4824 jam
2997 4768 3092 4823 per
3114 4753 3520 4809 Sacramentum

1942 4856 2077 4911 Novi
2102 4852 2427 4910 Testamenti
2454 4858 2646 4917 natos,
2680 4849 2854 4905 adhuc
2898 4858 3072 4903 tamen
3096 4846 3225 4903 dicit
3265 4846 3522 4902 animales

1945 4964 2051 5004 non
2104 4960 2261 5016 posse
2312 4944 2585 5013 percipere
2629 4956 2749 5012 qua:
2792 4948 2916 4996 sunt
2962 4939 3191 5010 Spiritus
3218 4938 3333 4993 Dei.
3372 4937 3522 4992 Sicut

1946 5040 2085 5096 enim
2109 5038 2161 5092 in
2184 5035 2539 5092 Sacramentis
2564 5032 2771 5088 Veteris
2795 5031 3120 5088 Testamenti
3137 5029 3383 5086 vivebant
3405 5029 3522 5098 qui-

1946 5132 2068 5188 dam
2119 5128 2440 5201 spirituales,
2488 5125 2554 5181 ad
2582 5125 2787 5181 Novum
2841 5123 3045 5179 scilicet
3086 5122 3518 5181 Testamentum.

1949 5224 2089 5296 quod
2136 5232 2261 5278 tunc
2297 5219 2678 5281 occultabatur,
2714 5216 2920 5272 occulte
2965 5214 3289 5285 pertinentes
3323 5227 3335 5262 :
3365 5209 3442 5264 sic
3469 5217 3523 5265 et

1950 5332 2089 5373 nunc
2112 5316 2164 5370 in
2195 5315 2541 5371 Sacramento
2568 5309 2700 5366 Novi
2718 5307 3043 5365 Testamenti
3069 5303 3208 5375 quod
3230 5302 3337 5371 jam
3359 5315 3519 5358 reve-

1949 5409 2115 5466 latum
2144 5417 2245 5473 est,
2278 5405 2512 5477 plerique
2539 5404 2721 5458 vivunt
2744 5399 3021 5456 animales.
3050 5395 3148 5463 Qui
3190 5390 3448 5463 proﬁcere
3475 5406 3523 5450 si

2016 5591 2031 5622 ί
2060 5588 2213 5637 verba
2236 5584 2341 5645 illa,
2378 5584 2473 5633 sive
2511 5582 2571 5633 de
2593 5595 2673 5648 se,
2721 5579 2825 5648 sive
2840 5578 2901 5627 de
2938 5573 3147 5648 ancilla,
3172 5587 3280 5648 cum
3304 5586 3523 5648 amanu-

1950 5651 2140 5713 scriptis
2154 5641 2337 5704 absint,
2355 5647 2575 5713 videntur
2591 5641 2895 5713 de_mar‘giue
2914 5641 3144 5713 migrasse
3175 5641 3222 5713 in
3248 5644 3459 5713 testam.

2016 5697 2159 5761 i‘im.
2184 5717 2256 5758 Er.
2282 5697 2333 5757 et
2352 5708 2517 5770 plures
2664 5704 2759 5770 hoc
2772 5697 3191 5770 locoprgetereunt
3215 5697 3494 5770 particulam
3503 5729 3524 5759 ,

1952 5781 2003 5825 ut
2024 5788 2040 5824 .·
2058 5774 2145 5822 sed
2170 5770 2289 5820 infra
2315 5760 2421 5832 post
2440 5762 2783 5832 ,sacrmnenlis
2803 5760 3002 5824 imbuti;
3025 5762 3181 5811 addita
3205 5760 3432 5827 particula
3454 5760 3523 5812 sia

1954 5828 2329 5901 rmoscqutmtur,
2339 5828 2560 5901 siadhuc
2583 5834 2757 5901 tamen,
2785 5834 2878 5872 etc.

2021 5900 2040 5932 ³
2065 5889 2366 5960 antiquiores
2388 5898 2512 5953 Mss.,
2536 5889 2849 5949 ntmaifeslmrz.
