4054 6474
506 491 774 550 notuntad
795 486 1134 570 percipienda
1161 501 1282 558 qua:
1307 493 1431 542 sunt
1456 483 1684 562 Spiritus
1714 480 1833 547 Dei,
1866 492 1971 551 quo
1988 491 2084 534 eos

509 587 753 642 hortatur
775 597 953 642 sermo
991 579 1344 656 apostolicus,
1378 577 1446 632 ad
1483 574 1646 634 Vetus
1677 573 2079 629 Testamentum

506 675 870 749 pertinebunt.
909 674 965 730 Si
997 683 1174 730 autem
1222 670 1537 743 proﬁciunt,
1578 676 1631 723 ct
1671 677 1952 736 antequam
1997 679 2087 720 ca-

505 773 677 843 piant,
702 771 823 844 ipso
853 767 1098 840 profectu
1121 775 1175 823 et
1198 780 1415 822 accessu
1433 765 1448 795 ³
1474 763 1538 820 ad
1560 761 1762 817 Novum
1789 761 2084 832 pertinent:

509 872 566 919 et
594 863 640 918 si
670 863 974 936 priusquam
1002 861 1305 934 spirituales
1329 858 1460 914 ﬁant
1481 899 1496 928 ,
1525 871 1592 913 ex
1620 855 1718 913 hac
1738 856 1844 910 vita
1872 851 2086 923 rapian-

507 964 616 1022 tur,
664 955 914 1012 custoditi
959 971 1055 1026 per
1095 952 1425 1016 Sacramenti
1480 951 1816 1008 sanctitatem
1848 948 1900 1002 in
1946 955 2086 1002 terra

506 1049 798 1108 viventium
827 1054 1222 1120 conmutantur,
1255 1044 1340 1102 ubi
1367 1053 1451 1099 est
1479 1057 1600 1114 spes
1627 1053 1808 1098 nostra
1838 1050 1892 1095 et
1914 1037 2088 1109 portio

507 1141 782 1197 Domus.
822 1141 933 1196 Nec
961 1140 1172 1198 invenio
1214 1138 1340 1209 quid
1379 1137 1557 1194 verius
1589 1135 1908 1205 intelligatur
1935 1133 1989 1187 in
2022 1146 2092 1187 eo

506 1232 645 1303 quod
671 1232 929 1303 scriptum
955 1241 1035 1288 est
1055 1272 1074 1298 ,
1101 1230 1463 1303 Imperfectum
1501 1245 1665 1284 meum
1693 1227 1919 1282 tiderunt
1956 1223 2090 1279 oculi

506 1325 580 1380 tui
607 1342 629 1379 ι
667 1325 1094 1395 quandoquidem
1135 1324 1400 1396 sequitur,
1435 1321 1506 1377 Et
1543 1323 1599 1378 in
1632 1319 1758 1375 libro
1794 1329 1878 1376 tuo
1919 1335 2090 1375 omnes

503 1415 779 1472 scribentur
799 1415 968 1485 (Psul.
996 1432 1246 1478 cxnvru,
1279 1415 1389 1484 16).

575 1509 801 1566 CAPUT
828 1509 967 1566 XVI.
998 1540 1070 1550 ——
1094 1509 1184 1565 9.5.
1215 1509 1344 1578 Qua:
1386 1517 1566 1568 autem
1610 1505 1819 1577 peperit
1862 1503 1998 1558 Abel
2035 1511 2091 1558 et

507 1602 692 1658 Enocb
717 1613 772 1659 et
797 1603 910 1658 Noe
935 1611 992 1658 et
1018 1602 1318 1668 Abraham,
1364 1601 1475 1672 ipsa
1519 1599 1727 1671 peperit
1767 1598 1983 1669 Moysen
2036 1603 2092 1652 et

507 1694 802 1765 Prophetas
840 1704 1078 1766 tempore
1124 1695 1447 1767 posteriores
1486 1703 1612 1749 aute
1656 1692 1943 1747 adventum
1984 1691 2089 1746 Do-

506 1787 670 1853 mitii;
717 1797 774 1843 et
801 1803 918 1858 quae
965 1789 1135 1855 istos,
1185 1791 1297 1856 ipsa
1322 1795 1377 1842 et
1403 1786 1686 1857 Apostolus
1729 1793 1784 1840 et
1826 1794 2088 1855 martyres

506 1887 720 1936 nostros
746 1889 801 1936 et
824 1895 1012 1936 omnes
1039 1880 1208 1938 bonos
1236 1879 1583 1934 Christianos.
1611 1877 1808 1933 Omnes
1832 1877 1974 1932 enim
2003 1876 2087 1932 di-

505 1972 676 2030 versis
713 1972 928 2043 quidcm
969 1973 1295 2043 tetuporibus
1319 1973 1430 2027 nati
1455 1979 1836 2044 apparuerunt,
1862 1970 1956 2027 sed
1997 1985 2090 2026 so-

504 2063 699 2120 cietate
721 2065 882 2120 unius
917 2067 1094 2136 populi
1121 2067 1480 2132 continentur;
1512 2074 1567 2122 et
1589 2065 1826 2135 ejusdem
1863 2066 2091 2122 civitatis

505 2155 652 2211 cives
679 2157 889 2214 labores
918 2157 1074 2228 hujus
1121 2157 1559 2229 peregrinationis
1601 2159 1804 2228 experti
1833 2164 1992 2224 sunt,
2036 2166 2093 2214 et

505 2251 721 2320 quidam
764 2266 950 2310 eorum
979 2267 1119 2308 nunc
1145 2253 1512 2323 experiuntur,
1555 2259 1614 2307 et
1640 2267 1806 2322 usque
1845 2253 1900 2306 io
1929 2251 2087 2306 ﬁnem

503 2342 683 2398 caueri
721 2344 1081 2413 experientur.
1112 2336 1242 2401 item
1269 2360 1392 2414 qua:
1429 2344 1635 2414 peperit
1671 2343 1797 2398 Cain
1833 2351 1887 2398 et
1921 2340 2088 2398 Cltam

504 2441 562 2488 et
589 2432 868 2491 Isnaelem
891 2444 946 2492 et
987 2436 1149 2502 Esau,
1179 2435 1372 2491 eadem
1419 2435 1534 2504 ipsa
1563 2435 1767 2505 peperit
1803 2443 1858 2490 et
1883 2434 2093 2490 Datlian

504 2531 560 2578 ct
599 2524 738 2581 aiios
780 2525 834 2580 in
859 2525 1050 2583 eodem
1093 2526 1288 2596 pupula
1315 2525 1556 2591 similes;
1586 2536 1784 2597 etquae
1821 2527 1974 2592 istos,
1999 2541 2090 2582 ea-

505 2615 627 2675 dem
674 2617 790 2687 ipsa
830 2626 886 2673 et
910 2617 1106 2674 Iudam
1147 2619 1651 2690 pseudoapostolunt
1675 2661 1691 2688 ,
1723 2630 1778 2674 et
1815 2620 2090 2676 Simonem

502 2725 748 2781 magum,
777 2720 833 2767 et
859 2721 1084 2768 caeteros
1112 2727 1282 2783 usque
1328 2713 1396 2768 ad
1441 2711 1560 2769 haec
1589 2721 1827 2782 tempora
1858 2713 2088 2782 pseudo-

503 2800 827 2858 clristianos
853 2803 908 2860 in
926 2802 1210 2859 aﬂeetione
1236 2804 1452 2860 animali
1485 2805 1829 2874 pertinaciter
1850 2804 2086 2861 obdura--

506 2899 610 2959 tos,
644 2892 758 2949 sive
785 2894 843 2948 in
867 2894 1072 2950 unitate
1099 2897 1344 2963 permixti
1375 2897 1514 2963 sint,
1544 2897 1657 2952 sive
1681 2906 1866 2966 aperta
1898 2897 2086 2966 praecic

504 2985 656 3041 sione
679 2985 1016 3043 dissuadent.
1044 2987 1150 3043 Sed
1176 3002 1299 3043 eum
1324 2988 1458 3044 tales
1481 3004 1511 3043 a
1541 2989 1901 3058 spiritualibus
1934 3003 2090 3045 evan»

503 3078 822 3147 geldas-Mur,
857 3089 912 3135 et
948 3079 1314 3137 Sacramentis
1355 3081 1690 3145 imbuuntur,
1718 3090 1967 3151 tanquam
1994 3097 2089 3151 per

503 3181 563 3223 se
610 3167 779 3236 ipsam
809 3169 1045 3226 Rebecca
1070 3186 1166 3227 eos
1191 3172 1348 3240 parit,
1379 3171 1520 3228 sicut
1547 3173 1685 3228 Esau
1713 3190 1730 3226 :
1757 3187 1882 3228 cum
1907 3182 2092 3229 autem

505 3274 601 3329 per
626 3260 746 3318 illos
769 3263 859 3332 qui
885 3277 996 3320 sou
1028 3274 1178 3320 caste
1203 3265 1520 3322 annuntiant
1545 3265 1888 3335 Evasgelium
1927 3264 2085 3337 (Plri-

505 3350 633 3422 lipp.
657 3352 839 3424 1.17),
861 3355 996 3411 tales
1021 3355 1078 3412 in
1103 3356 1195 3412 Dei
1223 3357 1420 3428 popqu
1442 3367 1784 3429 generantur;
1811 3358 1942 3414 Sara
1965 3357 2088 3428 qui-

505 3441 664 3508 dem,
691 3444 789 3501 sed
840 3461 936 3514 per
976 3448 1138 3517 Agar.
1179 3448 1312 3505 item
1340 3449 1465 3505 boni
1501 3450 1839 3520 spiritusles,
1872 3450 2088 3520 quando

504 3535 996 3605 evangelizatstibus
1024 3539 1110 3598 vel
1154 3539 1544 3610 bept'mntibus
1583 3542 1890 3601 carnalibus
1917 3558 2086 3613 gene-

504 3637 712 3693 rantur,
744 3628 842 3688 Lis
883 3630 1096 3700 quidem
1142 3633 1225 3687 vel
1255 3632 1454 3690 Rachel
1492 3634 1616 3704 jure
1655 3634 1929 3704 coniugali.
1965 3649 2088 3701 eos,

505 3719 601 3774 sed
623 3735 720 3788 per
741 3722 1051 3781 ancillarum
1071 3725 1094 3757 ³
1117 3733 1328 3782 unum
1357 3728 1510 3795 parit.
1544 3727 1674 3782 Cum
1697 3741 1825 3783 vero
1855 3743 1949 3797 per
1977 3726 2088 3797 spi-

504 3811 724 3877 rituaies
747 3813 803 3870 is
831 3814 1122 3886 Eva-pelio
1144 3828 1469 3888 generauit
1497 3818 1622 3875 boni
1646 3819 1854 3888 ﬁdeles,
1887 3821 1979 3891 qui
2000 3821 2088 3876 vei

504 3907 737 3964 evadunt
756 3910 1128 3981 iuspiritssalie
1155 3914 1332 3970 atatis
1358 3914 1628 3981 amasium,
1661 3914 1747 3970 vel
1773 3929 1840 3970 eo
1866 3915 2086 3970 tendere

505 4003 912 4073 nondesistust,
941 4007 1032 4062 vel
1048 4007 1170 4064 ideo
1195 4023 1308 4063 non
1335 4007 1538 4064 fatuum
1559 4009 1683 4080 quia
1705 4024 1814 4064 non
1835 4017 2088 4080 possunt,

505 4095 644 4150 sicut
663 4110 730 4152 es
756 4105 912 4152 Iter.
933 4098 1082 4156 Sorte
1109 4099 1278 4169 Isaac,
1303 4101 1392 4156 vel
1419 4100 1672 4158 Rebeccae
1697 4102 1881 4169 Jamb,
1911 4103 2086 4159 haec

505 4200 624 4241 vam
651 4189 816 4241 vitam
835 4197 892 4243 es
912 4189 1118 4245 Novum
1137 4192 1535 4248 Testamentum
1561 4204 1870 4250 nascuntur.

574 4277 798 4334 CAPUT
825 4278 986 4334 XVII.
1019 4309 1090 4322 —
1114 4282 1208 4338 26.
1240 4284 1421 4354 ltaqm
1449 4285 1562 4340 sive
1601 4287 1746 4342 intus
1775 4288 1975 4342 versari
2003 4288 2088 4343 vi-

507 4367 754 4435 deantur,
777 4370 894 4426 sive
915 4380 1100 4442 apere
1137 4373 1269 4430 teris
1291 4376 1432 4442 sint,
1482 4377 1624 4447 quod
1653 4393 1781 4435 caro
1820 4389 1920 4447 est,
1959 4394 2090 4437 caro

505 4470 588 4516 est
615 4478 628 4514 :
657 4460 774 4517 sive
807 4462 865 4518 is
889 4479 1015 4519 sees
1051 4464 1104 4519 it
1139 4480 1236 4520 sua
1261 4467 1540 4524 sterilitate
1567 4479 1941 4539 perseverent,
1973 4472 2092 4528 sive

507 4551 786 4607 occasione
826 4554 1134 4610 mutationis
1160 4564 1408 4628 aliquem
1453 4569 1616 4616 verto
1636 4570 1784 4616 extra
1813 4562 2082 4630 tollantur,

506 4642 648 4712 quod
675 4644 831 4712 pairs
855 4656 958 4713 est,
984 4648 1136 4718 palea
1163 4659 1266 4706 est.
1297 4652 1368 4707 Et
1396 4667 1611 4722 semper
1633 4655 1703 4708 sb
1727 4653 1867 4710 illius
1891 4655 2088 4712 Eccle-

507 4733 606 4788 sia
629 4735 895 4804 ipsa-siue
913 4739 1202 4798 miser
1229 4757 1358 4813 ruga
1400 4751 1484 4800 est
1521 4743 1621 4816 (a),
1653 4743 1857 4801 unitate
1883 4746 2088 4804 divisus

506 4836 590 4882 est
609 4867 626 4893 ,
655 4828 824 4885 etiam
847 4832 940 4902 qui
975 4836 1368 4906 congregationi
1415 4837 1440 4868 ⁸
1470 4849 1776 4894 sanctorum
1807 4841 1860 4896 in
1885 4842 2088 4898 carnali

505 4919 856 4979 obduratione
889 4925 1170 4984 misatur.
1191 4927 1266 4983 De
1303 4928 1449 4984 nullo
1474 4939 1652 4987 tamen
1696 4931 2086 5002 desperandum

505 5021 608 5078 est,
637 5012 865 5086 linqui
888 5015 1037 5072 intus.
1066 5019 1188 5073 talis
1207 5029 1460 5090 apparet,
1487 5021 1601 5078 sive
1635 5023 1724 5094 qui
1761 5022 1894 5080 foris
1917 5025 2089 5081 mani-

507 5104 696 5163 παύω
731 5108 1061 5169 advel-satur.
1089 5110 1408 5184 Spit-iusius
1435 5127 1614 5172 autem
1638 5122 1756 5174 sive
1778 5119 1846 5174 ad
1875 5117 1982 5176 hoc
2007 5120 2090 5190 ip-

505 5215 622 5257 sum
651 5203 737 5273 pio
764 5204 946 5261 studio
971 5208 1339 5278 proﬁcientes,
1363 5225 1468 5265 non
1503 5220 1631 5267 eunt
1654 5213 1796 5267 foras
1828 5230 1842 5268 :
1883 5213 2006 5284 quia
2033 5221 2090 5270 et

505 5306 628 5348 cum
651 5294 825 5364 aliqua
857 5298 941 5353 vel
962 5299 1308 5369 perversitate
1337 5301 1422 5357 vel
1456 5303 1777 5360 necessitate
1812 5302 2088 5360 hominum

506 5385 751 5441 ridentur
781 5390 1010 5460 expelli,
1037 5390 1111 5447 ibi
1151 5393 1317 5465 magis
1355 5395 1664 5464 probantur,
1687 5411 1847 5466 quam
1876 5397 1921 5450 si
1946 5397 2088 5454 intus

507 5487 883 5552 permaneant,
915 5500 1037 5541 cum
1065 5485 1321 5544 adversus
1342 5487 1635 5545 Ecclesiam
1660 5489 1961 5548 nullatenus
1981 5490 2086 5547 eri<

569 5656 1626 5788 ίέιθὲῗξλιυἺ-δέἐίιξξῗωῗέὦίῗιῗὲηθωω

569 5783 744 5862 ῗῳὲἓίε
767 5783 1158 5862 ἑαιθηίιαιεωὶςλ
1170 5793 1468 5856 caueantur
1489 5804 1523 5848 a
1549 5794 1904 5862 manuscriptts.

568 5847 640 5914 (a)
663 5857 699 5902 tt
720 5847 1074 5919 Retract.,'cap.
1099 5852 1176 5906 t8.

1247 371 1338 428 DE
1377 367 1715 426 BAPTISMO
1751 363 2027 424 CONTRA
2065 354 2514 429 DONATISTAS,
2554 360 2612 421 S.
2652 359 3030 420 AUGUSTINI

3673 367 3780 438 ω

2196 483 2408 544 guntur,
2437 473 2534 531 sed
2557 473 2612 530 in
2644 474 3048 539 solidaunitatis
3070 474 3089 507 ί
3121 483 3270 548 petra
3295 473 3586 533 fortissimo
3603 476 3779 533 chari-

2196 565 2317 618 tatis
2345 565 2538 622 robore
2580 565 2904 623 radicantur.
2935 566 3021 622 Ad
3047 566 3150 623 hoc
3193 567 3334 622 enim
3364 568 3593 639 pertinet
3634 564 3786 640 quod

2193 655 2247 711 in
2279 656 2369 711 illo
2399 656 2626 714 Abrahae
2654 658 2916 715 sacriﬁcio
2941 658 3154 730 dicitur,
3183 655 3310 724 Aves
3333 671 3500 715 autem
3526 675 3627 716 non
3649 662 3781 716 divi-

2193 742 2257 802 sit
2278 745 2430 818 (Gen.
2453 766 2541 816 xv,
2570 749 2681 819 10).

2264 837 2489 895 CAPUT
2517 840 2702 896 XVIII.
2725 839 2904 897 —27.
2940 837 3013 898 De
3041 839 3296 918 Baptismi
3323 855 3456 915 ergo
3475 841 3784 916 quaestione

2190 928 2333 999 jam,
2367 940 2620 1000 quantum
2661 931 2928 1002 arbitror,
2973 935 3102 990 satis
3130 935 3357 990 disserui
3389 951 3402 989 :
3435 943 3493 991 et
3521 935 3644 1007 quia
3675 935 3784 993 hoc

2195 1023 2685 1080 manifestissimum
2712 1026 2944 1081 schisma
2972 1036 3054 1083 est
3094 1029 3234 1098 quod
3257 1025 3656 1084 Donatistarum
3681 1044 3783 1087 no—

2195 1116 2338 1170 mine
2368 1127 2735 1188 nuncupatur,
2765 1125 2931 1174 restat
2956 1127 3014 1180 ut
3039 1117 3141 1175 hoc
3169 1119 3236 1175 de
3261 1115 3530 1191 Baptismo
3553 1123 3642 1194 pie
3667 1135 3782 1179 cre-

2194 1207 2382 1266 damus
2402 1253 2417 1277 ,
2450 1209 2590 1282 quod
2618 1211 2868 1268 universa
2892 1209 3132 1268 Ecclesia
3160 1225 3190 1268 a
3219 1214 3497 1285 sacrilegio
3524 1215 3782 1271 schisma-

2196 1301 2264 1356 tis
2288 1312 2490 1358 remota
2517 1304 2768 1360 custodit.
2789 1303 2845 1360 In
2865 1311 2968 1377 qua
2996 1315 3172 1364 tamen
3198 1307 3242 1362 si
3268 1305 3408 1362 aliud
3430 1306 3539 1375 alii,
3557 1318 3611 1365 et
3635 1308 3788 1365 aliud

2194 1391 2285 1447 alii
2311 1393 2484 1449 adhuc
2510 1395 2576 1450 de
2604 1396 2702 1450 ista
2732 1397 3026 1469 quaestione
3055 1399 3197 1453 salva
3231 1414 3359 1470 pace
3387 1401 3668 1468 sentirent,
3691 1399 3785 1457 do-

2195 1501 2296 1540 nec
2325 1487 2609 1544 universali
2649 1491 2874 1546 concilio
2900 1507 3064 1545 unum
3107 1491 3306 1562 aliquid
3333 1492 3620 1564 eliquatum
3668 1494 3785 1550 sin-

2195 1593 2481 1650 cerumque
2525 1582 2845 1654 placuisset,
2889 1583 3134 1638 humanae
3175 1582 3496 1642 inﬁrmitatis
3539 1600 3783 1642 errorem

2195 1674 2495 1743 cooperiret
2519 1674 2750 1730 charitas
2777 1677 2991 1732 unitatis
3010 1719 3024 1744 ,
3055 1678 3191 1734 sicut
3213 1679 3470 1750 scriptum
3497 1689 3579 1735 est
3597 1721 3614 1749 ,
3647 1679 3785 1748 Quia

2195 1762 2415 1836 Charitas
2461 1767 2680 1836 coeperit
2731 1767 3102 1822 multitudinem
3151 1780 3467 1840 peccatorum
3520 1767 3584 1844 (I
3631 1769 3781 1825 Pen'.

2195 1870 2250 1910 tv
2275 1897 2289 1921 ,
2335 1855 2430 1928 8).
2479 1857 2591 1926 Qua
2629 1859 2770 1913 enim
2814 1859 3034 1916 absente
3073 1869 3268 1916 caetera
3311 1862 3538 1920 inaniter
3580 1861 3783 1919 haben-

2196 1958 2315 2016 tur,
2369 1946 2559 2007 eadem
2601 1962 2866 2024 praesente
2912 1952 3155 2026 quaedam
3202 1954 3486 2012 venialiter
3530 1971 3636 2013 non
3679 1955 3782 2013 ba-

2195 2041 2407 2098 bentur.
3183 2062 3189 2069 ·

2268 2133 2356 2189 28.
2389 2134 2615 2192 Exstant
2638 2137 2777 2194 beati
2807 2140 3057 2213 martyris
3083 2135 3332 2213 Cypriani
3372 2143 3425 2198 in
3449 2142 3563 2215 ejus
3589 2143 3786 2203 litteris

2195 2242 2386 2297 magna
2405 2227 2719 2288 documenta
2738 2273 2752 2297 ,
2783 2239 2841 2288 ut
2864 2233 2930 2288 ad
2962 2233 3106 2289 illum
3129 2234 3239 2304 jam
3266 2235 3511 2304 veniam,
3539 2234 3604 2291 de
3629 2237 3784 2306 cujus

2195 2319 2295 2374 sibi
2325 2320 2636 2376 auctoritate
2664 2323 2749 2377 isti
2789 2325 3072 2380 carnaliter
3098 2322 3474 2392 blandiuntur,
3501 2341 3620 2382 cum
3664 2327 3783 2398 ejus

2194 2409 2452 2466 charitate
2481 2412 2826 2481 spiritualiter
2855 2415 3200 2484 perimantur.
3229 2415 3363 2471 Natn
3393 2416 3497 2472 illis
3526 2418 3783 2487 tempori-

2193 2498 2292 2556 bus
2315 2542 2331 2567 ,
2360 2510 2642 2571 antequam
2674 2504 2894 2574 plenarii
2921 2507 3128 2562 concilii
3161 2508 3422 2570 sententia
3448 2508 3573 2579 quid
3602 2509 3655 2568 in
3683 2510 3784 2566 hac

2193 2607 2252 2649 re
2277 2594 2601 2665 sequendum
2628 2605 2792 2664 esset,
2814 2598 2971 2654 totius
2995 2597 3247 2656 Ecclesiae
3275 2600 3556 2656 consensio
3585 2601 3784 2658 conﬁr-

2194 2694 2394 2741 masset
2421 2686 2531 2758 (α),
2561 2689 2732 2744 visum
2763 2699 2846 2744 est
2869 2689 2921 2746 ei
2946 2704 3068 2746 cum
3109 2691 3276 2748 ferme
3302 2693 3570 2764 octoginta
3601 2694 3784 2764 coepi-

2193 2779 2368 2847 scopis
2395 2779 2504 2833 suis
2536 2780 2901 2838 Alricanarum
2926 2779 3283 2842 Ecclesiarum
3304 2826 3320 2852 ,
3352 2801 3564 2842 omnem
3602 2786 3782 2844 homi-

2194 2883 2316 2928 nem
2341 2869 2429 2938 qui
2455 2880 2604 2926 extra
2631 2872 2883 2928 Ecclesiae
2908 2875 3185 2931 catholicae
3208 2877 3637 2932 communionem
3682 2878 3781 2933 ba-

2192 2960 2420 3031 ptizatus
2444 2959 2646 3029 fuisset,
2667 2973 2918 3035 oportere
2945 2965 3012 3022 ad
3039 2964 3331 3026 Ecclesiam
3353 2968 3657 3025 venientem
3687 2969 3784 3027 de-

2193 3069 2299 3109 nuo
2315 3055 2586 3125 baptizari.
2605 3055 2756 3125 Quod
2783 3072 2887 3114 non
2914 3069 3058 3115 recte
3088 3059 3202 3115 ﬁeri
3227 3067 3374 3116 tanto
3390 3060 3504 3116 viro
3525 3060 3780 3126 nimirum

2193 3155 2477 3216 propterea
2511 3147 2765 3206 Dominus
2793 3164 2899 3206 non
2925 3149 3153 3221 aperuit,
3180 3160 3239 3208 ut
3265 3151 3382 3221 ejus
3409 3151 3494 3221 pia
3517 3161 3574 3207 et
3599 3151 3779 3207 humi-

2193 3239 2312 3294 litas
2335 3250 2388 3295 et
2407 3240 2638 3296 Charitas
2663 3242 2714 3295 in
2741 3219 3388 3300 custodienda.salubriter
3409 3219 3666 3301 Ecclesim
3684 3259 3780 3318 pa-

2190 3345 2254 3388 ce
2273 3340 2586 3402 patesceret,
2607 3339 2782 3388 etnon
2805 3332 2975 3394 solum
3002 3333 3145 3389 illius
3168 3333 3421 3404 temporis
3435 3333 3784 3406 Christianis,

2190 3420 2285 3477 sed
2313 3423 2472 3478 etiam
2496 3424 2724 3493 posteris
2749 3423 2815 3479 ad
2842 3423 3208 3480 medicinalem
3229 3465 3243 3489 ,
3273 3432 3332 3479 ut
3357 3425 3430 3479 ita
3451 3423 3620 3480 dicam
3642 3465 3658 3492 ,
3682 3441 3780 3480 no-

2192 3516 2359 3571 titiam
2385 3516 2702 3588 signaretur.
2733 3515 2866 3572 Cum
2903 3518 3046 3573 enim
3085 3518 3217 3573 tanti
3241 3517 3448 3584 meriti,
3483 3526 3642 3573 tanta:
3669 3517 3778 3574 Ec-

2191 3608 2404 3676 clesiae,
2437 3611 2566 3666 tanti
2594 3610 2824 3681 pectoris
2845 3652 2858 3676 ,
2889 3611 3016 3666 tanti
3059 3610 3202 3678 oris,
3233 3619 3395 3666 tanta:
3423 3610 3638 3666 virtutis
3664 3610 3779 3682 epi-

2191 3717 2404 3772 sc0pus,
2423 3702 2564 3758 aliud
2591 3703 2656 3758 de
2687 3703 2957 3772 Baptismo
2983 3703 3352 3771 arbitraretur,
3374 3718 3529 3774 quam
3559 3711 3674 3759 erat
3693 3702 3777 3758 di-

2191 3793 2438 3866 ligentius
2455 3794 2700 3865 inquisita
2721 3795 2915 3850 veritas
2939 3794 3210 3852 ﬁrmatura
3227 3811 3242 3862 ;
3262 3795 3518 3867 multique
3533 3794 3650 3868 ejus
3665 3793 3779 3852 col-

2190 3886 2344 3958 legae,
2363 3887 2608 3958 quamvis
2619 3886 2854 3944 nondum
2879 3886 3080 3958 liquido
3096 3879 3510 3955 ntauifestatum,
3529 3886 3580 3942 id
3596 3894 3778 3944 tamen

2193 3977 2589 4050 tenerentquod
2615 3987 2666 4035 et
2693 3979 2960 4050 prolatet-ita
2975 3978 3228 4036 Ecclesiae
3251 3979 3603 4046 consuetudo,
3621 3987 3678 4035 et
3693 3994 3780 4049 po-

2190 4079 2304 4127 stea
2331 4079 2474 4130 totus
2500 4071 2793 4127 catholicus
2818 4071 2961 4129 orbis
3003 4071 3281 4142 amplexus
3308 4079 3392 4128 est
3420 4085 3437 4126 :
3469 4086 3578 4134 non
3601 4086 3662 4128 se
3688 4072 3780 4128 ille

2191 4171 2367 4219 tamen
2389 4178 2420 4217 a
2440 4163 2647 4219 caeteris
2666 4163 2878 4221 diversa
2903 4163 3254 4223 sentientibus
3275 4173 3516 4234 separata
3537 4179 3782 4220 commu—

2190 4255 2350 4311 nione
2375 4255 2660 4324 disjunxit,
2687 4264 2742 4310 et
2768 4255 2872 4314 hoc
2893 4256 3052 4312 etiam
3080 4256 3288 4312 caeteris
3319 4255 3642 4326 persuadere
3670 4271 3780 4318 non

2191 4347 2413 4416 destitit,
2434 4357 2494 4404 ut
2517 4348 2800 4406 suﬁ'errent
2828 4348 3055 4406 invicem
3081 4348 3135 4404 in
3163 4349 3469 4416 dilectione,
3500 4349 3780 4412 studentes

2189 4459 2405 4499 servare
2429 4445 2689 4504 unitatem
2711 4443 2928 4514 spiritus
2955 4444 3008 4498 io
3035 4443 3244 4500 vinculo
3271 4444 3414 4513 pacis
3437 4442 3651 4514 (Ep/tes.
3686 4460 3739 4501 tv
3757 4485 3780 4513 ,

2189 4533 2228 4590 2
2243 4575 2258 4600 ,
2285 4532 2363 4605 ὃ).
2389 4533 2464 4589 Ita
2489 4534 2630 4592 enim
2657 4535 2898 4604 corporis
2921 4543 3168 4590 manente
3186 4549 3442 4606 compage
3458 4574 3478 4604 ,
3501 4533 3546 4589 si
3572 4534 3705 4606 quid
3723 4535 3779 4592 in

2190 4625 2505 4695 quibusdam
2531 4627 2784 4682 membris
2808 4625 3175 4682 iuﬁrmabatur
3191 4667 3208 4693 ,
3234 4641 3301 4682 ex
3327 4641 3516 4683 corona
3547 4627 3781 4684 sanitate

2189 4716 2586 4774 convalesceret
2612 4717 2823 4787 potius,
2862 4732 3018 4788 quam
3048 4717 3364 4788 praecisione
3399 4716 3779 4774 mortiﬁcatum
3825 4770 3832 4775 .

2190 4808 2515 4878 diligentiam
2554 4810 2751 4868 nullius
2773 4809 3063 4865 curationis
3086 4808 3407 4866 admitteret.
3438 4809 3502 4864 Et
3527 4809 3572 4870 si
3599 4825 3662 4866 se
3688 4811 3780 4868 ille

2191 4908 2526 4971 separasset,
2557 4917 2717 4974 quam
2761 4902 2912 4959 multi
2955 4901 3343 4972 sequerentur?
3372 4912 3628 4972 quantum
3677 4906 3778 4962 sibi

2191 5011 2386 5053 nomen
2423 4997 2562 5054 inter
2587 4999 2833 5055 homines
2867 4998 3103 5062 taceret?
3126 5015 3290 5071 quam
3314 4999 3472 5060 latius
3497 5000 3781 5073 Cypriani-

2191 5096 2290 5144 απ
2315 5104 2474 5159 quam
2502 5089 2793 5146 Donatista:
2819 5091 3172 5148 vocarentur?
3198 5090 3306 5147 Sed
3345 5106 3452 5147 non
3479 5085 3604 5149 erat
3635 5093 3783 5150 ﬁlius

2191 5180 2508 5252 perditionis
2523 5220 2539 5246 ,
2566 5181 2636 5236 de
2653 5181 2897 5251 qualibus
2914 5182 3115 5239 dictum
3140 5192 3223 5240 est
3239 5226 3255 5251 ,
3283 5182 3524 5256 Dejccisti
3549 5201 3634 5240 eos
3655 5186 3780 5239 dum

2191 5271 2548 5332 moliantur
2575 5271 2745 5344 (Prol.
2776 5289 2917 5332 um
2938 5316 2954 5341 ,
2987 5273 3090 5349 ,18)
3125 5294 3142 5333 :
3170 5275 3265 5333 sed
3305 5287 3422 5333 erat
3458 5276 3602 5334 ﬁlius
3630 5277 3780 5346 pacis

2193 5364 2475 5431 Ecclesia,
2487 5364 2578 5434 qui
2591 5373 2740 5423 tanta
2761 5367 2938 5424 cordis
2953 5367 3339 5426 illuminatioue
3363 5368 3636 5440 praeditus,
3656 5383 3780 5440 pro-

2195 5465 2374 5527 pterea
2401 5471 2506 5512 non
2535 5457 2667 5512 vidit
2693 5459 2890 5528 aliquid
2909 5500 2924 5526 ,
2954 5469 3014 5516 ut
3041 5475 3138 5532 per
3157 5474 3282 5516 eum
3303 5459 3447 5520 aliud
3475 5460 3778 5530 mperemi-

2191 5548 2410 5606 nentius
2435 5548 2724 5606 videretur.
2753 5549 2824 5606 Et
2848 5551 3036 5620 adhuc,
3065 5552 3238 5623 inquit
3258 5552 3570 5623 Apostolus,
3590 5569 3769 5624 supra

2193 5641 2566 5699 minastioum
2603 5641 2736 5697 viam
2775 5644 2912 5698 vobis
2950 5643 3238 5702 dartoer
3266 5661 3286 5702 ε
3313 5645 3363 5708 si
3397 5644 3588 5716 linguis
3610 5645 3754 5702 Itoni

2258 5796 2278 5828 ί
2300 5795 2509 5846 Vaticani
2525 5793 2717 5857 codices
2735 5832 2749 5857 ,
2775 5795 2970 5849 mitrae.

2257 5857 2332 5924 (a)
2354 5857 2470 5910 vide
2492 5858 2614 5910 intra
2630 5855 2714 5910 lib.
2737 5855 2787 5923 '2,
2810 5871 2914 5926 cap.
2939 5860 2988 5910 9.

2105 5968 2206 5990 γνο-
2241 5985 2252 6005 ,θ
