4054 6502
289 459 408 501 sunt
432 441 617 513 loquar
633 482 650 508 ,
682 448 733 497 et
760 440 1069 515 Angelorunt
1086 481 1107 511 ,
1133 440 1430 497 charitatcm
1462 448 1630 497 autem
1658 458 1758 496 non
1788 441 1881 495 Ira-

284 533 445 598 beam,
470 537 638 604 factus
665 550 777 589 sum
805 542 1131 590 ammentum
1159 550 1344 587 sonans
1369 542 1457 587 aut
1484 534 1767 605 cymbalum
1790 534 1880 586 tin-

284 626 427 680 niens
457 624 505 697 (l
533 626 652 680 Cor.
681 642 753 682 xu
776 668 791 692 ,
822 627 885 682 8i
910 667 925 694 ,
966 634 1017 679 et
1041 641 1131 680 xm
1153 667 1165 689 ,
1198 626 1271 695 l).
1300 624 1473 681 Minus
1500 641 1626 697 ergo
1666 624 1755 681 ille
1780 640 1875 695 pe-

282 719 549 782 netravit,
592 726 652 773 ut
676 726 923 774 cerneret
951 724 1214 774 secretum
1254 715 1487 772 abditum
1518 717 1873 773 sacramenti:

281 812 375 868 sed
403 811 450 867 si
478 812 658 869 sciens
682 813 861 868 omnia
902 821 1233 869 sacramenta
1254 854 1268 879 ,
1300 811 1611 867 charitatem
1638 827 1744 867 non
1782 811 1876 865 ha-

279 902 453 967 beret,
473 902 611 961 nihil
638 914 799 963 esset.
812 902 949 961 Cum
978 914 1152 960 autem
1170 905 1345 960 minus
1372 904 1499 959 illud
1525 904 1873 975 perspiciens,

283 993 417 1051 hanc
447 1004 628 1051 tamen
672 995 979 1061 humiliter,
1007 996 1266 1064 lideliter,
1314 994 1524 1052 fortiter
1551 995 1834 1051 custodivit
1858 1039 1871 1063 ,

278 1088 343 1143 ad
370 1090 619 1162 martyrii
645 1106 897 1147 coronam
925 1091 1121 1145 meruit
1162 1090 1442 1163 pervenire
1474 1107 1487 1143 :
1521 1097 1578 1143 ut
1605 1089 1647 1143 si
1689 1106 1789 1159 qua
1820 1088 1872 1144 in

279 1183 393 1254 ejus
417 1183 651 1241 lucidam
671 1193 901 1240 mentem
928 1200 990 1243 ex
1017 1184 1245 1241 humana
1262 1181 1566 1238 conditione
1594 1182 1780 1237 nebula
1805 1182 1875 1236 ir-

247 1252 545 1342 .repserat,
575 1274 805 1346 gloriosa
834 1276 1120 1331 serenitate
1152 1273 1397 1345 fulgentis
1426 1273 1700 1344 sanguinis
1728 1272 1875 1344 luga-

277 1374 447 1421 retur.
475 1366 594 1421 Non
618 1367 759 1422 enim
789 1364 983 1422 frustra
1010 1368 1121 1439 ipse
1146 1367 1404 1422 Dominus
1428 1366 1581 1423 Jesus
1608 1363 1870 1434 Christus,

278 1473 397 1514 cum
425 1473 486 1513 se
515 1458 690 1528 ipsum
718 1458 919 1515 diceret
948 1460 1109 1514 vitem
1128 1501 1141 1525 ,
1174 1473 1298 1513 suos
1326 1468 1503 1513 autem
1542 1466 1791 1528 tanquam
1820 1458 1872 1512 in

278 1548 383 1603 vite
411 1557 685 1604 sarmenta
707 1592 723 1617 ,
758 1550 973 1621 prmcidi
1006 1566 1097 1605 eos
1142 1550 1305 1611 dixit,
1354 1558 1407 1605 et
1435 1548 1501 1603 de
1546 1550 1651 1603 vite
1676 1548 1873 1603 auferri

280 1646 533 1710 tanquam
560 1640 762 1695 inutilia
796 1650 1062 1701 sarmenta
1086 1684 1098 1707 ,
1126 1657 1243 1711 qum
1270 1640 1498 1694 fructum
1528 1655 1630 1695 non
1660 1640 1868 1695 darent.

276 1728 405 1798 Quis
432 1741 517 1785 est
544 1742 723 1785 autem
754 1729 957 1787 fructus
978 1775 992 1799 ,
1030 1732 1129 1786 nisi
1157 1747 1324 1787 novus
1356 1731 1443 1786 ille
1472 1730 1605 1785 fetus
1628 1774 1641 1798 ,
1674 1731 1738 1785 de
1768 1746 1873 1801 quo

276 1821 401 1878 item
432 1822 567 1877 dicit
598 1841 609 1875 :
646 1821 951 1880 Mandatum
978 1840 1157 1876 novum
1188 1824 1251 1876 do
1282 1821 1444 1887 vobis,
1479 1831 1532 1875 ut
1557 1837 1641 1875 vos
1662 1822 1873 1875 invicem

276 1913 502 1986 diligatis
534 1913 710 1986 (Joan.
761 1932 851 1971 xm
874 1957 886 1979 ,
917 1914 1053 1983 54)?
1083 1913 1195 1983 ipsa
1222 1922 1299 1969 est
1346 1912 1431 1967 illa
1460 1912 1722 1979 charitas,
1757 1914 1873 1969 sine

274 2023 374 2079 qua
402 2017 601 2064 ctntera
632 2008 760 2064 nihil
789 2015 1030 2079 prosunt.
1061 2007 1196 2069 Dicit
1218 2015 1270 2062 et
1299 2006 1585 2078 Apostolus
1610 2024 1622 2058 :
1649 2004 1872 2061 Fructus

272 2112 441 2156 autem
476 2102 687 2174 spiritus
714 2112 804 2170 est,
841 2102 1081 2167 Charitas,
1115 2100 1377 2173 gaudium,
1411 2116 1531 2170 pax,
1560 2096 1869 2169 longanimi-

274 2204 367 2261 tas,
401 2196 705 2269 benignitas,
739 2196 954 2265 bonitas,
1000 2194 1147 2266 ﬁdes,
1181 2194 1530 2260 mansuetudo,
1566 2193 1871 2247 continentia

275 2285 471 2359 (Gatat.
502 2305 567 2357 v,
596 2287 693 2354 22,
720 2287 835 2358 23).
864 2288 993 2355 Qua:
1019 2288 1194 2341 omnia
1225 2286 1483 2356 incipiunt
1513 2302 1539 2338 a
1572 2284 1827 2339 cbaritate
1849 2325 1869 2354 ,

268 2388 319 2436 et
337 2396 440 2451 per
456 2390 706 2441 ca'teratn
724 2380 1021 2451 juncturam
1040 2381 1188 2451 quasi
1210 2381 1415 2434 botrum
1438 2379 1453 2410 ¹
1475 2378 1771 2435 mirabilem
1794 2379 1868 2433 la-

267 2473 437 2529 ciunt.
464 2471 575 2529 Nec
604 2484 779 2528 tamen
807 2474 1000 2528 frustra
1029 2472 1167 2527 idem
1194 2471 1449 2526 Dominus
1475 2470 1709 2537 addidit,
1744 2470 1870 2537 Qua:

267 2578 436 2621 autem
458 2578 716 2623 sarmen'a
744 2568 797 2620 in
828 2584 906 2621 me
931 2566 1053 2621 dant
1079 2570 1300 2638 fructum
1324 2608 1338 2633 ,
1371 2573 1554 2635 purgat
1593 2564 1684 2617 illa
1712 2561 1869 2619 Pater

268 2673 405 2712 meus
425 2698 441 2724 ,
474 2666 530 2710 ut
560 2658 803 2729 majorem
832 2656 1051 2727 fructum
1076 2655 1297 2723 afferant
1329 2654 1501 2725 (Joan.
1550 2671 1649 2719 xv,
1697 2652 1816 2725 1-5)
1851 2671 1865 2708 :

269 2747 366 2802 nisi
395 2748 521 2819 quia
550 2757 606 2803 et
636 2748 733 2818 ipsi
761 2748 847 2818 qui
883 2747 1053 2802 fructu
1084 2748 1372 2818 prtevalent
1400 2745 1674 2800 eharitatis
1695 2789 1709 2813 ,
1744 2761 1868 2815 pos-

269 2849 390 2895 sunt
416 2850 600 2895 tamen
620 2840 815 2912 aliquid
841 2841 1037 2896 habere
1064 2840 1416 2911 purgandum,
1436 2839 1579 2910 quod
1608 2838 1864 2893 incultum

272 2932 494 3001 agricola
525 2947 632 2988 non
672 2932 941 3004 relinquit.
976 2932 1126 3002 Quod
1154 2949 1282 3005 ergo
1329 2933 1417 2987 ille
1442 2933 1525 2987 vir
1553 2943 1767 2987 sanctus
1798 2932 1867 2989 de

275 3018 545 3095 Baptismo
588 3022 744 3078 aliter
786 3024 1022 3079 sentiens
1050 3040 1207 3094 quam
1238 3040 1295 3079 se
1321 3039 1409 3079 res
1452 3022 1712 3088 habebat,
1746 3038 1865 3095 qua:

261 3115 517 3240 ἃδε,
539 3122 586 3167 et
600 3130 689 3182 per
712 3124 940 3168 eceteram
965 3116 1253 3182 juncturam
1295 3116 1498 3179 botrum,
1528 3122 1644 3180 ete.,
1669 3118 1865 3180 omisso,

1622 326 1827 383 LIBER
1862 323 2234 384 SECUNDUS.

3472 327 3577 388 {20

1989 447 2177 508 postea
2197 445 2514 509 pertractata
2534 445 2587 495 et
2605 438 3010 511 diligentissima
3029 440 3458 511 consideratione
3482 444 3573 501 lir-

1991 543 2128 587 mata
2157 541 2269 597 est,
2300 533 2349 587 in
2390 533 2646 589 catholica
2677 535 2876 591 unitate
2901 536 3197 606 permansit
3220 544 3275 592 et
3300 536 3573 594 ebaritatis

1989 625 2229 682 ubertate
2267 637 2663 699 compensatum
2702 638 2822 698 est,
2866 639 2921 686 et
2959 630 3222 702 passionis
3264 630 3401 690 falce
3442 645 3571 704 pur-

1986 730 2186 793 gatum.

2057 815 2282 873 CAPUT
2307 814 2451 871 XIX.
2478 847 2549 857 —-
2565 814 2656 872 29.
2688 816 2793 873 Sed
2821 831 2888 873 ne
2912 818 3094 874 videar
3118 816 3417 875 devitanda:
3444 834 3568 891 pro-

1982 908 2211 963 bationis
2235 923 2393 964 causa
2438 909 2536 963 ista
2566 910 2619 964 in
2659 909 2866 965 laudem
2895 910 3184 966 beatissimi
3211 909 3457 983 Martyris
3482 911 3560 967 di-

1984 1015 2127 1065 cere,
2157 1016 2276 1072 quae
2302 1002 2515 1072 quidem
2548 1016 2651 1055 non
2682 1002 2816 1069 ejus,
2849 1002 2943 1057 sed
2974 1002 3112 1057 illius
3141 1010 3241 1068 est,
3271 1003 3423 1072 cujus
3442 1018 3563 1073 gra-

1983 1093 2052 1147 tia
2080 1092 2199 1147 talis
2224 1094 2453 1158 exstitit;
2477 1094 2581 1164 jam
2608 1092 2673 1148 de
2693 1092 2884 1149 litteris
2908 1094 3025 1163 ejus
3052 1093 3365 1150 documenta
3393 1092 3567 1163 profe-

1982 1200 2183 1249 ramus,
2212 1186 2404 1256 quibus
2428 1186 2660 1241 maxime
2684 1186 3079 1242 Donatistarum
3103 1202 3198 1242 era
3225 1187 3566 1243 claudantur.

1983 1274 2147 1347 Hujus
2177 1278 2320 1331 enim
2369 1278 2738 1332 auctoritatem
2788 1276 3047 1349 imperitis
3076 1278 3370 1347 objiciunt,
3402 1286 3461 1333 ut
3508 1294 3569 1334 se

1980 1370 2129 1439 quasi
2161 1380 2303 1424 recte
2332 1367 2505 1425 facere
2535 1370 2838 1436 ostendant,
2871 1371 3012 1443 quod
3035 1368 3102 1426 ad
3122 1386 3185 1427 se
3201 1374 3477 1427 venientes
3499 1371 3563 1425 ii-

1980 1462 2127 1517 deles
2156 1461 2327 1517 denuo
2352 1462 2638 1533 baptizent.
2668 1461 2899 1517 Nimium
2926 1463 3128 1528 miseri,
3158 1471 3211 1518 et
3236 1463 3341 1518 nisi
3363 1476 3421 1519 se
3444 1474 3566 1518 car-

1978 1555 2152 1625 rigant
2180 1571 2208 1609 a
2240 1556 2538 1625 semetipsis
2567 1556 2783 1610 omnino
2808 1554 3064 1619 damnati,
3094 1555 3182 1625 qui
3211 1553 3311 1610 hoc
3341 1554 3395 1610 in
3424 1564 3569 1609 tanto

1978 1649 2094 1703 viro
2119 1649 2319 1721 eligunt
2362 1648 2591 1715 imitari,
2620 1648 2763 1720 quod
2806 1648 2881 1704 illi
2908 1658 3189 1719 prepterea
3220 1664 3326 1704 non
3356 1648 3524 1705 obfuit
3545 1689 3563 1716 ,

1978 1744 2099 1816 quia
2130 1745 2180 1798 in
2207 1760 2266 1799 ea
2291 1760 2420 1815 pace
2442 1743 2581 1798 unde
2607 1744 2693 1798 isti
2720 1743 3120 1807 aberraverunt,
3141 1742 3227 1813 qui
3254 1743 3391 1799 viam
3420 1743 3567 1812 pacis

1980 1852 2084 1891 non
2112 1847 2473 1908 cognoverunt
2498 1836 2667 1909 (Psal.
2695 1853 2807 1903 xm,
2828 1835 2906 1909 5),
2928 1836 3469 1907 perseverantissimis
3486 1851 3567 1891 us-

1979 1943 2082 1998 que
2111 1929 2161 1983 in
2209 1927 2365 1983 linem
2405 1927 2675 1999 gressibus
2700 1928 3011 1983 ambulavit.
3060 1926 3153 1983 Est
3179 1927 3393 1998 quidem
3423 1925 3567 1998 quod

1975 2020 2171 2075 Christi
2204 2019 2469 2091 Baptisma
2490 2021 2683 2091 ubique
2708 2031 2947 2076 sanctum
2975 2030 3078 2089 est,
3099 2021 3409 2093 etquamvis
3424 2020 3565 2093 apud

1977 2111 2259 2168 ltmreticos
2285 2113 2367 2167 vel
2394 2114 2762 2169 schismaticos
2781 2156 2794 2180 ,
2826 2114 2992 2185 ipsius
3021 2125 3196 2170 tamen
3227 2113 3449 2170 bteresis
3476 2114 3566 2172 vel

1976 2206 2279 2261 schismatis
2294 2221 2398 2261 non
2424 2217 2526 2271 est,
2546 2216 2598 2263 et
2616 2207 2735 2262 ideo
2752 2223 2847 2263 nec
2872 2207 2941 2264 ad
2965 2208 3131 2280 ipsam
3146 2207 3475 2263 Catholicam
3493 2209 3567 2264 in-

1973 2298 2041 2353 de
2067 2298 2342 2352 venientes
2366 2306 2576 2368 oportet
2598 2299 2773 2354 denuo
2799 2297 3051 2368 baptizari
3087 2316 3100 2354 :
3133 2297 3228 2355 sed
3258 2309 3431 2355 tamen
3460 2300 3563 2355 hoc

1973 2390 2114 2446 aliud
2141 2399 2241 2455 est,
2272 2389 2413 2444 aliud
2445 2405 2474 2443 a
2505 2389 2763 2445 catholica
2794 2405 2922 2460 pace
2947 2389 3225 2446 deviautes
3254 2398 3311 2446 et
3335 2390 3385 2444 in
3416 2389 3563 2445 nefa-

1972 2482 2104 2537 riam
2135 2482 2461 2552 prmcisionis
2490 2482 2693 2536 foveam
2725 2482 3083 2553 praseipitatos
3104 2522 3119 2551 ,
3153 2481 3563 2554 rebaptizandos

1973 2574 2186 2644 insuper
2205 2573 2461 2642 judicare.
2481 2572 2611 2627 Nam
2637 2572 2781 2627 illum
2808 2588 3016 2628 naevum
3044 2573 3094 2627 in
3114 2571 3347 2629 candore
3363 2585 3563 2629 saneta

1970 2668 2165 2724 anima:
2190 2666 2463 2723 charitatis
2478 2666 2641 2723 ubera
2662 2664 3019 2737 contegebant
3037 2683 3049 2719 :
3070 2663 3209 2721 banc
3234 2672 3412 2720 autem
3442 2662 3563 2718 fuli-

1968 2764 2145 2835 ginem
2166 2763 2215 2817 in
2236 2764 2456 2817 istorqu
2474 2768 2701 2815 tartarea
2721 2759 2957 2815 foeditate
2976 2759 3154 2814 vultus
3171 2759 3464 2829 impacatos
3480 2770 3562 2811 οίρ

1973 2863 2157 2911 teutat.
2188 2853 2293 2911 Sed
2320 2868 2383 2908 ea
2410 2868 2529 2922 qua:
2564 2850 2847 2922 deinceps,
2875 2849 3015 2921 quod
3044 2848 3110 2905 ad
3141 2849 3281 2905 beati
3308 2847 3561 2920 Cypriani

1970 2947 2339 3003 auctoritatem
2362 2945 2572 3013 attinet,
2603 2943 2877 3001 tractaturi
2915 2957 3121 3013 sumus,
3150 2942 3217 2998 ab
3243 2942 3349 2999 alio
3374 2955 3559 2998 sume-

1971 3056 2091 3098 mus
2118 3039 2363 3097 exordio.

278 3275 3551 3304 ΝΜ

1207 3355 1679 3466 LIBER
1763 3351 2609 3465 SECUNDUS.

368 3547 538 3607 Isque
560 3544 1047 3607 Marsum

1047 3544 1405 3604 ,auetoritatem
1416 3542 1634 3606 cypriani
1654 3542 1865 3606 epismpi
1890 3540 2183 3606 etmartyris
2204 3538 2381 3606 frustra
2403 3539 2633 3606 objectari
2653 3550 2681 3587 a
2696 3540 3110 3606 _Donatis_tis,qnazi
3129 3539 3211 3606 llis
3219 3540 3444 3606 nim
3459 3552 3560 3606 πρ.

326 3608 401 3669 gis
418 3600 1303 3674 quam'catholicisadversetur_._Eum
1330 3600 1466 3653 enini
1484 3600 1959 3674 praedecessorissui
1982 3601 2228 3674 Agrippini
2268 3602 2564 3674 sententiam
2593 3601 2657 3649 de
2694 3602 2937 3674 ha‘reticis
2974 3600 3021 3652 in
3058 3602 3289 3674 cumolica
3326 3600 3554 3664 Ecclesia,

328 3661 515 3719 Eum'ad
541 3682 650 3718 eam
675 3672 893 3731 veniinit,
917 3668 1326 3731 haptimndisnon
1350 3661 1603 3731 censuisse
1626 3666 1969 3727 recipiendam,
1996 3661 2086 3712 nisi
2100 3661 2174 3711 eo
2198 3671 2353 3727 pacto,
2394 3670 2448 3713 ut
2488 3669 2539 3713 et
2564 3675 2653 3726 pax
2675 3677 2785 3713 cum
2806 3661 2947 3716 aliter
2974 3666 3315 3729 sentientibus,
3358 3661 3560 3728 semper

327 3705 610 3782 ,ΜΨ
454 3705 515 3717 ”“
541 3705 699 3791 “7.;
707 3705 2135 3792 iEéiQaEﬁiGéﬁiiXEcBEKai?WH{FJEpHEi&I

1704 3869 2122 3902 ..___..oo.___.

334 3986 564 4046 CAPUT
593 3986 882 4044 emunt.
912 4017 985 4029 —-
1015 3987 1067 4040 ί.
1098 3985 1369 4053 Quantum
1397 3999 1495 4055 pro
1534 3983 1723 4047 nobis,
1755 3981 1858 4037 hoc

254 4089 365 4147 ut,
385 4095 486 4151 pro
512 4094 647 4151 pace
671 4079 933 4134 catholica
960 4080 1232 4134 iacientes
1260 4093 1377 4148 quae
1404 4086 1654 4148 tanquam
1680 4092 1745 4131 ex
1763 4090 1857 4129 au-

258 4172 512 4229 acritas
550 4172 693 4227 beati
724 4170 977 4244 Cypriani
1008 4171 1267 4227 adversus
1295 4185 1392 4225 nos
1422 4185 1451 4224 a
1483 4178 1633 4240 parte
1664 4168 1855 4223 Donati

257 4267 640 4338 misr,
684 4274 740 4321 et
764 4274 1022 4336 quantum
1052 4265 1160 4320 sint
1198 4264 1456 4321 adversus
1485 4278 1576 4319 eos
1607 4278 1636 4317 a
1665 4262 1857 4333 quibus

260 4361 625 4431 putarentur,
643 4360 928 4431 adjuvaute
949 4358 1176 4416 Dentino
1190 4358 1561 4414 demonstrare
1580 4355 1853 4426 proposui.

258 4453 313 4510 εἰ
342 4468 449 4526 qua
474 4467 611 4523 ergo
630 4468 721 4507 me
742 4450 1102 4522 respondendi
1131 4451 1421 4506 necessitas
1445 4465 1508 4505 ea
1531 4464 1649 4519 quae
1669 4448 1779 4518 jam
1803 4448 1854 4502 in

258 4548 379 4602 aliis
396 4547 553 4602 libris
564 4546 744 4618 posui,
766 4561 954 4600 rursus
976 4559 1401 4601 commemorare
1418 4544 1654 4613 coegerit
1673 4543 1855 4612 (quan-

257 4654 419 4708 quam
445 4639 499 4693 id
527 4638 736 4693 modice
766 4638 1007 4709 faciam),
1045 4638 1126 4693 his
1153 4639 1239 4708 qui
1264 4638 1372 4707 jam
1402 4636 1489 4691 illa
1519 4638 1763 4704 legerunt
1797 4642 1853 4690 et

258 4739 463 4795 tenam
494 4744 784 4786 mum
812 4744 935 4785 esse
959 4744 1065 4785 non
1092 4730 1287 4785 debet:
1312 4729 1431 4799 quia
1458 4735 1511 4783 et
1536 4741 1597 4783 ea
1626 4742 1745 4796 qum
1774 4727 1855 4781 in-

256 4823 545 4881 nantium
582 4832 707 4879 sunt
735 4825 1034 4879 necessaria
1057 4866 1073 4890 ,
1107 4823 1303 4894 saepius
1344 4830 1553 4893 oportet
1582 4821 1854 4877 insinuare

254 4916 601 4982 tardioribus,
627 4924 683 4971 et
706 4929 830 4971 cum
858 4914 1045 4970 eadem
1073 4914 1435 4984 multipliciter
1458 4915 1711 4983 varieque
1736 4929 1855 4968 ver-

258 5018 635 5080 santuratque
660 5016 985 5075 metantur,
1029 5008 1173 5078 ipsos
1213 5021 1423 5077 quoque
1464 5007 1739 5076 capaciore
1767 5006 1851 5059 in-

258 5101 551 5173 rigentia
576 5101 828 5171 milites
858 5101 1110 5170 adjuvant
1142 5109 1195 5155 et
1220 5099 1285 5154 ad
1313 5099 1618 5154 facilitatem
1650 5097 1851 5152 sciendi

256 5200 310 5248 et
350 5192 414 5248 ad
443 5193 655 5264 copiam
683 5192 1001 5249 disserendi.
1048 5192 1180 5249 Novi
1212 5193 1370 5247 etiam
1402 5190 1849 5263 quemadmodum

257 5284 424 5341 soleat
464 5285 789 5341 contristare
832 5286 1085 5355 lectorem
1108 5328 1123 5351 ,
1168 5300 1286 5341 cum
1316 5284 1385 5339 ab
1414 5298 1477 5339 eo
1526 5284 1663 5339 libro
1690 5299 1849 5354 quem

258 5377 389 5445 gerit
431 5377 490 5433 in
536 5376 819 5444 manibus,
854 5376 1068 5449 quando
1107 5378 1158 5432 in
1188 5378 1416 5447 aliquem
1459 5375 1655 5430 nodum
1700 5391 1849 5446 quae-

258 5469 443 5526 monis
488 5469 774 5535 inciderit,
809 5470 861 5525 in
888 5472 1048 5526 alium
1080 5470 1306 5525 mittitur
1329 5468 1419 5523 ubi
1464 5468 1579 5539 ejus
1622 5468 1848 5523 solutio-

261 5574 377 5621 nem
421 5564 700 5635 requirat,
754 5580 910 5635 quem
957 5562 1092 5619 forte
1141 5577 1245 5617 non
1291 5560 1468 5615 habet.
1514 5559 1849 5630 Quapropter

258 5669 607 5727 quacumque
652 5656 711 5712 in
733 5655 851 5713 aliis
881 5655 1030 5711 libris
1055 5655 1164 5726 jam
1211 5653 1447 5710 diximus
1472 5694 1486 5718 ,
1520 5652 1563 5706 si
1608 5653 1846 5706 necessi-

261 5756 341 5803 tas
375 5748 717 5820 pnesentium
747 5748 1095 5820 qtuestionum
1125 5746 1363 5802 breviter
1392 5744 1584 5799 iterare
1622 5758 1846 5811 compu-

258 5835 380 5903 ltsit
396 5880 418 5917 ,
444 5839 722 5915 ignoscant
744 5840 976 5901 scientes
995 5880 1015 5912 ,
1043 5854 1114 5898 ne
1140 5837 1476 5898 oll’endantnr
1502 5835 1803 5895 nescientes
1825 5851 1840 5892 :

1968 3981 2135 4036 satius
2158 3988 2241 4037 est
2257 3979 2401 4037 enim
2430 3978 2626 4037 oﬂerre
2649 3979 2888 4050 babenti,
2911 3996 3071 4053 quam
3096 3982 3312 4041 dium
3334 3998 3445 4043 non
3460 3985 3557 4043 ba-

1964 4070 2205 4127 beaten.

2035 4163 2089 4218 2.
2122 4163 2260 4231 Quid
2286 4179 2415 4237 ergo
2441 4164 2525 4221 isti
2551 4165 2755 4234 dicunt,
2783 4178 2905 4223 cum
2928 4167 3171 4225 veritatis
3192 4168 3403 4225 viribus
3420 4185 3557 4241 pras-

1964 4256 2229 4325 focantur,
2261 4260 2345 4315 cui
2371 4261 2675 4317 consentire
2702 4261 2925 4318 nolunt?
2943 4261 3250 4335 Cyprianus,
3284 4263 3551 4335 inquitmt,

1963 4354 2112 4423 cujus
2150 4363 2347 4409 tantum
2384 4355 2618 4409 meritum
2645 4356 2873 4410 novimus
2913 4366 3201 4428 tantamque
3227 4360 3510 4413 doctrina»
3532 4400 3551 4427 ,

1964 4462 2076 4499 cum
2123 4447 2297 4504 multis
2335 4448 2643 4519 cocpiscoyis
2669 4447 2774 4503 suis
2801 4449 3074 4505 sententias
3114 4450 3353 4521 praprias
3377 4454 3552 4522 confc-

1961 4541 2187 4595 mttibu-s
2206 4584 2219 4607 ,
2251 4542 2303 4595 in
2327 4542 2543 4596 concilio
2569 4542 2743 4595 statuit
2781 4542 3042 4597 hereticos
3067 4544 3145 4598 vel
3167 4544 3511 4600 schismticos
3532 4585 3550 4614 ,

1961 4632 2017 4685 id
2035 4644 2106 4687 est
2121 4636 2390 4707 ornassch
2412 4645 2553 4690 extra
2572 4638 2724 4689 unius
2740 4634 2983 4691 Ecclesia
2997 4639 3395 4694 “mulionem
3412 4648 3550 4707 sunt,

1962 4723 2279 4795 Baptismum
2304 4744 2404 4781 non
2428 4726 2647 4793 habere;
2674 4736 2721 4782 et
2745 4727 2857 4782 ideo
2884 4729 3109 4800 quisquis
3134 4728 3195 4783 ab
3222 4732 3295 4785 eis
3320 4732 3551 4802 baptiza-

1963 4826 2042 4871 tus
2067 4820 2135 4871 ad
2162 4818 2439 4873 Ecclesium
2461 4821 2668 4888 venerit,
2698 4837 2806 4876 esse
2825 4822 2880 4876 in
2905 4820 3136 4877 Ecclesia
3164 4822 3547 4894 baptizatum.

1961 4909 2077 4966 Non
2105 4926 2190 4963 me
2216 4920 2378 4965 terret
2404 4914 2693 4967 auctoritas
2717 4914 3004 4985 Cypriani,
3033 4916 3155 4987 quia
3182 4918 3355 4974 reficit
3378 4919 3551 4973 humi-

1961 5000 2082 5054 litas
2102 4999 2373 5071 Cypriani.
2397 5003 2642 5075 Magnum
2670 5005 2885 5075 quidem
2912 5009 3161 5064 meritum
3182 5013 3424 5067 novituus
3443 5012 3550 5083 Cy-

1958 5094 2132 5163 priani
2157 5093 2389 5165 episcopi
2419 5104 2475 5151 et
2495 5098 2773 5168 martyris;
2797 5098 2892 5155 sed
2913 5100 3168 5172 numquid
3195 5102 3368 5171 majus
3386 5118 3546 5172 quam

1960 5183 2103 5240 Petri
2132 5186 2356 5255 apostoli
2376 5195 2430 5242 et
2456 5187 2741 5261 martyris?
2772 5190 2849 5245 De
2874 5206 2981 5263 quo
3007 5192 3146 5248 idem
3169 5190 3467 5266 Cyprianus
3494 5195 3546 5251 in

1956 5279 2183 5349 epistola
2212 5279 2278 5335 ad
2312 5280 2565 5351 Quintum
2597 5283 2665 5337 ita
2708 5284 2945 5355 loquitur
2975 5304 2988 5341 :
3023 5285 3161 5341 Nam
3204 5302 3293 5340 nec
3320 5281 3505 5342 Petrus
3528 5330 3545 5355 ,

1958 5372 2160 5443 inquit,
2194 5391 2336 5445 quem
2384 5377 2603 5445 primum
2633 5375 2883 5434 Dominus
2909 5379 3087 5450 elegit,
3119 5388 3166 5433 et
3206 5396 3363 5449 super
3400 5396 3546 5449 quem

1956 5465 2226 5533 wdiﬁcavit
2255 5465 2533 5522 Ecclesiam
2578 5484 2723 5522 suam
2758 5469 2967 5539 (Matth.
2998 5485 3085 5523 χιιι
3106 5510 3120 5533 ,
3153 5469 3241 5539 18)
3262 5513 3277 5537 ,
3304 5488 3419 5525 cum
3464 5490 3543 5527 se-

1955 5575 2068 5612 cum
2098 5558 2295 5613 Paulus
2340 5561 2402 5615 de
2429 5562 2809 5615 circumcisione
2838 5562 3155 5632 postmodum
3200 5565 3541 5638 disceptaret,

1952 5652 2223 5705 vindicavit
2251 5652 2342 5705 sibi
2368 5653 2563 5723 aliquid
2589 5652 2879 5716 insolenter,
2912 5662 2997 5707 aut
3025 5669 3320 5729 arroganter
3347 5675 3541 5713 assum-

1954 5745 2074 5815 psit,
2102 5753 2155 5797 ut
2180 5744 2359 5798 diceret
2386 5761 2437 5797 se
2468 5746 2737 5812 primatum
2767 5754 2951 5811 tenere,
2977 5757 3023 5800 ct
3050 5748 3381 5817 obtemperari
3399 5768 3429 5802 (ι
3452 5766 3538 5803 no-

1952 5834 2093 5891 vellis
2122 5846 2171 5891 et
2196 5835 2403 5906 posteris
2428 5835 2523 5889 sibi
2548 5834 2715 5906 potius
2744 5845 3007 5908 aporterc;
3030 5856 3119 5897 nec
3144 5840 3370 5913 despexit
3396 5838 3539 5897 Pau-

2684 6022 2809 6038 νιᾟυο
2842 6029 2885 6040 ¹Α..
