4054 6506
529 466 625 531 127

529 589 651 652 lum,
678 587 811 658 quod
838 586 1077 643 Ecclesia
1100 585 1236 656 prius
1262 594 1543 656 persecutor
1567 584 1741 652 fuisset
1771 599 1788 638 :
1817 593 1904 638 seu
1929 581 2093 636 consi-

529 679 650 732 lium
684 679 903 733 veritatis
927 678 1159 745 admisit,
1186 686 1230 731 et
1254 677 1438 732 rationi
1464 676 1696 747 legitimce
1720 692 1873 746 quam
1900 672 2098 728 Paulus

529 771 808 826 vindicabat
834 771 981 842 facile
1000 769 1282 834 consensit;
1310 769 1659 823 documentum
1679 767 1866 821 scilicet
1889 765 2028 820 nobis
2052 773 2102 820 et

531 861 808 916 concordiis
833 870 878 914 et
903 861 1152 931 patientia:
1178 860 1396 914 tribuens
1414 902 1428 926 ,
1456 869 1507 913 ut
1537 876 1638 913 non
1669 858 1984 928 pertinaciter
2011 872 2103 911 no-

532 963 635 1007 stra
661 967 881 1006 amemus
899 992 914 1017 ,
953 952 1042 1006 sed
1065 966 1177 1019 qua
1199 951 1472 1022 aliquando
1499 968 1532 1004 a
1560 950 1800 1021 fratribus
1827 957 1874 1002 et
1901 947 2104 1018 collegis

533 1055 714 1099 nostris
735 1044 924 1097 utiliter
945 1052 991 1098 et
1015 1043 1280 1098 salubriter
1299 1053 1648 1114 cuggeruntur
1667 1082 1682 1107 ,
1710 1041 1754 1095 si
1781 1041 1881 1095 sint
1903 1055 2019 1093 vera
2059 1047 2106 1092 et

534 1136 773 1206 legitima,
791 1137 903 1206 ipsa
923 1136 1086 1206 potius
1107 1145 1275 1190 nostra
1293 1135 1533 1189 ducamus
1549 1132 1736 1204 (Epist.
1758 1133 1818 1186 71
1831 1171 1846 1196 ,
1865 1132 1931 1184 ad
1951 1129 2109 1197 Quin-

534 1225 682 1297 tum).
712 1227 849 1282 Ecce
878 1227 966 1282 ubi
1003 1235 1382 1282 commemorat
1411 1226 1703 1296 Cyprianus
1721 1264 1738 1290 ,
1767 1221 1909 1292 quod
1947 1222 2106 1276 etiam

535 1332 634 1372 nos
656 1319 707 1372 in
733 1317 1020 1388 Scripturis
1050 1319 1246 1372 sanctis
1262 1316 1562 1382 didicimus,
1580 1313 1874 1385 apostolum
1893 1312 2108 1368 Petrum

535 1407 588 1460 in
604 1423 708 1476 quo
724 1409 980 1478 primatus
992 1409 1363 1477 Apostolorum
1383 1415 1488 1460 tam
1505 1405 1782 1460 excellenti
1799 1403 1966 1474 gratia
1985 1417 2114 1472 pras-

536 1498 766 1562 eminet,
807 1498 962 1553 aliter
990 1513 1147 1569 quam
1171 1499 1367 1553 veritas
1408 1495 1704 1567 postulabat
1726 1495 1794 1550 de
1829 1493 2110 1548 circumci-

536 1591 684 1647 sione
707 1606 865 1662 agere
889 1592 1101 1646 solitum
1118 1632 1131 1656 ,
1163 1607 1193 1644 a
1223 1590 1514 1660 posteriore
1538 1587 1776 1656 apostolo
1803 1585 1965 1641 Paulo
1993 1599 2113 1640 esse

537 1693 858 1740 correctum.
888 1684 944 1738 Si
970 1699 1095 1754 ergo
1135 1683 1303 1753 potuit
1327 1683 1513 1736 Petrus
1540 1696 1642 1735 non
1669 1688 1814 1734 recte
1841 1679 1892 1732 in
1936 1677 2113 1746 aliquo

539 1775 744 1846 ingredi
770 1775 836 1830 ad
862 1775 1139 1831 veritatem
1162 1772 1468 1843 Evangelii,
1497 1772 1567 1826 ita
1599 1779 1653 1824 ut
1678 1769 1875 1825 Gentes
1901 1774 2116 1838 cogeret

540 1866 805 1937 judaizare
823 1909 838 1933 ,
866 1865 1007 1936 quod
1033 1865 1225 1920 Paulus
1259 1865 1313 1918 in
1341 1879 1402 1918 ea
1428 1863 1610 1918 scribit
1634 1861 1867 1932 Epistola
1888 1901 1903 1925 ,
1935 1860 1986 1913 in
2013 1873 2116 1929 qua

542 1960 707 2012 Deum
736 1967 954 2012 testatus
979 1965 1062 2011 est
1087 1972 1192 2011 non
1220 1971 1277 2010 se
1302 1953 1514 2010 mentiri
1547 1971 1559 2006 :
1593 1953 1667 2007 ait
1689 1952 1852 2017 enim,
1877 1949 2002 2016 Quae
2021 1965 2116 2002 au-

541 2058 636 2102 tent
663 2047 824 2101 scribo
854 2046 1007 2114 vobis,
1028 2063 1137 2100 ecce
1153 2062 1321 2099 corant
1346 2043 1476 2110 Deo,
1497 2044 1614 2113 quia
1638 2059 1738 2097 non
1761 2042 1974 2095 mentior
1991 2037 2118 2110 (Ga-

542 2141 632 2194 lat.
667 2156 720 2206 ι,
748 2139 839 2211 20)
878 2157 890 2191 :
925 2149 977 2194 et
1005 2149 1123 2209 post
1151 2137 1288 2191 hanc
1323 2145 1428 2190 tam
1457 2142 1693 2190 sanctam
1722 2144 1879 2202 atque
1905 2129 2117 2185 terribi-

541 2233 646 2287 lem
672 2231 1059 2286 attestationem
1090 2229 1206 2295 Dei,
1227 2227 1465 2282 narravit
1491 2227 1603 2279 haec
1631 2224 1827 2289 omnia,
1848 2221 1900 2276 in
1927 2221 2118 2291 quibus

542 2322 694 2388 dixit,
721 2320 845 2377 Cum
871 2321 1102 2375 vidissem
1121 2320 1238 2391 quia
1259 2336 1357 2373 non
1380 2327 1507 2372 recte
1526 2315 1879 2388 ingrediuntur
1897 2314 1964 2367 ad
1992 2313 2120 2366 veri-

546 2424 696 2468 tatem
721 2412 1011 2484 Evangelii,
1041 2413 1146 2466 dixi
1167 2409 1320 2466 Petro
1346 2425 1514 2464 coram
1541 2407 1768 2462 omnibus
1786 2448 1802 2473 ,
1832 2405 1893 2462 Si
1918 2415 1972 2458 tu
2007 2420 2120 2459 cum

541 2507 611 2560 sis
630 2505 842 2560 Judazus
865 2505 1113 2576 gentiliter
1132 2515 1178 2560 et
1200 2520 1298 2558 non
1309 2502 1516 2574 judaice
1535 2501 1687 2564 vivis;
1703 2497 2121 2569 quemadmodum

545 2596 724 2651 Gentes
753 2598 887 2668 cogis
904 2597 1171 2667 judaizare
1196 2594 1304 2668 (Id.
1334 2610 1406 2658 ιι,
1441 2591 1665 2662 ll-ll)?
1709 2592 1765 2647 Si
1793 2591 1991 2661 potuit,
2037 2590 2120 2644 in-

543 2703 735 2757 quam,
767 2688 954 2745 Petrus
979 2695 1160 2741 contra
1185 2685 1421 2750 veritatis
1451 2684 1722 2754 regulam,
1751 2699 1907 2753 quam
1937 2691 2120 2752 postea

544 2779 779 2833 Ecclesia
807 2780 993 2846 tenuit,
1012 2793 1200 2849 cogere
1225 2777 1424 2834 Gentes
1448 2775 1750 2846 judaizare;
1773 2789 1869 2829 cur
1896 2788 2000 2828 non
2027 2787 2123 2843 po-

547 2869 646 2925 tuit
668 2869 964 2941 Cyprianus
990 2881 1174 2924 contra
1203 2869 1435 2938 regulam
1466 2866 1726 2932 veritatis,
1751 2881 1908 2936 quam
1937 2873 2121 2934 postea

546 2967 654 3014 tota
687 2961 922 3015 Ecclesia
955 2961 1154 3028 tenuit,
1185 2975 1375 3029 cogere
1403 2959 1680 3013 luereticos
1702 2957 1790 3012 vel
1819 2956 2121 3012 schismati-

546 3068 638 3108 cos
664 3053 838 3108 denuo
865 3054 1154 3123 baptizari?
1189 3054 1322 3107 Puto
1363 3051 1504 3122 quod
1530 3052 1646 3106 sine
1673 3051 1778 3105 ulla
1804 3050 1886 3105 sui
1929 3059 2119 3105 contu-

547 3147 702 3201 melia
746 3145 1043 3216 Cyprianus
1068 3146 1346 3214 episcOpus
1387 3143 1546 3198 Petro
1574 3142 1813 3213 apostolo
1838 3157 2120 3212 compara-

547 3244 664 3304 tur,
692 3245 946 3306 quantum
988 3237 1177 3291 attinet
1201 3236 1265 3290 ad
1294 3235 1533 3307 martyrii
1557 3248 1832 3291 coronam.
1859 3234 2119 3288 Caeterum

548 3329 715 3399 magis
740 3329 912 3384 vereri
937 3327 1128 3395 debeo,
1153 3344 1220 3382 ne
1247 3328 1297 3381 in
1327 3327 1544 3382 Petrum
1565 3325 1978 3382 contumeliosus
2004 3326 2121 3380 exi-

547 3428 706 3474 stam.
723 3418 851 3486 Quis
879 3419 1018 3474 enim
1045 3420 1214 3474 nescit
1242 3419 1388 3473 illum
1406 3417 1746 3489 Apostolatus
1773 3417 2121 3487 principatum

547 3509 764 3564 cuilibet
781 3510 798 3540 ¹
817 3510 1140 3580 episcopatui
1165 3508 1583 3580 prmierendum?
1605 3507 1708 3564 Sed
1728 3507 1840 3564 etsi
1861 3508 2022 3563 distat
2035 3522 2124 3562 ca-

550 3600 854 3658 tltedrarum
883 3603 1047 3671 gratia
1071 3603 1090 3633 ³
1110 3642 1125 3669 ,
1158 3617 1261 3654 una
1289 3609 1369 3656 est
1397 3610 1571 3656 tamen
1594 3609 1884 3671 martyrum
1915 3599 2118 3669 gloria:

549 3702 603 3747 et
629 3692 673 3748 si
706 3694 837 3749 forte
861 3707 918 3748 se
946 3694 1168 3748 invicem
1196 3693 1246 3747 in
1276 3693 1452 3764 aliquo
1479 3692 1788 3763 praecedunt
1811 3693 1969 3748 corda
1989 3708 2122 3749 con-

550 3781 805 3838 litentium
826 3825 842 3851 ,
886 3799 948 3838 ac
973 3799 1070 3854 pro
1097 3800 1224 3839 vera
1265 3783 1368 3840 fide
1396 3785 1450 3839 in
1479 3784 1678 3839 unitate
1703 3784 1974 3840 charitatis
2004 3800 2120 3841 mo-

548 3874 795 3929 rientium
817 3917 831 3939 ,
860 3876 1111 3930 Dominus
1138 3877 1376 3942 noverit,
1404 3875 1554 3946 cujus
1577 3875 1781 3931 occulta
1812 3884 1865 3930 et
1892 3875 2121 3932 mirabili

487 3995 492 3999 -
547 3963 940 4034 dispensatione
961 3965 1245 4035 gratiarum
1271 3965 1408 4020 latro
1435 3965 1486 4019 in
1513 3981 1668 4019 cruce
1692 3965 1925 4034 pendens
1953 3966 2121 4022 semel

549 4071 670 4110 eum
685 4056 983 4124 conﬁtetur,
1003 4067 1057 4111 et
1081 4057 1167 4112 die
1193 4058 1308 4128 ipso
1331 4059 1381 4111 iu
1401 4057 1701 4127 paradisum
1728 4058 1952 4114 mittitur
1967 4057 2117 4129 (Luc.

487 4182 490 4184 η
547 4163 679 4202 mn
699 4189 712 4212 ,
746 4147 937 4220 40-43)
957 4191 973 4217 ,
1003 4150 1189 4204 Petrus
1217 4150 1494 4204 Dominum
1521 4165 1746 4219 sequens
1773 4160 1854 4206 ter
1877 4167 1999 4206 eum
2024 4165 2121 4207 ne-

548 4249 637 4308 gat
666 4238 875 4309 (Matth.
900 4256 1016 4294 xxvi
1041 4281 1054 4303 ,
1086 4241 1266 4308 69-75)
1289 4281 1301 4305 ,
1329 4248 1384 4294 et
1410 4256 1439 4293 a
1469 4255 1664 4294 corona
1685 4239 1924 4296 differtur
1943 4241 1963 4272 ³
1988 4259 2003 4296 :
2029 4257 2124 4296 no-

550 4329 632 4384 bis
648 4329 770 4383 hinc
791 4329 1029 4398 judicare
1047 4339 1243 4384 temcra
1252 4331 1385 4384 rium
1402 4340 1500 4385 est.
1524 4330 1899 4386 Verumtamen
1915 4333 1958 4386 si
1977 4333 2120 4402 quis-

549 4435 708 4490 quam
731 4436 868 4475 nunc
888 4430 1041 4491 cogat
1059 4421 1362 4476 circumcidi
1388 4421 1617 4490 aliquem
1641 4437 1789 4478 more
1811 4421 2043 4492 judaico,
2065 4435 2123 4481 et

549 4512 626 4567 sic
651 4511 930 4581 baptizari;
955 4512 1122 4566 multo
1141 4512 1368 4580 amplius
1393 4511 1687 4568 detestatur
1712 4512 1813 4568 hoc
1831 4528 2000 4585 genus
2021 4515 2122 4570 bu-

551 4619 782 4670 manum,
801 4621 959 4676 quam
987 4605 1029 4660 si
1056 4604 1246 4674 aliquis
1271 4619 1487 4676 cogatur
1514 4605 1848 4675 rebaptizari.
1876 4607 2120 4678 Quapro-

549 4703 666 4764 pter
690 4709 810 4750 cum
837 4695 1024 4751 Petrus
1052 4695 1179 4751 illud
1209 4695 1406 4752 iaciens
1433 4713 1464 4752 a
1495 4697 1657 4753 Paulo
1683 4701 1976 4768 posteriore
1998 4715 2120 4757 cor-

549 4787 755 4858 rigitur,
777 4796 832 4844 et
858 4789 1002 4858 pacis
1031 4798 1187 4860 atque
1212 4790 1425 4845 unitatis
1452 4791 1666 4846 vinculo
1692 4792 1986 4848 custoditus
2004 4792 2026 4825 ἰ
2055 4793 2123 4849 ad

549 4878 859 4947 martyrium
880 4880 1216 4949 provehitur;
1260 4889 1459 4950 quanto
1493 4880 1696 4938 facilius
1710 4890 1764 4938 et
1782 4882 1969 4938 fortius
1983 4884 2122 4955 quod

549 4983 645 5037 per
669 4971 926 5026 universa:
949 4972 1201 5028 Ecclesia:
1223 4981 1414 5027 statuta
1441 4973 1702 5028 firmatum
1728 4984 1832 5042 est,
1852 4975 1938 5031 vel
1969 4977 2124 5032 unius

549 5059 784 5130 episcopi
827 5063 1173 5131 auctoritati,
1225 5064 1309 5118 vel
1359 5065 1513 5119 unius
1561 5065 1849 5134 provincia:
1895 5067 2122 5123 concilio

551 5151 932 5224 praeferendum
962 5156 1084 5210 est?
1132 5156 1261 5211 Cum
1292 5155 1430 5212 idem
1464 5157 1575 5226 ipse
1605 5156 1898 5228 Cyprianus
1938 5159 2008 5214 ita
2037 5159 2120 5214 di-

554 5243 691 5297 xerit
737 5244 860 5315 quid
910 5245 956 5300 ei
1008 5246 1313 5311 videretur,
1365 5255 1421 5301 ut
1468 5247 1519 5300 in
1569 5249 1713 5315 pacis
1759 5249 1959 5304 unitate
2004 5263 2123 5304 esse

554 5333 813 5407 voluerit,
863 5337 1023 5392 etiam
1051 5352 1171 5393 cum
1201 5338 1279 5395 eis
1306 5339 1395 5408 qui
1423 5338 1491 5394 de
1537 5338 1638 5396 hac
1667 5355 1724 5396 re
1751 5340 1963 5396 diversa
1993 5354 2120 5397 sen-

614 5594 632 5666 ξ
657 5593 832 5666 pelgici
854 5601 960 5666 Mss.
984 5597 1108 5666 apud
1129 5604 1259 5659 Lov.,
1282 5597 1554 5666 principatu
1575 5597 1840 5660 cujuslibet.

610 5656 633 5719 ξ
657 5656 774 5714 Vox,
799 5656 973 5719 gratia,
999 5656 1137 5709 abest
1155 5672 1182 5708 a
1206 5656 1498 5710 laudmiensi
1531 5667 1612 5708 Ms.

613 5717 634 5748 ³
657 5726 756 5766 Am.
782 5717 854 5766 Er.
897 5717 967 5769 et
988 5721 1152 5782 plures
1184 5729 1308 5783 Mss.,
1355 5729 1400 5772 et
1444 5735 1618 5772 corona
1661 5721 1920 5784 differtur;
1976 5725 2120 5774 omis-

649 5791 862 5914 %a'“?ani
893 5848 1018 5903 MSS"
1042 5843 1361 5914 Ψέδίοάίέοκει
1385 5853 1548 5906 POSlea
1581 5843 1800 5894 Gallicani
1833 5846 2026 5910 quidam
2070 5855 2122 5901 et

551 5899 744 5967 Belgici,
763 5901 884 5968 loco,
908 5899 1198 5970 provehitur,
1233 5899 1443 5970 habent,
1479 5913 1792 5970 promovetur.

1254 465 1342 527 DE
1380 465 1715 524 BAPTISMO
1749 463 2022 524 CONTRA
2063 457 2506 532 DONATISTAS,
2547 464 2605 520 S.
2638 455 2998 521 AUGUS'I‘INI

2193 5839 2196 5842 ,
2292 5789 2310 5820 ί
2336 5794 2435 5836 Am.
2461 5793 2534 5836 Er.
2555 5793 2608 5836 et
2631 5795 2755 5845 Mss.,
2779 5801 2900 5838 uitus
2918 5793 2987 5839 est
3007 5787 3136 5839 solus
3161 5788 3338 5840 habens

3672 464 3776 524 128

2209 579 2370 634 tircnt
2403 598 2414 634 :
2447 579 2585 649 quod
2631 579 2824 635 indicat
2871 581 3034 651 ipsius
3073 578 3272 650 primus
3322 592 3500 634 sermo
3528 577 3582 634 in
3629 580 3774 649 ejus-

2208 668 2328 725 dem
2359 671 2584 738 concilii,
2621 670 2762 743 quod
2815 671 2883 727 ab
2911 672 3023 728 istis
3052 669 3334 743 profertur,
3366 671 3612 727 exordio.
3646 671 3777 728 Nam

2208 763 2278 818 ita
2308 777 2367 818 se
2397 763 2590 819 habet:

2276 855 2502 912 CAPUT
2532 856 2682 912 ιι-
2704 860 2756 914 5.
2792 874 2812 908 ‹
2847 856 2980 912 Cum
3019 856 3072 912 in
3113 872 3274 912 unum
3302 855 3621 928 Carthagine
3647 873 3775 914 con-

2208 947 2479 1002 venissent
2519 948 2755 1003 calendis
2802 947 3117 1019 septembris
3160 946 3394 1018 episcopi
3439 948 3686 1018 plurimi,
3717 963 3782 1005 ex

2211 1037 2478 1106 provincia
2507 1037 2705 1106 Africa,
2735 1037 2998 1106 Numidia,
3030 1037 3336 1093 Mauritania
3357 1078 3374 1105 ,
3405 1053 3525 1092 cum
3565 1037 3785 1110 presby-

2211 1130 2340 1184 teris
2363 1139 2416 1185 et
2442 1130 2786 1198 diaconibus,
2832 1131 2990 1188 etiam
3034 1141 3294 1200 praesente
3340 1130 3510 1200 plebis
3555 1132 3786 1186 maxima

2211 1230 2380 1291 parte,
2410 1231 2462 1276 et
2490 1222 2639 1278 lectae
2661 1234 2842 1278 essent
2869 1222 3058 1277 litterae
3083 1219 3324 1276 Jubaiani
3363 1219 3431 1274 ad
3462 1218 3787 1291 Cyprianum

2211 1311 2383 1379 factae,
2411 1313 2534 1368 item
2559 1313 2809 1384 Cypriani
2837 1313 2904 1369 ad
2928 1312 3244 1368 Jubaianum
3270 1313 3543 1382 rescriptae
3573 1311 3641 1366 de
3674 1315 3786 1366 ha:-

2213 1404 2392 1459 reticis
2416 1404 2762 1474 baptizandis,
2785 1403 3014 1475 quidque
3037 1403 3370 1474 postmodum
3399 1401 3667 1474 Cypriano
3691 1401 3789 1457 Ju-

2213 1496 2433 1551 baianus
2457 1497 2595 1552 idem
2625 1496 2977 1566 rescripserit,
3001 1495 3295 1568 Cyprianus
3320 1495 3451 1549 dixit
3477 1512 3489 1547 :
3517 1494 3788 1559 Audistis,

2214 1589 2429 1659 collega:
2456 1589 2807 1656 dilectissimi,
2831 1589 2954 1660 quid
2979 1589 3106 1643 mihi
3133 1587 3420 1645 Jubaianus
3445 1589 3791 1660 coepiscOpus

2217 1689 2397 1735 noster
2426 1680 2732 1750 scripserit,
2765 1681 3050 1736 consulens
3087 1679 3510 1736 mediocritatem
3551 1690 3791 1735 nostram

2215 1770 2283 1825 de
2302 1771 2487 1826 illicito
2511 1780 2565 1826 et
2592 1769 2814 1841 profano
2843 1771 3208 1826 haereticorum
3236 1770 3535 1840 Baptismo;
3561 1770 3795 1840 quidque

2218 1874 2316 1930 ego
2341 1860 2390 1914 ei
2419 1860 2784 1930 rescripserim
2804 1901 2820 1927 ,
2849 1875 3074 1917 censeas
3101 1860 3307 1916 scilicet
3339 1859 3480 1931 quod
3519 1861 3684 1917 semel
3715 1869 3796 1916 at-

2218 1966 2320 2019 quc
2349 1950 2538 2005 iterum
2568 1961 2622 2007 et
2659 1967 2804 2022 saepe
2831 1953 3134 2008 censuimus
3155 1993 3170 2020 ,
3203 1953 3482 2008 hmreticos
3507 1953 3574 2008 ad
3611 1953 3798 2010 Eccle-

2219 2043 2349 2096 siam
2380 2043 2651 2098 venientes
2680 2044 2929 2100 Ecclesiae
2957 2044 3226 2114 Baptismo
3248 2043 3499 2114 baptizari
3529 2054 3583 2099 et
3601 2045 3799 2100 sancti-

2221 2131 2366 2187 ﬁcari
2393 2143 2660 2204 oportere.
2685 2133 2815 2190 ltem
2843 2136 2994 2190 lecta:
3022 2143 3146 2190 sunt
3170 2133 3319 2190 vobis
3339 2142 3394 2190 et
3412 2135 3529 2190 aliae
3552 2135 3799 2192 Jubaiani

2221 2224 2432 2289 litterae,
2460 2226 2651 2296 quibus
2676 2241 2772 2298 pro
2789 2241 2886 2281 sua
2904 2227 3110 2282 sincera
3135 2234 3190 2282 et
3209 2225 3456 2296 religiosa
3486 2225 3796 2291 devotione,

2220 2317 2286 2371 ad
2315 2318 2591 2388 epistolam
2614 2333 2848 2378 nosuam
2873 2318 3192 2384 rescribens,
3216 2333 3323 2372 non
3344 2325 3546 2374 tantum
3571 2332 3804 2372 consen-

2221 2411 2322 2478 sit,
2355 2411 2447 2467 sed
2475 2421 2529 2467 et
2555 2414 2866 2468 instructum
2909 2427 2970 2468 se
3007 2426 3126 2467 esse
3165 2411 3361 2482 gratias
3387 2411 3514 2480 egit.
3546 2410 3801 2480 Superest

2223 2511 2280 2556 ut
2306 2503 2370 2558 de
2396 2502 2496 2557 hac
2515 2504 2626 2574 ipsa
2654 2520 2713 2560 re
2738 2503 2865 2575 quid
2893 2503 3083 2573 singuli
3111 2503 3404 2557 sentiamus
3429 2500 3799 2573 proferamus;

2222 2594 2487 2649 neminem
2504 2594 2822 2665 judicantes,
2841 2602 2936 2682 aut
2950 2610 2978 2648 a
3002 2594 3121 2664 jure
3136 2594 3525 2650 communionis
3544 2593 3798 2664 aliquem,

2225 2686 2269 2740 si
2300 2685 2566 2742 diversum
2596 2687 2854 2754 senserit,
2883 2695 3209 2742 amoventes.
3238 2685 3421 2756 Neque
3463 2686 3603 2742 enim
3649 2687 3801 2756 quis-

2223 2793 2380 2846 quam
2418 2787 2658 2834 nostrum
2687 2780 2992 2850 episc0pum
3024 2795 3081 2834 se
3109 2795 3230 2834 esse
3259 2779 3627 2850 episcoporum
3665 2795 3800 2834 con-

2223 2871 2415 2936 stituit,
2441 2880 2535 2926 aut
2562 2872 2834 2943 tyrannico
2865 2881 3068 2928 terrore
3096 2872 3164 2928 ad
3199 2871 3526 2942 obsequendi
3564 2872 3804 2928 necessi-

2227 2971 2386 3017 tatem
2435 2964 2666 3034 collegas
2711 2979 2838 3020 suos
2885 2964 3084 3035 adigit,
3134 2963 3346 3035 quando
3387 2963 3580 3020 habeat
3626 2963 3804 3020 omnis

2223 3054 2502 3125 episcopus
2533 3070 2628 3125 pro
2655 3055 2865 3112 licentia
2893 3055 3154 3111 libertatis
3181 3064 3235 3113 et
3269 3057 3544 3127 potestatis
3571 3072 3682 3111 suae
3709 3072 3803 3111 ar-

2223 3143 2439 3199 bitrium
2462 3145 2755 3215 proprium,
2778 3153 2992 3216 tamque
3013 3145 3239 3216 judicari
3265 3145 3333 3200 ab
3355 3145 3460 3201 alio
3479 3160 3583 3202 non
3608 3146 3798 3218 possit,

2223 3249 2378 3304 quam
2395 3250 2494 3291 nec
2519 3235 2634 3306 ipse
2657 3245 2830 3307 potest
2849 3237 3074 3292 alterum
3096 3236 3373 3307 judicare;
3401 3237 3496 3294 sed
3520 3245 3804 3307 exspecte-

2223 3341 2340 3382 mus
2367 3327 2599 3383 universi
2617 3326 2873 3398 judicium
2896 3327 3106 3384 Domini
3130 3330 3298 3385 nostri
3317 3328 3444 3385 Jesu
3467 3328 3686 3395 Christi,
3710 3330 3802 3401 qui

2226 3431 2362 3472 unus
2389 3426 2444 3473 et
2470 3419 2616 3475 solus
2643 3417 2806 3474 habet
2843 3427 3160 3490 potestatem
3183 3420 3201 3454 ⁸
3239 3429 3292 3476 et
3332 3420 3674 3491 praeponendi
3703 3436 3804 3478 nos

2225 3507 2280 3564 in
2309 3507 2564 3565 Ecclesia:
2606 3523 2718 3565 suae
2745 3509 3160 3581 gubernatione,
3189 3519 3244 3568 et
3267 3509 3337 3568 de
3359 3519 3482 3568 actu
3510 3521 3694 3568 nostro
3716 3511 3804 3583 ju-

2223 3598 2457 3656 dicandi.
2497 3619 2516 3652 ι

2294 3688 2518 3746 CAPUT
2554 3689 2642 3746 lll.
2663 3721 2735 3732 —
2753 3693 2804 3747 4.
2834 3691 2985 3749 Nunc
3011 3707 3104 3761 se,
3135 3694 3182 3750 si
3209 3693 3437 3763 audent,
3465 3696 3712 3767 superbas
3750 3705 3809 3754 et

2225 3781 2440 3836 tumidae.
2456 3782 2691 3838 cervices
2710 3782 3079 3840 haereticorum
3098 3785 3359 3842 adversus
3377 3799 3612 3844 sanctam
3635 3788 3808 3845 humi-

2223 3872 2421 3926 litatem
2451 3871 2607 3943 huius
2628 3875 2888 3930 sermonis
2939 3876 3218 3933 extollant.
3256 3877 3431 3934 Insani
3471 3879 3803 3948 Donatistae,

2198 3976 2357 4031 .quos
2397 3962 2463 4017 ad
2493 3978 2676 4033 pacem
2707 3975 2865 4036 atque
2893 3967 3148 4022 unitatem
3191 3977 3390 4024 sanctze
3428 3969 3682 4026 Ecclesiae
3719 3987 3808 4026 re-

2223 4068 2421 4122 meare,
2449 4063 2606 4125 atque
2635 4055 2687 4111 in
2713 4071 2776 4112 ea
2803 4059 2978 4114 sanari
3005 4060 3248 4130 cupimus
3285 4071 3341 4117 et
3368 4070 3610 4131 optamus
3628 4103 3644 4130 ,
3675 4061 3808 4134 quid

2223 4145 2290 4200 ad
2317 4145 2430 4202 base
2455 4147 2667 4204 dicitis?
2692 4149 2798 4205 Vos
2826 4159 2973 4206 certe
3015 4153 3168 4208 nobis
3209 4153 3440 4224 objicere
3475 4154 3659 4210 soletis
3697 4154 3810 4228 Cy-

2227 4237 2389 4304 priani
2421 4238 2622 4294 litteras
2644 4279 2657 4305 ,
2687 4240 2934 4312 Cypriani
2963 4245 3279 4300 sententiam
3299 4286 3315 4311 ,
3343 4244 3594 4317 Cypriani
3620 4249 3806 4303 conci-

2225 4327 2352 4382 lium
2384 4346 2397 4384 :
2424 4345 2520 4384 cur
2539 4333 2907 4388 auctoritatem
2929 4335 3180 4408 Cypriani
3204 4353 3300 4407 pro
3320 4346 3498 4394 vestro
3517 4338 3808 4397 schismate

2223 4419 2491 4475 assumitis
2510 4461 2526 4487 ,
2569 4430 2625 4476 et
2665 4421 2780 4491 ejus
2808 4425 3109 4495 exemplum
3141 4442 3238 4498 pro
3267 4428 3519 4484 Ecclesiae
3561 4444 3690 4499 pace
3717 4445 3809 4487 re.

2223 4509 2452 4578 spuitis?
2477 4510 2608 4579 Quis
2636 4521 2812 4569 autem
2845 4518 3046 4571 nesciat
3083 4528 3320 4573 sanctam
3355 4518 3687 4589 Scripturam
3715 4536 3806 4578 ca-

2227 4601 2471 4656 nonicam
2489 4644 2504 4671 ,
2539 4612 2646 4658 tam
2672 4603 2880 4661 Veteris
2907 4622 3063 4677 quam
3087 4607 3220 4664 Novi
3254 4609 3582 4666 Testameuti
3601 4651 3618 4678 ,
3644 4611 3808 4669 certis

2224 4693 2333 4748 suis
2351 4694 2591 4750 terminis
2614 4696 2897 4764 contineri,
2917 4713 3140 4770 eamque
3157 4701 3401 4757 omnibus
3423 4704 3808 4774 posterioribus

2211 4787 2591 4858 episcoporum
2633 4789 2827 4845 litteris
2855 4791 2925 4845 ita
2965 4793 3240 4862 praeponi,
3266 4801 3324 4848 ut
3351 4793 3419 4850 de
3457 4794 3548 4850 illa
3585 4797 3806 4852 omnino

2224 4879 2452 4936 dubitari
2494 4890 2550 4937 et
2587 4882 2869 4954 disceptari
2905 4898 3010 4939 non
3052 4885 3256 4955 possit,
3305 4894 3480 4942 utrum
3508 4902 3696 4944 verum
3723 4888 3807 4945 vel

2227 4979 2400 5025 utrum
2428 4981 2629 5027 rectum
2656 4973 2755 5040 sit,
2784 4973 3039 5044 quidquid
3069 4975 3121 5030 in
3148 4991 3211 5031 ea
3241 4977 3497 5048 scriptum
3525 4994 3645 5034 esse
3673 4995 3807 5035 cou-

2225 5065 2417 5119 stiterit
2443 5081 2457 5118 :
2481 5065 2854 5135 episcOporum
2883 5073 3060 5120 autem
3088 5067 3288 5124 litteras
3311 5084 3430 5136 quae
3455 5078 3575 5138 post
3603 5071 3803 5126 contir-

2228 5163 2423 5208 matum
2459 5169 2716 5211 canonem
2758 5155 2840 5212 vel
2879 5158 3089 5227 scripta:
3129 5168 3254 5214 sunt
3281 5159 3363 5215 vel
3393 5159 3720 5229 scribuntur,
3755 5172 3807 5217 et

2227 5262 2321 5316 per
2343 5263 2642 5303 sermonem
2672 5249 2807 5304 forte
2837 5249 3211 5320 sapientiorem
3239 5252 3519 5322 cujuslibet
3560 5253 3614 5307 in
3653 5268 3718 5308 ea
3747 5268 3807 5310 re

2227 5338 2526 5407 peritioris,
2571 5348 2625 5394 et
2681 5355 2775 5409 per
2813 5341 3037 5396 aliorum
3085 5344 3454 5413 episcOporum
3504 5344 3803 5414 graviorem

2226 5429 2593 5485 auctoritatem
2617 5429 3009 5502 doetioremque
3031 5434 3050 5465 ²
3085 5432 3435 5501 prudentiam,
3466 5445 3520 5488 et
3550 5449 3644 5503 per
3669 5449 3802 5490 con-

2228 5519 2345 5574 cilia
2371 5520 2530 5577 licere
2556 5522 2908 5592 reprehendi,
2937 5524 2982 5578 si
3009 5523 3133 5594 quid
3163 5525 3215 5579 in
3245 5526 3324 5579 eis
3362 5524 3495 5580 forte
3521 5540 3552 5580 a
3583 5527 3806 5582 veritate

2226 5611 2489 5669 deviatum
2518 5624 2601 5671 est
2623 5632 2637 5671 :
2659 5623 2714 5672 et
2739 5616 2852 5686 ipsa
2894 5615 3120 5672 concilia
3158 5633 3277 5688 qua:
3307 5634 3402 5690 per
3439 5619 3674 5691 singulas
3718 5635 3796 5676 re

2292 5796 2310 5820 ι
2336 5796 2435 5836 Am.
2461 5796 2534 5836 Er.
2555 5796 2608 5836 et
2631 5796 2755 5845 Mss.,
2779 5801 2900 5838 unus
2918 5796 2987 5839 est
3007 5796 3136 5839 sotus
3161 5796 3338 5840 habens
3354 5796 3644 5854 potestatem.

2290 5850 2310 5880 '
2333 5854 2405 5900 Er.
2423 5861 2534 5902 cum
2549 5848 2791 5904 nonnullis
2813 5857 2939 5914 Mss.
2957 5848 3331 5918 doctiormnquc.
3373 5862 3496 5917 Am.,
3531 5853 3782 5906 doctorum

2130 5920 2336 5976 ,σαι

3651 6057 3706 6063 .--ν
3727 6054 3792 6069 ,κ
3812 6068 3828 6075 _
