4054 6468
195 378 294 439 ΙΞΩ

193 498 375 570 giones
401 493 491 551 vel
526 491 824 565 provincias
854 491 1013 555 fiunt,
1043 490 1402 562 plenartorum
1428 490 1777 546 conciliorum

194 588 496 646 auctoritati
523 602 646 658 qua:
670 585 802 641 fiunt
826 601 891 641 ex
912 585 1159 640 universo
1182 584 1313 639 orbe
1334 583 1643 649 christiano,
1665 582 1781 637 sine

196 681 313 737 ullis
341 678 660 747 ambagibus
684 676 875 732 cedere
899 692 913 730 :
941 676 1162 746 ipsaque
1188 674 1422 744 plenaria
1445 688 1587 743 saepe
1604 672 1787 743 priora

194 769 585 844 posterioribus
611 767 913 834 emendari;
946 781 1068 822 cum
1094 766 1269 836 aliquo
1294 766 1667 835 experimento
1694 780 1785 820 re-

194 878 310 919 rum
338 860 583 932 aperitur
606 860 749 933 quod
773 859 1007 914 clausum
1032 866 1147 913 erat
1163 898 1181 925 ,
1208 865 1264 912 et
1288 857 1622 927 cognoscitur
1643 855 1783 926 quod

196 955 431 1032 latebat;
462 955 580 1010 sine
610 954 718 1009 ullo
745 952 909 1025 typho
934 952 1204 1021 sacrilegae
1228 949 1512 1018 superbiae,
1538 951 1652 1005 sine
1678 950 1782 1005 ulla

194 1045 375 1103 inflata
398 1046 609 1101 cervice
629 1043 962 1114 arrogantiae,
982 1044 1097 1100 sine
1116 1041 1224 1096 ulla
1247 1042 1586 1097 contentione
1607 1040 1784 1095 lividae

197 1139 436 1205 invidiae,
468 1153 593 1194 cum
616 1146 799 1194 sancta
828 1136 1126 1192 humilitate
1144 1174 1160 1202 ,
1192 1148 1314 1191 cum
1340 1148 1469 1204 pace
1489 1134 1747 1190 catholica
1766 1175 1782 1200 ,

199 1245 319 1285 cum
346 1229 612 1285 cbaritate
637 1228 965 1285 christiana?

267 1318 501 1376 CAPUT
532 1320 620 1375 IV.
640 1350 712 1360 —
737 1320 789 1375 5.
821 1320 1151 1389 QuaprOpter
1192 1325 1408 1374 sanctus
1448 1317 1745 1389 Cyprianus
1766 1360 1783 1386 ,

201 1420 350 1467 tanto
396 1410 680 1477 excelsior,
726 1419 923 1481 quanto
970 1410 1239 1477 humilior,
1282 1410 1370 1481 qui
1412 1408 1815 1487 documentum.

203 1505 345 1561 Petri
374 1506 456 1561 sic
484 1505 701 1569 amavit,
746 1512 806 1558 ut
844 1502 1065 1570 diceret,
1094 1521 1113 1556 ι
1142 1502 1522 1558 Documentum
1546 1544 1562 1569 ,
1591 1502 1790 1557 scilicet

205 1596 357 1650 nobis
387 1604 443 1650 et
468 1595 769 1651 concordia
796 1603 851 1651 et
874 1595 1140 1665 patientia:
1165 1594 1423 1660 tribuens,
1453 1604 1508 1648 ut
1532 1608 1637 1648 non
1667 1609 1788 1664 per-

209 1688 457 1743 tinaciter
486 1695 669 1743 nostra
692 1701 954 1753 amemus,
979 1686 1072 1742 sed
1101 1701 1219 1757 qua:
1246 1685 1529 1757 aliquando
1554 1700 1582 1739 a
1608 1685 1791 1740 fratri-

206 1776 301 1831 bus
326 1784 382 1832 et
413 1777 633 1848 collegis
655 1778 855 1833 nostris
880 1778 1078 1832 utiliter
1104 1786 1159 1834 et
1185 1777 1471 1832 salubriter
1495 1792 1789 1847 suggerun-

207 1877 323 1933 tur,
379 1868 427 1923 si
475 1868 586 1923 sint
627 1883 753 1923 vera
806 1876 861 1923 et
911 1868 1183 1939 legitima,
1228 1869 1339 1938 ipsa
1389 1869 1562 1939 potius
1614 1877 1791 1923 nostra

207 1959 508 2025 ducamus;
541 1977 560 2011 ι
593 1960 723 2013 satis
768 1958 1001 2015 ostendit
1043 1958 1291 2014 facillime
1332 1974 1391 2013 se
1434 1967 1792 2014 correcturum

206 2052 371 2108 fuisse
398 2054 727 2108 sententiam
754 2066 903 2106 suam
924 2093 939 2118 ,
965 2052 1009 2105 si
1038 2052 1157 2121 quis
1196 2051 1244 2107 ei
1283 2052 1672 2107 demonstraret
1696 2050 1795 2105 Ba-

206 2148 460 2219 ptismum
495 2145 691 2201 Christi
718 2146 796 2199 sic
831 2144 945 2199 dari
977 2159 1133 2214 posse
1158 2144 1225 2198 ab
1250 2144 1329 2199 eis
1354 2143 1443 2213 qui
1473 2142 1613 2197 foras
1648 2142 1795 2197 exie-

206 2248 362 2306 runt,
412 2237 863 2307 quemadmodum
910 2238 1079 2292 amitti
1127 2252 1231 2291 non
1283 2238 1453 2307 potuit
1494 2251 1612 2291 cum
1656 2236 1797 2291 foras

204 2333 455 2389 exirent:
488 2330 631 2386 unde
671 2330 833 2386 multa
868 2330 979 2400 jam
1014 2329 1263 2385 diximus.
1291 2329 1399 2384 Nec
1427 2344 1524 2383 nos
1566 2328 1664 2397 ipsi
1695 2328 1797 2382 tale

208 2424 408 2496 aliquid
454 2424 776 2480 auderemus
817 2438 1078 2488 asserere,
1108 2423 1208 2478 nisi
1247 2424 1507 2477 universa:
1545 2421 1798 2475 Ecclesia:

208 2516 631 2573 ooncordissima
678 2516 988 2571 auctoritate
1031 2514 1258 2576 firmati;
1300 2513 1384 2568 cui
1432 2522 1486 2567 et
1534 2512 1648 2582 ipse
1685 2512 1799 2565 sine

210 2606 370 2663 dubio
411 2606 663 2673 cederet,
694 2607 739 2660 si
766 2606 876 2676 jam
906 2606 996 2660 illo
1034 2614 1273 2674 tempore
1307 2603 1616 2673 quaestionis
1647 2601 1800 2670 hujus

213 2701 405 2755 veritas
434 2699 668 2768 eliquata
698 2705 752 2752 et
780 2696 1043 2752 declarata
1074 2712 1167 2765 per
1190 2696 1486 2767 plenarium
1517 2694 1799 2748 concilium

214 2790 551 2845 solidaretnr.
578 2789 633 2843 Si
655 2789 795 2843 enim
818 2788 1033 2843 Petrum
1062 2786 1239 2839 laudat
1262 2794 1316 2841 et
1342 2785 1594 2855 praedicat
1612 2784 1678 2838 ab
1696 2797 1801 2837 uno

218 2883 517 2953 posteriore
534 2882 735 2951 collega
752 2880 1015 2950 patienter
1029 2877 1465 2946 coneorditerque
1480 2884 1799 2937 correctum,

222 2983 415 3044 quanto
442 2972 603 3026 citius
632 2972 743 3043 ipse
782 2987 901 3026 cum
945 2970 1170 3024 concilio
1198 2968 1485 3039 provincia:
1528 2983 1638 3022 suae
1681 2966 1801 3019 uni-

222 3067 359 3121 versi
404 3065 551 3119 orbis
600 3063 903 3118 auctoritati
951 3060 1213 3132 patefacta
1256 3060 1478 3115 veritate
1522 3057 1804 3113 cessisset?

218 3160 335 3229 quia
380 3157 622 3228 profecto
663 3166 718 3212 et
744 3157 833 3210 uni
862 3170 1046 3211 verum
1084 3153 1278 3208 dicenti
1323 3162 1376 3207 et
1421 3152 1804 3207 demonstranti

220 3262 398 3323 posset
421 3251 671 3306 facillime
694 3250 994 3304 consentire
1014 3258 1119 3302 tam
1146 3256 1325 3302 sancta
1351 3247 1547 3309 anima,
1582 3255 1685 3299 tam
1714 3259 1804 3314 pa-

220 3351 333 3397 cata
360 3360 374 3396 :
399 3350 453 3396 et
478 3341 708 3395 fortasse
737 3339 931 3395 factum
963 3349 1046 3395 est
1071 3340 1171 3410 (a),
1195 3338 1288 3392 sed
1317 3338 1601 3392 nescimus.
1624 3335 1806 3405 Neque

220 3432 360 3487 enim
391 3432 570 3486 omnia
602 3446 721 3502 qua:
761 3432 851 3484 illo
894 3439 1133 3498 tempore
1173 3430 1309 3484 inter
1354 3428 1632 3499 episcopos
1659 3435 1806 3496 gesta

222 3534 378 3591 sunt,
426 3523 705 3578 memoria:
752 3523 1043 3593 litterisque
1087 3520 1326 3575 mandari
1371 3524 1687 3589 potuerunt,
1720 3523 1810 3571 aut

223 3618 398 3671 omnia
430 3631 550 3686 quae
578 3614 823 3669 mandata
869 3622 992 3669 sunt
1034 3614 1297 3668 novimus.
1339 3611 1618 3680 Quomodo
1666 3610 1807 3665 enim

224 3710 395 3779 potuit
420 3709 521 3763 ista
550 3722 638 3763 res
664 3709 825 3763 tantis
852 3708 1255 3762 altercationum
1294 3703 1499 3760 nebulis
1539 3702 1770 3757 involuta
1790 3742 1805 3767 ,

225 3799 286 3855 ad
309 3799 528 3869 plenarii
547 3799 756 3854 concilii
774 3798 1094 3853 luculentam
1115 3796 1517 3851 illustrationem
1535 3793 1809 3848 confirma-

226 3892 533 3962 tionemque
558 3889 798 3960 perduci,
828 3888 928 3944 nisi
954 3888 1126 3958 primo
1145 3886 1345 3942 diutius
1362 3900 1457 3956 per
1475 3884 1620 3938 orbis
1646 3892 1812 3938 terra-

228 3996 345 4036 rum
378 3982 644 4051 regiones,
660 3978 838 4034 multis
853 3979 975 4032 hinc
990 3986 1147 4048 atque
1163 3976 1288 4030 hinc
1302 3971 1744 4044 disputationibus
1758 3980 1812 4026 et

231 4073 598 4127 collationibus
621 4072 990 4140 episcopormn
1020 4075 1337 4138 pertractata
1365 4064 1665 4120 constaret?
1701 4064 1812 4117 Hoc

233 4174 403 4219 autem
432 4164 559 4219 facit
586 4164 783 4217 sanitas
803 4162 968 4232 pacis,
996 4171 1053 4214 ut
1076 4175 1195 4215 cum
1218 4159 1412 4213 diutius
1432 4157 1604 4226 aliqua
1625 4156 1813 4209 obscu-

234 4258 371 4310 riora
400 4264 732 4327 qumruntur,
763 4265 818 4309 et
844 4264 1060 4325 propter
1088 4251 1386 4307 inveniendi
1412 4249 1771 4304 difficultatem
1793 4288 1809 4315 ,

236 4349 470 4402 diversas
497 4347 711 4417 pariunt
741 4346 792 4399 in
824 4345 1053 4398 fraterna
1081 4342 1461 4412 disceptatione
1485 4341 1774 4394 sententias
1795 4380 1809 4405 ,

238 4439 402 4493 donec
422 4438 488 4492 ad
510 4453 693 4492 verum
717 4436 972 4507 liquidum
992 4436 1009 4467 ί
1033 4435 1390 4504 perveniatur,
1414 4431 1678 4485 vinculum
1696 4446 1815 4500 per-

239 4539 447 4585 maneat
489 4528 707 4584 unitatis
725 4567 742 4595 ,
768 4543 836 4582 ne
863 4528 913 4580 in
942 4535 1091 4597 parte
1118 4526 1336 4596 praecisa
1366 4530 1639 4577 remaneat
1676 4522 1816 4575 insa-

240 4622 409 4677 nabile
432 4621 627 4675 vulnus
654 4619 870 4675 erroris.

306 4711 536 4769 CAPUT
580 4710 812 4764 V.—6.
865 4709 931 4763 Et
976 4706 1095 4763 ideo
1135 4706 1446 4778 plerumque
1491 4700 1815 4758 doctioribus

243 4804 411 4859 minus
439 4801 639 4872 aliquid
667 4799 950 4863 revelatur,
979 4807 1038 4853 ut
1062 4812 1246 4853 eorum
1276 4796 1481 4866 patiens
1507 4804 1561 4849 et
1604 4793 1816 4847 humilis

243 4896 490 4960 charitas,
518 4894 571 4949 in
601 4907 703 4963 qua
732 4890 934 4946 fructus
963 4889 1133 4958 major
1160 4896 1276 4955 est,
1304 4885 1700 4955 comprobetur,
1729 4883 1814 4938 vel

245 4966 506 5055 quomodo
536 4992 756 5040 teneant
776 4985 1050 5045 unitatem,
1081 4994 1202 5035 cum
1232 4980 1285 5033 in
1310 4978 1467 5033 rebus
1496 4975 1817 5030 obscuriori-

245 5078 341 5132 bus
364 5078 571 5133 diversa
602 5076 868 5141 sentiunt;
903 5074 983 5129 vel
1018 5071 1285 5143 quomodo
1326 5069 1587 5140 accipiant
1621 5069 1817 5123 verita-

248 5176 373 5234 tem,
400 5183 520 5223 cum
545 5175 730 5222 contra
761 5165 811 5220 id
839 5163 981 5234 quod
1010 5164 1328 5226 sentiebant,
1354 5161 1671 5216 declaratum
1697 5174 1817 5215 esse

244 5267 587 5326 cognoswnt.
622 5256 856 5325 Quorum
893 5255 1118 5309 duorum
1159 5252 1547 5308 manifestatum
1580 5262 1820 5305 tenemus

248 5362 407 5402 unum
453 5349 507 5403 in
551 5349 710 5403 beato
745 5348 1013 5418 Cypriane
1033 5387 1049 5414 ,
1079 5344 1129 5399 id
1156 5354 1267 5411 est,
1299 5344 1565 5414 quomodo
1593 5344 1819 5397 tenuerit

247 5443 502 5497 unitatem
542 5457 664 5496 cum
704 5440 781 5494 eis
823 5455 852 5494 a
895 5439 1085 5508 quibus
1124 5438 1390 5493 diversum
1422 5436 1699 5491 sentiebat.
1732 5435 1822 5490 Ait

250 5535 391 5589 enim
416 5553 429 5589 :
461 5553 481 5586 t
509 5534 785 5589 Neminem
814 5530 1109 5601 iudicantes
1128 5571 1143 5596 ,
1172 5538 1262 5583 aut
1286 5543 1315 5581 a
1342 5528 1460 5597 jure
1487 5527 1818 5580 communio-

316 5710 333 5740 ³
360 5715 485 5780 tam,
510 5708 820 5781 liquidarum.
848 5709 1011 5769 Abest,
1049 5720 1121 5768 ue,
1147 5707 1209 5756 ab
1235 5713 1332 5755 Am.
1357 5710 1430 5753 Er.
1475 5710 1526 5753 et
1572 5702 1821 5764 plerisque

247 5780 596 5833 manuscrtptts.

314 5833 391 5895 (a)
412 5834 456 5882 td
480 5826 636 5897 reita
660 5832 833 5883 factum
846 5834 1021 5885 asserit
1042 5831 1166 5881 Beda
1182 5830 1230 5880 in
1253 5828 1377 5879 libro
1392 5827 1439 5889 8,
1458 5832 1630 5892 quarst.
1657 5826 1706 5876 5.

1524 368 1731 428 LIBER
1765 367 2143 429 SECUNDUS.

2884 310 2913 318 ,-
2928 310 2933 311 γ

3347 376 3451 436 150

1888 489 1971 545 nis
1997 490 2246 561 aliquem,
2272 490 2318 547 si
2346 491 2613 549 diversum
2642 494 2901 562 senserit,
2934 504 3265 553 amoventes.
3301 515 3321 550 ι
3354 498 3448 551 Al-

1887 588 2057 637 terum
2084 590 2280 649 autem,
2304 584 2356 639 id
2378 595 2486 648 est,
2513 587 2781 657 quomodo
2806 588 3045 658 accipere
3071 590 3299 659 potuerit
3320 591 3463 645 veri-

1886 679 2048 726 tatem
2072 681 2253 727 contra
2284 673 2335 728 id
2360 676 2500 745 quod
2534 677 2795 733 sentiebat
2816 678 3081 734 inventam
3102 720 3118 745 ,
3141 682 3241 735 etsi
3273 681 3464 737 littera:

1886 770 2096 831 tacent,
2142 765 2329 821 merita
2371 767 2630 832 clamant;
2672 770 2715 823 si
2760 770 2982 839 epistola
3024 786 3131 827 non
3176 771 3461 831 invenitur.

1887 869 2082 910 corona
2114 864 2375 921 testatur;
2422 858 2465 911 si
2508 859 2788 914 concilium
2828 875 2932 914 non
2971 860 3166 916 indicat
3189 863 3464 932 episcopo-

1888 961 2005 1001 rum
2030 987 2046 1014 ,
2076 947 2402 1003 consortium
2438 948 2632 1004 indicat
2658 950 2999 1020 Angelorum.
3026 950 3141 1006 Non
3171 952 3313 1007 enim
3342 968 3466 1023 par-

1886 1050 2010 1091 vum
2041 1036 2416 1093 documentum
2446 1046 2528 1093 est
2552 1040 2903 1108 pacatissimre
2929 1041 3141 1107 animae,
3171 1043 3225 1096 in
3254 1057 3314 1097 ea
3344 1044 3465 1098 uni-

1888 1134 1996 1183 tate
2020 1128 2334 1199 martyrium
2360 1130 2638 1196 meruisse,
2669 1130 2807 1186 unde
2832 1146 2890 1186 se
2921 1130 3189 1187 diversum
3228 1134 3464 1189 sentiens

1888 1220 2058 1276 noluit
2095 1234 2364 1289 separare.
2394 1221 2645 1277 Homines
2673 1222 2815 1277 enim
2844 1238 3047 1278 sumus.
3078 1222 3230 1280 Unde
3267 1225 3465 1295 aliquid

1890 1315 2043 1370 aliter
2071 1329 2257 1385 sapere
2276 1328 2434 1385 quam
2459 1330 2545 1370 res
2565 1329 2624 1371 se
2650 1316 2826 1382 habet,
2850 1317 3082 1371 humana
3110 1319 3329 1372 tentatio
3356 1325 3459 1372 est.

1891 1406 2060 1461 Nimis
2081 1416 2255 1461 autem
2283 1406 2511 1461 amando
2532 1410 2848 1463 sententiam
2875 1423 3044 1473 suam,
3072 1409 3155 1464 vel
3184 1408 3471 1465 invidendo

1892 1499 2236 1564 melioribus,
2285 1514 2451 1570 usque
2492 1499 2556 1554 ad
2601 1499 2951 1569 przecidendzc
2990 1501 3379 1555 communionis
3417 1508 3473 1555 et

1892 1596 2153 1651 condendi
2180 1596 2479 1653 schismatis
2504 1597 2589 1653 vel
2620 1596 2839 1653 haeresis
2865 1597 3198 1667 sacrilegium
3223 1595 3473 1666 perveni-

1893 1703 1953 1744 re
1976 1728 1990 1754 ,
2021 1688 2278 1744 diabolica
2322 1689 2662 1758 praesumptio
2699 1698 2802 1745 est.
2830 1687 2889 1743 In
2916 1688 3059 1743 nullo
3100 1697 3275 1743 autem
3316 1688 3474 1743 aliter

1894 1793 2083 1850 sapere
2106 1796 2261 1850 quam
2279 1795 2365 1835 res
2386 1796 2445 1835 se
2464 1781 2644 1848 habet,
2670 1781 2905 1851 angelica
2937 1780 3191 1850 perfectio
3212 1790 3311 1835 est.
3334 1779 3471 1848 Quia

1896 1870 2073 1941 itaque
2100 1872 2342 1927 homines
2366 1886 2569 1938 sumus,
2599 1872 2692 1927 sed
2718 1886 2811 1941 spe
2837 1872 3007 1941 angeli
3039 1886 3242 1937 sumus,
3280 1871 3473 1940 quibus

1896 1967 2129 2035 mquales
2158 1967 2207 2019 in
2240 1967 2626 2021 resurrectione
2658 1966 2814 2020 futuri
2856 1981 3038 2021 sumus
3070 1965 3088 2037 (
3115 1966 3297 2019 Matth.
3340 1979 3472 2030 xxu,

1897 2057 2012 2127 30),
2036 2058 2283 2126 quamdiu
2310 2058 2683 2127 perfectionem
2713 2058 2885 2126 angeli
2913 2073 3017 2112 non
3042 2058 3317 2122 habemus,
3344 2071 3476 2126 pra:-

1897 2148 2255 2217 sumption’em
2278 2148 2469 2203 diaboli
2493 2163 2595 2204 non
2619 2148 2929 2204 habeamus.
2955 2148 3079 2203 Ideo
3098 2148 3227 2201 dicit
3250 2149 3476 2216 Aposto—

1898 2239 1981 2293 lus
2005 2258 2017 2294 :
2053 2239 2278 2294 Tentatio
2302 2257 2387 2295 vos
2416 2258 2515 2295 non
2536 2242 2879 2311 apprehendat
2910 2241 3005 2295 nisi
3034 2241 3252 2294 humana
3278 2239 3336 2309 (l
3358 2238 3477 2293 Cor.

1899 2348 1953 2398 x,
1979 2333 2088 2403 15).
2114 2333 2411 2388 Humanum
2437 2342 2519 2389 est
2543 2350 2672 2403 ergo
2698 2334 2893 2404 aliquid
2924 2334 3079 2388 aliter
3109 2348 3317 2404 sapere.
3348 2333 3479 2388 Pro-

1902 2432 2081 2493 pterea
2111 2425 2237 2478 dicit
2260 2424 2365 2479 alio
2394 2425 2548 2479 loco:
2577 2424 2830 2493 Quotquot
2869 2440 2985 2495 ergo
3024 2425 3234 2494 perfecti
3268 2424 3362 2477 hoc
3397 2439 3481 2477 sa-

1902 2516 2140 2584 piamus;
2172 2524 2217 2569 et
2241 2517 2288 2569 si
2313 2516 2434 2581 quid
2455 2517 2600 2569 aliter
2620 2516 2813 2586 sapitis,
2841 2516 2934 2568 hoc
2962 2531 3156 2586 quoque
3181 2516 3315 2569 vobis
3343 2514 3482 2568 Deus

1901 2607 2154 2661 reuelabit.
2178 2608 2386 2674 Quibus
2413 2616 2590 2662 autem
2621 2608 2823 2662 revelat
2848 2622 2970 2662 cum
3003 2606 3262 2671 voluerit,
3286 2607 3397 2661 sive
3428 2606 3480 2660 in

1903 2697 2002 2752 bac
2028 2699 2131 2753 vita
2157 2700 2267 2754 sive
2293 2709 2411 2769 post
2438 2699 2575 2754 hanc
2612 2701 2772 2753 vitam
2796 2740 2811 2767 ,
2855 2699 2955 2753 nisi
3001 2698 3389 2753 ambulantibus
3428 2698 3483 2754 in

1902 2790 1987 2843 via
2013 2788 2179 2859 pacis,
2203 2798 2257 2843 et
2282 2790 2334 2843 in
2356 2790 2553 2843 nullam
2582 2789 2948 2859 prtecisionem
2976 2788 3347 2843 deviantibus?
3364 2788 3479 2844 Non

1903 2882 2087 2952 quales
2133 2883 2218 2938 isti
2264 2891 2419 2949 sunt,
2467 2884 2557 2953 qui
2602 2882 2741 2937 viam
2786 2883 2931 2953 pacis
2979 2898 3083 2937 non
3127 2890 3488 2951 cognoverunt

1903 2971 2095 3047 (Psal.
2121 2989 2233 3040 xm,
2264 2973 2352 3046 5),
2397 2989 2495 3029 nec
2538 2984 2755 3045 propter
2800 2974 2941 3029 aliud
2979 2973 3195 3027 unitatis
3221 2972 3484 3027 vinculum

1904 3064 2266 3135 disruperunt.
2302 3065 2527 3136 Ideoque
2556 3066 2842 3136 Apostolus
2886 3079 3005 3118 cum
3052 3064 3306 3127 dixisset,
3352 3062 3417 3116 Et
3444 3064 3487 3117 si

1905 3158 2025 3227 quid
2049 3159 2194 3213 aliter
2217 3158 2392 3227 sapitis
2410 3200 2423 3223 ,
2456 3159 2548 3212 hoc
2572 3172 2763 3229 quoque
2794 3157 2929 3210 vobis
2958 3155 3097 3209 Deus
3123 3153 3391 3219 reuelabit;
3418 3170 3487 3211 ne

1906 3259 2151 3319 putarent
2182 3258 2374 3317 pra:ter
2400 3251 2536 3302 viam
2568 3249 2713 3318 pacis
2737 3248 2877 3318 quod
2904 3248 3059 3301 aliter
3084 3246 3359 3317 sapiebant
3385 3247 3486 3301 sibi

1908 3356 2065 3411 posse
2092 3340 2339 3405 revelari,
2363 3342 2613 3396 continuo
2637 3340 2859 3407 addidit,
2900 3338 3249 3393 Verumtamen
3278 3339 3330 3393 in
3353 3339 3487 3410 quod

1909 3434 2241 3505 peruenimus,
2264 3434 2316 3486 in
2347 3450 2403 3488 eo
2429 3433 2736 3488 ambulemus
2756 3433 2773 3503 (
2794 3432 3024 3503 Philipp.
3051 3448 3129 3497 ιιι,
3158 3432 3250 3498 15,
3280 3432 3401 3501 16).
3429 3432 3485 3487 lu

1909 3541 2014 3597 quo
2040 3526 2318 3581 ambulans
2345 3526 2670 3597 Cyprianus,
2702 3526 3229 3595 perseverantissima
3257 3526 3489 3581 toleran-

1910 3619 2003 3684 tia,
2036 3633 2142 3672 non
2168 3617 2283 3672 fuso
2314 3618 2569 3687 sanguine
2591 3619 2631 3684 ί,
2663 3618 2755 3672 sed
2785 3618 2837 3671 in
2866 3618 3068 3671 unitate
3106 3616 3223 3671 fuso
3253 3616 3412 3687 (quia
3441 3617 3487 3673 si

1910 3709 2143 3764 traderet
2166 3724 2359 3778 corpus
2388 3724 2542 3763 suum
2576 3717 2631 3763 ut
2659 3709 2893 3775 arderet,
2917 3717 3096 3763 etnon
3123 3707 3344 3763 haberet
3362 3707 3489 3761 cha-

1911 3800 2145 3866 ritatem,
2173 3800 2301 3853 nihil
2332 3800 2379 3855 ei
2408 3800 2682 3869 prodesset
2729 3798 2781 3871 [Ι
2807 3799 2923 3853 Cor.
2951 3814 3062 3863 xm,
3090 3797 3189 3870 5]),
3223 3813 3318 3868 per
3346 3813 3491 3852 mar-

1912 3892 2032 3962 tyrii
2058 3891 2447 3946 confessionem
2478 3890 2719 3960 pervenit
2762 3890 2827 3943 ad
2873 3888 3163 3959 angelicam
3192 3889 3400 3951 lucem;
3429 3896 3490 3942 ut

1912 3982 1955 4035 si
1983 3996 2086 4035 non
2111 3991 2300 4046 antea,
2342 3982 2409 4035 ibi
2439 3989 2584 4036 certe
2624 3980 2913 4034 revelatum
2952 3986 3301 4049 agnosceret,
3346 3977 3485 4047 quod

1912 4089 2031 4129 cum
2058 4073 2214 4127 aliter
2237 4080 2467 4142 saperet,
2498 4070 2813 4126 sententiam
2842 4070 3065 4125 diversae
3090 4068 3355 4139 opinionis
3374 4068 3490 4123 vin-

1914 4166 2034 4219 culo
2062 4179 2165 4218 non
2197 4164 2486 4233 prchosuit
2512 4162 2744 4217 unitatis.

1983 4255 2207 4312 CAPUT
2238 4253 2325 4309 Vl.
2358 4284 2428 4294 —
2455 4255 2506 4308 7.
2539 4253 2647 4309 Vos
2675 4254 2848 4323 itaque
2868 4294 2881 4317 ,
2912 4250 3235 4318 Donatistae,
3268 4249 3392 4321 quid
3420 4250 3488 4306 ad

1914 4346 2030 4403 lucc
2071 4346 2277 4401 dicitis?
2329 4345 2383 4400 Si
2432 4354 2611 4399 nostra
2654 4344 2912 4399 sententia
2942 4343 3009 4398 de
3052 4343 3322 4412 Baptismo
3368 4357 3490 4397 vera

1915 4450 2014 4505 est,
2044 4454 2230 4494 omnes
2260 4437 2346 4507 qui
2375 4437 2527 4491 aliter
2556 4436 2831 4506 sapiebant
2857 4434 3105 4505 Cypriani
3138 4432 3483 4501 temporibus,

1916 4548 2021 4587 non
2051 4542 2174 4587 sunt
2202 4531 2269 4585 ah
2311 4530 2561 4586 Ecclesia:
2589 4530 2792 4583 unitate
2822 4526 3087 4597 separati,
3144 4524 3312 4579 donec
3360 4522 3489 4579 illud

1915 4622 2056 4694 quod
2103 4623 2255 4677 aliter
2284 4630 2531 4690 saperent
2575 4620 2713 4674 Deus
2759 4619 2861 4673 illis
2899 4617 3163 4672 revelaret
3195 4634 3209 4670 :
3241 4631 3334 4671 vos
3362 4630 3493 4685 ergo

1915 4731 2081 4787 quare
2116 4716 2449 4785 separatione
2497 4712 2751 4783 sacrilega
2794 4710 2939 4781 pacis
2968 4708 3229 4763 vinculum
3257 4708 3496 4781 disrupi-‘

1916 4808 2048 4862 stis?
2071 4806 2123 4861 Si
2155 4815 2332 4861 autem
2362 4789 2533 4859 vestra
2556 4803 2816 4858 sententia
2844 4801 2909 4856 de
2937 4801 3206 4870 Baptismo
3233 4815 3357 4855 vera
3388 4808 3493 4864 est,

1918 4898 2210 4969 Cyprianus
2233 4906 2282 4950 et
2314 4898 2489 4950 caueri
2533 4909 2652 4949 cum
2691 4893 2878 4963 quibus
2908 4908 3027 4947 eum
3065 4892 3165 4945 tale
3203 4889 3487 4945 concilium

1918 4990 2212 5045 celebrasse
2256 4988 2543 5057 perhibetis
2567 5028 2582 5053 ,
2623 5001 2740 5039 cum
2767 4984 2844 5040 eis
2883 4985 2970 5055 qui
3003 4984 3153 5037 aliter
3194 4982 3493 5050 sapiebant,

1918 5087 1971 5139 in
2016 5082 2216 5137 unitate
2267 5088 2577 5135 manserunt
2619 5095 2631 5131 :
2674 5092 2837 5147 quare
2884 5091 2980 5130 vos
3026 5076 3173 5146 pacis
3226 5072 3492 5126 vinculum

1919 5175 2261 5245 disrupistis?
2299 5172 2579 5241 Quodlibet
2615 5170 2803 5224 horum
2846 5168 3146 5237 elegeritis,
3168 5172 3349 5219 contra
3404 5176 3497 5216 ve-

1920 5280 2085 5326 stram
2140 5266 2503 5337 prmcisionem
2548 5262 2863 5317 sententiam
2906 5259 3045 5313 ferre
3074 5256 3341 5326 cogimtnt.
3390 5252 3498 5306 Re-

1921 5360 2199 5431 spondete,
2227 5371 2391 5427 quare
2418 5370 2510 5408 vos
2532 5352 2860 5423 separastis?
2906 5349 3080 5418 Quare
3106 5355 3288 5400 contra
3312 5342 3497 5398 orbem

1923 5463 2181 5508 terrarum
2219 5449 2386 5503 altare
2421 5444 2703 5502 erexistis?
2746 5444 2919 5512 Quare
2957 5455 3058 5493 non
3088 5435 3493 5491 communicatis

1924 5536 2177 5591 Ecclesiis
2200 5574 2213 5598 ,
2245 5532 2435 5602 quibus
2466 5531 2728 5600 Epistolas
2753 5524 3064 5595 apostolieas
3095 5520 3284 5574 missas
3309 5521 3496 5575 tenetis

1922 5638 1976 5684 et
2001 5628 2205 5698 legitis,
2240 5635 2293 5680 et
2321 5623 2611 5678 secundum
2640 5622 2777 5688 ipsas
2803 5631 2897 5670 vos
2929 5614 3107 5668 vivere
3129 5612 3343 5667 dicitis?
3390 5612 3497 5666 lle-

1987 5763 2127 5874 ειιιὲο
2144 5764 2426 5870 revlocanms
2448 5754 2724 5822 particulam
2747 5759 3012 5818 negantem
3055 5764 3199 5818 quam
3240 5764 3496 5819 expuun-

1987 5837 2009 5872 ιι
2086 5838 2127 5872 ι·.
2148 5831 2199 5874 et
2240 5836 2329 5872 .ov.

1923 5831 2032 5877 rant
2054 5831 2127 5873 ΕΓ.
2148 5831 2199 5876 et
2221 5831 2329 5872 IDV.
