4054 6466
274 405 370 466 ιῦἵ

267 522 319 575 in
339 516 731 587 sempiternum
779 530 883 570 nou
924 516 1130 571 timent.
1166 515 1359 571 Vident
1402 516 1562 571 etiam
1590 518 1688 585 ipsi
1716 518 1841 587 quid

268 611 387 665 ntali
425 609 665 674 faciant,
693 607 873 663 vident
901 622 1004 661 non
1044 622 1163 662 esse
1197 608 1323 678 quid
1366 608 1582 663 omnino
1621 625 1845 677 respon-

260 703 423 757 deant
448 719 461 755 :
488 699 588 755 sed
614 700 839 755 nebulas
868 699 1124 769 imperitis
1144 698 1442 765 offundunt,
1469 715 1591 752 cum
1622 699 1718 769 ipsi
1742 702 1845 755 vivi

264 796 604 859 sorbeantur,
638 792 690 846 id
717 802 819 855 est,
838 792 1075 867 scientes
1107 802 1160 845 ct
1183 800 1530 862 agnoscentes
1560 794 1841 849 intereant.

264 887 524 943 Viderunt
543 885 763 939 horrere
782 884 1048 948 homines,
1072 892 1125 937 et
1147 884 1380 953 graviter
1399 884 1673 950 detestari,
1702 886 1844 955 quod

259 980 418 1034 etiam
446 992 507 1031 se
535 977 634 1045 ipsi
655 978 705 1029 in
724 976 887 1029 multa
904 975 1191 1028 schismata
1209 975 1496 1029 diviserunt
1509 984 1594 1040 ,et
1609 975 1841 1030 maxime

258 1072 309 1123 in
342 1066 541 1122 Africa:
564 1067 744 1136 capite
764 1075 818 1121 ct
844 1065 1120 1120 notissima
1147 1065 1359 1119 civitate
1382 1065 1694 1134 Carthagine
1724 1065 1802 1138 (a)
1826 1082 1841 1120 :

255 1159 434 1214 conati
460 1168 587 1212 sunt
608 1158 865 1212 resarcire
886 1157 1117 1212 dedecus
1150 1172 1443 1226 pannorum
1474 1172 1714 1210 suorum.
1741 1158 1842 1211 Pu-

255 1258 433 1303 tantes
471 1248 615 1318 quod
660 1257 877 1319 possent
918 1248 1330 1301 Maximianistas
1363 1246 1605 1313 auferre,
1650 1263 1841 1317 magno

254 1351 452 1394 conatu
478 1356 572 1407 per
596 1338 841 1408 Optatum
874 1337 1243 1393 Gildonianum
1272 1336 1479 1392 fortiter
1504 1339 1836 1404 institerunt,

254 1436 420 1486 multa
455 1432 561 1484 illis
607 1428 741 1484 mala
777 1439 831 1485 et
859 1430 1250 1498 persecutiones
1287 1430 1606 1485 sa:vissimas
1646 1430 1839 1485 intule-

253 1534 394 1577 runt.
450 1523 787 1592 Receperunt
833 1522 955 1576 inde
980 1522 1186 1591 aliquos
1208 1562 1221 1586 ,
1253 1530 1498 1591 putantes
1531 1522 1671 1593 quod
1713 1536 1837 1591 pos-

250 1623 372 1668 sent
403 1628 596 1667 omnes
621 1612 808 1667 eodem
851 1622 1052 1667 terrore
1076 1604 1349 1666 conierti:
1385 1613 1465 1667 his
1501 1623 1677 1668 autem
1703 1628 1838 1683 quos

252 1714 606 1773 receperunt,
638 1704 922 1757 noluerunt
961 1701 1135 1758 facere
1178 1702 1423 1767 iniuriam
1448 1744 1462 1768 ,
1495 1712 1552 1757 ut
1585 1704 1652 1759 ab
1681 1704 1758 1761 eis
1783 1704 1836 1758 in

252 1795 545 1850 schismate
576 1795 865 1864 baptizatos
894 1793 1071 1849 denuo
1093 1794 1441 1863 baptizarent,
1465 1795 1547 1851 vel
1570 1796 1745 1865 potius
1770 1794 1836 1852 ab

254 1886 493 1956 hisipsis
520 1884 832 1954 rebaptizari
861 1900 957 1939 eos
1000 1884 1237 1940 facerent
1270 1885 1439 1945 intus.
1469 1901 1499 1940 a
1527 1887 1718 1956 quibus
1745 1887 1837 1941 ba-

251 1979 433 2049 ptizati
461 1985 618 2032 erant
640 1976 787 2039 foris,
816 1984 975 2046 atque
1009 1976 1108 2029 hoc
1135 1975 1294 2030 modo
1319 1992 1427 2032 suae
1458 1976 1670 2032 nefaria:
1707 1992 1835 2031 con-

250 2070 514 2127 suetudini
539 2070 992 2139 prazscripserunt.
1011 2068 1257 2124 Sentium
1277 2084 1433 2139 quam
1454 2070 1710 2125 scelerate
1725 2070 1832 2139 jam

248 2161 447 2217 faciant
466 2203 481 2225 ,
510 2170 727 2230 recepto
748 2148 1018 2230 BaptiSmo
1060 2160 1564 2216 Maximianistarum
1584 2203 1600 2225 ,
1635 2162 1833 2219 violare

250 2255 583 2324 Ihptismum
625 2253 768 2307 orbis
799 2264 1081 2307 terrarum.
1122 2253 1225 2317 Sed
1256 2255 1443 2308 timent
1482 2254 1833 2324 rebaptizatos

244 2361 407 2410 suos,
434 2362 506 2400 ne
546 2345 681 2399 forte
726 2359 831 2398 non
874 2344 951 2398 eis
987 2353 1240 2414 parcant,
1280 2345 1321 2399 si
1355 2345 1452 2415 ipsi
1502 2349 1834 2416 pepercerint

242 2437 495 2501 erctcris;
528 2451 595 2490 ne
634 2436 703 2490 dc
750 2436 853 2513 illis
885 2436 1098 2504 exigant
1139 2437 1342 2503 animas
1378 2452 1503 2493 suas
1525 2477 1540 2502 ,
1564 2438 1833 2495 sianimas

243 2528 470 2581 aliorum
496 2526 763 2581 trucidare
789 2526 1136 2581 cessaverint.

301 2617 545 2691 CAPUT
571 2616 687 2672 XII.
717 2646 783 2657 —
813 2617 898 2672 I7.
927 2616 1059 2684 Quid
1082 2617 1148 2672 de
1173 2617 1399 2687 receptis
1428 2618 1831 2676 Maximianistis

245 2708 645 2779 respondeant,
691 2723 796 2761 non
826 2708 1116 2763 inveniunt.
1149 2708 1203 2763 Si
1258 2707 1525 2775 dixerint,
1575 2708 1831 2765 Innocen-

244 2811 322 2856 tes
360 2800 716 2870 recepimus:
771 2797 1121 2868 respondetur
1169 2800 1284 2865 eis,
1335 2801 1473 2869 Ergo
1523 2801 1830 2857 innocentes

242 2894 661 2949 damnaveratis.
707 2890 764 2946 Si
797 2891 1051 2956 dixerint,
1106 2890 1481 2947 Nesciebamus
1523 2894 1702 2963 εει·εο
1754 2903 1829 2949 te-

251 3001 390 3042 mere
410 2985 697 3052 iudicastis
716 2984 820 3052 (sic
845 2984 1005 3039 etiam
1035 2983 1103 3038 de
1133 2983 1476 3038 traditoribus
1501 2985 1835 3039 sententiam-

245 3076 584 3130 temerariam
618 3074 977 3145 protulistis);
1008 3073 1303 3144 falsumque
1331 3074 1569 3139 dixistis,
1604 3074 1830 3129 Plenarii

236 3169 438 3223 concilii
458 3185 551 3223 ore
570 3168 786 3222 veridico
806 3168 1071 3222 damnatos
1096 3184 1200 3222 esse
1227 3169 1508 3239 cognoscite
1531 3168 1621 3238 (In
1639 3169 1829 3241 Bagai-

240 3262 340 3315 toni
362 3261 575 3314 concilii
609 3260 908 3328 sententia).
937 3259 1118 3330 Neque
1154 3261 1296 3314 enim
1329 3275 1425 3315 ore
1466 3261 1702 3315 veridico
1745 3262 1829 3316 in-

242 3361 503 3408 nocentes
553 3352 797 3406 damnari
845 3361 1150 3422 potuerunt.
1192 3352 1248 3408 Si
1276 3353 1525 3416 dixerint,
1573 3354 1688 3409 Non
1730 3370 1827 3409 eos

202 3491 209 3495 .
240 3445 616 3500 damnavimus
646 3461 660 3497 :
694 3444 945 3499 recitatur
961 3445 1267 3509 concilium,
1292 3446 1831 3499 recitanturnomiim

237 3538 700 3608 etepiscoporum
736 3545 792 3593 et
832 3537 1125 3592 civitatum.
1172 3537 1227 3592 Si
1270 3537 1522 3601 dixerint,
1577 3538 1690 3592 Non
1742 3547 1826 3593 est

239 3632 407 3702 ipsum
436 3631 729 3687 concilium
753 3641 993 3686 nostrum
1030 3650 1043 3685 :
1076 3632 1369 3686 recitantur
1397 3630 1557 3687 Gesta
1591 3647 1832 3701 proconm

238 3725 455 3787 salaria,
504 3724 594 3778 ubi
623 3738 727 3778 non
758 3724 923 3778 semel
960 3722 1097 3777 idem
1126 3723 1408 3777 concilium
1438 3722 1818 3792 allegaverunt,

238 3824 292 3867 ut
312 3814 541 3870 eosdem
570 3813 986 3869 Maximianistas
1024 3814 1090 3869 de
1124 3814 1352 3869 basilicis
1380 3816 1740 3880 excluderent,
1767 3826 1825 3869 et

236 3907 557 3976 iudiciorum
592 3907 815 3975 strepitu
852 3918 1011 3977 atque
1036 3908 1353 3961 auxiliorum
1380 3908 1577 3977 impetu
1607 3919 1818 3977 proturo

236 3997 441 4051 lment.
474 3996 533 4050 Si
562 3996 828 4060 dixerint,
857 3996 1549 4074 Fclicianum‘Mustitanum
1577 4007 1634 4053 et
1676 3998 1829 4052 Pro:-

239 4098 495 4143 textatnm
528 4089 931 4154 Assnritannm,
962 4105 1099 4159 quos
1127 4100 1308 4160 postea
1331 4100 1665 4160 receperunt,
1695 4107 1816 4146 cum

236 4178 559 4234 Maximiano
593 4194 697 4234 non
734 4178 943 4234 fuisse:
980 4182 1268 4235 recitantur
1305 4179 1465 4235 Gesta
1492 4181 1682 4251 quibus
1722 4197 1817 4236 eos

234 4272 299 4326 de
326 4270 565 4325 basilicis
592 4270 954 4325 excludendos
980 4286 1047 4325 ex
1089 4272 1315 4326 concilio
1340 4288 1438 4326 suo
1463 4273 1603 4342 quod
1626 4273 1818 4328 adrer-

235 4375 324 4418 sus
351 4362 772 4416 Maximianistas
798 4361 1051 4426 fecerunt,
1072 4363 1138 4418 de
1156 4363 1367 4433 judiciis
1387 4366 1611 4433 publicis
1640 4376 1816 4436 postn-

236 4451 423 4507 Iarunt.
453 4451 514 4506 Si
545 4451 810 4518 dixerint,
842 4452 944 4506 Pro
984 4469 1111 4523 pace
1139 4456 1369 4525 suscepti
1400 4466 1522 4510 sunt
1548 4473 1561 4510 :
1597 4472 1815 4528 respon-

238 4543 389 4598 detur
413 4585 427 4608 ,
461 4545 572 4598 Cur
600 4559 728 4613 ergo
757 4559 934 4598 veram
958 4555 1012 4599 et
1052 4545 1259 4614 plunam
1292 4562 1395 4601 non
1425 4550 1711 4618 agnoscitis
1734 4566 1817 4618 pa-

238 4635 385 4690 cem?
431 4634 566 4703 Quis
596 4650 691 4689 vos
720 4635 947 4703 impulit,
975 4637 1093 4705 quis
1122 4638 1298 4707 coegit
1334 4652 1428 4708 pro
1456 4655 1583 4708 pace
1626 4642 1812 4697 Donati

241 4728 631 4782 tehismaticum
667 4730 905 4798 recipere
952 4729 1278 4797 damnatum,
1329 4742 1384 4785 et
1418 4742 1601 4786 contra
1631 4750 1827 4802 pacem

241 4819 427 4873 Christi
455 4819 644 4879 urbem
681 4818 935 4873 damnare
976 4819 1307 4874 inauditum?
1334 4821 1496 4892 Urget
1536 4839 1629 4879 eos
1660 4826 1833 4879 undio.

231 4926 331 4978 que
355 4913 370 4943 ¹
394 4912 629 4974 veritas;
658 4911 841 4966 vident
865 4926 924 4965 se
952 4926 1056 4966 non
1080 4912 1272 4968 habere
1289 4914 1413 4983 quid
1434 4916 1805 4982 respondeant,

230 5010 279 5054 ct
309 5011 496 5072 putant
524 5016 585 5055 se
610 5016 717 5055 non
745 5001 944 5056 habere
965 5003 985 5033 ⁸
1008 5002 1131 5071 quid
1161 5001 1357 5058 faciant
1398 5022 1412 5058 :
1439 5003 1565 5075 quid
1592 5007 1812 5076 loquan-

230 5104 314 5147 tur
338 5108 444 5148 non
473 5093 770 5149 inveniunt.
802 5093 1001 5149 Tacere
1030 5108 1135 5148 non
1167 5096 1539 5164 permittuntur
1577 5099 1812 5161 ;malnnt

228 5185 500 5253 perversis
541 5185 762 5240 vocibus
787 5187 997 5242 veritati
1044 5188 1324 5255 reluctari,
1368 5204 1526 5259 quam
1553 5191 1813 5247 confessis

226 5278 499 5333 erroribus
519 5278 635 5347 paci
664 5278 891 5333 restitui.

298 5367 528 5425 CAPUT
568 5368 710 5423 XIII.
750 5398 823 5410 —-
859 5369 948 5426 18.
1000 5370 1132 5438 Quis
1174 5380 1347 5427 autem
1393 5387 1497 5427 non
1552 5373 1833 5445 intelligat.

288 5502 304 5566 ξ
333 5510 433 5566 Arn.
456 5511 509 5553 et
528 5501 858 5566 Mss.,_ntique.

285 5564 311 5595 ³
333 5564 478 5630 Editi»,
515 5578 567 5630 se
587 5563 772 5614 habere
793 5578 811 5614 :
833 5566 1030 5615 minime
1051 5566 1445 5630 castigandi,nisi
1466 5570 1614 5619 nostri
1636 5583 1809 5622 annos

225 5627 537 5734 Euagrum-ipa
596 5639 773 5689 magno
817 5640 1058 5677 consensu
1098 5627 1197 5678 hic‘
1228 5629 1543 5691 [.rwferrettt,
1602 5643 1652 5680 se
1714 5644 1806 5681 non

321 5699 418 5734 ere.

321 5699 418 5735 ere.

286 5748 357 5812 (a)
381 5749 835 5799 Maximianistarum
875 5758 1113 5812 memorat
1142 5752 1402 5800 maximum
1444 5750 1557 5800 illud
1581 5754 1805 5812 schisma,

224 5810 351 5878 quod
375 5812 609 5878 in_t)ona_ti
636 5818 789 5878 parte,
814 5811 1038 5878 ordinato
1060 5820 1224 5878 contra
1260 5813 1545 5863 Frimianum
1579 5827 1625 5877 ei
1644 5810 1806 5878 iscopo

224 5871 579 5933 carthaginensi
598 5873 890 5933 Maximiano,
914 5875 1130 5937 contigit.

461 5954 689 6016 Sutor.
729 5958 1006 6017 Ancusr.
1059 5958 1174 6018 IX.

1590 408 1791 463 LIBER
1829 410 2198 467 SECUNDUS.

3434 426 3533 481 138

1958 522 2080 591 quid
2107 524 2159 577 in
2189 524 2351 581 corde
2379 540 2477 582 suo
2502 530 2706 599 possint
2730 532 2941 590 dicere?
2977 535 3111 605 Quid
3137 553 3266 608 ergo
3285 535 3532 607 iacimus,

1957 615 2219 706 inquiunt,
2247 611 2312 676 de
2352 622 2432 677 his
2457 640 2589 695 quos
2610 628 2720 696 jam
2771 630 3256 701 rebaptizavimus?
3301 634 3535 706 Respon-

1954 704 2109 761 detur
2136 727 2150 761 :
2185 709 2371 767 Redite
2404 730 2524 771 cum
2567 718 2645 772 eis
2677 720 2743 773 ad
2783 720 3076 777 Ecclesium
3097 764 3113 789 ,
3143 704 3534 783 medicamento

1955 799 2099 866 pacis
2126 800 2313 857 offerte
2358 807 2621 864 curandos
2655 826 2789 879 quos
2819 814 3141 871 vulnerastis
3163 857 3176 878 ,
3205 817 3327 872 vita:
3352 819 3532 874 chari-

1955 888 2076 942 tatis
2099 890 2283 948 otierte
2307 897 2641 953 suscitandos
2661 917 2795 971 qttos
2817 906 3107 962 occidistis.
3132 909 3352 964 Multum
3382 913 3525 967 valet

1951 977 2015 1030 ad
2047 982 2435 1050 propitiandnm
2462 987 2624 1042 Deum
2656 990 2888 1049 fraterna
2909 998 3215 1053 concordia.
3250 1000 3311 1055 Si
3330 1002 3529 1056 duobus

1950 1083 2013 1121 ea:
2045 1070 2201 1162 vobis,
2234 1074 2309 1127 ait
2356 1076 2629 1146 Dominus,
2682 1087 2962 1139 convenerit
3011 1088 3063 1141 in
3103 1096 3256 1154 terra,
3286 1093 3531 1162 quidquid

1950 1161 2189 1228 petieritis
2229 1167 2314 1233 ﬁet
2339 1170 2474 1224 vobis
2500 1172 2727 1244 (Matth.
2760 1193 2915 1244 xvnt,
2947 1179 3013 1235 l9
3029 1182 3069 1251 ).
3099 1181 3155 1237 sa
3180 1183 3388 1239 duobus
3420 1161 3531 1241 ιιοο

1949 1250 2198 1320 minibus,
2235 1270 2437 1327 quanto
2486 1265 2653 1333 magis
2701 1266 2906 1324 duobus
2934 1250 3185 1341 populis?
3231 1275 3398 1331 Simul
3426 1292 3527 1333 nos

1948 1342 2173 1401 Domino
2203 1360 2634 1421 prosternamus,
2668 1361 3051 1431 participamini
3087 1368 3361 1423 nobiscum
3400 1371 3525 1425 uni-

1948 1442 2109 1490 tatem
2131 1479 2147 1505 ,
2193 1441 2571 1513 participcmur
2598 1450 2873 1507 vobiscum
2899 1453 3141 1511 dolorem
3166 1499 3180 1521 ,
3209 1468 3266 1513 et
3288 1460 3525 1515 charitas

1944 1530 2219 1620 cooperiat
2263 1535 3059 1609 multitudinempeccatorum.
3099 1548 3180 1603 Ab
3216 1550 3330 1620 ipso
3360 1552 3529 1608 beato

1942 1616 2207 1689 Cypriane
2249 1627 2526 1683 consilium
2560 1632 2817 1701 quzerite,
2872 1636 3130 1694 attendite
3170 1616 3423 1710 quantum
3455 1645 3525 1702 de

1944 1712 2160 1807 unitatis
2186 1715 2326 1771 bono
2371 1725 2786 1791 praesumpserit,
2838 1727 2977 1782 unde
3002 1743 3061 1784 se
3100 1747 3205 1787 non
3235 1734 3460 1807 disrupit
3493 1757 3535 1793 n-

1942 1800 2150 1860 diversa
2191 1810 2581 1878 sentientibus;
2618 1826 2676 1869 et
2722 1832 2843 1872 cum
2894 1821 3246 1879 arbitraretur
3290 1800 3399 1882 eos'
3435 1832 3525 1900 qui

1941 1908 2089 1953 extra
2123 1901 2373 1958 Eccbsite
2419 1911 2847 1966 communionem
2876 1913 3273 1983 baptizarentur
3294 1959 3308 1981 .
3344 1920 3529 1991 Bapti-

1941 2004 2119 2045 smum
2147 2008 2251 2047 non
2295 1995 2492 2053 habere
2512 2039 2527 2063 ,
2554 2001 2780 2056 credidit
2803 2018 2898 2059 eos
2928 2014 3103 2062 tamen
3135 2007 3187 2061 in
3229 2010 3531 2068 Ecclesium

1942 2080 2255 2151 simpliciter
2273 2086 2541 2144 admissos
2565 2102 2781 2160 promer
2810 2095 2977 2163 ipsius
3006 2098 3221 2153 unitatis
3252 2101 3523 2159 vinculum

1944 2188 2097 2239 posse
2124 2176 2191 2230 ad
2236 2180 2440 2235 veniam
2460 2185 2730 2250 pertinere
2761 2187 2799 2241 ί.
2831 2188 2918 2242 Sic
2931 2190 3071 2243 enim
3100 2192 3259 2246 solvit
3272 2195 3537 2262 ηιιωειίοοο

1940 2280 2084 2333 nem,
2113 2285 2269 2338 quam
2296 2272 2403 2327 sibi
2428 2273 2541 2342 ipse
2563 2278 2833 2346 praposuit
2858 2278 2922 2333 ad
2947 2279 3262 2336 Jubaianum
3292 2283 3361 2338 ita
3384 2287 3521 2340 seri-

1941 2356 2071 2415 bcns
2116 2377 2137 2447 εΔ
2176 2360 2440 2447 Sedidicil
2478 2366 2679 2434 aliquis.
2724 2368 2859 2433 Quid
2894 2386 3013 2441 ergo
3039 2372 3123 2438 [iet
3160 2375 3221 2427 de
3252 2374 3329 2427 Itis
3354 2376 3441 2447 qui
3470 2377 3523 2431 in

1932 2444 2245 2511 prieta'itum
2271 2446 2333 2498 de
2358 2450 2541 2503 mereri
2558 2450 2625 2501 ad
2655 2450 2932 2506 Ecclesium
2961 2456 3209 2509 venientes
3226 2499 3240 2520 ,
3274 2444 3383 2512 sine
3410 2458 3519 2514 Ra-

1939 2529 2118 2597 ptismo
2146 2530 2356 2585 admissi
2393 2534 2550 2587 sunt?
2586 2534 2769 2588 Potens
2794 2548 2868 2591 est
2898 2537 3140 2593 Dominus
3167 2543 3514 2597 misericordia

1937 2628 2028 2664 sua
2053 2612 2413 2684 indulgentiam
2429 2618 2567 2679 dare,
2594 2629 2639 2671 et
2666 2637 2745 2672 eos
2765 2621 2851 2689 qui
2875 2621 2944 2674 ad
2970 2619 3246 2676 Ecclesium
3273 2627 3522 2698 simplici-

1938 2711 2012 2756 ter
2037 2704 2247 2758 admissi
2269 2747 2282 2770 ,
2313 2706 2365 2759 in
2412 2705 2639 2762 Ecclesia
2667 2710 2993 2776 dormierunt,
3036 2712 3097 2766 ab
3139 2713 3380 2769 Ecclesia:
3412 2733 3519 2771 sua:

1936 2793 2224 2847 nmneribus
2248 2812 2347 2848 non
2375 2813 2609 2867 separare
2631 2799 2647 2870 (
2671 2797 2836 2870 Epist.
2868 2802 2955 2868 73,
2984 2803 3051 2856 ad
3070 2803 3381 2859 Jubaiamtm
3401 2808 3443 2876 ).

2003 2884 2231 2940 CAPUT
2271 2887 2407 2941 XIV.
2447 2918 2520 2929 ——
2548 2890 2629 2944 I9.
2661 2891 2795 2959 Quid
2841 2894 2908 2947 sit
2934 2902 3112 2949 autem
3144 2897 3515 2965 perniciosius,

1936 2985 2111 3030 utrum
2137 2978 2358 3031 omnino
2380 2995 2482 3033 non
2516 2980 2794 3050 baptizari,
2817 2998 2884 3037 an
2913 2985 3251 3055 rcbaptizari,
3278 2988 3509 3058 indicari

1933 3068 2149 3124 difﬁcile
2175 3080 2277 3125 est.
2314 3071 2479 3127 Video
2497 3074 2709 3143 quidem
2732 3076 2855 3146 quid
2886 3079 3114 3149 amplius
3136 3080 3380 3137 homines
3407 3082 3536 3139 de-.

1935 3169 2193 3217 testentur
2217 3170 2377 3233 atque
2408 3164 2657 3219 horreant
2692 3183 2704 3219 :
2747 3182 3113 3225 verumtamen
3139 3187 3421 3229 recurrens
3446 3182 3513 3232 ad

1934 3254 2074 3309 illam
2101 3265 2351 3311 stateram
2369 3257 2709 3326 dominicam,
2729 3262 2814 3315 nhi
2844 3278 2950 3318 non
2977 3280 3040 3320 ex
3067 3266 3300 3323 humano
3323 3284 3512 3333 sensu,

1931 3345 2025 3401 sed
2052 3361 2118 3401 ex
2146 3349 2462 3403 auctoritate
2481 3348 2657 3404 divina
2682 3367 2862 3407 rerum
2886 3367 3151 3412 momenta
3182 3360 3509 3429 penduntur,

1932 3437 2142 3492 invenio
2168 3438 2236 3493 de
2278 3448 2498 3509 utraque
2542 3458 2601 3496 re
2646 3443 2857 3500 Domini
2899 3450 3242 3507 sententiam.
3272 3452 3413 3508 Nam
3450 3462 3509 3509 et

1880 3554 1883 3555 ν
1930 3529 2090 3584 Petro
2138 3530 2313 3595 dixit,
2357 3532 2457 3599 Qui
2508 3534 2641 3588 lotus
2693 3546 2784 3603 est,
2833 3554 2938 3593 non
2978 3540 3124 3595 habet
3156 3548 3531 3603 necessitatem

1929 3620 2115 3673 iterum
2153 3622 2357 3675 lavandi
2385 3623 2563 3691 (Joan.
2599 3641 2715 3693 xm,
2740 3628 2845 3698 10)
2876 3647 2889 3683 :
2922 3640 2977 3685 et
3026 3632 3337 3703 Nicodemo,
3391 3637 3508 3694 Nisi

1927 3712 2041 3780 quis
2083 3724 2286 3767 renatus
2311 3716 2463 3783 fuerit
2489 3731 2553 3770 ea:
2593 3734 2724 3787 aqua
2751 3729 2798 3772 et
2825 3720 3024 3791 Spiritu
3042 3765 3057 3787 ,
3089 3742 3189 3778 non
3215 3727 3420 3783 intrabit
3455 3732 3510 3785 in

1926 3818 2136 3869 regnum
2160 3805 2538 3875 caelorumtld.
2586 3823 2667 3873 ιιι,
2709 3810 2795 3877 5).
2823 3810 2960 3877 Quid
3015 3814 3206 3868 haheat
3250 3821 3512 3875 secretior

1925 3895 2233 3964 dijudicatio
2263 3897 2379 3961 Dei,
2426 3896 2727 3953 hominibus
2767 3903 2951 3970 quales
2980 3918 3079 3958 nos
3112 3922 3295 3961 smnus
3316 3950 3331 3973 ,
3362 3910 3507 3965 diftl-

1925 3987 2025 4041 cile
2048 3998 2130 4040 est
2151 3985 2377 4042 fortasse
2417 4002 2741 4058 cognoscere
2776 4002 3065 4062 :quantum
3089 4004 3262 4052 tamen
3289 3999 3354 4054 ad
3384 4001 3498 4071 ipsa
3530 4028 3531 4035 η

1924 4083 2084 4137 verba
2107 4083 2295 4136 attinet
2326 4124 2341 4147 ,
2373 4084 2589 4138 cuilibet
2620 4084 2818 4140 homini
2861 4088 3195 4143 manifestum
3226 4101 3309 4147 est
3332 4109 3503 4164 quan.

1925 4184 2034 4231 tum
2063 4175 2223 4230 distet
2249 4176 2404 4241 inter,
2428 4192 2529 4230 non
2572 4177 2720 4232 habet
2760 4181 3099 4234 necessitatem
3140 4183 3346 4238 lavandi
3368 4204 3386 4249 ;
3427 4198 3500 4250 et,

1923 4287 2022 4323 non
2042 4270 2243 4323 intrabit
2265 4270 2318 4322 in
2342 4286 2549 4341 regnum
2574 4272 2830 4325 calorum.
2860 4272 2974 4342 Ipsa
3010 4274 3242 4346 denique
3264 4277 3504 4334 Ecclesia

1922 4366 1998 4419 sic
2028 4364 2271 4418 traditum
2303 4372 2446 4419 tenet
2467 4406 2481 4428 ,
2514 4375 2568 4418 nt
2592 4364 2863 4420 hominem
2890 4367 3007 4421 sine
3030 4368 3298 4437 Baptismo
3323 4372 3387 4425 ad
3418 4373 3484 4426 al-
3528 4403 3537 4413 -

1922 4463 2035 4511 tare
2065 4470 2283 4527 prorsus
2305 4471 2409 4510 non
2433 4458 2600 4526 possit
2625 4457 2940 4524 admittere;
2986 4461 3372 4531 rebaptizatum
3400 4481 3500 4518 au-

1922 4558 2027 4603 tem
2059 4563 2179 4602 cum
2214 4556 2329 4617 post
2359 4549 2721 4617 pmnitentiam
2750 4549 2910 4604 liceat
2938 4551 3167 4617 admitti,
3197 4556 3324 4624 quid
3352 4557 3495 4613 aliud
3534 4566 3535 4569 ‘

1919 4639 2213 4693 ostenditur
2238 4639 2337 4692 nisi
2360 4654 2479 4693 eum
2504 4639 2773 4707 Baptismo
2804 4656 2908 4696 non
2930 4645 3147 4698 carere?
3172 4644 3226 4698 Si
3246 4661 3372 4716 ergo
3390 4648 3501 4719 Cy-
3526 4662 3533 4687 λ

1921 4733 2140 4801 prianus
2167 4746 2300 4801 quos
2327 4745 2447 4786 esse
2476 4733 2592 4788 sine
2609 4732 2882 4802 Baptismo
2911 4736 3286 4804 arbitrabatur,
3322 4749 3499 4794 tamen
3524 4754 3530 4761 '

1920 4834 2135 4894 pr0pter
2158 4825 2371 4879 unitatis
2396 4825 2663 4879 vinculum
2682 4825 2748 4879 ad
2774 4825 2979 4881 veniam
3004 4830 3268 4898 pertinere
3292 4846 3499 4901 praesn-

1918 4915 2133 4978 mebat;
2174 4928 2363 4986 potens
2388 4925 2470 4971 est
2514 4917 2767 4973 Dominus
2797 4934 2892 4988 pnr
2929 4918 3100 4990 ipsum
3134 4923 3350 4978 unitatis
3379 4925 3531 4978 vinw

1916 5009 2095 5065 culum
2124 5017 2177 5063 et
2206 5010 2349 5078 pacis
2389 5010 2548 5064 etiam
2580 5010 2925 5079 rebaptizatis
2974 5013 3167 5082 plaCari
3194 5056 3208 5077 ,
3259 5024 3314 5070 et
3360 5016 3439 5070 eis
3468 5031 3497 5069 a
3530 5030 3531 5035 ‘

1920 5099 2110 5172 quibus
2137 5100 2444 5168 rebaptizati
2472 5109 2594 5154 sunt
2612 5140 2629 5167 ,
2655 5115 2716 5155 ea
2744 5101 2855 5171 ipsa
2889 5104 3035 5172 pacis
3061 5107 3500 5175 compensatione
3526 5120 3529 5137 l

1918 5192 2197 5246 mitescere
2224 5232 2239 5255 ,
2271 5198 2325 5244 et
2349 5191 2526 5245 omnia
2553 5207 2671 5262 qua:
2710 5192 2761 5245 in
2789 5207 2972 5248 errore
2999 5196 3374 5249 commiserant
3400 5197 3496 5249 dc-
3520 5200 3523 5203 ’

1917 5283 2039 5338 lic’ta
2066 5282 2286 5348 donare,
2310 5280 2662 5337 offerentibus
2688 5282 3005 5337 sacrificium
3037 5284 3309 5337 charitatis
3334 5324 3348 5347 ,
3378 5302 3497 5354 quae

1915 5375 2154 5444 cooperit
2199 5374 2589 5430 multitudinem
2622 5385 2997 5444 peccatorum;
3032 5384 3089 5429 ut
3116 5390 3221 5429 non
3253 5378 3494 5433 ettendat
3526 5392 3533 5411 τ

1914 5482 2070 5539 quam
2146 5467 2294 5521 mulli
2366 5481 2551 5521 eorum
2610 5467 2846 5522 discessu
2904 5466 3165 5520 vulnerati
3219 5467 3345 5535 sint,
3401 5474 3531 5525 sedi

1915 5572 2071 5631 quam
2113 5560 2291 5630 plures
2339 5574 2523 5614 eorum
2570 5557 2739 5613 reditu
2798 5556 3025 5610 liberati.
3084 5555 3138 5611 In
3179 5574 3286 5629 quo
3349 5563 3492 5617 enim

1978 5759 1997 5791 ί
2021 5759 2137 5827 ιζόἰιι
2160 5764 2342 5807 tantum
2378 5758 2472 5827 hoc
2509 5756 2653 5827 loco,
2692 5755 2758 5805 ad
2791 5767 2973 5827 vernam
2996 5758 3245 5821 pervenire
3274 5762 3402 5827 :sed
3445 5762 3492 5827 in
3524 5762 3530 5769 '

1914 5822 2136 5928 proxime
2170 5822 2395 5888 sequenti
2418 5820 2575 5886 capite
2612 5820 2964 5868 convenientes
3004 5834 3113 5871 cum
3157 5824 3494 5884 nuscrirtis
3522 5848 3537 5873 .

1947 5883 2123 5928 aheni.
2147 5881 2212 5928 ml
2237 5891 2417 5928 rmmm
2446 5884 2699 5928 pertinere.

1947 5883 2123 5942 abent,
2147 5881 2212 5931 ad
2237 5881 2417 5930 veniam
2446 5881 2699 5941 pertinere.

2962 5964 3212 6041 (Cirth
