4054 6470
503 412 606 471 139

500 527 710 583 vinculo
733 528 878 597 pacis
898 526 1125 583 credidit
1148 525 1444 597 Cyprianus
1463 539 1624 595 posse
1645 538 1741 595 per
1763 523 2068 580 misericor-

499 620 641 674 diam
671 620 759 673 Dei
791 621 858 674 ab
888 619 1142 673 Ecclesia:
1184 617 1492 671 muneribus
1535 629 1650 670 non
1705 614 1943 685 separari
1989 629 2085 671 eos

501 728 634 783 quos
664 713 716 766 in
754 712 1047 767 Ecclesiam
1072 711 1190 766 sine
1219 709 1492 778 Baptismo
1517 708 1856 762 existimabat
1890 707 2090 762 admis—

499 819 592 860 sos
615 846 632 872 ,
663 805 716 858 in
765 803 956 857 eodem
997 799 1208 855 vinculo
1243 800 1388 870 pacis
1415 799 1682 855 credimus
1726 813 1821 869 per
1843 797 2086 853 eamdem

501 895 923 952 misericordiam
975 893 1066 950 Dei
1097 893 1298 949 mereri
1324 895 1530 949 veniam
1587 907 1747 963 posse
1785 892 2086 962 rebaptiza-

451 1047 459 1053 ,
501 997 602 1041 tos.

569 1075 793 1134 CAPUT
841 1075 958 1130 XV.
997 1105 1071 1117 ——
1108 1075 1200 1130 20.
1253 1075 1492 1130 Ecclesia
1517 1075 1713 1146 quippe
1743 1075 2003 1131 catholica
2034 1084 2089 1130 et

498 1168 828 1238 temporibus
854 1167 992 1222 beati
1033 1167 1281 1239 Cypriani
1308 1209 1324 1231 .
1355 1177 1409 1222 et
1451 1176 1575 1222 ante
1614 1169 1788 1238 ipsum
1816 1169 2088 1238 printerito

500 1274 762 1332 tempore,
789 1269 880 1314 aut
905 1261 1279 1330 rebaptizatos,
1300 1270 1392 1314 aut
1421 1259 1742 1328 Baptismum
1759 1275 1865 1314 non
1888 1259 2090 1314 haben-

499 1365 602 1420 tes,
629 1353 851 1408 unitatis
874 1353 1080 1422 gremio
1104 1352 1413 1408 continebat
1438 1369 1453 1407 :
1479 1361 1572 1407 ant
1599 1351 1698 1419 illi,
1723 1359 1815 1406 aut
1841 1351 1916 1406 illi
1939 1351 2087 1406 salu-

498 1458 607 1502 tem
631 1460 734 1499 non
774 1445 872 1498 nisi
896 1443 1116 1498 unitatis
1136 1443 1307 1512 ipsius
1326 1443 1524 1498 merito
1553 1442 1824 1497 consecuti
1851 1451 1998 1496 sunt.
2029 1442 2088 1496 Si

497 1536 642 1590 enim
669 1549 776 1589 non
807 1533 1073 1588 habebant
1115 1532 1443 1602 Boptismttm
1481 1533 1572 1604 qui
1608 1533 1681 1587 ab
1703 1531 1969 1587 haereticis
1989 1549 2086 1587 vc-

498 1625 749 1690 niebant,
774 1628 914 1680 sicut
942 1621 1480 1695 asseritCyprianus;
1512 1638 1620 1677 non
1655 1630 1804 1678 recte
1841 1622 2091 1677 admitte-

496 1719 692 1775 bantur
721 1735 734 1770 :
761 1727 816 1773 et
841 1727 1018 1772 tamen
1059 1715 1264 1772 eisdem
1309 1716 1426 1786 ipse
1465 1715 1847 1786 indulgentiam
1884 1714 1952 1772 de
1979 1715 2090 1771 Do-

497 1810 628 1864 mini
689 1807 1048 1864 misericordia
1113 1817 1330 1877 pmpter
1366 1807 1623 1862 unitatem
1677 1805 1935 1862 Ecclesia!
1984 1821 2089 1861 non

497 1901 818 1971 desperavit.
872 1900 945 1954 Ita
976 1914 1104 1970 ergo
1150 1899 1197 1954 si
1240 1898 1511 1954 habebant
1561 1897 1932 1968 Baptismum,
1984 1914 2090 1954 non

497 1999 646 2047 recte
670 1990 1100 2060 rebaptizantur;
1128 1988 1253 2059 quid
1283 1988 1462 2060 itaque
1489 1988 1613 2044 illos
1635 1987 1738 2043 nisi
1765 1988 1952 2043 eadem
1976 1990 2094 2044 nni-

500 2083 623 2138 tatis
646 2081 880 2137 charitas
914 2079 1199 2151 adiuvabat
1221 2121 1237 2147 ,
1268 2090 1330 2134 ut
1363 2079 1507 2151 quod
1533 2079 1584 2133 in
1609 2078 1958 2135 Sacramento
1985 2089 2094 2135 tra-

498 2175 693 2231 ctando
715 2175 914 2230 latebat
935 2174 1223 2227 humanam
1255 2170 1620 2228 inﬁrmitatem
1638 2213 1654 2240 ,
1677 2170 1858 2226 divina
1880 2170 2096 2228 miseri-

1247 411 1336 468 ΠΕ
1373 408 1709 468 BAPTISMO
1745 406 2016 466 CONTRA
2061 407 2503 476 D‘JNM‘ISTAS,
2545 409 2602 467 S.
2645 411 3014 474 Αυϐϋετικι

3658 415 3768 473 “0

2179 524 2359 578 cordia
2403 541 2508 580 non
2556 537 2824 598 reputaret
2870 527 3170 582 amantibus
3222 528 3448 598 pacem?
3489 527 3601 585 Cur
3641 543 3777 601 ergo

2191 632 2311 673 cum
2341 630 2548 674 vestros
2568 622 2921 692 rebaptizatos
2950 621 3182 685 timetis,
3209 631 3262 676 et
3290 621 3392 677 illis
3418 629 3469 676 et
3500 622 3652 678 vobis
3682 637 3771 678 sa-

2194 709 2318 763 lutis
2352 709 2526 765 aditus
2566 712 2861 768 invidetis?
2901 711 3022 768 Fuit
3061 713 3344 785 aliquando
3402 713 3472 770 de
3508 713 3782 786 Baptismo

2193 799 2453 855 dubitatio
2481 819 2493 855 :
2521 803 2608 872 qui
2634 803 2848 858 diversa
2890 815 3207 872 senserunt,
3241 807 3292 860 in
3321 807 3524 863 unitate
3562 822 3780 863 manse-

2192 900 2335 945 runt.
2372 891 2446 946 Ea
2482 893 2739 948 dubitatio
2774 895 3092 964 procedente
3131 906 3367 968 tempore
3389 910 3660 970 perspecta
3692 916 3786 954 vc-

2192 981 2352 1036 ritate
2391 983 2599 1038 sublata
2641 993 2724 1039 est
2751 1001 2764 1038 :
2793 986 3020 1055 quasstio
3056 1003 3176 1057 qua:
3217 988 3453 1043 nondum
3495 990 3638 1044 finita
3676 990 3783 1061 Cy-

2194 1075 2434 1144 prianum
2484 1090 2589 1129 non
2639 1075 2900 1131 deterruit
2950 1089 3006 1132 ut
3048 1078 3343 1145 recederet,
3385 1095 3483 1136 vos
3528 1079 3674 1136 ﬁnita
3720 1090 3783 1137 ut

2191 1165 2426 1221 redeatis
2449 1165 2652 1220 invitat.
2690 1167 2878 1223 Venite
2903 1167 2968 1223 ad
2990 1167 3319 1226 Catholicam
3341 1172 3784 1240 concordantem,

2192 1275 2350 1330 quam
2394 1259 2692 1332 Cyprianus
2731 1278 2836 1316 non
2884 1262 3122 1318 deseruit
3166 1262 3509 1319 ﬂuctuantem
3553 1275 3690 1320 :aut
3737 1267 3786 1322 si

2195 1352 2346 1408 vobis
2372 1354 2676 1423 exemplum
2704 1354 2955 1428 Cypriani
2973 1357 3082 1426 jam
3110 1355 3392 1426 displicet,
3420 1358 3508 1429 qui
3535 1374 3785 1414 commu-

2196 1442 2394 1499 nicavit
2423 1445 2504 1500 eis
2522 1446 2610 1516 qui
2638 1462 2759 1501 cum
2785 1447 3110 1518 Baptismale
3153 1449 3533 1505 haereticorum
3557 1451 3788 1521 recipie-

2194 1534 2405 1601 bantnr,
2435 1547 2619 1606 aperte
2645 1537 2850 1605 dicens,
2878 1537 3145 1594 Neminem
3163 1541 3476 1610 judicent“,
3504 1553 3591 1596 aut
3621 1559 3652 1596 a
3672 1543 3794 1607 inre

2193 1627 2561 1682 communionis
2581 1629 2797 1700 aliquem
2821 1671 2838 1695 ,
2868 1629 2916 1684 si
2932 1630 3185 1685 diversum
3212 1632 3445 1697 seruerit,
3465 1643 3752 1688 amarentet
3765 1647 3790 1698 ;

2194 1733 2300 1788 quo
2342 1716 2470 1786 itis,
2500 1720 2722 1776 miseri?
2749 1720 2875 1791 quid
2912 1722 3109 1792 agitis?
3148 1721 3217 1777 Et
3261 1737 3360 1778 vos
3403 1723 3546 1792 ipsos
3596 1722 3790 1794 fugite,

2195 1813 2316 1882 quia
2349 1811 2472 1868 inde
2504 1813 2863 1882 processistis,
2891 1814 2980 1870 ιὼί
3021 1814 3112 1870 ille
3144 1818 3452 1886 permansit.
3482 1815 3539 1870 Si
3565 1831 3691 1870 vero
3717 1816 3790 1880 ei,

2197 1913 2416 1973 propter
2442 1904 2826 1962 abundantiam
2857 1906 3135 1963 cbaritatis
3164 1917 3221 1964 et
3257 1923 3495 1964 amorem
3543 1909 3796 1963 fraterni-

2197 1995 2342 2062 tatis,
2367 2004 2421 2050 et
2446 1995 2710 2051 vinculum
2745 1997 2928 2069 pacis,
2959 2011 3058 2053 nec
3090 2012 3183 2053 sua
3217 2011 3457 2068 peccata,
3485 2014 3584 2054 nec
3610 1999 3793 2054 aliena

2197 2085 2388 2141 obesse
2418 2096 2739 2157 potuerunt;
2771 2089 2875 2144 huc
2912 2089 3082 2145 redite
3104 2132 3120 2156 ,
3153 2089 3242 2144 ubi
3269 2098 3324 2146 et
3357 2090 3510 2145 nobis
3556 2099 3610 2145 et
3631 2090 3793 2146 vobis

2199 2177 2368 2232 multo
2391 2179 2570 2234 minus
2585 2180 2816 2236 oberunt
2835 2196 2953 2252 quae
2985 2181 3148 2236 vestri
3173 2181 3460 2237 ﬁnxerunt.

1487 2380 1979 2490 LIBER
2069 2386 2372 2496 TER
2395 2387 2792 2500 TIUS.

492 2567 778 2622 Iel'ellenda
817 2581 879 2620 ea
899 2567 1133 2632 suscipit,
1155 2576 1267 2631 qua:
1307 2564 1358 2614 in
1397 2563 1612 2628 cypriani
1635 2562 1695 2613 ad
1716 2563 1998 2615 Jubaianum
2015 2568 2476 2695 gfmﬁem
2519 2573 2728 2636 probare
2764 2573 2936 2626 misti
2972 2577 3259 2640 Baptismum
3280 2589 3370 2640 per
3392 2577 3654 2632 hereticos
3685 2579 3800 2633 dari

1924 2751 2400 2814 Μ

567 2879 794 2938 CAPUT
835 2877 1120 2936 PRIMUM.
1146 2903 1219 2918 --
1259 2875 1311 2930 l.
1338 2873 1588 2930 Arbitror
1608 2871 1718 2943 jam
1743 2861 2087 2926 maniiestum

495 2992 619 3032 esse
657 2973 908 3030 omnibus
943 2985 1105 3043 posse
1127 3012 1142 3036 ,
1183 2967 1551 3024 auctoritatem
1579 2964 1720 3021 beati
1747 2959 1994 3035 Cypriani
2023 2957 2093 3015 ad

493 3065 835 3124 retinendum
877 3061 1150 3118 vinculum
1195 3059 1376 3130 pacis,
1421 3056 1672 3126 nulloque
1698 3053 1861 3109 modo
1884 3051 2093 3106 violan-

497 3159 620 3213 dam
643 3155 860 3212 unitatis
885 3152 1141 3209 Ecclesia:
1166 3148 1569 3206 saluberrimam
1597 3147 1914 3202 charitatem
1933 3183 1954 3213 ,
1976 3158 2095 3198 ma-

495 3251 580 3321 gis
606 3265 702 3320 pro
729 3248 882 3304 nobis
906 3260 1065 3316 quam
1098 3258 1194 3316 pro
1215 3240 1503 3298 Donatistis
1529 3254 1649 3295 esse
1669 3235 2092 3309 proponendum.

489 3342 552 3399 Si
589 3341 734 3397 enim
770 3336 1022 3410 Cypriani
1063 3333 1312 3404 exemplo
1347 3330 1425 3386 uti
1461 3329 1731 3386 voluerint
1759 3327 1827 3383 ad
1851 3326 2095 3398 rebapti-

491 3431 696 3488 aaudos
721 3429 1014 3484 catholicos
1032 3467 1048 3490 ,
1072 3425 1193 3496 quia
1216 3425 1305 3479 ille
1323 3421 1534 3478 censuit
1555 3420 1612 3476 in
1628 3419 1890 3476 catholica
1913 3417 2093 3488 bapti-

498 3524 700 3580 zandus
744 3521 1027 3577 luereticos
1056 3535 1070 3572 :
1100 3531 1200 3574 nos
1238 3515 1415 3587 potius
1437 3514 1556 3584 eius
1580 3513 1831 3582 exemplo
1853 3511 2053 3566 utimur
2075 3550 2096 3577 ,

499 3597 608 3686 quo
637 3611 973 3684 apertissime
1015 3609 1200 3664 statuit
1226 3623 1258 3662 a
1303 3604 1563 3661 catholica
1592 3603 1995 3667 communione,
2041 3599 2096 3655 id

492 3715 602 3772 cst,
634 3719 665 3759 a
691 3701 1006 3760 Christianis
1033 3709 1148 3756 toto
1172 3699 1308 3754 Orbe
1343 3706 1607 3752 terrarum
1649 3692 1889 3760 ditiusis,
1933 3693 2097 3748 etiam

498 3798 655 3854 malis
680 3806 732 3852 et
758 3792 1034 3864 sacrilegis
1059 3790 1332 3858 admissis,
1360 3787 1508 3844 nullo
1537 3785 1699 3842 modo
1739 3799 1835 3856 per
1881 3798 2099 3855 separa-

492 3890 698 3946 tionem
738 3884 1130 3945 communionis
1167 3897 1289 3943 esse
1316 3878 1673 3937 recedendum
1698 3917 1716 3944 ,
1759 3875 2100 3947 quandoqui-

497 3983 622 4039 dem
647 3996 748 4039 nec
769 3995 864 4037 eos
889 3979 980 4050 qui
1004 4018 1020 4044 ,
1051 3987 1110 4033 ut
1135 3976 1310 4033 eidem
1352 3974 1630 4030 videbatur
1651 4013 1667 4037 ,
1695 3985 1804 4026 non
1852 3969 2094 4042 baptiza-

499 4084 585 4130 tos
611 4071 902 4142 sacrilegos
939 4071 992 4126 in
1030 4067 1350 4125 catholicam
1393 4064 1826 4120 communionem
1873 4062 2098 4132 recipie-

497 4169 626 4222 bant
644 4207 663 4233 ,
691 4180 722 4220 a
746 4165 866 4234 iure
892 4160 1283 4218 communionis
1323 4159 1492 4213 voluit
1532 4171 1785 4212 amovere
1807 4195 1822 4218 .
1869 4155 2054 4210 dicens
2075 4194 2091 4219 ,

500 4256 771 4313 Neminem
803 4254 1098 4326 judicantea
1114 4293 1131 4320 ,
1157 4259 1246 4305 aut
1271 4267 1304 4303 α
1319 4250 1442 4321 jure
1467 4246 1832 4302 communionis
1853 4244 2096 4316 aliquem,

492 4350 543 4403 si
563 4347 816 4402 diversum
836 4343 1046 4400 senserit
1066 4383 1085 4410 ,
1110 4347 1416 4396 amarentet.

570 4437 796 4498 CAPUT
827 4436 891 4493 ll.
921 4465 996 4476 —
1016 4433 1074 4489 ἓ.
1097 4431 1267 4488 Video
1293 4440 1468 4486 tamen
1487 4427 1612 4500 quid
1629 4427 1802 4483 adhuc
1822 4443 1850 4480 a
1870 4441 1956 4483 me
1974 4441 2097 4497 pos-

497 4531 572 4585 sit
598 4527 831 4599 inquiri,
857 4525 1105 4580 videlicet
1128 4530 1185 4576 ut
1206 4517 1557 4590 restiondeam
1583 4517 1963 4572 verisimilibus
1991 4517 2096 4573 illis

494 4619 825 4683 rationibus,
865 4616 1058 4688 quibus
1089 4613 1172 4669 vel
1200 4620 1324 4667 ante
1353 4610 1673 4681 Agrippinns
1697 4651 1713 4676 ,
1744 4609 1828 4664 vel
1858 4609 1970 4679 ipse
1994 4608 2097 4679 Cy-

498 4712 747 4781 prianus,
786 4708 872 4764 vel
911 4707 983 4762 illi
1022 4706 1111 4778 qui
1154 4705 1234 4762 eis
1271 4704 1322 4758 in
1353 4702 1529 4757 Africa
1557 4713 1944 4757 consenserunt
1966 4743 1983 4770 ,
2008 4702 2094 4771 vel

500 4804 546 4860 si
585 4805 723 4858 forte
745 4799 905 4871 aliqui
935 4814 1001 4855 ex
1033 4794 1401 4854 transmarinis
1427 4794 1584 4848 terris
1612 4793 1870 4864 longeque
1895 4793 2096 4849 discre-

495 4895 568 4950 tis
591 4935 607 4959 .
651 4892 796 4948 nullo
831 4889 1046 4962 quidem
1074 4888 1187 4944 sive
1217 4885 1457 4958 plenario
1481 4885 1593 4941 sive
1620 4886 1807 4940 saltem
1834 4883 2094 4954 regionali

497 4986 728 5042 concilio
750 5027 767 5054 ,
810 4981 905 5039 sed
946 4979 1215 5052 epistolari
1257 4977 1521 5050 colloquio
1559 4977 1813 5034 commoti
1847 4985 2012 5045 sunt,
2037 4985 2097 5032 ut

497 5079 603 5136 hoc
650 5093 771 5135 esse
814 5075 1113 5133 faciendum
1164 5081 1443 5144 putarent,
1489 5071 1631 5143 quod
1675 5079 1730 5128 et
1761 5069 2095 5128 consuetudo

498 5171 755 5228 Ecclesia:
797 5169 1018 5241 pristina
1063 5183 1168 5222 non
1212 5165 1474 5231 habebat,
1513 5174 1570 5222 et
1593 5175 1776 5236 postea
1801 5164 2094 5222 catholicus

497 5263 646 5319 orbis
667 5272 927 5318 terrarum
952 5258 1319 5315 robustissima
1345 5256 1595 5312 ﬁrmitate
1613 5256 1980 5312 consensionis
1999 5272 2094 5312 ex-

497 5353 657 5410 clusit
684 5370 699 5407 :
729 5349 954 5423 utquod
981 5365 1077 5420 per
1103 5348 1488 5419 disputationes
1514 5345 1776 5417 ejusmodi
1806 5347 1858 5401 in
1883 5346 2092 5417 aliquo-

496 5460 618 5500 rum
644 5453 851 5500 mentcs
877 5443 1113 5512 irrepere
1138 5449 1409 5514 coeperat,
1438 5439 1506 5494 de
1531 5439 1704 5494 salute
1728 5438 1946 5494 veniens
1970 5439 2091 5496 uni-

501 5535 626 5590 tatis
652 5534 918 5604 potentior
943 5533 1143 5590 veritas
1165 5541 1220 5588 et
1237 5529 1553 5588 universalis
1575 5529 1834 5586 medicina
1853 5539 2085 5586 sanaret.

499 5623 655 5687 lluuc
691 5627 867 5696 itaque
889 5639 1191 5681 sermonem
1229 5622 1443 5677 videant
1467 5637 1626 5692 quam
1652 5636 1869 5677 securus
1899 5637 2086 5693 aggre-

500 5717 637 5773 diar.
675 5718 730 5774 Si
765 5717 976 5788 assequi
1010 5725 1066 5772 et
1099 5713 1380 5771 ostendere
1405 5729 1511 5769 non
1537 5725 1790 5784 potuero,
1822 5715 2090 5787 quomodo

499 5809 810 5865 refellantur
850 5823 914 5863 ea
958 5822 1078 5876 qua:
1119 5806 1184 5860 de
1210 5805 1436 5860 concilio
1463 5805 1712 5876 Cypriani
1739 5807 1822 5862 vel
1847 5807 2088 5874 epistolis

497 5903 617 5968 eius
639 5901 944 5967 afﬁrmant,
973 5897 1170 5955 Christi
1196 5897 1521 5966 Baptismum
1550 5915 1644 5969 per
1673 5899 1951 5955 hmreticos
1974 5900 2084 5955 dari

2203 2889 2313 2930 non
2351 2891 2554 2948 posse;
2597 2880 2651 2936 in
2692 2880 2928 2938 Ecclesia
2972 2882 3203 2939 manebo
3239 2898 3460 2942 securus
3484 2927 3500 2952 ,
3547 2886 3602 2942 in
3647 2888 3804 2959 cujus

2199 2970 2576 3028 communione
2597 2987 2718 3028 cum
2739 2975 2820 3030 eis
2838 2975 2928 3046 qui
2953 2975 3054 3031 sibi
3080 2991 3189 3032 non
3208 2988 3616 3046 consenserant,
3640 2997 3796 3036 Inan-

2203 3058 2278 3113 sit
2303 3059 2418 3130 ipse
2441 3062 2758 3135 Cyprianus.

2282 3151 2340 3208 ὃ.
2363 3151 2525 3222 Quod
2549 3155 2595 3210 si
2619 3155 2840 3226 dicunt,
2859 3167 3139 3230 propterea
3165 3169 3290 3217 tunc
3314 3161 3460 3218 illam
3481 3163 3807 3222 catholicam

2201 3242 2496 3303 Ecclesium
2518 3247 2709 3314 fuisse,
2736 3249 2858 3321 quia
2879 3259 3036 3307 erant
3062 3252 3130 3308 ibi
3161 3254 3348 3324 pauci,
3381 3255 3466 3310 vel
3489 3256 3534 3310 si
3568 3257 3670 3312 hoc
3699 3273 3804 3328 pu-

2201 3344 2353 3405 tant,
2377 3339 2538 3395 etiam
2562 3341 2715 3396 multi
2739 3341 2834 3414 qui
2851 3343 3179 3415 Baptismmn
3209 3345 3394 3400 datum
3415 3346 3554 3416 apud
3579 3346 3803 3404 haereti-

2200 3444 2298 3486 cos
2334 3431 2736 3503 improbabant,
2778 3445 2835 3492 et
2860 3436 3200 3506 baptizabant
3223 3453 3318 3492 eos
3345 3439 3434 3509 qui
3462 3439 3586 3494 inde
3614 3441 3802 3496 venie-

2199 3523 2328 3580 bant
2352 3543 2368 3582 :
2391 3524 2528 3593 Quid
2553 3527 2724 3598 ergo?
2748 3538 2873 3584 ante
2898 3529 3246 3600 Agrippinum
3269 3569 3288 3597 ,
3318 3545 3348 3583 a
3377 3546 3484 3601 quo
3508 3531 3606 3587 ista
3633 3534 3804 3603 copit

2201 3617 2350 3686 quasi
2394 3632 2530 3672 nova
2570 3619 2708 3674 ratio
2748 3619 3006 3676 adversus
3038 3621 3476 3678 consuetudinem
3501 3622 3804 3692 dimicans,

2203 3710 2456 3781 numquid
2484 3726 2594 3766 non
2615 3721 2730 3767 erat
2755 3713 2993 3770 Ecclesia
3011 3713 3040 3768 ?
3061 3714 3197 3783 Quid
3217 3715 3445 3786 denique
3465 3724 3586 3787 post
3606 3719 3803 3788 Agrip-

2201 3801 2416 3870 pinum,
2457 3802 2672 3873 quando
2706 3804 2810 3859 nisi
2847 3803 2913 3859 ad
2944 3805 3217 3876 pristinam
3243 3808 3681 3862 consuetudinem
3709 3823 3802 3863 re.

2201 3893 2372 3950 ditem
2409 3904 2590 3963 esset,
2629 3895 2857 3951 alterum
2891 3896 3064 3952 moliri
3087 3898 3370 3952 concilium
3400 3913 3505 3952 non
3530 3907 3676 3954 esset
3701 3915 3804 3955 ne-

2201 4001 2353 4042 cesse
2376 3984 2666 4059 Cypriane,
2693 3988 2948 4058 numquid
2973 4003 3080 4044 non
3109 3998 3225 4044 erat
3244 3989 3502 4055 Ecclesia,
3525 3991 3652 4060 quia
3679 3991 3805 4047 talis

2201 4092 2300 4147 per
2321 4079 2498 4134 omnia
2527 4079 2858 4134 consuetudo
2885 4080 3165 4135 tenebatur
3185 4120 3201 4145 ,
3230 4089 3283 4134 ut
3311 4081 3614 4150 Baptistnus
3640 4079 3802 4136 Chri-

2201 4171 2269 4226 sti
2295 4171 2506 4226 nonnisi
2525 4170 2721 4227 Christi
2747 4172 3052 4242 Baptismus
3078 4171 3366 4227 haberetur
3380 4212 3400 4240 ,
3423 4172 3636 4228 etiamsi
3657 4173 3803 4242 apud

2202 4261 2487 4319 haereticos
2522 4264 2606 4319 vel
2647 4263 3018 4320 schismaticos
3053 4263 3215 4320 datus
3255 4264 3419 4321 fuisse
3445 4265 3805 4336 probaretur?

2202 4353 2352 4420 Quod
2382 4355 2427 4410 si
2449 4355 2737 4410 eratctiam
2762 4364 2888 4411 tunc
2912 4355 3147 4411 Ecclesia
3167 4395 3182 4420 ,
3213 4365 3268 4411 et
3288 4355 3577 4413 haereditas
3597 4357 3802 4412 Christi

2199 4459 2306 4500 non
2334 4446 2624 4516 interrupta
2668 4445 2932 4516 perierat,
2970 4445 3066 4501 sed
3095 4461 3191 4516 per
3225 4461 3412 4502 ornnes
3443 4455 3634 4517 gentes
3658 4461 3800 4518 aug-

2201 4548 2379 4592 menta
2432 4537 2649 4607 capiens
2705 4538 3094 4609 permanebat;
3135 4538 3397 4593 tutissima
3441 4538 3579 4593 ratio
3619 4549 3703 4594 est
3746 4541 3798 4596 in
3897 4569 3902 4574 -

2199 4629 2386 4686 eadem
2425 4629 2809 4686 consuetudine
2855 4643 3200 4700 permanere,
3235 4645 3355 4700 quae
3395 4640 3519 4685 tunc
3550 4630 3720 4687 lituos
3744 4639 3794 4687 et

2201 4724 2374 4780 malos
2395 4737 2498 4779 una
2525 4723 2894 4793 complexione
2921 4723 2938 4755 ¹
2962 4722 3228 4794 portabat.
3257 4722 3313 4777 Si
3335 4733 3510 4778 autem
3538 4730 3667 4778 tunc
3691 4741 3792 4778 nor

2201 4825 2316 4872 erat
2362 4816 2633 4883 Ecclesia,
2669 4816 2790 4888 quia
2825 4815 3066 4886 sacrilegi
3103 4815 3342 4870 haeretici
3384 4815 3500 4870 sine
3525 4814 3792 4887 Baptistae

2201 4909 2630 4980 recipiebantnr,
2674 4918 2730 4964 et
2766 4908 2868 4964 hoc
2908 4907 3191 4964 universali
3232 4907 3618 4964 consuetudine
3651 4917 3793 4964 tene-

2200 5002 2393 5068 batur;
2415 4999 2556 5056 unde
2582 5001 2818 5055 Donatus
2840 4999 3122 5072 apparuit?
3142 4999 3212 5055 de
3230 5015 3330 5069 qua
3360 5008 3501 5055 terra
3521 4999 3797 5070 germina.

2200 5095 2317 5149 vit?
2345 5093 2412 5148 de
2445 5107 2554 5164 quo
2589 5091 2721 5146 mari
2759 5090 3018 5147 emersit?
3043 5090 3112 5146 de
3139 5105 3246 5161 quo
3268 5090 3410 5146 coelo
3432 5090 3665 5145 cecidit?
3687 5090 3798 5146 Nos

2198 5188 2406 5258 itaque,
2438 5196 2495 5240 ut
2517 5185 2694 5240 dicere
2722 5197 2990 5254 crepet-am
3010 5223 3028 5250 ,
3054 5184 3108 5239 in
3133 5184 3250 5254 ejus
3271 5182 3525 5239 Ecclesia:
3547 5197 3793 5238 commu-

2199 5281 2357 5334 nione
2382 5279 2554 5334 securi
2583 5292 2769 5334 sumus
2788 5318 2805 5344 ,
2836 5293 2932 5348 per
2959 5276 3112 5347 cujus
3136 5277 3536 5332 universitatem
3567 5275 3620 5331 id
3652 5291 3796 5332 nunc

2196 5372 2404 5444 agitur,
2449 5371 2591 5441 quod
2633 5381 2689 5426 et
2729 5381 2856 5426 ante
2896 5371 3267 5442 Agrippinum,
3299 5379 3352 5425 et
3377 5369 3518 5426 inter
3539 5370 3793 5443 Agrippi-

2197 5481 2324 5520 num
2367 5477 2422 5520 et
2456 5463 2777 5536 Cyprianum
2821 5479 2916 5533 per
2954 5461 3071 5532 ejus
3107 5462 3500 5518 universitatem
3545 5461 3794 5516 similiter

2179 5556 2480 5628 agebatur;
2501 5563 2556 5611 et
2569 5553 2719 5626 cujus
2740 5555 3136 5609 universitatem
3159 5569 3330 5624 neque
3353 5554 3676 5624 Agrippinus
3693 5553 3794 5608 de-

2195 5649 2361 5705 seruit
2382 5691 2396 5716 ,
2426 5662 2598 5719 neque
2621 5645 2918 5719 Cyprianus
2941 5687 2959 5715 ,
2983 5660 3153 5717 neque
3182 5646 3254 5700 illi
3285 5647 3372 5717 qui
3394 5645 3472 5700 eis
3502 5659 3794 5700 consense-

2227 5845 2274 5956 η’
2295 5850 2310 5891 !
2331 5843 2443 5905 diti,
2478 5841 2527 5894 in
2573 5855 2668 5892 tota
2710 5839 3054 5906 complexione.
3101 5841 3280 5902 Abest,
3321 5853 3398 5902 tn,
3443 5855 3470 5890 a
3523 5841 3793 5890 mulsa-i-

2263 5920 2298 5956 s.

2195 5917 2298 5956 DNS.
