4054 6476
184 416 336 495 ut
1040 462 1048 471 ο
1342 456 1349 463 ~
1472 456 1481 470 ι
1614 429 1815 485 usus
1856 429 2178 495 manus.

245 559 393 616 rant,
424 550 676 620 quamvis
699 549 853 605 aliter
877 562 1035 619 quam
1063 548 1240 603 caeteri
1265 557 1520 617 saperent
1547 588 1561 611 ,
1592 544 1685 599 sed
1713 559 1833 597 cum

244 644 319 697 eis
347 641 475 710 ipsis
499 656 533 695 a
563 641 758 711 quibus
781 640 987 694 diversa
1012 648 1333 701 senserunt,
1366 639 1418 691 in
1445 637 1631 691 eadem
1662 637 1838 689 unita-

244 734 307 789 tis
342 733 727 788 communione
764 741 1090 789 manserunt.
1144 730 1246 799 Ipsi
1283 739 1459 784 autem
1499 727 1838 783 considerent

242 825 325 877 ubi
368 824 474 877 sint
501 863 517 887 ,
563 823 656 893 qui
699 837 873 891 neque
899 821 1038 875 unde
1069 820 1336 891 propagati
1364 828 1487 873 sunt
1515 827 1733 887 possunt
1758 819 1840 869 tli-

239 931 391 980 cere,
424 917 471 970 si
487 918 602 984 jam
625 925 749 970 tunc
770 914 1063 969 Ecclesiam
1093 912 1287 982 recepti
1305 912 1420 966 sine
1439 912 1708 980 Baptistuo
1730 911 1837 963 hae-

240 1008 389 1063 retici
412 1016 469 1063 et
487 1006 810 1062 schismatici
837 1006 1227 1061 communionis
1252 1004 1567 1073 contagione
1586 1000 1837 1072 perdide-

240 1110 357 1155 rant
380 1115 397 1153 :
428 1114 606 1168 neque
628 1098 725 1167 ipsi
752 1098 1017 1168 Cypriano
1039 1096 1378 1150 consentiunt
1402 1111 1415 1157 ;
1441 1094 1527 1147 ille
1547 1092 1688 1146 enim
1716 1105 1835 1145 cum

237 1190 612 1260 receptoribus
647 1189 1018 1244 haereticorum
1046 1196 1099 1242 et
1126 1185 1583 1240 schismaticorum
1608 1224 1623 1247 ,
1652 1197 1715 1237 ac
1744 1198 1837 1250 per

241 1285 341 1335 hoc
363 1281 528 1336 etiam
553 1296 673 1335 cum
695 1280 822 1349 ipsis
839 1278 1067 1349 receptis
1087 1292 1301 1331 manere
1318 1275 1445 1330 sein
1466 1273 1838 1329 communione

240 1373 520 1444 professus
554 1381 676 1438 est;
719 1372 801 1426 isti
842 1380 1015 1429 autem
1060 1378 1274 1439 propter
1303 1382 1494 1422 nomen
1525 1365 1835 1421 traditorum

239 1482 374 1534 quos
404 1458 665 1521 inAfrica
692 1464 1099 1525 infamaverunt,
1125 1462 1250 1516 etin
1276 1460 1628 1515 transmarino
1639 1458 1836 1527 judicio

241 1576 345 1613 nwn
394 1559 779 1625 convicerunt,
823 1574 882 1612 se
916 1556 983 1610 ab
1007 1556 1150 1610 orbis
1177 1564 1435 1609 terrarum
1464 1556 1836 1606 communione

243 1657 564 1719 separarum
610 1668 625 1704 :
668 1665 788 1703 cum
832 1648 1039 1703 etiamsi
1081 1662 1205 1702 vera
1244 1644 1465 1699 crimina
1506 1643 1833 1712 objicerent,

244 1740 411 1796 multo
459 1741 566 1796 sint
606 1740 804 1810 majora
842 1740 1042 1794 scelera
1084 1737 1343 1793 luerosum
1372 1745 1428 1790 et
1452 1735 1831 1799 schismatum,

245 1834 383 1889 unde
424 1812 543 1888 sine
580 1832 884 1903 Baptismo,
930 1832 1065 1885 sicut
1094 1829 1203 1901 ipse
1230 1829 1427 1892 sensit,
1455 1827 1756 1890 venientes,
1783 1834 1838 1881 et

245 1926 295 1978 in
334 1924 654 1979 catholicam
683 1922 1111 1978 communionem
1143 1936 1245 1974 non
1275 1936 1366 1989 per
1396 1920 1719 1988 Baptismnm
1747 1932 1834 1972 re-

240 2017 413 2087 cepti,
457 2031 564 2070 non
597 2023 883 2085 potuerunt
912 2014 1175 2067 maculare
1201 2010 1544 2082 Cyprianum.
1572 2008 1753 2078 Neque
1784 2009 1837 2062 in

240 2123 305 2163 eo
331 2108 449 2178 ipso
475 2108 528 2160 in
550 2123 656 2176 quo
682 2122 740 2160 se
764 2106 944 2159 dicunt
973 2103 1165 2157 imitari
1193 2102 1536 2172 Cyprianum.
1567 2099 1839 2153 inveniunt

241 2198 365 2266 quid
396 2196 760 2266 respondeant
787 2194 854 2249 de
884 2205 1100 2264 recepto
1127 2194 1397 2262 Baptismo
1426 2190 1837 2245 Masimianista-

243 2305 356 2342 rum
382 2330 400 2352 ,
428 2303 552 2342 cum
574 2288 653 2342 cis
676 2329 692 2352 ,
723 2301 856 2357 quos
880 2302 944 2341 ex
972 2301 1158 2339 eorum
1183 2298 1404 2337 numero
1422 2324 1437 2347 ,
1460 2297 1592 2351 quos
1611 2281 1837 2336 concilio

242 2396 339 2434 suo
363 2379 608 2448 plenario
635 2379 942 2442 damnatos,
971 2377 1130 2430 etiam
1163 2386 1489 2429 terrenarum
1520 2382 1836 2442 potestatum

234 2470 441 2540 judicio
484 2479 609 2523 sunt
646 2469 951 2539 persecuti,
997 2468 1047 2521 in
1089 2483 1237 2522 suam
1278 2468 1744 2531 communionem,
1784 2466 1836 2519 itt

237 2563 433 2618 eodem
461 2562 582 2631 ipso
600 2563 906 2632 episcopatu
936 2561 986 2616 in
1013 2576 1118 2632 quo
1144 2559 1523 2615 damnaverant
1549 2573 1838 2613 revocave-

239 2664 384 2709 runt.
415 2653 757 2724 Quapropter
778 2654 821 2707 si
852 2652 1178 2722 temporibus
1205 2649 1453 2722 Cypriani
1484 2650 1709 2721 perdidit
1734 2650 1837 2704 Ec-

238 2747 460 2801 clesiam
516 2748 775 2800 malorum
814 2745 1151 2807 communio,
1201 2758 1305 2797 non
1352 2742 1549 2797 habent
1595 2741 1679 2797 isti
1727 2757 1839 2797 sua:

239 2838 640 2894 communionis
684 2838 982 2908 originem;
1024 2838 1067 2892 si
1097 2846 1273 2891 autem
1304 2850 1406 2889 non
1439 2834 1665 2904 perdidit
1686 2875 1700 2896 ,
1734 2850 1837 2889 non

240 2934 442 2989 habent
485 2949 598 2989 sua:
640 2933 968 3003 prmeisiouis
994 2933 1221 3001 aliquam
1250 2928 1615 2985 defensionem
1648 2945 1662 2985 :
1695 2928 1841 2983 insn-

247 3040 342 3094 per
364 3025 793 3095 nec'exemplum
819 3023 1067 3095 Cypriani
1094 3030 1367 3076 sectantur
1388 3021 1404 3052 ⁸
1430 3062 1446 3087 ,
1474 3020 1597 3089 quia
1629 3019 1840 3075 unitatis

242 3118 516 3172 vinculum
563 3116 948 3185 disrnperunt;
994 3128 1095 3169 nec
1136 3113 1306 3182 ipsum
1351 3110 1671 3177 concilium,
1717 3110 1839 3181 quia

240 3209 753 3267 Maximianistarnm
778 3207 1100 3276 Baptismum
1125 3212 1459 3277 receperunt.

306 3300 543 3358 CAPUT
572 3299 658 3353 111.
684 3328 756 3339 -
778 3298 831 3353 1.
857 3297 1008 3353 Nunc
1028 3312 1154 3367 ergo
1176 3310 1271 3350 nos
1294 3303 1568 3349 manentes
1590 3293 1642 3348 in
1660 3309 1841 3349 exem-

240 3393 329 3462 plo
352 3390 636 3462 Cypriani,
662 3389 1065 3444 consideremus
1090 3387 1246 3442 etiam
1269 3387 1549 3441 concilium
1566 3384 1836 3457 Cypriani.

240 3482 375 3550 Quid
406 3483 483 3536 ait
510 3480 845 3552 Cyprianus?
871 3478 1129 3546 Audistis,
1158 3478 1355 3548 inquit,
1389 3478 1594 3547 collega:
1616 3477 1839 3532 dilectis-

240 3573 353 3626 simi
374 3614 391 3638 ,
419 3572 546 3641 quid
566 3571 692 3623 mihi
713 3569 998 3623 Jubaianus
1025 3569 1345 3638 coepiscOpus
1371 3577 1536 3621 uoster
1555 3567 1838 3636 scripserit,

239 3664 509 3717 consulens
551 3661 945 3714 mediocritatem
988 3668 1211 3713 nostram
1254 3660 1316 3712 de
1350 3659 1523 3712 illicito
1551 3669 1598 3712 et
1624 3661 1839 3729 profano

242 3753 597 3807 hereticorum
637 3748 938 3822 Baptismo;
978 3749 1193 3822 quidque
1228 3767 1351 3820 ergo
1388 3750 1726 3819 rescripserim
1754 3750 1834 3815 ei,

239 3859 449 3897 censetis
477 3841 669 3896 scilicet
691 3842 827 3913 quod
850 3842 1002 3895 semel
1025 3851 1173 3910 atque
1198 3842 1375 3894 iterant
1407 3851 1453 3894 et
1482 3857 1616 3910 saepe
1640 3842 1839 3895 censui-

242 3949 353 3987 mus
371 3973 387 3997 ,
426 3932 692 3987 haretiros
726 3930 795 3984 ad
821 3931 1099 3985 Ecclesium
1128 3930 1371 3985 venientes
1396 3931 1636 3985 Ecclesia:
1662 3930 1839 4003 Bapti-

242 4042 350 4079 smo
386 4024 642 4095 baptizari
678 4035 726 4079 et
763 4023 1073 4090 sancti/icari
1110 4034 1359 4093 oportere.
1394 4022 1527 4077 Item
1563 4023 1701 4077 lecta:
1723 4034 1839 4078 sunt

240 4114 375 4169 vobis
404 4126 453 4168 et
478 4115 599 4169 alia:
621 4112 864 4167 Jubaiani
893 4112 1099 4180 littera),
1130 4113 1309 4183 quibus
1338 4129 1429 4184 pro
1457 4129 1548 4166 sua
1576 4113 1769 4168 sincera
1793 4122 1839 4167 et

242 4208 479 4278 religiosa
504 4206 769 4260 devotione
794 4205 863 4258 ad
882 4205 1144 4276 epistolam
1170 4216 1390 4259 nostram
1414 4206 1706 4272 rescribam,
1738 4223 1837 4261 non

244 4307 439 4353 tantum
466 4297 754 4359 consensit,
784 4297 874 4351 sed
900 4307 947 4351 et
974 4297 1267 4351 instructum
1293 4313 1347 4350 se
1371 4313 1477 4351 esse
1500 4300 1690 4369 gratias
1717 4299 1833 4370 egit.

246 4388 336 4444 liis
361 4390 545 4444 verbis
569 4388 711 4443 beati
737 4386 985 4460 Cypriani
1011 4431 1026 4455 ,
1053 4391 1355 4459 accepimus
1383 4405 1504 4445 eum
1525 4408 1553 4445 a
1579 4391 1837 4447 Jubaiano

243 4495 363 4535 esse
407 4480 749 4546 consultum,
794 4489 848 4534 et
888 4480 1029 4550 quod
1071 4480 1405 4550 reSponderit
1430 4484 1756 4548 consulenti,
1784 4496 1838 4540 et

243 4575 380 4642 quod
424 4575 514 4628 ille
544 4574 857 4628 instructum
900 4590 958 4629 se
991 4589 1110 4629 esse
1128 4577 1324 4645 gratias
1352 4578 1538 4646 egerit.
1568 4576 1835 4647 Numquid

242 4664 347 4735 jam
394 4666 701 4735 pertinaces
740 4667 1029 4719 existimari
1070 4666 1365 4733 debemus,
1410 4668 1453 4721 si
1498 4669 1836 4725 considerare

247 4759 573 4812 voluerimus
588 4758 830 4812 eamdem
861 4758 1027 4827 ipsam
1051 4759 1349 4827 epistolam,
1375 4776 1475 4829 qua
1493 4761 1591 4814 hoc
1618 4759 1834 4815 Jubaia-

249 4864 316 4902 no
349 4864 668 4918 persuasum
708 4848 826 4902 est?
849 4850 1023 4903 Donec
1048 4851 1190 4905 enim
1215 4851 1593 4919 persuadeatur
1613 4860 1666 4905 et
1686 4852 1837 4906 nobis

246 4939 312 5008 (si
349 4941 453 4995 hoc
495 4940 802 5009 persuaderi
835 4942 977 4996 veris
1013 4941 1305 4996 rationibus
1343 4942 1573 5013 p0test),
1616 4957 1835 4999 securos

247 5047 344 5086 nos
384 5034 455 5088 de
499 5034 623 5101 jure
657 5032 934 5089 catholica:
974 5034 1363 5089 communionis
1410 5034 1535 5091 facit
1577 5035 1689 5105 ipse
1734 5033 1835 5106 Cy-

248 5127 482 5193 prianus.

318 5217 371 5270 5.
401 5216 653 5286 Sequitur
680 5214 823 5270 enim
841 5257 857 5280 ,
887 5225 941 5271 et
968 5215 1095 5272 dicit
1124 5226 1139 5269 ξ
1173 5217 1412 5287 Superest
1437 5230 1491 5273 ut
1514 5219 1579 5272 de
1602 5219 1697 5273 Itac
1722 5220 1835 5288 ipsa

245 5326 304 5362 re
336 5310 460 5380 quid
497 5310 688 5381 singuli
720 5309 991 5364 sentiamus
1010 5352 1025 5375 ,
1054 5312 1400 5381 proferamus,
1430 5314 1670 5367 nemiuem
1690 5314 1836 5384 judi-

245 5412 420 5455 centes
443 5442 458 5465 ,
503 5410 593 5454 aut
632 5416 665 5453 a
695 5402 815 5471 jure
851 5402 1211 5457 communionis
1237 5403 1452 5472 aliquem
1472 5444 1486 5468 ,
1517 5404 1562 5457 si
1586 5404 1834 5457 diversum

245 5492 489 5555 senserit,
530 5500 832 5545 emetientes.
868 5490 984 5545 Non
1026 5494 1197 5548 solum
1228 5507 1356 5562 ergo
1383 5493 1512 5547 mihi
1542 5495 1691 5548 salvo
1715 5495 1833 5563 jure

245 5582 642 5638 communionis
654 5582 834 5637 adhuc
860 5596 1045 5638 verum
1071 5596 1330 5654 qnmrerc,
1359 5583 1452 5639 scd
1476 5582 1633 5639 etiam
1660 5585 1835 5643 diver-

247 5687 370 5727 sum
397 5675 598 5729 sentire
620 5674 884 5729 concedit.
919 5673 1096 5746 Neque
1120 5676 1251 5730 enim
1278 5678 1540 5748 quisquam
1568 5688 1830 5745 nostrum,
1904 5680 1911 5681 7

318 5857 335 5916 .'
359 5864 409 5909 In
430 5864 501 5920 3.,
523 5863 775 5910 sectantes.
796 5863 869 5908 Er.
894 5859 1041 5923 Lugd.
1066 5869 1181 5911 Ven.
1208 5868 1316 5912 Lov.
1339 5862 1492 5912 secuti
1522 5874 1704 5915 sumus.
1772 5872 1828 5917 at.

3334 476 3339 483 ‘
3415 461 3519 517 ιη

1942 544 2147 615 inquit,
2184 548 2469 623 episcopum
2507 571 2560 610 se
2588 558 2938 630 episwporum
2977 564 3264 633 constituit,
3311 582 3399 626 aut
3436 585 3518 645 ty-

1938 642 2148 693 rannica
2177 652 2363 699 terrore
2389 646 2460 699 ad
2481 649 3142 719 obsequendinecessitotem
3167 660 3385 734 collegas
3403 642 3522 722 suos

1940 728 2118 799 adigit.
2164 732 2299 800 Quid
2344 740 2708 795 mansuetius?
2736 745 2873 813 quid
2910 746 3202 804 humilius?
3244 728 3522 811 Nullanos

1938 832 2085 877 come
2121 824 2357 883 deterret
2382 834 2666 889 auctoritas
2692 851 2721 890 a
2750 842 3036 907 qurere-udo
3060 844 3184 913 quid
3215 861 3397 902 rerum
3428 849 3518 904 sit.

1944 914 2162 981 Quando
2194 919 2412 988 habent,
2458 926 2658 995 inquit,
2696 933 2858 985 omnis
2895 935 3157 1007 episcom'ts
3192 954 3284 1008 pro
3321 942 3523 997 licentia

1943 1007 2184 1065 libertatis
2218 1022 2264 1065 et
2304 1019 2561 1081 potestatis
2587 1036 2692 1074 stuc
2715 1023 2976 1080 arbitrium
3002 1029 3290 1099 proprium,
3324 1044 3522 1105 tamque

1933 1099 2162 1190 jndicari
2178 1105 2240 1156 ab
2262 1106 2368 1158 alio
2392 1124 2493 1161 non
2522 1112 2694 1179 possit,
2716 1124 2865 1184 quam
2889 1134 2978 1172 nec
2997 1120 3107 1189 ipse
3124 1132 3282 1190 potest
3305 1099 3521 1182 alterum

1932 1187 2167 1259 judicare
2183 1210 2202 1248 :
2226 1196 2419 1262 opinor
2445 1200 2621 1270 ntiQue
2635 1244 2650 1268 ,
2674 1202 2725 1258 in
2750 1204 2833 1261 his
2853 1187 3228 1278 qutestionibus
3248 1231 3367 1285 qute
3390 1208 3520 1271 non-

1940 1280 2067 1335 dum
2086 1285 2463 1355 eliquatissima
2495 1293 2823 1361 perfectione
2845 1300 3096 1357 discussae
3123 1280 3279 1361 sunt:
3291 1308 3521 1365 Noverat

1940 1371 2082 1427 enim
2117 1386 2370 1442 quantam
2404 1377 2735 1441 Sacramenti
2758 1390 3170 1457 profunditatem
3197 1407 3321 1453 tunc
3346 1402 3520 1455 omnis

1939 1461 2179 1518 Ecclesia
2216 1468 2359 1522 varia
2386 1470 2747 1540 disputatione
2773 1482 3018 1538 versabat
3041 1526 3056 1550 ,
3086 1485 3417 1560 liberumque
3446 1494 3522 1546 fa-

1938 1554 2112 1609 ciebat
2132 1561 2405 1626 qutnrettdi
2422 1564 2703 1622 arbitrium
2723 1610 2739 1633 ,
2770 1580 2824 1624 ut
2844 1575 3138 1630 exominata
3164 1581 3361 1634 veritas
3388 1595 3523 1651 pan-

1939 1645 2169 1702 deretur.
2196 1650 2375 1721 Neque
2394 1656 2535 1710 enim
2559 1662 2909 1718 mentiebatur
2925 1706 2940 1729 ,
2964 1676 3019 1721 et
3041 1645 3521 1740 simpliciores-col-

1941 1736 2083 1806 legas
2113 1741 2166 1794 in
2190 1743 2353 1797 verbo
2376 1760 2568 1816 capere
2588 1754 2852 1821 cogitabat
2877 1757 2916 1821 ί,
2950 1768 3005 1812 ut
3022 1736 3229 1816 cum-se
3254 1762 3521 1824 diversum

1940 1829 2141 1884 seruire
2178 1832 2567 1906 puxiidissent,
2612 1850 2737 1897 tunc
2777 1854 2960 1901 contra
2986 1863 3144 1918 quam
3171 1856 3521 1923 promiserat,

1940 1924 2481 1983 «communicandos
2507 1944 2630 1987 esse
2654 1946 2919 1993 censeret.
2948 1940 3101 1995 Absit
3127 1942 3193 1996 ab
3213 1946 3388 2000 anima
3417 1956 3523 2001 tam

1941 2018 2125 2067 sancta
2164 2012 2266 2069 ista
2307 2018 2564 2075 sederant
2609 2025 2829 2092 perﬁdia
2874 2045 2887 2081 :
2930 2030 3018 2099 qui
3061 2032 3162 2087 hoc
3197 2034 3265 2089 de
3297 2037 3385 2092 tali
3408 2039 3526 2095 viro

1941 2100 2089 2198 quasi
2123 2118 2245 2198 cum
2285 2106 2401 2176 ejus
2440 2110 2593 2165 laude
2630 2117 2899 2185 sentiunt,
2939 2122 3069 2177 nihil
3105 2124 3246 2180 aliud
3284 2142 3441 2198 quant
3464 2144 3526 2186 se

1943 2188 2086 2258 ipsos
2114 2193 2244 2248 tales
2272 2213 2399 2253 esse
2432 2202 2765 2267 proﬁtentur.
2796 2208 2911 2279 Ego
2955 2211 3277 2283 Cyprianum
3300 2188 3526 2276 catholi-

1942 2294 2062 2334 cum
2104 2286 2411 2357 episcopum
2436 2330 2450 2353 ,
2501 2294 2820 2351 catholicum
2862 2310 3150 2374 martyrem
3174 2346 3190 2372 ,
3236 2316 3290 2363 et
3328 2322 3529 2380 quanto

1942 2376 2109 2443 magis
2136 2392 2357 2447 magnus
2378 2392 2494 2437 erat
2511 2425 2528 2451 ,
2551 2393 2699 2442 tanto
2717 2404 2779 2445 se
2800 2392 2850 2446 in
2872 2397 3118 2449 omnibus
3139 2376 3525 2466 huntilia'ntem,

1944 2472 1999 2515 ut
2027 2478 2205 2521 coram
2238 2468 2348 2522 Deo
2377 2471 2637 2530 inveniret
2659 2480 2882 2548 gratiam
2906 2483 3096 2553 (Ereti.
3121 2504 3175 2542 in
3191 2532 3205 2552 ,
3228 2489 3320 2562 20)
3343 2532 3360 2557 ,
3383 2495 3528 2548 nullo

1944 2570 2160 2624 prorsus
2196 2562 2354 2617 modo
2389 2565 2705 2627 crediderim
2729 2612 2745 2638 ,
2777 2572 2829 2627 itt
2858 2584 3044 2631 sancto
3081 2583 3375 2648 prmsertim
3397 2597 3530 2639 con-

1942 2645 2065 2745 cilio
2091 2649 2443 2720 collegarum,
2474 2656 2614 2712 aliud
2637 2674 2729 2715 ore
2757 2666 3039 2731 protulisse
3066 2645 3224 2738 quam
3243 2672 3405 2729 corde
3427 2688 3527 2745 ge-

1944 2736 2148 2804 stabat,
2194 2744 2485 2808 praesertim
2515 2762 2636 2801 cum
2670 2748 2830 2807 addat
2852 2763 2907 2810 et
2928 2736 3116 2812 dicati:
3147 2759 3253 2814 Sed
3274 2736 3529 2833 οπρεὲιε-

1944 2847 2055 2887 ntus
2092 2836 2308 2890 universi
2338 2838 2595 2909 judicium
2630 2842 2840 2899 Domini
2872 2850 3031 2903 nostri
3050 2849 3176 2906 Jesu
3203 2852 3415 2921 Christi,
3442 2859 3529 2927 qui
3624 2858 3625 2861 “

1944 2943 2073 2981 unus
2097 2938 2145 2981 et
2166 2929 2302 2983 solus
2327 2932 2473 2987 habet
2502 2945 2797 3005 potestatem
2815 2951 2863 2993 et
2891 2946 3219 3013 preponendi
3244 2962 3336 3001 nos
3354 2949 3406 3001 in
3429 2948 3530 3003 Ec-

1941 3016 2109 3071 clesia:
2144 3034 2251 3074 sum
2284 3022 2644 3092 gubernatione
2666 3069 2681 3095 ,
2724 3039 2773 3083 et
2814 3030 2879 3085 de
2914 3045 3033 3086 actu
3072 3045 3240 3091 nostro
3258 3036 3529 3108 judicaudi

1945 3107 2054 3180 (Ea:
2085 3112 2299 3166 concilio
2334 3112 2763 3191 Carthaginensi).
2801 3121 2912 3177 Sub
2938 3125 3068 3179 tanti
3090 3127 3112 3158 ⁸
3139 3142 3265 3197 ergo
3288 3143 3529 3185 comme-

1943 3203 2241 3260 moratione
2270 3204 2491 3275 judicii,
2532 3225 2716 3265 verum
2752 3223 3065 3284 exspectans
3091 3218 3277 3275 audire
3302 3236 3332 3274 a
3361 3221 3528 3285 colle-

1943 3293 2023 3363 gis
2044 3337 2061 3360 ,
2105 3296 2250 3365 prior
2290 3298 2367 3353 eis
2395 3301 2684 3357 mentiendi
2712 3305 2974 3374 praeberet
2996 3311 3340 3379 exemplum?
3364 3314 3523 3369 Aver-

1944 3385 2068 3441 terit
2114 3387 2252 3441 Deus
2291 3386 2429 3445 hanc
2473 3391 2796 3450 dementiam
2838 3412 2869 3450 a
2910 3400 3146 3468 quolibet
3190 3402 3525 3472 christiano,

1943 3485 2141 3545 quanto
2178 3481 2348 3549 magis
2388 3496 2420 3535 a
2465 3483 2763 3554 Cypriano!
2809 3487 3077 3545 Habemus
3101 3507 3229 3563 ergo
3254 3499 3529 3564 qnzerendi

1944 3567 2167 3623 liberum
2192 3572 2510 3642 arbitrium,
2537 3577 2702 3646 ipsius
2728 3580 2976 3652 Cypriani
2998 3584 3153 3640 nobis
3172 3587 3455 3644 mitissimo
3474 3600 3528 3647 et

1944 3662 2285 3716 voracissima
2311 3679 2559 3723 sermone
2581 3685 2913 3729 concessum.
2950 3700 2953 3703 -

2014 3751 2239 3807 CAPUT
2268 3753 2355 3808 IV.
2382 3786 2453 3797 —
2480 3757 2535 3812 6.
2566 3759 2684 3814 Jam
2710 3763 2924 3830 quidem
2951 3765 3208 3835 incipiunt
3226 3768 3343 3839 ejus
3366 3772 3526 3826 colle-

1941 3857 2021 3911 ga:
2054 3845 2297 3914 proprias
2335 3849 2573 3916 proferre
2601 3856 2894 3912 sententias
2926 3874 2940 3910 :
2970 3859 3064 3912 sed
3102 3860 3168 3914 ad
3207 3861 3523 3920 Jubaianum

1942 3934 2093 3990 datas
2121 3938 2325 3993 litteras
2352 3940 2652 3998 audierunt.
2690 3944 2943 4002 Recitata:
2968 3962 3093 4005 sunt
3129 3954 3445 4020 en‘m,sicut
3467 3958 3522 4012 iu

1941 4030 2162 4083 exordio
2185 4043 2659 4089 commemoratum
2681 4046 2782 4093 est.
2808 4038 2873 4092 Et
2890 4042 3041 4096 nobis
3061 4058 3190 4113 ergo
3211 4032 3521 4112 recitantur,

1944 4129 2000 4174 ut
2028 4138 2124 4175 nos
2162 4139 2374 4194 quoque
2416 4126 2541 4182 inde
2583 4130 2709 4199 quid
2739 4135 2939 4189 sontiro
2978 4148 3240 4205 oporteat,
3267 4153 3521 4210 quantum

1944 4214 2202 4271 Dominus
2242 4218 2478 4287 adjuvat,
2536 4222 2865 4294 indagemus.
2922 4228 3057 4283 Dicit
3106 4232 3325 4287 forsitan
3373 4235 3524 4303 quis-

1945 4307 2106 4375 piam,
2144 4307 2278 4374 Quid
2305 4312 2471 4379 ergo?
2512 4322 2565 4365 tu
2597 4316 2755 4369 modo
2780 4316 2915 4371 dicis
2952 4320 3076 4389 quid
3115 4324 3180 4376 ad
3207 4322 3521 4401 Jubalanum

1942 4400 2217 4469 scripserit
2261 4402 2755 4471 Cyprianusilam
2787 4410 2910 4480 legi,
2944 4410 3145 4478 fateor;
3190 4424 3245 4469 et
3279 4413 3523 4485 profecto

1942 4490 2102 4547 issem
2129 4492 2180 4548 in
2208 4496 2450 4550 eamdem
2482 4502 2823 4568 sententiam,
2866 4504 2965 4558 nisi
2994 4521 3080 4561 me
3121 4507 3186 4561 ad
3214 4509 3521 4581 diligentio-

1940 4598 2054 4638 rem
2083 4586 2563 4645 considerationem
2604 4605 2876 4650 revocaret
2906 4606 3047 4652 tanta
3070 4602 3357 4660 anetoritas
3383 4606 3521 4662 alio.

1943 4691 2083 4740 rum,
2113 4692 2248 4745 quos
2290 4679 2374 4734 vel
2405 4695 2560 4750 pares
2586 4686 2752 4752 gratia
2781 4686 3054 4753 doctrinm,
3095 4692 3199 4745 vel
3220 4694 3377 4749 etiam
3407 4696 3520 4752 for-

1894 4807 1899 4812 .
1941 4773 2081 4820 tasse
2116 4766 2403 4835 doctiores,
2438 4786 2529 4839 per
2549 4781 2627 4827 tot
2648 4782 2833 4844 gentes
2866 4776 3100 4845 Latinas,
3126 4781 3360 4850 (it-(neas,
3385 4784 3522 4843 Bar-

1941 4856 2118 4924 barus,
2146 4868 2202 4914 et
2231 4861 2396 4929 ipsam
2426 4863 2724 4929 llcbraiam,
2766 4866 3004 4923 Ecclesia
3035 4879 3146 4925 toto
3168 4874 3296 4937 orbe
3327 4874 3520 4933 diﬁ‘nsa

1939 4963 2127 5016 parere
2147 4952 2334 5019 potuit,
2358 4968 2477 5022 qua:
2501 4954 2670 5024 ipsum
2699 4972 2906 5027 quoque
2936 4973 3233 5031 pepererat,
3261 4966 3353 5036 qui
3386 4968 3516 5023 mihi

1940 5041 2085 5097 nullo
2112 5043 2271 5099 modo
2290 5045 2762 5117 videri-potuerunt
2784 5049 2973 5107 frustra
2993 5049 3227 5114 ualuisse
3252 5058 3406 5114 istam
3433 5069 3517 5115 te-

1939 5150 2068 5204 nere
2093 5137 2408 5193 sententiam
2440 5155 2454 5191 2
2484 5154 2587 5193 non
2616 5141 2738 5211 quia
2778 5141 2892 5198 fieri
2955 5161 3061 5200 non
3100 5134 3102 5138 ³
3134 5146 3302 5217 potuit
3353 5157 3410 5203 ut
3458 5150 3514 5207 is

1938 5227 2316 5285 obscurissima
2347 5232 2638 5300 quaestione
2661 5236 2840 5290 verius
2867 5238 3106 5307 pluribus
3130 5252 3268 5295 unus
3298 5244 3517 5309 pancivo

1939 5323 2229 5386 sentirent;
2259 5323 2355 5380 sed
2379 5326 2500 5395 quia
2530 5342 2637 5381 non
2667 5327 2821 5385 facile
2850 5346 2947 5400 pro
2968 5339 3079 5385 uno
3104 5332 3187 5387 vel
3212 5333 3395 5401 paucis
3417 5336 3517 5392 ad-

1939 5427 2126 5467 versus
2156 5414 2581 5472 innumerabiles
2611 5418 2851 5488 ejusdem
2900 5421 3167 5491 religionis
3200 5435 3262 5480 .ct
3300 5425 3526 5484 unitatis

1940 5506 2104 5572 viros,
2135 5515 2189 5560 ct
2230 5523 2422 5577 magno
2464 5509 2679 5579 ingenio
2703 5512 2935 5567 et‘uberi
2975 5512 3214 5570 doctrina
3243 5517 3514 5586 traditos,

1940 5597 2040 5651 nisi
2094 5600 2429 5667 pertractatis
2474 5615 2573 5669 pro
2614 5602 2813 5655 viribus
2855 5612 3013 5671 atque
3043 5607 3336 5676 perspectis
3361 5606 3518 5665 rebus

1938 5687 2154 5742 ferenda
2204 5691 2463 5743 sententia
2512 5700 2613 5743 est.
2668 5691 2848 5762 Itaque
2887 5693 3177 5773 sollicitius.
3210 5697 3517 5770 inquirenti,

2002 5807 2018 5833 ι
2045 5800 2148 5864 sola
2175 5802 2322 5851 editio
2343 5800 2729 5864 ιονηῄοιφὶυὺιυ.

2003 5866 2023 5895 ²
2048 5863 2233 5929 Altquol
2250 5871 2377 5924 iisan,
2401 5860 2503 5912 tali.
