4054 6470
485 575 683 640 quanta
714 564 842 621 mihi
884 563 1046 619 etiam
1090 560 1255 632 ipsius
1289 555 1768 650 Cypriani—liuent:
1793 564 2070 650 suggesse-

490 663 594 715 rint
626 672 724 731 pro
754 658 853 712 hac
878 654 1163 720 sententia,
1193 666 1349 723 quam
1380 663 1519 704 nunc
1546 645 1783 701 Ecclesia
1813 640 2071 697 catholica

494 762 658 816 tenet,
692 758 748 804 ut
775 746 971 805 Christi
1001 746 1301 815 Baptismns
1328 755 1432 795 non
1459 755 1527 794 ex
1556 738 1748 793 merito
1771 748 1956 835 eorum
1980 745 2077 835 per

491 857 628 915 quos
655 842 831 906 datur,
860 839 953 894 sed
982 853 1046 893 ex
1074 836 1242 909 ipsius
1270 833 1339 889 de
1367 846 1473 903 quo
1512 830 1711 885 dictum
1740 835 1842 892 est,
1876 823 1975 878 llic
1994 830 2077 915 est

494 913 579 1004 aui
604 936 822 1004 baptizat
840 930 1019 1002 (Joan.
1042 945 1080 992 ι.
1109 925 1225 999 35),
1246 920 1613 997 agnoscendus
1627 928 1683 975 et
1702 913 2081 989 approbandus

495 1029 586 1092 sit,
628 1027 680 1081 in
724 1038 1005 1096 progressu
1035 1018 1298 1075 sermonis
1336 1018 1504 1071 nostri
1533 1029 1621 1069 res
1661 1012 1775 1084 ipsa
1804 1006 2075 1064 indicabit.
2102 1066 2118 1078 ,

494 1118 831 1172 Arbitremur
868 1114 1047 1184 itaque
1069 1111 1181 1182 jam
1226 1108 1369 1164 illam
1395 1106 1695 1203 epistolam,
1732 1116 1852 1203 qua:
1889 1099 1955 1203 ad
1981 1098 2079 1203 lu-

496 1209 743 1265 baianum
774 1207 842 1262 ab
869 1205 1058 1261 eodem
1079 1203 1200 1257 data
1226 1208 1328 1264 est.
1354 1200 1629 1256 recitatam
1664 1195 1835 1256 nobis.
1864 1194 2002 1249 sicut
2028 1194 2081 1245 in

497 1299 724 1357 concilio
752 1298 825 1370 (a)
858 1297 1076 1353 recitata
1102 1304 1202 1350 est.
1234 1294 1397 1363 Legat
1420 1305 1538 1347 eam
1569 1289 1760 1361 primo,
1784 1287 1874 1358 qui
1916 1286 2083 1340 lectu-

499 1406 591 1447 rus
613 1401 695 1448 est
716 1389 830 1444 lucc
857 1403 978 1459 quae
1004 1386 1241 1442 dicturus
1268 1399 1405 1448 sum,
1440 1396 1509 1438 ne
1532 1380 1656 1452 quid
1679 1380 1813 1436 forte
1832 1391 2083 1434 necessa-

497 1483 637 1539 rium
669 1497 755 1537 me
783 1479 1112 1536 subtraxisse
1151 1476 1459 1533 arbitretur.
1489 1473 1656 1529 Nimis
1693 1470 1835 1528 enim
1869 1473 2083 1541 loagum

500 1584 607 1644 est,
633 1589 733 1629 nec
760 1573 826 1629 ad
872 1570 1279 1641 explicationem
1329 1576 1590 1637 suscepta:
1634 1564 1712 1621 rei
1748 1562 1995 1632 pertinet,
2028 1568 2086 1615 ut

502 1666 682 1722 omnia
708 1663 869 1720 verba
897 1661 1055 1734 hujus
1084 1659 1324 1731 epistola:
1372 1671 1513 1713 nunc
1541 1663 2026 1712 commemorentur
2054 1664 2085 1706 a

500 1758 677 1815 nobis.

529 1892 533 1897 .
570 1845 800 1904 CAPUT
827 1845 891 1901 γ.
916 1845 1061 1901 ——7.
1089 1843 1147 1900 Si
1186 1841 1307 1914 quis
1336 1850 1513 1897 autem
1540 1838 1751 1911 qurcrit,
1778 1836 1906 1908 quid
1949 1836 2089 1890 inte-

504 1940 607 1998 rim
634 1950 840 1997 teneam
870 1939 998 1995 dum
1034 1940 1134 1994 ista
1164 1945 1435 2009 pertracto
1461 1952 1477 1989 :
1507 1932 1827 2003 restiondeo,
1858 1931 2088 2001 primum

505 2033 635 2089 mihi
660 2031 911 2105 Cypriani
944 2031 1147 2086 litteras
1188 2027 1516 2127 suggessisse
1536 2026 1682 2127 quod
1704 2126 1709 2127 γ
1731 2022 2093 2127 ιειιῗηηηὰιῗο

503 2140 606 2180 nec
632 2122 947 2196 perspiciam
968 2122 1125 2193 quale
1144 2118 1213 2176 sit
1241 2119 1386 2192 quod
1412 2118 1573 2189 carpit
1595 2126 1783 2189 postea
1798 2115 2089 2186 disputari.

505 2216 597 2272 Ait
623 2216 820 2287 quippe
861 2215 975 2285 ipse
1020 2213 1320 2287 Cyprianus
1351 2229 1364 2267 :
1398 2211 1505 2266 Sed
1550 2210 1675 2264 dicit
1712 2208 1916 2278 aliquis,
1956 2205 2095 2273 Quid

504 2323 625 2380 ergo
647 2309 730 2378 [iet
750 2308 814 2362 de
832 2307 894 2362 iis
915 2306 1002 2377 qui
1025 2307 1077 2361 in
1099 2306 1408 2377 prateritum
1433 2303 1496 2359 de
1518 2303 1700 2357 Iucresi
1736 2301 1984 2356 venientes
2023 2297 2094 2353 ad

504 2399 946 2466 Ecclesiam,sine
978 2398 1242 2471 Baptistae
1278 2395 1488 2450 admissi
1525 2404 1641 2449 sunt
1666 2392 1861 2465 (Epist.
1893 2392 1982 2453 75,
2024 2391 2095 2444 ad

505 2490 1066 2562 Jubaianum)?Utrum
1092 2502 1277 2545 revera
1305 2488 1421 2542 sine
1446 2486 1719 2556 Baptismo
1746 2485 1832 2541 isti
1859 2482 2092 2549 fuerint;

492 2594 573 2636 an
623 2581 747 2636 ideo
771 2582 878 2636 sint
922 2579 1161 2644 admissi,
1192 2579 1314 2648 quia
1362 2575 1436 2633 illi
1479 2576 1569 2647 qui
1594 2575 1969 2641 admittebant,
2000 2589 2095 2630 eos

487 2674 705 2731 habere
750 2672 1079 2744 Baptismnm
1118 2668 1515 2741 intelligebant,
1564 2684 1689 2723 mox
1733 2666 2099 2723 considerabi-

506 2781 643 2821 mus.
678 2764 1054 2820 Verumtamen
1076 2777 1194 2832 qua:
1215 2761 1412 2816 soleret
1432 2774 1554 2815 esse
1582 2759 1836 2814 Ecclesia:
1864 2773 2091 2813 consue-

505 2856 655 2923 tudo,
683 2855 810 2910 satis
830 2854 971 2910 idem
990 2853 1288 2925 Cyprianus
1309 2850 1561 2917 ostendit,
1578 2851 1670 2921 qui
1688 2851 1781 2916 ait,
1803 2850 1855 2905 in
1878 2857 2095 2919 praeter-

504 2948 635 3004 itum
671 2946 743 3003 de
787 2945 976 3001 haeresi
1012 2943 1084 2999 ad
1122 2941 1416 2999 Ecclesium
1441 2942 1717 2996 venientes
1756 2941 1874 2996 sine
1913 2940 2096 3011 Bapti-

504 3055 624 3095 smo
644 3039 929 3094 admissos.

579 3131 633 3186 8.
676 3128 812 3185 Dicit
846 3129 1010 3184 etiam
1055 3126 1115 3181 in
1157 3125 1274 3197 ipso
1297 3124 1527 3182 concilio
1550 3124 1740 3180 Castus
1787 3123 2093 3180 Siccensis:

507 3224 611 3293 Qui
661 3232 949 3293 contempta
993 3222 1203 3279 veritate
1251 3221 1509 3293 prmumit
1550 3219 1959 3274 consuetudinem
2011 3235 2093 3273 se-

492 3316 589 3387 qui
614 3358 628 3381 ,
677 3325 766 3371 aut
810 3316 946 3369 circa
988 3317 1170 3397 {ran'es
1199 3312 1400 3367 invidus
1425 3322 1498 3365 est
1525 3323 1570 3366 et
1606 3311 1881 3382 malignus,
1918 3311 2096 3381 quibus

485 3408 685 3462 meritas
712 3405 998 3472 repetatur;
1027 3405 1275 3460 πειθέτω
1307 3402 1466 3457 Deum
1482 3403 1709 3473 ingratus
1731 3412 1823 3468 est,
1850 3405 1995 3471 cujus
2014 3404 2094 3455 in-

502 3499 782 3570 spiratione
810 3497 1035 3553 Ecclesia
1059 3498 1169 3564 eius
1195 3495 1479 3550 instruitur.
1498 3494 1696 3550 vUtrum
1720 3494 1916 3549 veritas
1940 3509 2092 3549 reve-

505 3592 611 3647 lata
633 3592 723 3658 sit,
752 3606 874 3645 mox
896 3604 1195 3660 qua-remus
1220 3604 1233 3644 τ
1254 3596 1440 3643 tamen
1461 3586 1619 3643 aliam
1638 3585 1810 3641 fuisse
1834 3586 2088 3641 Ecclesiae

504 3683 967 3747 consuetudinem,
995 3682 1154 3739 etiam
1186 3681 1285 3736 iste
1304 3678 1580 3735 confessus
1605 3688 1708 3735 est.

577 3774 803 3832 CAPUT
845 3774 929 3828 Vl.
958 3805 1033 3817 --
1064 3774 1118 3830 9.
1162 3772 1301 3831 Dicit
1335 3781 1395 3827 et
1435 3763 1661 3828 Libosus
1698 3771 1955 3841 Vagensis
1984 3791 1996 3827 :
2027 3770 2093 3827 In

498 3866 785 3940 Evangelia
814 3865 1123 3929 Domiitus,~
1152 3882 1170 3917 α
1206 3864 1316 3935 Ego
1344 3879 1485 3930 sum,
1514 3881 1535 3916 ι
1567 3864 1764 3934 inquit,
1811 3883 1829 3915 ι
1859 3864 2037 3919 veritus
2065 3885 2085 3918 ι

498 3960 823 4032 (Iamnam
846 3959 940 4029 6):
968 3974 1071 4012 non
1121 3956 1269 4019 dixit,
1321 3954 1431 4025 ligo
1471 3972 1583 4010 sum
1619 3956 1944 4008 consuetudo.
1982 3954 2091 4008 Ita-

507 4068 605 4118 que
653 4051 857 4105 veritate
890 4048 1273 4117 manifestata,
1313 4045 1459 4107 cedat
1502 4046 1820 4100 consuetudo
1872 4047 2090 4101 veritati.

504 4144 669 4200 Plane
695 4143 815 4212 quis
857 4141 1062 4196 dubitet
1092 4139 1300 4195 veritati
1341 4136 1693 4195 manifestata:
1731 4138 1928 4195 debere
1956 4154 2089 4193 con—

504 4234 855 4291 suetudinem.
870 4232 1099 4288 cedere?
1126 4230 1232 4285 Sed
1260 4230 1327 4285 de
1352 4228 1687 4285 manifestata
1718 4230 1938 4285 veritate
1968 4246 2092 4286 mox

501 4324 838 4380 videbimus:
866 4336 1008 4377 nunc
1034 4330 1209 4375 tamen
1235 4331 1289 4374 et
1326 4319 1426 4374 iste
1454 4319 1612 4373 aliam
1648 4320 2089 4375 consuetudinem

505 4418 670 4472 fuisse
696 4412 1023 4470 manifestat.
1926 4450 1929 4455 ν

566 4504 805 4563 CAPUT
830 4503 944 4559 VII.
964 4533 1034 4544 —
1052 4502 1141 4558 10.
1175 4501 1304 4558 Item
1329 4500 1575 4556 Zosimns
1594 4515 1623 4554 a
1640 4500 1901 4556 Tharassa
1923 4501 2088 4557 dixit:

501 4598 831 4655 fimlatione
860 4600 1000 4666 facta
1024 4594 1265 4660 veritatis,
1297 4593 1443 4648 cedat
1471 4609 1611 4647 error
1634 4594 1829 4647 veritati
1857 4610 1875 4648 :
1901 4596 2019 4663 quia
2045 4606 2091 4650 et

509 4688 799 4761 Petrusqui
825 4689 967 4760 prius
989 4685 1408 4751 circumcidebat,
1445 4683 1589 4738 cessit
1632 4684 1797 4739 Paulo
1834 4688 2091 4743 veritatem

506 4758 834 4853 prédicanti.
857 4777 1038 4833 Noluit
1064 4776 1277 4859 quidem
1303 4775 1405 4831 iste
1428 4775 1607 4832 dicere
1627 4778 2089 4847 consuetudinem,

505 4874 600 4929 sed
630 4886 869 4928 errorem
898 4888 913 4925 :
948 4878 1316 4926 verumtamen
1342 4884 1462 4924 cum
1485 4868 1633 4935 dicit,
1662 4869 1794 4938 Quia
1821 4880 1870 4925 et
1906 4870 2091 4927 Petrus

505 4965 593 5036 qui
621 4965 763 5036 prius
792 4962 1199 5027 circumcidebat,
1234 4962 1379 5016 cessit
1415 4960 1582 5016 Paulo
1607 4963 1861 5017 veritatem
1903 4965 2092 5034 ρτωάῑ-

506 5056 719 5121 dicanti,
753 5054 885 5111 satis
911 5053 1106 5109 indicat
1133 5052 1274 5124 quod
1317 5053 1459 5109 aliud
1501 5053 1659 5110 etiam
1706 5054 1775 5111 de
1820 5055 2092 5128 Baptismo

508 5148 625 5204 ﬁeri
645 5145 870 5203 solebat.
893 5145 1061 5201 Simul
1080 5154 1136 5199 et
1159 5143 1411 5201 admonet
1429 5161 1549 5213 nos,
1572 5162 1677 5201 non
1706 5146 1867 5203 fuisse
1894 5148 2093 5219 impos-

507 5238 665 5295 sibile
694 5246 754 5293 ut
770 5237 839 5293 de
861 5236 1139 5307 Daplismo
1162 5234 1459 5307 Cyprianus
1486 5238 1682 5308 aliquid
1704 5239 1858 5294 aliter
1880 5251 2093 5311 saperet

508 5342 667 5399 quam
708 5328 908 5384 veritas
947 5327 1267 5398 postulabat,
1310 5344 1430 5399 quae
1476 5328 1546 5383 ab
1577 5329 1815 5385 Ecclesia
1857 5339 1913 5386 et
1965 5342 2091 5387 ante

507 5419 655 5473 illum
706 5428 759 5474 et
802 5428 923 5488 post
965 5418 1112 5473 illum
1164 5427 1366 5475 retenta
1416 5428 1531 5485 est;
1589 5421 1634 5474 si
1679 5421 1849 5490 potuit
1893 5422 2091 5493 aliquid

504 5510 667 5565 esiasn
707 5510 896 5565 Petrus
936 5511 1091 5565 aliter
1124 5525 1319 5583 sapere
1360 5526 1517 5580 quam
1559 5514 1755 5568 veritas
1801 5512 2087 5582 habebat‘,

506 5614 667 5670 quam
714 5599 879 5656 Paulo
915 5601 1156 5670 apostolo
1196 5601 1416 5657 doctore
1452 5599 1738 5657 didicimus
1782 5601 1982 5677 (Galat.
2029 5621 2085 5673 ιι,

513 5691 726 5759 H-H).

567 5846 586 5877 ⁸
616 5845 697 5895 Alii
725 5846 891 5912 plures
909 5847 1035 5903 libri.
1060 5848 1188 5912 quod
1214 5848 1388 5898 veritas
1410 5861 1503 5898 non
1526 5848 1744 5901 habebat.

561 5912 636 5972 Qa)
659 5910 1033 5972 Carthaginiensi.

1233 443 1320 498 DE
1359 434 1693 495 BAPTISMO
1729 429 2003 489 CONTRA
2045 424 2488 497 DUNATISTAS,
2529 429 2588 485 S.
2630 430 3000 489 AUCUSTINI

3667 441 3770 498 ιη

2254 541 2479 598 CAPUT
2511 543 2640 600 VIII.
2664 578 2735 587 —
2758 548 2842 603 Il.
2870 546 2999 603 Item
3032 547 3182 604 Felix
3215 565 3243 605 a
3273 551 3584 607 anlaccni'
3605 554 3769 609 dixit:

2184 632 2255 688 In
2277 635 2522 691 Ita'rett'cis
2546 638 2657 693 sine
2683 639 2924 695 Ecclesia:
2946 639 3208 708 Baptismo
3236 645 3561 701 admittendis
3578 691 3590 711 ,
3624 654 3784 702 nemo"

2185 729 2595 783 consuetudinem
2623 733 2809 785 rationi
2846 742 2891 787 et
2929 735 3123 788 ueritati
3166 748 3461 806 pracponat;
3498 740 3616 811 quia
3641 756 3770 793 con-

2186 823 2500 877 suetudinem
2543 824 2672 878 ratio
2712 833 2758 878 et
2800 827 2979 880 veritas
3017 844 3211 898 sentpr
3249 830 3491 884 excludit.
3518 830 3576 885 Si
3610 832 3771 897 ratio,

2188 913 2233 968 si
2257 915 2473 979 veritas,
2506 918 2706 985 optime
2737 935 2748 968 :
2782 917 2880 972 sed
2905 918 3003 972 hoc
3040 934 3160 973 mox
3190 921 3505 975 videbimus.
3552 923 3773 977 interim

2186 1005 2343 1061 aliam
2386 1006 2550 1064 fuisse
2583 1010 3022 1065 consuetudinem
3054 1014 3213 1067 etiam
3257 1015 3433 1070 verbis
3477 1018 3632 1087 hujus
3674 1032 3776 1086 ap-

2190 1111 2359 1170 paret.

2258 1190 2484 1248 CAPUT
2523 1193 2614 1249 IX.
2639 1226 2707 1235 —
2738 1194 2822 1249 12.
2866 1197 2995 1253 Item
3023 1198 3321 1256 Hornoratns
3345 1219 3375 1258 a
3398 1204 3569 1260 Tucca
3598 1207 3736 1262 dixit
3760 1229 3777 1264 :

2190 1280 2316 1338 Cum
2341 1283 2575 1340 Christus
2604 1290 2785 1344 reritas
2810 1290 2893 1358 sit,
2918 1294 3078 1364 magis
3108 1297 3361 1350 veritatem
3381 1315 3532 1367 quam
3561 1318 3780 1355 consue-

2191 1378 2415 1432 tudinem
2439 1383 2579 1452 sequi
2606 1383 2856 1438 debemus.
2900 1386 2993 1442 His
3020 1391 3265 1445 omnibus
3295 1397 3572 1451 sententiis
3598 1397 3782 1453 decla-

2194 1481 2340 1525 ratur
2388 1488 2490 1528 non
2534 1485 2683 1530 extra
2731 1477 2986 1534 Ecclesia:
3028 1486 3456 1542 communionem
3508 1506 3605 1544 nos
3655 1506 3785 1549 esse

2193 1565 2529 1633 constitutos,
2558 1567 2729 1623 donec
2753 1571 2965 1636 veritas,
3005 1591 3159 1643 quam
3186 1577 3366 1633 dicunt
3403 1581 3522 1636 huic
3550 1599 3783 1640 consue-

2195 1656 2362 1710 tudini
2391 1673 2509 1712 csxe
2542 1664 2975 1732 pra‘pOnendam,
3010 1667 3207 1738 liquido
3233 1670 3480 1728 cluserit.
3514 1675 3567 1730 Si
3598 1688 3785 1733 autem

2195 1746 2392 1804 veritas
2423 1749 2473 1805 id
2502 1756 2710 1821 aperuit
2733 1770 2853 1811 esse
2880 1759 3238 1829 retinendum,
3260 1765 3400 1832 quod
3437 1766 3521 1819 illa
3550 1783 3786 1825 consue-

2198 1840 2324 1894 tudo
2354 1847 2778 1914 przcscripserat;
2820 1850 3157 1907 manifestum
3182 1856 3306 1920 erit,
3346 1872 3447 1913 nec
3484 1858 3627 1915 illam
3667 1859 3787 1916 frn-

2197 1943 2305 1987 stra
2337 1933 2501 1990 fuisse
2528 1938 2822 1994 institutam
2853 1952 3012 2013 atque
3036 1944 3365 2013 roboratam,
3399 1960 3452 2003 et
3478 1952 3789 2021 vigilantius

2197 2026 2361 2080 etiam
2389 2038 2507 2096 post
2528 2029 2655 2085 istas
2682 2031 3069 2102 disputationes
3101 2040 3235 2093 tanti
3274 2040 3604 2098 Sacramcnti
3639 2046 3795 2117 salu-p

2198 2115 2485 2173 berrimam
2526 2122 2950 2181 observationem
2994 2128 3049 2183 in
3091 2130 3328 2187 Ecclesia
3375 2135 3633 2191 catholica
3673 2154 3787 2193 non

2200 2213 2437 2279 potuisse
2461 2215 2674 2282 mutari,
2698 2216 2793 2271 sed
2823 2221 3165 2276 conciliorum
3192 2224 3351 2278 etiam
3376 2226 3562 2297 nnijori
3589 2229 3789 2285 robore

2199 2305 2567 2361 continuatam
2595 2309 2992 2381 religiosissime
3015 2316 3292 2372 custodiri.

2272 2397 2508 2454 CAPUT
2542 2399 2608 2454 Χ.
2630 2433 2704 2442 —
2730 2406 2814 2460 l5.
2854 2405 3049 2463 Scribit
3086 2426 3216 2481 ergo
3250 2411 3315 2467 ad
3337 2412 3652 2471 lubaianum
3676 2416 3789 2489 Cy-

2202 2488 2442 2559 prianus,
2472 2492 2535 2545 de
2560 2493 2908 2551 Ira'reticorutn
2930 2498 3215 2570 Baptismo,
3237 2507 3324 2575 qui
3358 2507 3604 2563 videntur
3624 2510 3671 2565 ei
3698 2488 3789 2580 {o-

2202 2581 2273 2636 ris
2308 2584 2478 2652 positi,
2507 2597 2554 2640 et
2586 2597 2725 2642 extra
2766 2590 3045 2647 Ecclesium
3073 2598 3360 2663 constituti,
3402 2602 3654 2657 vindicare
3690 2605 3792 2658 sibi

2203 2687 2327 2737 rem,
2359 2691 2449 2729 nec
2465 2677 2603 2746 juris
2628 2682 2725 2741 sui,
2755 2698 2843 2734 nec
2866 2687 3146 2753 potestatis,
3176 2688 3312 2757 quod
3336 2708 3451 2757 nos,
3483 2694 3671 2763 inquit,
3695 2713 3793 2751 nec

2203 2773 2369 2818 ratum
2416 2786 2679 2837 pessulum
2728 2790 2820 2827 nec
2861 2776 3135 2847 legitimum
3188 2792 3404 2850 putare,
3450 2788 3652 2855 quando
3692 2789 3793 2842 hoc

2204 2858 2343 2926 apud
2367 2875 2452 2913 eos
2476 2876 2582 2915 esse
2602 2874 2789 2917 constet
2815 2866 3068 2923 illicitum.
3099 2870 3207 2927 Nec
3237 2889 3335 2928 nos
3359 2876 3641 2933 abnuimus
3663 2895 3791 2936 cum

2204 2947 2292 3017 qui
2339 2950 2478 3019 apud
2520 2950 2799 3009 bmretiios
2841 2958 2925 3012 vel
2970 2957 3021 3013 in
3074 2960 3257 3032 aliquo
3297 2965 3584 3023 schismate
3634 2978 3795 3025 extra

2204 3042 2633 3099 Cnmmuninnem
2681 3046 2931 3103 Ecclesiae
2974 3049 3294 3123 baptizatur,
3321 3070 3427 3112 non
3456 3059 3503 3113 ei
3532 3059 3795 3129 prodesse

2206 3132 2256 3185 in
2275 3145 2527 3202 quantum
2558 3134 2927 3194 luereticorum
2956 3151 3009 3197 et
3034 3141 3490 3203 scbismaticorum
3521 3154 3793 3221 perversi-

2206 3224 2297 3277 tati
2324 3227 2617 3292 consentit;
2652 3244 2750 3285 nec
2776 3230 2892 3285 illos
2920 3233 3012 3302 qui
3039 3233 3325 3304 baptizant.
3352 3243 3593 3309 quamvis
3614 3244 3791 3313 ipsum

2203 3321 2258 3366 et
2302 3330 2483 3369 verum
2527 3317 2654 3372 dent
2694 3319 2946 3388 Baptismi
2990 3337 3400 3394 sacramentum,
3434 3342 3579 3387 recte
3609 3344 3794 3391 tamen

2202 3403 2396 3472 facere,
2425 3416 2577 3463 extra
2595 3410 2884 3467 Ecclesium
2900 3415 3170 3485 colligere,
3201 3432 3255 3474 et
3281 3432 3471 3477 contra
3495 3425 3791 3483 Ecclesium

2200 3496 2420 3552 sentire.
2454 3496 2557 3554 Sed
2587 3500 2731 3556 aliud
2758 3514 2840 3559 est
2876 3520 2980 3560 non
3023 3506 3219 3566 habere
3251 3512 3471 3582 aliquid,
3506 3517 3648 3573 aliud
3678 3536 3791 3575 non

2196 3585 2317 3656 jure
2344 3586 2541 3645 habere
2570 3592 2654 3646 vel
2684 3593 2864 3651 illicite
2890 3613 3167 3668 usurpare.
3195 3600 3312 3656 Non
3344 3604 3517 3676 itaque
3538 3609 3659 3663 ideo
3678 3626 3790 3667 non

2200 3690 2325 3735 sunt
2348 3683 2686 3741 Sacramenta
2712 3688 2910 3746 Christi
2944 3702 2999 3748 et
3022 3695 3309 3765 Ecclesiae,
3335 3702 3460 3771 quia
3484 3706 3565 3759 eis
3605 3706 3792 3763 illicite

2201 3782 2441 3841 uruntur,
2473 3793 2578 3831 non
2609 3778 2843 3837 hau-elici
2870 3786 3064 3850 solum,
3096 3791 3190 3843 sed
3216 3791 3376 3847 etiarn
3402 3810 3589 3851 omnes
3615 3799 3801 3867 iniqui.

2200 3874 2255 3919 et
2285 3867 2451 3938 Impii.
2484 3869 2589 3925 Sed
2621 3880 2797 3929 tamen
2824 3876 2897 3931 illi
2928 3883 3224 3951 corrigendi
3254 3895 3344 3938 aut
3371 3888 3669 3955 puniendi:
3699 3892 3790 3948 illa

2198 3973 2326 4013 vero
2351 3965 2684 4031 agnoscenda
2708 3978 2762 4022 et
2792 3973 3089 4027 veneranda
3116 3986 3262 4030 sunt.

2271 4052 2357 4105 i4.
2402 4054 2537 4110 Dicit
2561 4072 2690 4113 sane
2731 4060 2798 4115 de
2839 4062 2938 4116 hac
2985 4079 3044 4119 re
3077 4082 3183 4121 non
3224 4084 3410 4137 unum,
3441 4074 3535 4129 sed
3566 4076 3674 4130 duo
3703 4080 3788 4134 vel

2198 4145 2427 4215 amplius
2474 4149 2610 4203 facta
2658 4166 2778 4208 esse
2833 4158 3095 4227 concilia,
3144 4161 3239 4215 sed
3288 4174 3464 4220 tamen
3513 4169 3790 4229 Africana.

2197 4235 2330 4291 Nam
2368 4250 2421 4293 ct
2462 4241 2513 4294 in
2561 4244 2791 4312 quodam
2833 4253 3163 4320 septuaginta
3206 4264 3265 4309 et
3304 4273 3465 4313 unum)
3504 4263 3794 4334 episcopos

2199 4329 2361 4385 fuisse
2404 4345 2829 4404 commemorat,
2874 4355 3099 4410 quorum
3154 4350 3392 4403 omnium
3444 4329 3789 4423 auctoritati,

2198 4420 2459 4475 universa:
2486 4422 2742 4481 Ecclesiae
2769 4443 2890 4483 cum
2924 4429 3079 4503 longe
3109 4434 3348 4504 pluribus
3375 4440 3641 4512 episcopis
3674 4420 3803 4502 toto

2196 4511 2328 4566 orbe
2352 4512 2559 4570 dill'usaa
2586 4519 2960 4576 auctoritatem
2990 4538 3098 4578 non
3123 4525 3428 4585 dubitamus
3467 4549 3587 4588 cum
3620 4540 3792 4605 ipsius

2196 4599 2446 4673 Cypriani
2494 4622 2623 4675 pace
2663 4623 2999 4681 pra-ponere,
3039 4616 3193 4687 cujus
3224 4622 3485 4679 universa:
3531 4599 3791 4686 Ecciesizc

2198 4694 2532 4754 inevulsibile
2562 4703 2859 4759 membrum
2886 4722 2946 4761 se
2973 4723 3094 4763 esse
3118 4711 3403 4778 gaudebat.

2271 4791 2357 4845 15.
2398 4790 2512 4847 Νοη
2536 4806 2619 4849 eSt
2644 4808 2822 4851 autem
2851 4816 2985 4872 aqua
3010 4803 3231 4873 profana
3254 4817 3301 4861 et
3329 4810 3560 4865 adultera
3578 4854 3593 4877 ,
3624 4828 3795 4885 super

2197 4896 2354 4951 quam
2410 4900 2605 4942 nomen
2650 4887 2747 4943 Dei
2794 4890 3089 4957 invocatur.
3136 4896 3342 4953 etiamsi
3382 4915 3414 4955 a
3460 4901 3700 4971 profanis
3736 4916 3793 4963 es

2197 4973 2453 5031 adulteris
2510 4977 2837 5037 invocetur:
2878 4984 3003 5054 quia
3054 5001 3154 5042 nec
3203 4988 3314 5058 ipsa
3361 5001 3603 5049 creatura
3630 5036 3646 5059 ,
3691 5015 3796 5054 nec

2198 5067 2371 5137 ipsum
2403 5087 2597 5127 nomen
2628 5073 2927 5131 adulterum
2958 5087 3060 5134 est.
3104 5080 3405 5150 Baptismus
3434 5102 3561 5141 vero
3588 5088 3794 5148 ChriSti

2198 5164 2373 5220 verbis
2398 5167 2721 5237 evangelicis
2748 5183 3110 5241 consecratus,
3140 5184 3195 5231 et
3233 5193 3329 5247 per
3354 5180 3628 5238 adulteros
3648 5194 3705 5239 et
3736 5187 3791 5240 in

2197 5254 2452 5315 adulteris
2471 5270 2686 5317 sanctus
2711 5275 2812 5331 est,
2834 5269 3085 5337 quamvis
3105 5270 3182 5325 illi
3208 5272 3317 5326 sint
3342 5274 3591 5344 impudici
3608 5287 3666 5333 et
3686 5281 3791 5333 im-

2200 5349 2380 5404 mundi
2414 5370 2427 5405 :
2455 5353 2577 5422 quia
2604 5355 2717 5426 ipsa
2751 5358 2868 5428 ejus
2892 5361 3146 5416 sanctitas
3170 5364 3341 5434 pollui
3370 5382 3475 5421 non
3509 5378 3708 5438 potest,
3732 5380 3805 5428 er-

2198 5452 2532 5499 sacramento
2552 5459 2652 5500 suo
2671 5447 2848 5503 divina
2873 5451 3039 5506 virtus
3062 5455 3285 5522 assistit,
3314 5456 3431 5514 sive
3459 5460 3526 5515 ad
3556 5461 3792 5519 salutem

2198 5533 2334 5590 bene
2363 5538 2644 5608 utentium,
2679 5541 2796 5598 sive
2817 5543 2882 5599 ad
2911 5546 3198 5613 perniciem
3228 5550 3365 5606 male
3390 5555 3671 5609 utentium.
3700 5558 3790 5613 An

2196 5640 2325 5681 vero
2367 5628 2496 5684 solis
2537 5632 2619 5686 vel
2665 5635 2825 5689 etiam
2856 5636 3085 5692 lucernae
3112 5639 3226 5705 lus,
3271 5658 3391 5697 cum
3433 5660 3527 5714 per
3563 5661 3790 5705 cannas

2260 5795 2275 5866 ξ
2303 5790 2417 5841 Editi
2435 5825 2452 5852 ,
2472 5804 2504 5841 a
2530 5793 2819 5866 utwlacenis.
2846 5801 2900 5843 At
2922 5802 3053 5866 less,
3074 5810 3107 5845 a
3137 5797 3385 5866 Buslaceni
3399 5836 3413 5859 ,
3454 5809 3514 5866 Aut
3550 5806 3679 5865 apud
3702 5814 3790 5857 m-

2195 5854 2447 5925 prianuni;
2472 5854 2586 5925 vel,
2607 5869 2638 5905 a
2676 5855 3086 5925 Buslacccni._sic
3120 5872 3239 5913 vero
3282 5854 3641 5925 antiquissimus
3673 5854 3788 5918 agi.

2198 5919 2416 5968 bcicnsis
2439 5918 2613 5979 codex,
2641 5925 2691 5967 et
2713 5918 3043 5971 Hociacensis.
