4054 6468
259 448 591 513 ditl‘unditur,
621 447 751 502 nihil
776 445 896 501 inde
920 442 1155 500 sordium
1175 442 1457 501 contrahit.
1479 450 1531 497 et
1551 442 1845 512 baptismus

261 541 453 597 Christi
508 548 690 611 potest
738 539 1049 607 cujusquam
1101 534 1391 589 sceleribus
1446 532 1746 601 inquinari?
1793 532 1845 587 Si

257 636 399 689 enim
417 631 483 685 ad
507 631 652 699 ipsas
669 646 754 685 res
775 628 1014 683 visibiles
1036 627 1228 698 quibus
1246 626 1587 682 Sacramenta
1616 631 1846 678 tractau-

259 737 361 789 tur,
389 723 631 776 animum
659 718 1028 783 conferamus;
1073 720 1191 788 quis
1230 716 1434 771 nesciat
1458 730 1550 772 cas
1584 730 1705 770 esse
1731 728 1848 769 cor-

257 808 573 886 ruptibiles?
620 816 675 870 Si
717 824 896 870 autem
937 812 1005 866 ad
1054 812 1105 866 id
1147 810 1289 881 quod
1332 825 1427 879 per
1470 808 1589 862 illas
1638 807 1844 877 agitur.

255 910 373 979 quis
404 923 515 961 non
543 906 719 961 videat
747 920 853 958 non
898 917 1054 974 posse
1077 900 1369 969 corrumpi,
1401 898 1643 969 quamvis
1672 898 1845 952 homi-

258 1016 353 1054 nes
380 1015 478 1070 per
499 1013 636 1069 quos
659 998 850 1067 agitur,
880 1010 977 1066 pro
992 995 1105 1049 suis
1126 992 1361 1047 moribus
1383 991 1467 1046 vel
1492 990 1708 1061 praemia
1727 1003 1846 1060 pcr—

256 1093 477 1161 cipiaut,
512 1091 595 1144 vel
625 1104 809 1158 pinnas
839 1085 1020 1139 litant?

325 1182 557 1239 CAPUT
586 1180 673 1237 Xl.
700 1209 772 1220 —
795 1179 880 1235 16.
922 1178 1087 1232 Recte
1105 1185 1284 1231 autem
1312 1189 1419 1229 non
1442 1171 1846 1242 movitCypria-

255 1292 379 1332 num
405 1275 550 1346 quod
578 1274 792 1341 scripsit
819 1270 1108 1328 Jubaianus
1128 1311 1142 1335 ,
1190 1267 1243 1322 Ν
1247 1267 1589 1322 ovationenses
1625 1265 1849 1332 rebapti-

253 1384 369 1420 sare
397 1382 480 1419 eos
508 1365 594 1435 qui
616 1363 684 1416 ad
711 1379 763 1416 se
791 1378 853 1415 ex
889 1359 1153 1416 Catholica
1188 1358 1431 1412 venirent.
1478 1355 1661 1425 Neque
1700 1355 1844 1408 enim

251 1458 514 1531 quidquid
545 1455 779 1511 ltzrretici
807 1470 1055 1524 perverse
1094 1452 1290 1507 fuerint
1324 1450 1535 1513 imitati,
1564 1456 1843 1519 propterea

257 1548 571 1603 faciendum
602 1563 634 1602 a
660 1546 952 1601 Catholicis
982 1560 1084 1598 non
1115 1551 1217 1607 est,
1244 1542 1366 1612 quia
1395 1540 1467 1594 illi
1495 1538 1742 1593 similiter
1767 1538 1847 1590 ta-

251 1629 423 1695 eiunt.
450 1638 559 1695 Sed
584 1638 724 1692 aliud
752 1648 833 1693 est
862 1652 958 1691 cur
987 1634 1223 1689 lucretici
1254 1633 1585 1702 rebaptizare
1620 1646 1726 1684 non
1754 1628 1848 1683 de-

254 1733 439 1795 beant,
470 1729 613 1784 aliud
642 1744 740 1783 cur
763 1726 1060 1782 Catholica.
1106 1724 1354 1779 [heretici
1385 1724 1527 1776 enim
1568 1737 1666 1777 nec
1702 1721 1746 1776 si
1794 1721 1846 1775 in

250 1822 533 1877 Catholica
569 1819 867 1875 iaciendum
896 1825 1059 1883 esset,
1098 1815 1273 1871 facere
1305 1813 1596 1879 deberent;
1643 1813 1765 1883 quia
1795 1812 1846 1867 in

251 1914 549 1971 Catholicis
582 1913 683 1968 hoc
714 1928 816 1967 non
840 1926 959 1967 esse
987 1910 1190 1975 dicunt,
1218 1908 1358 1979 quod
1397 1908 1493 1977 ipsi
1524 1922 1643 1961 cum
1672 1906 1741 1961 ibi
1763 1921 1849 1960 es-

250 2017 370 2064 sent
421 2016 782 2078 acceperunt,
827 2016 883 2062 et
919 2020 1039 2059 cum
1084 2002 1424 2058 discederent
1471 2000 1843 2055 abstulerunt:

248 2101 531 2156 Catholica
583 2114 710 2155 vero
755 2108 1035 2169 propterea
1087 2113 1190 2151 non
1231 2094 1388 2151 debet
1436 2096 1628 2149 iterare
1672 2094 1851 2164 Bapti-

248 2210 454 2258 sutum,
487 2192 578 2263 qui
612 2190 750 2261 apud
789 2188 1067 2244 haereticos
1092 2187 1246 2241 datus
1274 2195 1375 2250 est,
1408 2202 1474 2241 ne
1509 2186 1746 2255 judicare
1773 2184 1850 2239 vi-

247 2285 444 2339 deatur
488 2282 728 2352 ipsorum
776 2295 895 2335 esse
944 2277 1085 2349 quod
1115 2277 1314 2331 Christi
1354 2286 1455 2343 est,
1501 2287 1711 2332 auteos
1741 2292 1845 2330 non

249 2374 479 2440 habere,
511 2372 655 2443 quod
692 2373 833 2427 intus
861 2386 980 2425 cum
1010 2369 1336 2438 acceperint,
1381 2368 1629 2423 amittere
1665 2369 1849 2437 utique

248 2467 394 2521 foras
419 2464 679 2520 exeundo
705 2479 808 2518 nco
839 2472 1078 2532 possunt.
1109 2460 1220 2515 lloc
1253 2461 1393 2515 enim
1422 2460 1536 2529 ipse
1561 2460 1721 2514 ctiant
1743 2459 1849 2530 Cy-

250 2559 473 2629 prianus
504 2571 627 2610 eum
654 2554 862 2610 ceteris
884 2554 1087 2616 statuit,
1121 2561 1177 2606 ut
1210 2553 1253 2607 si
1293 2551 1362 2605 ab
1387 2551 1680 2605 hmresibus
1721 2550 1846 2605 red-

251 2651 389 2704 irent
420 2648 491 2701 ad
521 2646 838 2711 Ecclesiam,
878 2645 1197 2715 quicumque
1222 2641 1433 2697 fuerant
1476 2642 1527 2695 in
1567 2656 1631 2695 ea
1671 2641 1847 2710 bapti-

251 2743 377 2808 zati,
424 2756 537 2795 non
561 2740 670 2808 jam
702 2754 796 2807 per
832 2737 1184 2807 Baptismum,
1229 2735 1323 2790 sed
1350 2751 1444 2805 per
1483 2736 1849 2804 pmnitentiatn

254 2836 667 2903 reciperentur:
695 2832 834 2886 unde
858 2839 1071 2886 constat
1110 2844 1203 2883 eos
1248 2844 1353 2883 non
1399 2843 1557 2898 posse
1602 2828 1851 2883 amittere

258 2925 594 2984 recedentes.
623 2923 764 2993 quod
793 2939 896 2977 non
937 2922 1199 2991 reripiuut
1235 2928 1557 2974 remeantes.
1600 2919 1717 2973 Non
1754 2934 1849 2972 auc

260 3030 360 3072 tum
380 3017 521 3071 sicut
545 3015 768 3070 lia-resis
795 3015 1027 3084 ipsorum
1046 3022 1146 3075 est,
1166 3012 1301 3066 sicut
1320 3026 1470 3066 error
1487 3012 1720 3082 ipsorum
1742 3019 1846 3077 est,

253 3109 386 3162 sicut
420 3108 762 3178 sacrilegium
798 3104 1145 3161 dissensionis
1172 3104 1404 3174 ipsorum
1432 3111 1531 3168 est,
1575 3101 1654 3157 sic
1686 3101 1848 3157 etiam

254 3201 561 3273 Baptismus
590 3201 678 3270 qui
711 3197 907 3253 Christi
946 3205 1047 3261 est,
1076 3195 1179 3250 dici
1206 3194 1365 3250 debet
1394 3196 1651 3265 ipsorum.
1671 3192 1850 3264 Itaque

253 3310 373 3349 cum
400 3292 493 3346 illa
527 3292 664 3344 mala
687 3291 918 3359 ipsorum
940 3286 1152 3358 quando
1177 3287 1398 3342 redeunt
1420 3287 1774 3355 corriguntur,
1796 3286 1849 3341 in

253 3401 317 3439 eo
328 3382 473 3455 quod
495 3384 730 3452 ipsorum
744 3396 847 3435 non
861 3390 961 3446 est,
977 3380 1065 3434 ille
1104 3388 1187 3435 est
1196 3377 1563 3450 agnoscendus
1576 3377 1731 3447 cujus
1747 3386 1847 3432 est.

326 3474 558 3531 CAPUT
589 3472 704 3527 XII.
734 3501 807 3512 —
834 3473 921 3526 17.
956 3470 1080 3525 Ideo
1117 3479 1294 3524 autem
1318 3484 1424 3524 non
1453 3484 1511 3531 se
1538 3484 1729 3523 novam
1759 3477 1854 3523 aut

254 3566 597 3637 repentinam
624 3579 736 3619 rem
766 3563 1014 3618 statuisse
1050 3560 1235 3616 beatus
1264 3561 1564 3634 Cyprianus
1595 3560 1849 3630 ostendit,

255 3662 378 3731 quia
406 3658 511 3715 sub
535 3657 828 3728 Agrippino
858 3655 971 3709 tieri
1005 3655 1117 3726 jam
1149 3662 1402 3723 cmperat.
1439 3671 1458 3706 ι
1488 3654 1623 3707 Anni
1650 3662 1790 3716 sunt,
1827 3671 1846 3706 ι

256 3752 449 3820 inquit,
489 3768 510 3803 t
540 3748 714 3815 multi,
750 3758 805 3804 et
841 3748 996 3819 longa
1027 3757 1178 3811 tetas,
1208 3761 1272 3800 ex
1297 3758 1401 3815 quo
1426 3743 1524 3798 sub
1563 3744 1854 3815 Agrippino

258 3845 415 3899 bona)
463 3843 740 3897 memoria:
783 3842 898 3896 viro
945 3839 1324 3895 convenientes
1371 3838 1604 3908 episc0pi
1644 3838 1852 3908 plurimi

257 3934 361 3989 hoc
389 3942 715 3989 statuerunt.
749 3951 767 3985 ι
790 3931 1019 3987 Proinde
1042 3931 1110 3985 ab
1134 3931 1249 4000 ipso
1278 3929 1567 4000 Agrippino
1601 3944 1689 3983 res
1717 3944 1852 3983 nova

258 4025 394 4081 facta
432 4034 539 4079 est.
570 4022 850 4092 Quomodo
889 4030 1064 4077 autem
1090 4021 1251 4084 dicat,
1298 4038 1318 4071 ι
1345 4021 1518 4089 Atque
1562 4018 1756 4073 exinde
1799 4019 1852 4074 in

260 4117 583 4172 hodiernum
609 4124 685 4169 tot
716 4115 877 4168 millia
897 4112 1267 4168 Itmreticorum
1290 4110 1342 4165 iu
1358 4109 1643 4180 provinciis
1657 4109 1853 4165 nostris

257 4210 327 4265 ad
373 4210 671 4265 Ecclesiam
724 4206 987 4272 conversi,
1040 4219 1145 4259 non
1197 4204 1463 4273 aspernati
1496 4212 1638 4265 sunt.
1682 4218 1854 4273 neque

258 4301 519 4366 cunctati,
535 4301 645 4352 imo
662 4306 717 4352 et
736 4296 1120 4351 rationabiliter
1140 4304 1193 4348 et
1214 4294 1442 4348 libenter
1462 4309 1545 4346 am
1555 4294 1689 4363 plcxi
1708 4305 1852 4361 sunt,

260 4402 319 4446 ut
339 4391 540 4446 lavacri
569 4389 742 4443 vitalis
767 4398 820 4442 et
860 4386 1106 4440 salutaris
1133 4384 1385 4454 Baptismi
1410 4385 1630 4454 gratiam
1659 4399 1852 4439 censeo

235 4493 580 4556 lquerentur,
621 4501 640 4534 ι
688 4496 793 4535 non
819 4478 974 4533 video
1008 4496 1021 4531 :
1055 4478 1154 4532 nisi
1200 4477 1336 4531 forte
1378 4475 1478 4530 hoc
1506 4475 1666 4541 dicat,
1703 4494 1719 4527 t
1754 4492 1852 4531 ex-

236 4550 383 4630 ‘i—ude
406 4576 459 4628 in
508 4572 827 4626 hodiernum
866 4589 884 4622 ι
927 4566 1118 4640 (Epist.
1140 4568 1228 4634 75,
1255 4566 1323 4620 ad
1350 4567 1703 4638 Jubaianum),
1731 4568 1851 4637 quia

262 4667 404 4722 nulla
436 4666 509 4719 de
534 4664 640 4719 illis
658 4678 721 4718 ex
736 4678 843 4734 quo
862 4661 912 4714 in
928 4659 1158 4714 Ecclesia
1173 4674 1267 4730 per
1282 4658 1553 4729 Agrippini
1569 4658 1857 4733 concilium

262 4756 515 4828 baptizati
547 4762 702 4820 sunt,
759 4751 984 4823 qumstio
1024 4749 1246 4819 alicujus
1288 4746 1854 4803 excommunicationis

264 4861 444 4904 exorta
473 4857 578 4901 est.
593 4844 855 4900 Cartcrum
871 4844 913 4898 si
938 4839 1280 4913 permanebat
1299 4840 1366 4895 ab
1382 4840 1671 4912 Agrippino
1689 4854 1855 4909 usque

264 4942 328 4995 ad
373 4941 704 5011 Cyprianum
757 4934 1087 4990 consuetudo
1134 4932 1437 5004 baptizandi
1484 4933 1549 4986 ab
1593 4932 1856 4987 hzereticis

265 5035 565 5097 venientes,
614 5030 795 5100 utquid
844 5028 977 5082 facta
1022 5035 1144 5080 sunt
1176 5042 1205 5079 a
1245 5025 1510 5097 Cypriano
1557 5024 1624 5080 de
1662 5024 1761 5078 hac
1798 5039 1857 5079 re

248 5118 538 5184 'concilia?
568 5121 765 5193 thuid
791 5121 964 5177 eidem
981 5117 1238 5174 Jubaiano
1262 5117 1407 5183 dicit,
1428 5133 1532 5171 non
1554 5132 1613 5172 se
1634 5134 1744 5172 rem
1765 5133 1861 5170 uc-

268 5238 387 5274 vam
414 5219 597 5275 facere
622 5225 710 5270 aut
743 5214 1096 5283 repentinam,
1129 5209 1222 5265 sed
1252 5209 1319 5263 ab
1346 5208 1633 5279 Agrippino
1659 5208 1859 5262 consti-

272 5310 512 5365 tutam‘?
537 5308 647 5364 Cur
666 5306 808 5361 enim
838 5304 1128 5359 Jubaiauus
1154 5298 1221 5355 de
1263 5300 1496 5353 novitate
1536 5300 1857 5369 turbaretur,

270 5415 333 5461 ut
352 5420 475 5459 eum
504 5417 600 5472 per
627 5398 997 5453 auctoritatem
1028 5392 1301 5464 Agrippini
1347 5391 1521 5445 sanari
1568 5399 1858 5460 oporteret,

273 5500 317 5552 si
366 5496 433 5549 ab
479 5488 771 5565 Agrippino
818 5502 986 5558 usque
1020 5485 1085 5540 ad
1135 5482 1459 5555 Cyprianum
1510 5482 1613 5537 hoc
1652 5482 1864 5536 tenebat

275 5587 553 5647 Ecclesia?
593 5585 704 5640 Cur
745 5581 974 5651 denique
1005 5586 1083 5632 tot
1126 5577 1242 5646 ejus
1279 5575 1496 5644 collegm
1545 5574 1594 5627 in
1640 5573 1865 5628 concilio

278 5684 524 5740 dixerunt
571 5679 836 5735 rationem
876 5683 931 5730 ct
958 5674 1231 5729 veritatem
1259 5665 1629 5725 consuetudini
1657 5681 1864 5736 pra'po-

344 5819 362 5851 ¹
386 5818 522 5878 ωὶιὶ,
543 5811 827 5867 institutam.

1635 323 1837 395 LIBER
1872 322 2191 385 manus.

3440 349 3539 408 ιω

1958 445 2208 513 nendam,
2230 462 2293 504 ac
2319 465 2425 507 non
2464 453 2637 523 potius
2665 454 2917 513 dixerunt
2941 472 3035 514 eos
3062 461 3149 530 qui
3197 461 3341 518 aliud
3369 463 3548 523 facere

1955 539 2172 605 vellent,
2195 550 2249 595 et
2276 553 2461 599 contra
2489 547 2763 605 veritatem
2794 558 2848 605 et
2884 550 3540 613 contra'consuetudinen

1950 627 2165 684 mam?
3058 653 3061 657 ‘

2020 718 2248 778 CAPUT
2274 722 2412 780 Xlll.
2437 756 2506 768 --
2534 729 2621 784 t8.
2649 730 2725 785 De
2750 734 3066 791 remissione
3089 743 3269 794 autem
3295 747 3539 807 poema-

1950 827 2089 876 rum,
2121 823 2295 870 utrum
2325 834 2419 887 per
2443 820 2769 890 Baptismum
2792 825 2931 894 apud
2961 826 3240 884 haereticus
3265 829 3379 896 ﬂat,
3412 830 3539 901 quid

1951 907 2081 962 mihi
2118 908 2411 977 videretur,
2455 913 2507 967 in
2538 916 2644 968 alio
2671 914 2777 986 jam
2798 918 3067 974 volumine
3102 921 3293 990 scripsi
3319 921 3538 993 (Supra,

1948 997 2038 1053 tib.
2071 1001 2123 1066 1,
2143 1016 2261 1070 cap.
2292 1003 2352 1058 11
2387 1012 2433 1057 et
2457 1006 2618 1076 seqq.)
2649 1021 2663 1060 :
2699 1006 2792 1062 sed
2823 1009 2983 1064 etiam
3013 1009 3099 1066 hic
3126 1011 3359 1068 breviter
3384 1029 3541 1071 εοιιιο.

1950 1106 2212 1155 niemoro.
2239 1093 2294 1150 Si
2321 1095 2379 1149 tit
2402 1096 2510 1150 illic
2537 1098 2781 1154 remissio
2806 1101 3109 1158 debitorum
3158 1118 3253 1172 per
3280 1103 3539 1174 Baptism!

1948 1185 2327 1251 sanctitatem;
2375 1204 2561 1244 rursus
2601 1188 2776 1245 debita
2804 1192 3031 1249 redeunt
3061 1209 3156 1264 per
3184 1195 3404 1253 lueresis
3447 1205 3539 1255 aut

1948 1277 2252 1333 scltismatis
2272 1279 2681 1335 obstinationem
2703 1300 2717 1336 :
2739 1291 2793 1338 et
2818 1283 2937 1349 ideo
2962 1287 3319 1341 necessarium
3344 1286 3538 1349 habent

1950 1367 2250 1437 lmjusmodi
2282 1369 2527 1427 homines
2568 1374 2748 1429 venire
2780 1375 2846 1430 ad
2892 1376 3204 1433 catholicam
3246 1394 3451 1448 pacem,
3482 1390 3537 1436 ut

1949 1458 2189 1515 lia-retici
2233 1470 2289 1517 et
2317 1462 2642 1520 schismatici
2668 1480 2789 1520 esse
2813 1466 2924 1536 jam
2958 1468 3225 1538 desinant,
3253 1480 3309 1528 et
3348 1484 3536 1527 eorum

1947 1566 2067 1620 qua:
2107 1552 2158 1605 in
2195 1551 2317 1606 illos
2355 1553 2660 1617 redierant.
2705 1567 3043 1627 peccatorum
3078 1561 3443 1630 purgationem
3481 1561 3536 1617 in

1948 1644 2164 1707 unitatis
2194 1645 2401 1701 vinculo
2426 1647 2684 1703 eharitate
2705 1658 2961 1716 operante
3001 1659 3324 1707 mereantur.
3359 1634 3416 1707 Si
3440 1667 3519 1705 ais

1949 1745 2078 1803 tem,
2106 1739 2353 1807 quamvis
2379 1739 2518 1808 apud
2560 1730 2843 1797 ιιειιιεὶιιίοοδ
2882 1741 2966 1797 vel
2994 1742 3363 1799 schismaticos
3393 1743 3546 1801 idem.

1947 1827 2018 1883 sit
2043 1828 2343 1899 Baptismus
2376 1830 2595 1899 Christi,
2626 1847 2731 1887 non
2762 1842 2937 1888 tamen
2967 1833 3037 1888 ibi
3068 1844 3319 1905 operatur
3344 1836 3539 1891 remis-

1946 1921 2153 1976 sionem
2180 1928 2518 1991 peccatorum
2559 1931 2780 1994 propter
2802 1925 3047 1981 eamdem
3072 1925 3351 1982 discordia:
3378 1925 3537 1982 findi-

1946 2021 2112 2070 tatem
2144 2025 2199 2070 et
2222 2014 2573 2071 dissensionis
2600 2017 2933 2088 iniquitatem
2956 2036 2969 2072 :
2994 2027 3123 2075 tunc
3147 2020 3330 2092 incipit
3354 2020 3541 2077 valere

1947 2106 2087 2163 idem
2116 2108 2418 2177 Baptismus
2454 2108 2522 2164 ad
2551 2109 2862 2165 dimittenda
2902 2121 3141 2179 peccata,
3185 2126 3305 2167 cum
3335 2110 3403 2166 ad
3434 2112 3540 2168 Ec-

1946 2200 2126 2255 clesia:
2169 2215 2351 2271 pacem
2397 2194 2674 2266 venerint;
2719 2204 2864 2258 non‘
2914 2213 2973 2259 ut
3023 2203 3131 2273 jam
3165 2219 3293 2260 vere
3319 2204 3542 2260 dimissa

1949 2309 2055 2349 non
2079 2295 2438 2361 retineantur;
2467 2304 2714 2366 nequeut
2735 2297 2822 2352 ille
2848 2297 3149 2367 Baptismus
3168 2299 3314 2367 quasi
3330 2296 3543 2353 alienus

1947 2394 2040 2440 aut
2064 2386 2203 2440 alius
2239 2387 2589 2456 improbetur,
2628 2397 2685 2443 ιιι
2713 2390 2849 2445 alter
2884 2388 3125 2444 tradatur
3162 2391 3293 2446 :scd
3316 2399 3373 2445 ut
3394 2390 3542 2446 idem

1948 2476 2063 2545 ipse
2088 2478 2175 2546 qui
2199 2486 2414 2547 propter
2432 2477 2756 2534 discordiatn
2784 2481 2913 2534 l'oris
2935 2481 3258 2549 operabatur
3280 2489 3546 2549 mortem,

1949 2578 2169 2639 propter
2206 2582 2390 2639 pacem
2429 2571 2571 2628 intus
2600 2582 2850 2641 operetur
2882 2572 3128 2626 salutem.
3162 2571 3315 2627 ‘ldem
3345 2574 3543 2643 quippe

1948 2659 2083 2717 odor
2107 2670 2223 2716 erat
2248 2660 2317 2716 de
2343 2676 2450 2731 quo
2492 2662 2622 2717 dicit
2652 2662 2958 2733 Apostolus,
2988 2660 3177 2717 Christi
3227 2664 3385 2717 borius
3409 2664 3541 2719 odor

1949 2769 2124 2808 sumus
2148 2752 2201 2807 in
2229 2755 2365 2807 enini
2394 2754 2572 2821 toco';
2599 2764 2654 2810 et
2674 2764 2852 2810 tamen
2876 2756 2999 2808 etin
3024 2755 3086 2809 iis
3117 2755 3204 2826 qui
3225 2753 3351 2809 salvi
3379 2755 3533 2824 fiunt,

1952 2843 2141 2913 inquit,
2166 2854 2216 2898 et
2245 2845 2298 2898 iu
2326 2845 2388 2897 iis
2415 2849 2503 2917 qui
2528 2856 2735 2917 pereunt
2761 2861 2781 2899 :
2812 2846 2927 2901 aliis
2968 2846 3168 2917 quidem
3195 2846 3321 2899 odor
3339 2845 3453 2900 vita:
3480 2847 3543 2901 its

1950 2935 2123 2994 vitam.
2169 2934 2285 2988 ah'is
2322 2945 2489 2990 autem
2529 2935 2657 2990 odor
2685 2937 2859 2990 mortis
2897 2938 2950 2990 in
2989 2946 3195 2991 mortem
3230 2937 3295 3008 (ll
3321 2935 3439 2993 Cor.
3476 2953 3539 3004 ιι,

1954 3028 2041 3091 t5,
2074 3027 2185 3097 t6).
2212 3027 2363 3093 Quod
2390 3028 2488 3081 etsi
2519 3028 2586 3083 de
2609 3028 2709 3082 alia
2750 3044 2810 3085 re
2837 3029 2989 3097 dixit,
3020 3029 3085 3083 ad
3115 3030 3217 3084 hoc
3238 3044 3338 3100 ego
3363 3032 3536 3100 posui,

1952 3130 2009 3174 ut
2035 3119 2359 3187 intelligatur
2380 3120 2591 3189 aliquod
2622 3121 2839 3187 bonum,
2867 3136 2972 3175 non
2999 3124 3171 3177 solum
3202 3125 3361 3176 vitam
3384 3137 3545 3191 posse

1951 3211 2159 3280 operari
2191 3212 2328 3267 bene
2349 3212 2636 3279 utentibus,
2665 3210 2758 3268 s’ed
2780 3213 2940 3268 etiam
2967 3221 3190 3268 mortem
3219 3212 3357 3269 male
3382 3222 3541 3268 uten-

1956 3303 2117 3358 tibus.

2024 3394 2249 3451 CAPUT
2286 3394 2426 3450 XIV.
2455 3426 2525 3437 --
2557 3396 2644 3452 19.
2682 3393 2794 3453 Nec
2820 3396 3043 3451 interest
3093 3410 3214 3452 cum
3243 3395 3332 3458 Ade
3357 3411 3543 3452 sacra-

1953 3486 2118 3541 menti
2160 3486 2461 3555 integritate
2509 3496 2559 3541 et
2590 3487 2871 3542 sanctitate
2904 3495 3179 3555 tractatur,
3210 3487 3332 3557 quid
3366 3488 3539 3541 credat

1952 3585 2001 3630 et
2028 3578 2166 3647 quali
2192 3578 2295 3647 ﬁde
2340 3579 2559 3635 imbutus
2602 3580 2667 3633 sit
2688 3579 2775 3633 illa
2800 3580 2886 3652 qui
2922 3579 3105 3649 accipit
3145 3590 3538 3636 sacramentum.

1954 3668 2182 3725 Interest
2223 3671 2438 3741 quidem
2484 3671 2768 3741 plurimum
2817 3671 2883 3725 ad
2916 3671 3101 3725 salutis
3151 3672 3315 3736 viam,
3344 3670 3439 3726 sed
3467 3670 3542 3725 ad

1954 3765 2272 3820 sacramenti
2297 3766 2646 3836 quzestionem
2673 3764 2803 3819 nihil
2830 3764 3069 3819 interest.
3107 3763 3247 3820 Fieri
3273 3764 3415 3820 enim
3438 3779 3544 3835 po-

1955 3864 2061 3910 test
2084 3864 2141 3910 ut
2168 3857 2327 3910 homo
2354 3857 2618 3924 integrum
2656 3855 2845 3910 habeat
2872 3855 3296 3919 Sacramentum,
3333 3865 3388 3910 et
3412 3870 3540 3925 pero

1953 3963 2163 4003 versam
2185 3947 2341 4002 ﬁdem
2373 3947 2548 4004 :sicut
2571 3947 2684 4003 ﬁeri
2712 3955 2885 4017 potest
2905 3957 2962 4000 ιιι
2987 3947 3187 4017 integra
3214 3954 3390 4002 teneat
3414 3961 3542 4002 ver-

1954 4040 2021 4097 ba
2048 4038 2309 4112 Symboli,
2339 4047 2395 4096 et
2435 4048 2611 4095 tamen
2638 4054 2745 4093 non
2777 4046 2922 4094 recte
2947 4038 3148 4104 credat,
3181 4038 3294 4095 sive
3326 4038 3393 4094 de
3424 4039 3545 4110 ipsa

1955 4130 2234 4197 Trinitate,
2279 4130 2394 4187 sive
2437 4128 2505 4184 de
2556 4130 2959 4195 resurrectione,
3010 4130 3093 4185 vel
3131 4129 3328 4200 aliquid
3373 4129 3544 4186 aliud.

1954 4222 2138 4293 Neque
2159 4222 2300 4277 enim
2327 4236 2486 4291 larva
2513 4235 2599 4276 res
2620 4230 2720 4287 est,
2753 4222 2807 4276 in
2848 4221 2959 4291 ipsa
2988 4221 3129 4276 intus
3152 4220 3422 4277 Catholica
3462 4231 3543 4277 te-

1955 4334 2086 4373 nere
2123 4317 2382 4388 integram
2415 4317 2594 4382 tidem,
2650 4318 2721 4372 ita
2770 4327 2827 4373 ut
2862 4318 3082 4373 omnino
3127 4318 3320 4374 nonde
3362 4320 3542 4389 aliqua

1953 4419 2219 4475 creatura,
2251 4408 2345 4465 sed
2382 4409 2450 4464 de
2490 4410 2606 4480 ipso
2630 4409 2741 4464 Deo
2767 4409 2897 4464 nihil
2940 4410 3133 4465 aliter'
3159 4410 3342 4466 credat
3379 4427 3541 4481 quam

1955 4504 2153 4557 veritas
2190 4501 2369 4557 habet.
2400 4501 2792 4572 Numquidnam
2818 4516 2946 4572 ergo
2965 4502 3016 4556 si
3044 4502 3096 4555 in
3121 4502 3235 4572 ipsa
3262 4501 3535 4558 Catholica

1954 4593 2269 4662 baptizatus,
2299 4602 2482 4662 postea
2514 4591 2758 4662 legendo,
2788 4591 3074 4658 audiendo,
3105 4601 3160 4647 et
3190 4593 3407 4662 paciﬁca
3431 4592 3541 4647 dis-

1955 4684 2204 4751 serendo,
2247 4683 2363 4753 ipso
2394 4684 2617 4738 Domino
2647 4683 2918 4739 revelante
2956 4684 3262 4753 cognoverit
3290 4684 3446 4739 aliter
3481 4700 3542 4739 se

1955 4786 2111 4833 antea
2137 4777 2430 4833 credidisse
2456 4793 2614 4846 quam
2631 4775 2835 4843 debuit,
2857 4778 3033 4833 denuo
3053 4778 3399 4848 baptizandus
3417 4780 3539 4834 est?

1956 4869 2086 4933 Quis
2108 4875 2285 4922 autem
2306 4866 2535 4921 carnalis
2556 4875 2613 4922 et
2630 4867 2878 4922 animalis
2902 4867 3083 4934 homo,
3114 4884 3219 4923 non
3251 4885 3345 4939 per
3370 4869 3543 4939 phan-

1961 4969 2183 5014 tastnata
2201 4959 2222 4990 ⁸
2242 4959 2418 5016 cordis
2442 4959 2524 5015 sui
2544 4969 2817 5030 evagetur,
2849 4970 2904 5016 et
2930 4963 3218 5017 constituat
3244 4962 3344 5017 sibi
3374 4962 3537 5016 Deum

1960 5050 2130 5121 qualis
2158 5051 2205 5105 ei
2255 5065 2349 5119 pro
2378 5064 2486 5120 suo.
2512 5065 2672 5106 sensu
2706 5050 2905 5105 carnali
2937 5051 3227 5121 placuerit,
3257 5061 3416 5122 atque
3465 5050 3538 5105 ita

1961 5143 2146 5199 credat
2174 5150 2380 5196 tantum
2410 5142 2568 5213 longe
2596 5141 2751 5198 aliter
2778 5158 2937 5214 quam
2980 5143 3123 5199 Deus
3150 5151 3251 5209 est,
3282 5149 3542 5212 quantum

2028 5366 2042 5397 ¹
2070 5365 2152 5413 ttic
2176 5359 2405 5425 particuli
2440 5374 2627 5423 negans
2648 5363 2880 5425 omittitur
2908 5362 2955 5409 in
2983 5361 3195 5409 editione
3221 5367 3319 5425 itm.
3350 5361 3495 5425 Abest
3515 5376 3542 5413 a

1964 5420 2357 5535 pluribtltsuetiam
2381 5432 2486 5473 Mss.
2628 5432 2794 5487 postea
2832 5423 2954 5481 loco,
2973 5434 3122 5482 neque
3146 5427 3195 5469 ut
3217 5420 3317 5481 ille,
3345 5424 3543 5487 habent,

1966 5501 2058 5535 non
2100 5502 2128 5535 tt
2172 5501 2189 5535 t
2226 5500 2269 5535 ρ.
3537 5530 3541 5535 ,

1966 5501 2058 5537 non
2100 5494 2147 5536 ut
2172 5494 2269 5537 ttle.
3536 5530 3541 5537 1

2032 5552 2048 5581 ²
2075 5551 2217 5607 runt,
2237 5560 2401 5595 sanius
2430 5546 2586 5595 Deoia
2604 5544 2732 5595 enati
2754 5545 2870 5594 toro.
2896 5552 3013 5601 vox,
3045 5550 3157 5603 nco,
3181 5543 3322 5595 abeat
3349 5558 3380 5597 ιι
3418 5550 3525 5600 itas.

1969 5619 2020 5662 et
2045 5608 2431 5675 praEteririsoiet
2452 5610 2514 5657 at)
2538 5609 2814 5675 Augustino.
3540 5610 3545 5619 ‘

2032 5666 2057 5704 δ’
2078 5673 2209 5729 illiti,
2234 5670 2387 5719 aliud.
2415 5679 2517 5719 .ttss.
2545 5666 2682 5724 vero,
2707 5666 2863 5717 aliter.
3538 5715 3542 5719 ι

2034 5736 2053 5766 δ
2080 5732 2150 5782 sic
2175 5728 2272 5781 Ain.
2297 5738 2371 5779 Er.
2395 5738 2445 5778 et
2468 5730 2627 5777 nostri
2643 5736 2743 5776 Mss.
2786 5735 2838 5776 At
2863 5735 2991 5785 l.0v.,
3016 5728 3126 5787 (mis
3149 5736 3309 5780 autem
3330 5730 3541 5781 ttis‘i‘ear.

1971 5795 2092 5847 uatis
2125 5802 2167 5845 et
2207 5790 2428 5844 mu'nmtis
2452 5789 2619 5849 homo,
2664 5801 2751 5852 per
2776 5789 3125 5853 phantasmata.
3147 5798 3255 5842 etc.
