4054 6500
482 363 584 424 ιιι

479 494 512 532 a
538 476 764 533 veritate
791 473 1000 528 vanitas
1024 471 1245 527 ὤσει-ιν
1272 471 1612 527 Verissimam
1642 469 1836 539 quippe
1856 475 2071 521 sentcn-

482 571 610 625 tiam
639 569 773 624 dixit
794 566 1100 637 Apostolus,
1134 565 1322 635 plenus
1350 561 1549 618 lumine
1572 561 1840 619 veritatis:
1862 559 2072 613 Anima-

483 661 567 723 lis,
597 642 786 729 inquit,
823 658 972 713 homo
1002 674 1104 711 non
1143 655 1354 725 percipit
1397 670 1511 725 quae
1555 662 1674 707 sunt
1712 652 1939 721 Spiritus
1977 648 2071 703 Dei

485 752 528 812 (ε
559 749 679 805 Cor.
706 765 767 814 ιι,
798 746 909 820 ii).
942 748 1007 801 Et
1029 756 1203 802 tamen
1231 746 1297 800 de
1325 746 1406 800 his
1424 738 1524 799 hoc
1544 744 1774 808 diccbat,
1804 756 1939 811 quos
1958 740 2070 810 jam

483 845 649 900 fuisse
699 843 993 911 baptizatos
1041 841 1155 910 ipse
1209 837 1685 895 manifestat.'Eis
1724 835 1866 890 enim
1897 834 2066 889 dicit:

481 934 750 1005 Numquid
779 933 976 987 Paulus
1005 932 1276 1000 cruci/ints
1300 940 1373 985 est
1402 947 1493 1001 pro
1519 928 1797 984 vobis.’aut
1822 928 1875 980 in
1901 926 2068 980 nomi-

480 1043 544 1081 ne
577 1026 731 1081 Pauli
752 1025 1121 1095 boptizaticstis
1144 1021 1252 1091 (Id.
1286 1038 1320 1085 t,
1353 1022 1485 1090 l3)?
1530 1018 1805 1074 liabebant
1830 1032 1957 1086 ergo
1983 1015 2066 1069 isti

482 1116 738 1186 Baptismi
767 1123 1179 1175 sacramentum,
1200 1122 1255 1167 et
1285 1122 1459 1167 tamen
1489 1109 1773 1165 carnaliter
1789 1106 2067 1177 sapieudn,

482 1209 881 1280 quidpotcrant
922 1208 990 1262 de
1026 1207 1137 1261 Deo
1159 1206 1381 1262 credere
1404 1205 1503 1259 nisi
1531 1203 1821 1258 secundum
1852 1215 2069 1255 sensum

482 1301 659 1356 carnis
684 1315 816 1362 suae.
846 1299 934 1354 ubi
967 1297 1204 1352 animalis
1229 1297 1379 1349 homo
1420 1311 1533 1348 nou‘
1560 1293 1781 1362 percipit
1813 1307 1925 1360 quse
1949 1300 2070 1345 sunt

483 1391 711 1461 Spiritus
737 1390 873 1445 Dei?
897 1390 1117 1444 Talibus
1140 1388 1268 1442 dicit
1292 1404 1305 1443 :
1336 1386 1457 1440 Non
1478 1386 1617 1457 potui
1640 1384 1777 1439 vobis
1791 1384 1929 1453 loqui
1942 1400 2068 1454 qua-

481 1484 528 1538 si
553 1483 920 1553 spiritualihus,
946 1482 1035 1536 sed
1058 1481 1204 1550 quasi
1231 1478 1540 1533 carnalibus.
1577 1477 1734 1541 Quasi
1760 1475 1989 1546 parvulis
2014 1475 2071 1527 iu

480 1574 683 1631 Christo
702 1577 782 1629 lac
809 1575 946 1629 vobis
972 1583 1144 1643 potum
1170 1572 1307 1635 dedi,
1335 1586 1437 1624 non
1455 1585 1620 1624 escam
1643 1584 1662 1631 ;
1689 1566 1914 1622 nondum
1935 1566 2067 1618 enim

481 1668 723 1738 poteratis
744 1682 766 1721 :
788 1666 878 1721 sed
906 1680 997 1719 nec
1035 1664 1203 1718 adhuc
1226 1663 1426 1733 quidem
1452 1661 1659 1732 potestis
1681 1676 1701 1723 ,'
1744 1658 1912 1712 adhuc
1935 1656 2069 1710 enim

481 1760 601 1813 estis
626 1758 858 1812 carnales
878 1755 986 1828 (Id.
1014 1772 1091 1819 Ill,
1119 1756 1171 1820 1,
1191 1754 1272 1825 2).
1304 1752 1460 1807 Tales
1491 1751 1651 1806 etiam
1681 1747 2071 1806 circumferun-

483 1861 569 1906 tur
596 1851 740 1906 omni
778 1860 943 1905 vento
966 1848 1223 1903 doctrina:
1252 1847 1319 1901 de
1346 1845 1589 1916 qualibus
1615 1843 1770 1898 dicit‘
1795 1858 1810 1895 :
1848 1840 1915 1896 Ut
1936 1839 2072 1894 ultra

484 1961 589 1999 non
634 1944 792 1998 simus
836 1942 1056 2013 parvuli,
1104 1942 1286 2014 jactati
1322 1949 1368 1993 et
1413 1938 1696 1993 circumtuli
1740 1935 1879 1990 omni
1925 1945 2070 1988 vento

485 2034 732 2088 doctrina:
758 2034 976 2105 (Ephes.
1006 2049 1079 2099 tv,
1112 2034 1222 2103 14).
1254 2030 1519 2100 Numquid
1547 2045 1677 2099 ergo
1703 2029 1787 2085 isti
1813 2029 1856 2083 si
1890 2029 2070 2096 prole-

482 2126 654 2179 cerint
670 2140 835 2194 usque
853 2125 917 2177 ad
940 2124 1268 2194 spiritualem
1283 2122 1513 2176 hominis
1538 2121 1803 2176 interioris
1830 2128 2067 2184 aeu-nem,

487 2225 543 2271 et
584 2215 947 2284 intelligentia:
986 2214 1296 2268 sinceritate
1325 2210 1671 2281 cognoverint
1712 2225 1871 2279 quam
1916 2209 2072 2277 longe

487 2305 646 2360 aliter
674 2321 770 2375 per
813 2305 1073 2360 fallaciam
1103 2319 1322 2359 suorum
1376 2304 1799 2372 phantasmatum
1854 2300 1924 2356 de
1962 2302 2073 2355 Deo

485 2395 830 2460 crediderint,
861 2412 1017 2467 quant
1066 2396 1263 2450 veritas
1298 2394 1622 2464 postulabat,
1676 2394 1869 2448 iterum
1897 2391 2069 2460 bapti~

486 2487 640 2543 nudi
667 2487 829 2543 sunt?
852 2486 939 2543 Sic
954 2489 1117 2542 etiam
1149 2487 1262 2542 ﬁeri
1290 2496 1462 2556 potest
1488 2494 1547 2540 ut
1575 2486 1626 2540 in
1648 2486 1875 2554 alicujus
1894 2484 2070 2539 luere-

485 2579 574 2633 tici
596 2578 787 2635 librum
829 2581 1128 2634 catholicus
1154 2580 1570 2635 catechumenos
1598 2580 1814 2643 incidat,
1842 2586 1898 2633 et
1924 2593 1953 2632 a
1980 2593 2071 2632 ve-

485 2670 645 2725 ritate
696 2672 942 2726 nesciens
983 2670 1291 2726 discernere
1334 2687 1599 2737 errorem,
1643 2670 1831 2725 credat
1872 2669 2069 2739 aliquid

483 2769 667 2816 contra
687 2763 1001 2816 catholicam
1025 2762 1215 2828 ﬁdem;
1238 2763 1322 2819 cui
1348 2774 1523 2819 tamen
1544 2763 1713 2818 errori
1739 2762 1897 2817 verba
1923 2762 2070 2833 Sym.

483 2852 593 2907 δοΙί
625 2868 730 2907 non
762 2863 1063 2924 repugnant
1095 2871 1107 2907 :
1135 2855 1234 2909 sub
1261 2855 1465 2910 eisdem
1488 2856 1685 2924 quippe
1708 2855 1884 2910 verbis
1912 2856 2072 2908 innu-

485 2942 771 2999 merabiles
815 2942 1186 2999 hereticorum
1232 2960 1444 3001 errores
1491 2946 1661 3000 exorti
1696 2955 1839 3001 sunt.
1870 2946 2071 2999 Putatis

484 3046 613 3102 ergo
640 3031 744 3088 iste
789 3034 1038 3088 catholici
1079 3034 1303 3103 alicujus
1345 3035 1519 3105 magni
1568 3044 1727 3103 atque
1768 3035 1909 3090 docti
1950 3050 2072 3091 esse

486 3122 635 3177 illum
657 3123 871 3190 librum,
896 3124 941 3179 si
971 3126 1094 3180 talia
1119 3126 1346 3180 credens
1367 3126 1418 3180 in
1446 3126 1722 3181 Catholica
1752 3126 2068 3195 baptizetur,

484 3224 540 3268 et
601 3215 898 3283 posteriore
955 3217 1223 3287 diligentia
1292 3228 1579 3287 cognoscat
1624 3218 2070 3289 quemadmodum

488 3303 710 3360 credere
734 3305 945 3372 debeat,
979 3316 1138 3376 atque
1178 3317 1388 3377 arrepta
1416 3308 1521 3362 lide
1565 3309 1821 3363 catholica
1848 3309 1973 3363 illud
2004 3325 2070 3364 ex

486 3396 667 3449 animo
693 3406 939 3466 respuat;
968 3398 1224 3468 numquid
1251 3398 1295 3453 si
1322 3398 1426 3454 hoc
1461 3398 1739 3455 confessus
1772 3399 1949 3465 fuerit,
1976 3394 2075 3454 de-

487 3502 600 3543 nuo
625 3487 970 3557 baptiraudus
1000 3491 1122 3545 est?
1150 3493 1255 3544 Attt
1277 3492 1321 3544 si
1350 3502 1635 3561 antequam
1666 3491 1835 3545 discat
1860 3500 1913 3546 et
1942 3506 2072 3545 con-

491 3581 724 3645 liteatur,
756 3579 857 3635 hoc
876 3582 1077 3636 sentire
1119 3581 1439 3648 inveniatur,
1471 3590 1526 3636 et
1548 3581 1674 3650 quid
1719 3581 1951 3650 abjicere
1979 3582 2074 3635 de—

487 3672 631 3736 beat,
661 3673 854 3742 quidve
881 3672 1101 3729 credere
1126 3673 1399 3738 doceatur,
1432 3672 1874 3743 manifestumque
1906 3674 1996 3727 ﬁat
2018 3675 2071 3727 in

486 3779 548 3817 ea
573 3761 804 3818 falsitate
836 3763 954 3817 ﬁdei
997 3765 1319 3833 baptizatum
1360 3764 1560 3829 fuisse;
1611 3764 1867 3833 numquid
1894 3764 2070 3819 denuo

486 3853 833 3924 baptizandus
858 3855 980 3909 est?
1004 3854 1137 3922 Quid
1170 3854 1279 3909 ita?
1305 3854 1439 3923 Quia
1480 3855 1567 3908 illa
1595 3856 1849 3910 sanctitas
1875 3854 2071 3910 Sacra-

487 3946 653 4001 menti
685 3946 862 4001 verbis
890 3948 1207 4017 evangelicis
1244 3957 1553 4002 consecrata
1598 3963 1759 4017 super
1786 3964 1907 4002 eum
1938 3948 2073 4002 inte-

484 4052 577 4106 gra
611 4038 876 4100 manebat,
897 4038 1034 4092 sicut
1061 4054 1178 4093 eam
1212 4038 1454 4093 traditam
1486 4048 1798 4109 acceperat;
1827 4040 2072 4109 quamvis

485 4130 601 4196 ipse
622 4128 673 4181 in
691 4129 916 4183 carnalis
940 4130 1133 4187 mentis
1158 4130 1390 4184 vanitate
1413 4132 1755 4198 constitutus,
1782 4132 1927 4187 aliud
1949 4148 2070 4188 cum

486 4219 844 4288 baptizaretur
872 4221 1134 4287 crederet,
1165 4237 1325 4291 quam
1356 4223 1576 4277 credere
1601 4223 1889 4278 debuisset.
1916 4224 2061 4290 Qua-

486 4322 705 4380 propter
726 4312 1062 4367 manifestum
1087 4322 1189 4379 est,
1221 4311 1334 4368 ﬁeri
1356 4328 1514 4383 posse.
1535 4322 1591 4368 ut
1618 4313 1722 4369 ﬁde
1739 4330 1844 4369 non
1868 4316 2073 4387 integra

487 4402 751 4473 integrum
772 4401 825 4456 iu
843 4417 1110 4473 quoquam
1137 4414 1349 4457 maneat
1374 4404 1443 4458 Ba
1453 4404 1626 4471 ptismi
1643 4415 2032 4461 sacramentum
2053 4424 2068 4462 :

488 4505 543 4548 et
568 4493 687 4548 ideo
719 4494 801 4547 illa
830 4510 948 4563 qua:
972 4494 1040 4548 de
1060 4493 1391 4548 diversorum
1416 4494 1787 4550 bmrelicorum
1817 4497 2071 4552 varietate

488 4584 757 4649 dicuntur,
786 4584 851 4639 ad
875 4583 1029 4639 istam
1060 4584 1406 4654 quaestionem
1450 4601 1554 4640 non
1602 4587 1888 4656 pertinent.
1936 4574 2070 4643 Illttd

490 4677 633 4733 enim
662 4678 712 4731 in
763 4693 1081 4747 unoquoque
1128 4679 1498 4749 corrigendum
1527 4690 1628 4750 est,
1664 4682 1802 4750 quod
1834 4682 1921 4737 ille
1977 4698 2074 4753 per

491 4786 650 4841 quem
689 4771 991 4842 corrigitur,
1037 4787 1253 4840 pravum
1279 4786 1401 4835 esse
1444 4775 1791 4841 perspexerit.
1821 4774 1953 4830 Illud
1982 4793 2073 4831 sa-

492 4862 722 4916 nandum
774 4873 857 4917 est
898 4863 1037 4932 quod
1084 4872 1304 4933 mgrotat
1335 4880 1348 4916 :
1382 4863 1506 4917 illud
1547 4863 1779 4919 dandum
1804 4876 1886 4920 est
1928 4867 2070 4938 quod

1208 358 1297 414 DE
1337 355 1673 414 BAPTISMO
1709 350 1979 409 CONTRA
2023 346 2467 415 DONATISTAS,
2510 351 2567 407 S.
2598 352 2965 410 AUGUSTINI

3659 354 3761 412 148

2180 464 2380 520 eisdem
2411 466 2587 521 verbis
2611 466 2750 521 aliud
2791 467 3055 536 opinantis
3077 482 3235 538 quam
3265 466 3532 524 catholica
3557 471 3761 526 veritas

2178 556 2355 624 docet,
2376 574 2482 612 non
2500 567 2643 614 esset
2670 559 2895 630 integra,
2927 560 3019 615 sed
3050 559 3303 617 fabulosis
3333 562 3651 618 falsitatibus
3677 564 3760 619 in-

2174 653 2393 720 quinata
2424 652 2523 726 (a).
2543 653 2674 708 Nam
2700 656 2800 709 sub
2818 655 3018 709 eisdem
3048 657 3244 723 verbis,
3273 656 3322 710 id
3343 666 3446 722 est,
3476 656 3540 711 In
3563 660 3766 712 nomine

2179 741 2352 797 Patris
2379 754 2424 798 et
2456 744 2579 799 Filii
2603 754 2647 799 et
2675 746 2901 814 Spiritus
2936 747 3118 811 sancti,
3165 764 3269 803 non
3300 750 3471 804 solum
3503 750 3762 817 Marcion,

2175 842 2264 889 aut
2293 834 2625 900 Valentinus,
2654 844 2744 889 aut
2766 839 2944 903 Arius,
2968 851 3059 892 aut
3076 839 3389 904 Eunomius,
3412 840 3506 895 sed
3531 840 3631 910 ipsi
3655 857 3765 896 car-

2176 926 2324 981 nales
2343 927 2542 997 parvnli
2568 928 2822 982 Ecclesiae
2842 928 3054 1000 (quibus
3073 929 3283 985 dicebat
3306 932 3614 1001 Apostolus,
3641 931 3765 987 Non

2176 1019 2318 1088 potui
2347 1020 2484 1088 loqui
2509 1020 2645 1076 vobis
2673 1023 2821 1091 quasi
2848 1022 3216 1093 spiritualibus,
3244 1022 3332 1077 sed
3359 1025 3506 1094 quasi
3529 1024 3761 1078 carnali-

2174 1110 2307 1179 bus),
2339 1111 2383 1165 si
2414 1122 2631 1180 possent
2656 1113 2848 1184 singuli
2878 1113 3160 1185 diligenter
3188 1114 3520 1185 interrogari,
3569 1125 3649 1170 tot
3675 1116 3763 1171 di-

2173 1201 2454 1257 versitates
2466 1204 2775 1273 opinionum
2799 1203 3063 1271 fortassis,
3085 1216 3213 1277 quot
3242 1206 3485 1262 homines
3505 1223 3765 1262 numera-

2172 1304 2397 1350 rentur:
2428 1295 2677 1352 Animalia
2722 1298 2862 1353 enim
2919 1300 3069 1353 homo
3111 1316 3213 1352 non
3242 1300 3453 1369 percipit
3498 1316 3614 1367 qua:
3638 1310 3764 1354 sunt

2173 1384 2402 1455 Spiritus
2435 1386 2551 1442 Dei.
2579 1388 2841 1458 Numquid
2874 1399 3047 1444 tamen
3076 1389 3195 1444 ideo
3223 1406 3328 1444 non
3358 1391 3621 1461 integrum
3661 1390 3763 1447 Sac

2170 1489 2499 1533 cramentutn
2530 1481 2832 1548 accipiunt?
2869 1490 2961 1536 aut
3004 1482 3257 1551 numquid
3298 1482 3416 1537 ideo
3442 1482 3486 1538 si
3517 1483 3762 1552 profece—

2174 1570 2300 1634 rint,
2322 1580 2375 1625 et
2390 1572 2697 1641 opinionum
2716 1572 3006 1627 carnalium
3028 1574 3312 1627 vanitatem
3332 1574 3759 1635 emendaverint.

2172 1661 2349 1715 denuo
2405 1662 2545 1732 quod
2596 1671 2911 1732 acceperant
2957 1664 3299 1733 repetendum
3365 1666 3490 1719 est?
3553 1664 3766 1734 Accipit

2174 1751 2400 1822 quisque
2455 1753 2745 1807 secundum
2783 1753 2940 1808 ﬁdem
2980 1770 3152 1818 suam,
3198 1755 3291 1809 sed
3336 1764 3589 1824 quantum
3621 1754 3766 1824 capit

2174 1845 2500 1913 gubernante
2524 1847 2610 1901 illa
2634 1847 2650 1879 ¹
2682 1846 3041 1901 misericordia
3073 1847 3186 1911 Dei,
3213 1847 3280 1902 de
3300 1862 3397 1916 qua
3434 1862 3768 1918 prtesumens

2177 1935 2314 1990 idem
2345 1939 2615 2006 apostolus
2649 1937 2776 1991 dicit
2806 1956 2818 1992 :
2849 1937 2907 1992 Si
2948 1938 3068 2007 quid
3092 1938 3240 1992 aliter
3262 1938 3459 2009 sapitis,
3485 1939 3541 1991 id
3564 1955 3767 2009 quoque

2175 2029 2310 2081 vobis
2340 2027 2478 2083 Deus
2505 2029 2739 2084 reuelabit
2766 2028 3025 2103 (Philipp.
3061 2046 3138 2095 ιιι,
3172 2030 3281 2099 15).
3329 2029 3526 2100 Laquei
3583 2041 3764 2086 tamen

2176 2118 2551 2175 hereticorum
2579 2130 2635 2175 et
2663 2122 3121 2176 schismaticorutn
3152 2131 3428 2191 propterea
3459 2122 3768 2176 carnalibus

2176 2210 2396 2266 nimium
2428 2213 2706 2281 perniciosi
2752 2221 2894 2277 sunt,
2938 2214 3060 2283 quia
3105 2213 3219 2283 ipse
3262 2223 3543 2283 provectus
3571 2227 3765 2268 eorum

2177 2302 2568 2369 intercluditur,
2595 2303 2907 2358 conﬁrmata
2937 2305 3201 2358 sententia
3229 2305 3478 2359 vanitatis
3499 2305 3767 2360 adversus

2176 2397 2492 2451 catholicam
2523 2397 2825 2461 veritatem,
2858 2407 2910 2452 et
2939 2397 3251 2452 conﬁrmata
3296 2398 3635 2452 animositate
3653 2397 3767 2451 dis-

2176 2490 2443 2544 sensionis
2492 2489 2746 2544 adversus
2789 2489 3102 2544 catholicam
3154 2504 3364 2558 pacem.
3415 2489 3766 2544 Sacramenta

2177 2593 2351 2636 tamen
2392 2581 2437 2634 si
2483 2580 2669 2635 eadem
2709 2592 2853 2645 sunt,
2898 2581 3094 2649 ubique
3124 2580 3326 2651 integra
3367 2590 3511 2645 sunt,
3552 2580 3765 2635 etiamsi

2178 2670 2338 2744 prave
2388 2673 2753 2742 intelliguntur
2780 2680 2835 2726 et
2880 2672 3208 2726 discordiose
3253 2680 3587 2727 tractantur:
3627 2673 3768 2727 sicut

2175 2764 2435 2832 scriptura
2469 2763 2635 2832 ipsius
2683 2762 2956 2832 Evangelii
2997 2762 3041 2816 si
3066 2762 3252 2817 eadem
3299 2763 3411 2832 ipsa
3440 2773 3539 2828 est,
3570 2764 3769 2833 ubique

2176 2855 2379 2926 integra
2408 2864 2511 2920 est,
2540 2855 2746 2909 etiamsi
2776 2854 3147 2909 innumerabili
3171 2854 3422 2911 falsarum
3450 2857 3770 2925 epinionum

2175 2949 2429 3003 varietate
2443 2954 2731 3001 asseratur.
2748 2945 2879 3000 Nam
2910 2945 3050 3016 quod
3069 2947 3142 3001 ait
3156 2946 3436 3012 .leremias,
3474 2947 3664 3019 thuid
3678 2950 3775 3019 qui

2174 3040 2472 3093 contristent
2497 3057 2577 3093 me
2615 3039 2929 3109 prwaulent.’
2961 3037 3125 3110 Plaga
3150 3057 3261 3094 mea
3286 3041 3452 3095 solida
3480 3050 3592 3107 est;
3622 3043 3770 3097 unde

2174 3130 2434 3186 sanabor.’
2476 3130 2611 3183 Dum
2639 3131 2718 3197 ﬁt,
2742 3134 2878 3201 facta
2923 3139 2995 3184 est
3040 3131 3163 3184 mihi
3207 3132 3335 3185 sicut
3375 3149 3507 3202 aqua
3548 3132 3774 3188 mendax

2175 3244 2277 3280 non
2315 3226 2499 3281 habens
2528 3226 2681 3295 ﬁdem
2721 3224 2929 3297 (larem.
2960 3241 3050 3291 xv,
3084 3226 3211 3297 18);
3245 3226 3288 3280 si
3339 3225 3560 3296 ﬁgurate
3603 3235 3772 3295 atque

2174 3320 2456 3388 allegorica
2507 3318 2773 3372 locutiooe
2822 3317 3112 3386 prophetia:
3168 3332 3425 3386 nusquam
3479 3326 3774 3386 poneretur

2175 3425 2335 3479 aqua,
2368 3410 2466 3463 nisi
2510 3425 2627 3479 quae
2657 3408 2981 3478 Baptismum
3007 3408 3359 3479 signiﬁcaret,
3395 3407 3771 3463 laboraremus

2176 3518 2416 3573 qttzrrere
2463 3503 2585 3572 quid
2617 3501 2716 3555 sibi
2756 3502 2917 3555 velint
2959 3500 3078 3556 hrec
3118 3501 3277 3555 verba
3304 3499 3550 3555 Jeremite
3583 3514 3772 3553 :nunc

2174 3606 2353 3651 autem
2402 3611 2522 3650 cum
2571 3597 2906 3665 apertissime
2961 3596 3013 3650 in
3064 3594 3381 3666 Apocalypsi
3426 3603 3773 3664 exponuntur

2176 3702 2325 3755 aqum
2356 3702 2451 3755 pro
2502 3687 2712 3756 populis
2756 3686 2945 3756 posita:
2991 3685 3171 3757 (Apoc.
3214 3703 3342 3751 xvn,
3370 3687 3478 3757 15),
3511 3701 3607 3739 cur
3652 3701 3767 3739 non

2176 3777 2465 3847 intelligam
2497 3793 2686 3846 aquam
2731 3776 3041 3831 mendacem
3082 3788 3135 3832 et
3160 3777 3275 3832 sine
3316 3776 3451 3843 ﬁde,
3508 3776 3769 3847 populum

2175 3869 2487 3924 mendacem
2518 3885 2580 3922 ac
2611 3868 2889 3939 perlidum,
2916 3870 3113 3923 nescio.

2246 3960 2471 4015 CAPUT
2503 3960 2639 4014 XVI.
2669 3990 2739 4000 —
2763 3959 2854 4014 21.
2888 3959 3112 4030 Spiritus
3154 3969 3329 4013 autem
3376 3973 3578 4015 sanctus
3616 3962 3769 4031 quod

2174 4050 2228 4104 in
2252 4051 2361 4104 sola
2389 4049 2646 4106 Catholica
2670 4094 2685 4117 ,
2736 4068 2824 4121 per
2862 4068 3039 4104 manus
3077 4052 3443 4120 impositioucm
3488 4053 3599 4105 dari
3625 4052 3769 4107 dici-

2178 4153 2264 4197 tur
2286 4185 2299 4206 ,
2333 4143 2580 4196 nimirum
2614 4142 2714 4197 ltoc
2746 4144 2963 4213 intelligi
2996 4144 3224 4213 majores
3255 4144 3420 4197 nostri
3450 4145 3764 4211 voluerunt,

2175 4234 2313 4305 quod
2344 4235 2624 4302 Apostolus
2654 4233 2727 4287 ait
2759 4275 2773 4297 ,
2807 4234 3058 4299 Quoniam
3086 4236 3306 4289 Charitas
3342 4234 3438 4289 Dei
3462 4234 3649 4302 (li/fusa
3688 4247 3769 4292 est

2174 4326 2226 4379 in
2254 4324 2485 4378 cordibus
2510 4326 2694 4378 nostris
2718 4342 2806 4392 per
2831 4324 3079 4395 Spiritum
3107 4337 3332 4380 sanctum
3356 4368 3370 4391 ,
3398 4330 3484 4396 qui
3512 4328 3662 4382 datus
3686 4339 3767 4383 est

2176 4417 2317 4471 nobis
2360 4416 2544 4487 (Rom.
2574 4433 2625 4479 γ,
2654 4416 2746 4487 5).
2797 4417 2910 4487 Ipsa
2963 4428 3046 4473 est
3092 4420 3231 4473 enim
3280 4420 3547 4486 Charitas,
3600 4436 3765 4489 quam

2176 4526 2279 4564 non
2332 4510 2527 4565 habent
2564 4511 2651 4581 qui
2699 4510 2765 4565 ab
2794 4510 3045 4565 Ecclesia:
3074 4512 3347 4566 catholica:
3385 4514 3767 4570 communione

2176 4604 2381 4673 prmcisi
2426 4614 2550 4657 sunt
2579 4622 2591 4656 :
2620 4618 2684 4658 ac
2733 4619 2827 4674 per
2884 4603 2983 4657 hoc
3009 4603 3208 4657 etiamsi
3256 4604 3449 4673 linguis
3488 4605 3766 4661 hominum

2176 4704 2231 4751 et
2260 4694 2581 4765 Angelorum
2613 4694 2895 4764 loquantur
2918 4737 2932 4761 ,
2962 4696 3004 4748 si
3033 4695 3200 4748 sciant
3226 4696 3399 4749 omnia
3426 4708 3765 4753 sacramenta

2176 4796 2229 4841 et
2266 4802 2477 4840 otnnem
2530 4785 2801 4839 scientiam
2835 4828 2849 4852 ,
2883 4795 2936 4840 et
2964 4786 3004 4838 si
3035 4787 3259 4840 habeant
3285 4802 3496 4841 omnem
3529 4789 3766 4858 prophe-

2177 4879 2336 4943 tiam,
2384 4886 2437 4932 ct
2473 4894 2682 4932 omnem
2723 4877 2923 4943 ﬁdem,
2975 4879 3043 4932 ita
3073 4888 3128 4932 ιιι
3172 4889 3377 4934 montes
3410 4880 3761 4949 transferant,

494 4972 601 5010 non
625 4954 869 5021 habetur,
895 4964 949 5011 ct
979 4957 1209 5011 maxime
1234 4955 1464 5029 charitas
1489 4957 1653 5025 pacis,
1685 4961 1801 5014 sine
1830 4976 1932 5029 qua
1952 4975 2070 5016 cred

492 5059 605 5104 tera
635 5049 889 5119 prodesse
934 5057 1306 5117 nonpossent.
1351 5048 1457 5104 Sed
1488 5059 1662 5104 tamen
1713 5066 1833 5107 cum
1876 5051 2073 5107 adsunt

492 5153 599 5192 non
623 5138 771 5208 quasi
814 5137 990 5191 desint
1016 5136 1269 5193 tradenda
1311 5146 1472 5203 sunt;
1500 5138 1596 5193 sed
1619 5149 1672 5194 ut
1700 5139 1987 5205 fructuose,
2018 5150 2072 5196 et

493 5246 600 5285 non
633 5230 930 5300 perniciose
958 5229 1269 5295 habeantur,
1304 5245 1398 5299 per
1427 5230 1600 5298 ipsum
1620 5231 1891 5287 vinculum
1925 5234 2072 5304 pacis

490 5334 545 5377 et
571 5318 913 5379 eminentiam
938 5320 1213 5378 citat-italis
1239 5323 1499 5393 agendum
1528 5336 1629 5379 est.

562 5416 786 5472 CAPUT
825 5417 941 5470 XV.
992 5447 1066 5457 —-
1105 5416 1193 5471 20.
1245 5418 1600 5483 Quamobrem
1652 5417 1696 5471 si
1757 5417 2073 5487 evangelicis

494 5506 690 5571 verbis,
729 5524 748 5556 ι
790 5504 852 5558 1η
877 5507 1076 5559 nomine
1104 5505 1271 5560 Patris
1297 5502 1347 5560 et
1372 5505 1497 5559 Filii
1521 5517 1566 5560 et
1596 5505 1820 5583 Spiritus
1854 5508 2017 5561 sancti
2048 5526 2067 5561 ι

493 5597 706 5666 (Matth.
734 5614 918 5662 xxvm,
953 5598 1062 5668 19),
1096 5598 1328 5652 Marcion
1363 5598 1680 5668 Baptismum
1726 5598 2070 5667 consecrabat,

495 5690 756 5758 integrum
789 5698 901 5742 erat
928 5688 1326 5745 Sacrameutum
1354 5704 1367 5756 ;
1392 5688 1636 5759 quamvis
1657 5686 1772 5759 ejus
1799 5688 1933 5747 ﬁdes
1972 5691 2073 5746 sub

2176 4982 2229 5027 et
2249 4971 2573 5026 distribuant
2602 4972 2777 5025 omnia
2804 4986 2897 5026 sua
2932 4972 3246 5040 pauperibus
3270 5014 3285 5037 ,
3317 4982 3371 5027 et
3401 4973 3609 5028 tradant
3636 4990 3761 5028 cor—

2177 5078 2276 5131 pus
2300 5079 2451 5117 suum
2480 5073 2536 5116 ut
2563 5062 2820 5125 ardeant,
2853 5062 2981 5116 nihil
3024 5063 3101 5117 eis
3130 5063 3343 5132 prodest
3380 5065 3438 5136 (l
3467 5064 3583 5118 (.‘or.
3626 5081 3717 5119 xm
3739 5107 3753 5133 ,

2177 5129 2326 5224 1-5).
2356 5154 2471 5208 Νοιι
2503 5165 2675 5208 autem
2707 5154 2902 5208 habent
2930 5154 3020 5207 Dei
3059 5129 3411 5221 cliat'itatetn,
3438 5157 3526 5226 qui
3570 5129 3757 5212 Eccle;
3794 5129 3801 5226 δ

2177 5179 2326 5224 Ἰ”⁸ῧ)-
2357 5179 2471 5208 HUII
2503 5179 2675 5208 ιιιιιυιιι
2707 5179 2902 5208 ιιιιυιτιιι
2930 5179 3020 5207 νει
3059 5179 3370 5210 υιιειιίιίιιειιι
3392 5197 3411 5221 ι
3438 5179 3526 5226 ψιι
3572 5179 3757 5212 αρσια·

2175 5246 2268 5299 sire
2300 5261 2404 5299 non
2433 5245 2656 5315 diligunt
2684 5246 2939 5300 unitatem
2967 5264 2979 5299 :
3010 5262 3072 5301 ac
3101 5263 3195 5316 per
3225 5246 3327 5301 hoc
3373 5260 3517 5303 recte
3559 5249 3759 5304 intelli-
3794 5179 3807 5289 ἶ

2175 5341 2315 5409 gitur
2357 5337 2461 5391 dici
2492 5353 2594 5392 non
2625 5338 2789 5407 accipi
2824 5339 2920 5393 nisi
2961 5340 3009 5394 in
3056 5339 3325 5394 Catholica
3374 5339 3603 5409 Spiritus
3631 5357 3759 5396 san-
3790 5330 3800 5385 Ῐ

2175 5436 2311 5479 ctus.
2343 5425 2522 5493 Neque
2551 5425 2692 5479 enim
2741 5426 3118 5493 temporalibus
3148 5435 3201 5478 ct
3235 5426 3574 5482 seusibilibtts
3600 5429 3761 5483 mira-
3795 5429 3801 5493 ξ

2176 5518 2314 5573 culis
2360 5517 2731 5570 attestantibus
2783 5532 2878 5586 per
2920 5532 3110 5571 manus
3161 5518 3553 5586 impositionem
3600 5523 3760 5575 modo

2176 5608 2330 5664 datur
2357 5606 2584 5678 Spiritus
2613 5619 2827 5663 sanctus
2846 5649 2859 5673 ,
2889 5608 3026 5662 sicut
3058 5617 3213 5663 antea
3240 5608 3465 5665 dabatur
3499 5610 3567 5667 ad
3609 5625 3759 5666 com—
3798 5606 3809 5646 ξ

2242 5738 2257 5769 ί
2286 5745 2416 5797 l.ov.,
2438 5734 2593 5786 illum.
2616 5739 2767 5789 Nostri
2795 5745 2898 5789 Mss.
2923 5751 3032 5790 cum
3058 5746 3156 5788 Am.
3184 5746 3235 5790 et
3257 5746 3330 5788 Er.
3348 5775 3363 5800 ,
3385 5738 3488 5793 illa.

558 5821 573 5855 ³
603 5827 741 5899 lissi,
768 5820 826 5871 de
850 5819 1016 5884 quibus
1040 5818 1174 5876 eicit.
1544 5834 1547 5835 '
1574 5866 1575 5869 η
1912 5860 1917 5871 .
2243 5820 2315 5883 (a)
2337 5819 2505 5871 Confer
2528 5822 2779 5872 concilium
2804 5821 3083 5874 Arelatense
3110 5823 3156 5887 1,
3181 5838 3284 5875 can.
3310 5824 3357 5874 8.
