4054 6466
260 351 357 412 “9

253 472 657 532 mendationem
685 470 830 527 rudis
871 466 993 524 fidei
1032 478 1086 523 et
1112 463 1364 521 Ecclesiae
1394 460 1683 534 primordia
1711 458 1843 513 dila-

251 566 431 623 tanda.
479 565 613 635 Quis
640 564 783 621 enim
831 577 970 617 nune
1000 559 1101 614 hoc
1138 564 1409 627 exspectat
1438 596 1454 621 ,
1502 562 1560 609 ut
1590 553 1623 608 ii
1654 552 1843 622 quibus

249 674 441 714 manus
466 656 536 712 ad
564 654 929 729 accipiendum
961 652 1214 723 Spiritum
1246 656 1484 704 sanctum
1512 643 1797 715 imponitur
1824 685 1839 711 ,

247 762 473 822 repente
523 752 780 821 incipiant
816 748 1005 818 linguis
1035 744 1228 816 loqui?
1273 740 1367 797 sed
1417 737 1751 795 invisibiliter
1792 745 1845 790 et

249 844 481 898 latenter
526 842 832 913 intelligitur
868 848 1082 909 propter
1111 839 1126 867 ¹
1159 834 1423 889 vinculum
1470 831 1612 902 pacis
1658 843 1842 883 eorum

246 933 507 990 cordibus
537 932 717 988 divina
751 931 981 986 Charitas
1008 926 1285 997 inspirari,
1315 934 1371 978 ιιι
1402 923 1605 993 possint
1626 920 1801 975 dicere
1824 960 1840 985 ,

251 1024 515 1092 Quoniam
565 1023 785 1077 cItaritas
835 1020 927 1075 Dei
968 1019 1154 1085 di/Iusa
1199 1026 1269 1070 est
1314 1016 1366 1069 in
1399 1012 1632 1068 cordibus
1662 1011 1845 1065 nostris

250 1134 340 1187 per
384 1116 642 1186 Spiritum
692 1125 960 1181 sanctum,
1007 1112 1094 1182 qui
1151 1110 1299 1164 datus
1351 1118 1422 1162 est
1464 1106 1623 1161 nobis.
1670 1104 1846 1159 Multae

247 1217 429 1263 autem
460 1217 587 1263 sunt
632 1207 965 1278 operationes
1004 1203 1229 1274 Spiritus
1271 1200 1477 1265 sancti,
1520 1214 1650 1267 quas
1704 1195 1842 1250 idem

246 1300 530 1368 apostolus
556 1314 679 1353 cum
721 1297 949 1369 quodam
990 1296 1144 1357 loco,
1192 1302 1442 1364 quantum
1474 1288 1715 1343 snflicere
1755 1302 1844 1340 ar—

246 1394 479 1449 bitratus
508 1400 625 1455 est,
674 1396 1183 1452 columemouasset,
1229 1387 1296 1439 ita
1349 1382 1609 1438 conclusit
1656 1399 1672 1435 :
1714 1377 1843 1432 Om-

250 1486 335 1537 nia
355 1493 528 1537 autem
553 1484 660 1536 lucc
688 1492 926 1551 aperatur
947 1497 1077 1533 unus
1122 1488 1271 1546 atque
1300 1476 1431 1528 idem
1472 1472 1694 1542 Spiritus
1721 1512 1735 1532 ,
1762 1470 1845 1523 di-

248 1576 427 1630 videns
454 1576 666 1645 propria
690 1573 956 1642 unicuique
979 1578 1127 1642 prout
1149 1568 1250 1622 vult
1272 1566 1316 1635 (I
1336 1564 1552 1627 Coram,
1580 1564 1686 1629 Il).
1711 1560 1843 1615 Cum

246 1683 379 1738 ergo
409 1668 481 1722 sit
515 1665 657 1720 aliud
695 1665 1126 1723 Sacramentmn,
1171 1658 1311 1730 quod
1345 1656 1543 1710 habere
1575 1652 1734 1708 etiam
1764 1648 1847 1707 Si-

252 1774 379 1812 mon
429 1756 614 1826 Magus
654 1755 825 1826 potuit
872 1751 1027 1826 (Act.
1059 1768 1170 1817 vttt,
1208 1749 1361 1819 I5);
1412 1743 1556 1800 aliud
1605 1743 1847 1815 Operatio

249 1848 519 1918 Spiritus,
561 1864 680 1917 qua:
724 1845 776 1900 in
818 1845 970 1899 malis
1001 1841 1302 1896 hominibus
1342 1838 1499 1893 etiam
1534 1835 1645 1890 ﬁeri
1674 1836 1843 1901 solet,

250 1942 390 1995 sicut
416 1940 545 1994 Saitl
568 1938 748 1992 habuit
782 1935 1113 2007 prophetiam
1147 1931 1197 2004 (I
1226 1932 1350 2003 Reg.
1382 1947 1434 1996 ι,
1457 1928 1511 1992 ϐ,
1542 1926 1644 1997 I0)
1666 1944 1679 1993 ;
1703 1926 1845 1981 aliud

245 2031 500 2101 operatio
548 2029 787 2099 ejusdem
833 2026 1103 2096 Spiritus,
1135 2040 1293 2095 quam
1338 2020 1437 2076 nisi
1481 2020 1604 2075 boni
1651 2018 1848 2074 habere

250 2139 355 2178 non
381 2130 630 2191 possunt,
660 2120 795 2175 sicut
818 2128 899 2173 est
927 2118 1044 2171 linis
1072 2112 1319 2187 praecepti
1349 2112 1578 2166 Charitas
1596 2109 1662 2165 de
1686 2108 1849 2164 corde

250 2229 408 2283 puro,
440 2224 496 2268 et
528 2210 850 2265 conscientia
879 2209 1013 2263 bona
1038 2247 1054 2272 ,
1086 2215 1141 2261 et
1186 2204 1289 2259 fide
1331 2220 1435 2257 non
1481 2202 1599 2257 ﬁcta
1632 2198 1686 2271 (l
1708 2198 1844 2254 Tim.

249 2321 287 2370 I,
316 2305 391 2373 5)
428 2320 440 2355 :
475 2302 750 2373 quodlibet
797 2299 1027 2354 hu-retici
1076 2306 1131 2353 et
1174 2293 1494 2349 sehismatici
1546 2292 1845 2361 accipiant,

248 2394 489 2449 charitas
553 2409 673 2464 qnzc
718 2391 956 2460 cooperit
1012 2388 1402 2443 multitudinem
1468 2393 1845 2455 peccatorum,

250 2487 531 2557 proprium
579 2484 783 2539 donum
833 2492 915 2537 est
965 2480 1240 2535 catholica:
1289 2477 1502 2531 unitatis
1547 2485 1604 2530 et
1647 2474 1844 2545 pacis;

251 2593 353 2633 nec
380 2576 503 2645 ejus
532 2575 581 2628 in
609 2575 857 2629 omnibus
877 2613 896 2640 ,
924 2572 1044 2643 quia
1073 2586 1170 2624 nec
1209 2568 1326 2638 ejus
1347 2577 1470 2621 sunt
1497 2581 1707 2632 onmes,
1738 2565 1849 2622 sic-

252 2678 311 2724 ut
367 2684 471 2724 suo
534 2668 652 2722 loco
690 2664 1007 2720 videbimus.
1052 2663 1252 2718 Praeter
1294 2660 1461 2730 ipsam
1507 2668 1681 2712 tamen
1727 2672 1849 2713 esse

254 2763 343 2816 illa
391 2760 638 2816 charitas
688 2774 791 2814 non
822 2765 997 2827 potest
1023 2797 1037 2818 .
1071 2754 1188 2809 sine
1230 2767 1336 2824 qua
1381 2760 1573 2805 cmtcra
1610 2748 1771 2805 etiam
1800 2749 1848 2803 si

256 2853 473 2924 agnosci
507 2860 562 2905 et
600 2849 882 2920 approbari
913 2855 1163 2918 possunt,
1199 2843 1452 2915 prodesse
1483 2852 1656 2895 tamen
1698 2849 1753 2896 et
1780 2839 1847 2894 li-

258 2943 444 2998 berare
477 2957 587 2996 non
618 2948 857 3011 possunt.
885 2938 1067 2992 Manus
1090 2947 1266 2990 autem
1290 2932 1556 3003 impositio
1579 2946 1684 2985 non
1711 2930 1850 2986 sicut

260 3035 561 3101 Baptismus
583 3033 751 3101 repeti
778 3048 879 3085 non
908 3038 1103 3102 potest.
1134 3026 1269 3096 Quid
1294 3034 1378 3081 est
1404 3024 1546 3079 enim
1574 3021 1715 3079 aliud
1745 3021 1848 3078 nisi

253 3127 427 3180 oratio
456 3140 624 3193 super
649 3124 915 3177 hominem
958 3121 1033 3191 (a)
1067 3120 1090 3174 ’ἒ

321 3215 557 3273 CAPUT
605 3214 763 3269 XVII.
793 3213 976 3267 —22.
1025 3211 1163 3266 Nam
1210 3208 1346 3281 quod
1386 3208 1439 3261 in
1478 3216 1598 3279 typo
1640 3206 1849 3262 unitatis

258 3308 414 3363 Petro
442 3306 701 3363 Dominus
742 3305 879 3359 dedit
917 3311 1245 3375 potestatem,
1290 3310 1342 3354 ut
1384 3300 1438 3354 id
1482 3298 1755 3354 solueretur
1794 3297 1848 3353 in

258 3404 401 3456 terris
431 3400 570 3469 quod
588 3399 675 3454 ille
690 3399 913 3453 solvisset
934 3438 953 3465 ,
983 3394 1318 3450 manifestum
1339 3400 1423 3448 est
1447 3391 1587 3463 quod
1620 3391 1706 3445 illa
1732 3390 1846 3445 uni-

259 3502 337 3547 tas
378 3492 544 3547 etiam
576 3506 678 3544 una
726 3489 970 3544 columba
1013 3485 1243 3557 perfecta
1287 3487 1358 3540 sit
1390 3484 1549 3538 dicta.
1583 3479 1848 3553 Numquid

253 3598 384 3655 ergo
431 3582 502 3637 ad
546 3580 789 3637 culidem
818 3579 1115 3634 columbam
1144 3575 1410 3647 pertinent
1449 3588 1636 3629 omnes
1660 3572 1804 3628 avari
1828 3605 1875 3640 ,-

251 3676 322 3731 de
364 3674 564 3745 quibus
612 3673 664 3727 in
690 3671 874 3727 eadem
896 3669 1164 3725 Catholica
1189 3668 1421 3739 graviter
1448 3666 1586 3720 idem
1623 3662 1848 3736 Cypria-

254 3781 356 3821 nus
374 3763 677 3835 ingemuit?
702 3761 858 3826 Nam,
881 3760 1157 3830 ntepinor,
1181 3768 1420 3828 raptores
1446 3772 1549 3810 non
1565 3753 1845 3822 columba),

253 3857 349 3911 sed
377 3854 665 3925 accipitres
703 3853 806 3907 dici
850 3859 1092 3923 possunt.
1139 3846 1415 3918 Quomodo
1454 3862 1580 3917 ergo
1609 3844 1848 3915 baptiza-

256 3948 426 4013 bant,
475 3945 567 4017 qui
612 3942 804 3998 fundos
833 3940 1102 3996 insidiosis
1146 3938 1417 3994 fraudibus
1457 3937 1762 4008 rapiebant,
1794 3945 1848 3991 et

257 4041 432 4096 usuris
499 4036 973 4109 multiplicantibus
1022 4033 1177 4089 fenus
1226 4030 1488 4102 augebant
1536 4028 1702 4102 (Lib.
1760 4045 1849 4083 seu

255 4132 426 4201 Epist.
467 4130 533 4185 de
551 4128 736 4199 Lapsis
762 4128 779 4199 )
804 4169 820 4196 ,
867 4128 910 4181 si
940 4126 1052 4181 sola
1081 4125 1165 4178 illa
1193 4123 1437 4177 columba
1462 4162 1479 4188 ,
1508 4120 1559 4176 id
1601 4128 1686 4175 est
1706 4161 1723 4189 ,
1759 4120 1847 4174 illa

254 4227 434 4280 unitas
470 4238 591 4294 quae
632 4221 733 4277 nisi
777 4221 830 4275 in
858 4219 1013 4275 bonis
1059 4216 1277 4285 intelligi
1318 4231 1422 4269 non
1463 4222 1673 4284 potest,
1715 4211 1845 4267 sim-

257 4318 381 4389 plex
413 4323 471 4371 et
496 4322 644 4370 casta
682 4323 736 4368 et
766 4312 997 4383 perfecta
1030 4310 1257 4378 baptizat
1280 4308 1303 4363 ?
1325 4310 1407 4362 An
1437 4305 1573 4362 forte
1602 4321 1696 4375 per
1723 4319 1848 4360 ora-

259 4410 432 4465 tiones
475 4413 783 4462 sanctorum
827 4400 1176 4473 spiritualium
1204 4399 1291 4469 qui
1332 4407 1455 4452 sunt
1493 4397 1545 4451 in
1578 4396 1845 4464 Ecclesia,

259 4512 513 4571 tanquam
547 4513 640 4568 per
682 4495 944 4552 columbae
984 4492 1363 4548 creberrimum
1394 4489 1645 4559 gemitum
1673 4529 1688 4553 ,
1736 4502 1850 4541 ma-

256 4608 421 4663 gnum
470 4590 676 4662 geritur
718 4594 1151 4648 sacramentum,
1195 4590 1248 4635 et
1292 4581 1496 4635 occulta
1526 4578 1850 4648 dispensatio

258 4679 647 4738 misericordia:
684 4678 800 4744 Dei,
832 4686 887 4731 ut
910 4690 1095 4731 eorum
1122 4675 1282 4729 etiam
1313 4681 1525 4742 peccata
1556 4670 1848 4733 solvantur,

259 4778 349 4846 qui
378 4790 488 4830 non
524 4788 617 4844 per
640 4770 939 4825 columbam
966 4810 981 4833 ,
1008 4766 1101 4821 sed
1133 4781 1226 4836 per
1243 4764 1548 4833 accipitrem
1583 4760 1855 4831 baptizan-

262 4878 387 4934 tur,
429 4868 474 4922 si
522 4865 588 4919 ad
635 4864 765 4918 illud
803 4863 1203 4918 Sacramentum
1247 4874 1366 4912 cum
1406 4871 1547 4926 pace.
1576 4853 1852 4909 catholica:

263 4958 482 5015 unitatis
510 4953 820 5011 accedunt?
850 4950 1001 5020 Quod
1028 4950 1071 5003 si
1100 4949 1171 5004 ita
1201 4958 1282 5003 est
1304 4988 1319 5012 ,
1364 4962 1458 5001 cur
1481 4960 1585 4999 non
1608 4961 1734 5014 ergo
1762 4958 1853 5011 per

261 5064 449 5104 eorum
482 5046 752 5101 orationes
800 5059 922 5098 cum
967 5041 1191 5113 quisque
1230 5039 1297 5092 ab
1335 5037 1521 5091 hzeresi
1568 5044 1659 5089 aut
1713 5034 1853 5089 schi-

263 5149 439 5194 smate
485 5137 552 5190 ad
584 5150 764 5204 pacem
796 5132 1109 5189 catholicam
1138 5130 1317 5194 venit,
1350 5128 1464 5198 ejus
1496 5136 1707 5196 peccata
1743 5125 1852 5179 sol-

264 5241 461 5286 vuntur
484 5230 508 5284 Ἰ
535 5226 864 5285 Sacramenti
893 5234 1068 5279 autem
1106 5223 1377 5293 integritas
1416 5220 1608 5290 ubique
1652 5234 1851 5288 cogno-

264 5323 454 5389 scitur,
482 5321 577 5376 sed
604 5319 669 5373 ad
702 5326 1037 5388 peccatorum
1068 5314 1209 5367 illam
1240 5311 1643 5366 irrevocabilem
1668 5309 1857 5363 retnis-
1910 5302 1924 5314 ³

266 5419 477 5473 sionem
506 5423 657 5470 extra
688 5409 945 5465 unitatem
983 5406 1237 5462 Ecclesia:
1279 5420 1385 5459 non
1412 5402 1624 5458 valebit.
1664 5400 1772 5456 Nec
1800 5399 1853 5454 in

332 5570 350 5603 ι
375 5570 449 5619 sic
470 5574 578 5617 Mss.
597 5564 717 5615 miti
739 5569 921 5621 autem,
945 5573 1049 5624 per.

328 5614 555 5693 talitatis
578 5628 661 5693 illa
702 5634 781 5675 est
803 5614 971 5673 manus
993 5621 1256 5693 ίιηιτοείμιον
1279 5618 1360 5693 d9.
1380 5629 1475 5693 at}?
1498 5614 1672 5693 intra.
1695 5615 1854 5693 lib-ﬁ,

271 5678 484 5755 $13.25,
500 5688 716 5755 legitur;
742 5695 947 5755 «Manus
958 5678 1119 5755 autem
1156 5678 1465 5755 impositio:si
1480 5678 1855 5755 uouadltibere-

280 5737 504 5805 :trurﬂa'b
528 5737 719 5800 ’ὦῶ-θδὶ
754 5748 990 5808 venienti,
1015 5737 1242 5809 tanquam
1282 5749 1423 5793 extra
1444 5751 1638 5791 omnem
1667 5737 1856 5802 culpam

279 5834 307 5865 ι
328 5813 770 5879 essejudiwetur.
793 5826 816 5856 ι

1583 343 1781 401 LIBER
1820 341 2132 399 TERTIUS.

3426 351 3530 409 I3?

1950 456 2140 512 lueresi
2180 467 2270 513 aut
2303 459 2588 516 schismate
2611 461 2959 518 constitutum
3001 472 3305 519 sanctorum
3335 464 3532 520 oratio-

1950 562 2045 601 nes
2070 589 2085 611 ,
2138 546 2188 602 id
2220 556 2332 615 est,
2367 550 2510 606 illius
2539 551 2705 607 unica:
2733 554 2994 608 columba:
3032 555 3260 625 gemitus
3289 564 3534 625 poterunt

1948 639 2197 707 adjuvare
2225 656 2239 705 ;
2281 642 2418 696 sicut
2443 658 2541 698 nec
2569 645 2709 697 intus
2737 646 2963 714 positum
2991 655 3209 717 possunt
3232 690 3247 711 ,
3278 648 3320 701 si
3346 648 3535 702 adver-

1948 747 2066 787 sum
2090 748 2148 788 se
2172 734 2283 804 ipse
2309 750 2406 805 per
2440 736 2598 790 vitam
2628 740 2909 807 pessimam
2940 748 3118 794 teneat
3144 741 3318 794 debita
3346 757 3536 811 pecca-

1949 833 2121 879 torum
2148 868 2164 891 ,
2220 843 2324 880 non
2379 828 2549 883 solum
2594 830 2637 883 si
2689 846 2787 900 per
2828 832 3184 900 accipitrem,
3234 834 3327 889 sed
3371 836 3533 890 etiam

1948 914 1994 969 si
2038 931 2131 985 per
2167 918 2334 987 ipsius
2374 920 2633 975 columba:
2681 923 2823 993 pium
2868 924 3220 978 ministerium
3273 925 3531 995 baptize-

1950 1017 2052 1063 tur.

2019 1102 2246 1159 CAPUT
2293 1104 2478 1188 XVIII.
2505 1107 2678 1161 —23.
2722 1108 2867 1163 Sicut
2891 1109 3025 1162 misit
3057 1125 3160 1175 me,
3196 1110 3402 1181 inquit.
3438 1110 3535 1163 Pa-

1949 1204 2056 1262 ter,
2101 1207 2147 1251 et
2174 1214 2266 1269 ego
2296 1200 2433 1253 mitto
2457 1216 2560 1253 vos.
2598 1199 2708 1254 Iloc
2732 1218 2844 1255 cum
2869 1203 3114 1269 dixisset,
3150 1202 3413 1273 inspiravit
3443 1246 3457 1270 ,
3487 1213 3534 1258 et

1948 1288 2018 1341 ait
2046 1289 2148 1343 illis
2193 1306 2211 1344 :
2242 1291 2461 1359 Accipite
2489 1292 2736 1363 Spiritum
2774 1304 3002 1348 sanctum
3035 1311 3055 1349 :
3092 1298 3138 1350 si
3163 1298 3310 1367 cujus
3339 1300 3534 1351 remise-

1948 1380 2060 1434 ritis
2089 1392 2289 1450 peccata
2307 1424 2323 1448 ,
2351 1384 2665 1438 remittemur
2692 1386 2769 1440 illi
2794 1403 2812 1452 ;
2838 1387 2883 1440 si
2906 1388 3053 1459 cujus
3080 1390 3362 1453 teuueritis,
3392 1400 3533 1445 tene-

1948 1468 2133 1525 buntur
2173 1471 2369 1544 (Joan.
2410 1491 2501 1543 xx,
2529 1475 2620 1543 22,
2645 1476 2780 1549 23).
2813 1477 2956 1548 Ergo
2991 1480 3038 1533 si
3070 1495 3345 1550 personam
3380 1497 3533 1552 gere-

1949 1563 2073 1619 bant
2116 1565 2400 1634 Ecclesire,
2431 1577 2485 1623 et
2509 1569 2586 1624 sic
2620 1570 2697 1626 eis
2736 1570 2838 1626 hoc
2882 1570 3081 1626 dictum
3119 1583 3199 1628 est
3222 1616 3238 1639 ,
3284 1581 3532 1645 tauquam

1950 1655 2048 1726 ipsi
2076 1655 2330 1713 Ecclesia:
2365 1658 2674 1725 diceretur;
2719 1676 2820 1730 pax
2859 1661 3109 1716 Ecclesia:
3151 1663 3370 1718 dimittit
3408 1681 3533 1735 pee~

1944 1754 2095 1813 cata,
2137 1758 2189 1803 et
2216 1748 2284 1804 ab
2332 1750 2583 1806 Ecclesia:
2622 1767 2752 1821 pace
2791 1752 3042 1808 alienatio
3090 1764 3234 1811 tenet
3278 1766 3532 1827 peccata,

1949 1855 2056 1894 non
2102 1841 2392 1896 secundum
2428 1842 2706 1897 arbitrium
2752 1844 3058 1912 hominum,
3098 1845 3193 1901 sed
3240 1847 3534 1902 secundum

1949 1933 2227 1988 arbitrium
2261 1933 2351 1989 Dei
2402 1944 2457 1990 et
2498 1936 2767 1991 orationes
2810 1945 3117 1993 sanctorum
3155 1939 3531 2008 spiritualium,

1949 2026 2039 2095 qui
2066 2027 2243 2081 omnia
2269 2025 2511 2095 judicant
2535 2068 2551 2094 ,
2584 2028 2684 2097 ipsi
2713 2039 2892 2083 autem
2915 2044 2948 2083 a
2979 2029 3193 2084 nemine
3231 2029 3536 2099 judicantur

1951 2116 1997 2186 (ἰ
2024 2114 2141 2170 Cor.
2165 2132 2223 2181 Il,
2256 2116 2368 2186 15).
2398 2116 2555 2172 Petra
2584 2117 2726 2172 enim
2757 2126 2933 2184 tenet,
2963 2128 3111 2187 petra
3141 2119 3361 2173 dimittit
3392 2135 3406 2172 :
3438 2134 3535 2174 co-

1952 2208 2130 2264 lumba
2163 2218 2309 2264 tenet
2339 2251 2355 2277 ,
2386 2211 2632 2266 columba
2658 2211 2879 2266 dimittit
2911 2228 2925 2263 :
2960 2211 3137 2266 unitas
3164 2219 3327 2277 tenet,
3359 2211 3537 2266 unitas

1949 2299 2189 2355 dimittit.
2220 2301 2327 2355 Pax
2355 2312 2533 2355 autem
2561 2301 2720 2372 hujus
2755 2302 2973 2357 unitatis
3014 2301 3065 2357 in
3095 2302 3224 2358 solis
3248 2301 3403 2357 bonis
3427 2309 3535 2366 est,

1951 2393 2033 2447 vel
2058 2394 2167 2461 jam
2196 2393 2581 2463 spiritualibus,
2601 2394 2684 2449 vel
2712 2393 2779 2449 ad
2804 2393 3096 2463 spiritualia
3127 2393 3381 2450 concordi
3404 2392 3538 2449 obe-

1951 2484 2148 2539 dientia
2195 2485 2591 2553 proﬁcientibus
2622 2502 2635 2538 :
2665 2484 2718 2539 in
2748 2485 2902 2539 malis
2934 2492 3109 2539 autem
3136 2499 3241 2539 non
3273 2494 3356 2538 est
3379 2526 3395 2551 ,
3421 2483 3537 2540 sivo

1954 2573 2081 2628 foris
2108 2574 2512 2639 tumultuentur,
2543 2574 2658 2629 sive
2682 2574 2825 2630 intus
2853 2589 2973 2629 cum
2995 2575 3192 2645 gemitu
3219 2575 3532 2639 tolerentur,

1950 2672 2006 2721 et
2035 2663 2303 2735 baptizent
2327 2673 2380 2718 et
2404 2664 2755 2734 baptizentur.
2778 2662 2932 2720 Sicut
2966 2675 3143 2720 autem
3166 2664 3252 2719 isti
3277 2664 3368 2736 qui
3394 2664 3536 2719 intus

1948 2771 2072 2812 cum
2098 2757 2297 2828 gemitu
2328 2757 2653 2823 tolerantur,
2681 2757 2924 2829 quamvis
2962 2756 3031 2812 ad
3058 2756 3304 2813 eamdem
3332 2756 3539 2811 colum-

1951 2848 2037 2904 ba:
2065 2849 2319 2903 unitatem
2347 2888 2363 2913 ,
2409 2858 2464 2903 et
2502 2848 2571 2904 ad
2612 2849 2755 2904 illam
2783 2848 3073 2922 gloriosam
3100 2847 3397 2904 Ecclesiam
3426 2865 3532 2903 non

1952 2938 2239 2996 habentem
2269 2940 2531 2995 maculam
2554 2948 2648 2996 aut
2672 2956 2856 3011 rugam
2883 2947 2976 2995 aut
2999 2938 3203 3010 aliquid
3230 2938 3533 3011 bujusmodi

1953 3031 2172 3104 (Ephes.
2194 3049 2246 3098 v,
2273 3032 2379 3105 27)
2399 3074 2414 3099 ,
2442 3048 2548 3089 non
2575 3034 2877 3104 pertineant
2900 3030 2977 3107 (a)
3002 3050 3017 3098 ;
3065 3040 3246 3088 tamen
3286 3034 3332 3090 si
3366 3033 3538 3089 corri-

1948 3133 2173 3196 gantur,
2202 3132 2257 3180 et
2281 3140 2340 3181 se
2362 3125 2627 3197 pessimos
2672 3124 2739 3179 ad
2768 3124 3096 3195 Baptismum
3139 3123 3431 3180 accessisse
3461 3125 3537 3177 fa—

1951 3226 2166 3274 teantur
2187 3259 2204 3284 ,
2233 3233 2338 3272 non
2367 3216 2796 3287 rebaptizantnr,
2825 3214 2920 3271 sed
2957 3215 3217 3286 incipiunt
3242 3215 3307 3269 ad
3333 3215 3537 3270 colum-

1950 3309 2073 3365 bam
2105 3309 2401 3379 pertinere,
2431 3324 2528 3378 per
2552 3308 2704 3379 cujus
2728 3308 2962 3379 gemitus
2993 3316 3206 3378 peccata
3232 3306 3535 3373 solvuntur,

1949 3414 1981 3453 a
2010 3400 2160 3470 cujus
2187 3415 2316 3471 pace
2341 3399 2587 3455 alienatis
2616 3398 2932 3455 tenebantur
2960 3399 2975 3431 ¹
3010 3413 3023 3451 :
3061 3398 3139 3454 sic
3168 3407 3223 3453 et
3248 3398 3338 3469 qui
3377 3413 3534 3467 aper-

1952 3494 2056 3549 tius
2105 3492 2233 3547 foris
2276 3502 2435 3559 sunt,
2476 3492 2522 3546 si
2566 3490 2756 3547 eadem
2792 3491 3136 3546 Sacramenta
3167 3499 3532 3560 sumpserunt,

1951 3601 2073 3640 eum
2103 3584 2331 3641 correcti
2356 3583 2421 3638 ad
2453 3583 2707 3639 Ecclesiae
2735 3582 2957 3638 veniunt
2984 3581 3264 3646 unitatem,
3297 3596 3404 3636 non
3436 3581 3538 3636 ite-

1950 3687 2069 3734 rato
2099 3678 2404 3749 Baptismo,
2432 3676 2527 3732 sed
2553 3675 2741 3730 eadem
2771 3674 3049 3729 charitatis
3081 3674 3199 3744 lege
3226 3681 3281 3728 et
3319 3672 3536 3726 unitatis

1951 3770 2163 3825 vinculo
2201 3770 2512 3824 liberantur.
2544 3767 2676 3822 Nam
2705 3768 2750 3822 si
2782 3783 2882 3821 non
2916 3766 3015 3820 nisi
3055 3766 3107 3819 in
3138 3764 3368 3819 Ecclesia
3397 3780 3533 3834 pra:-

1952 3861 2162 3932 positis,
2208 3870 2254 3915 et
2303 3859 2588 3929 evangelica
2640 3858 2747 3929 lege
2792 3873 2852 3910 ac
2905 3856 3165 3910 dominica
3215 3855 3537 3909 ordinatione

1952 3954 2182 4025 fundatis
2237 3953 2348 4008 licet
2396 3951 2697 4023 baptizare;
2747 3948 3002 4019 numquid
3058 3948 3191 4004 tales
3240 3957 3395 4002 erant
3441 3949 3533 4017 qui

1952 4046 2145 4104 fundos
2174 4045 2445 4102 insidiosis
2474 4043 2748 4099 fraudibus
2777 4042 3087 4113 rapiebant,
3114 4051 3171 4098 et
3195 4041 3369 4097 usuris
3397 4040 3538 4094 mul-

1952 4137 2313 4209 tiplicantibns
2339 4138 2491 4192 fenus
2515 4135 2821 4205 augebant?
2850 4134 3093 4190 Arbitror
3130 4149 3279 4189 enim
3309 4134 3431 4204 quia
3461 4132 3537 4189 illi

1952 4229 2219 4287 dominica
2243 4229 2580 4284 ordinatione
2599 4228 2620 4259 ³
2648 4225 2850 4281 fundati
2876 4234 3036 4293 sunt,
3061 4224 3253 4295 quibus
3279 4238 3400 4279 eum
3428 4223 3539 4278 for-

1952 4336 2095 4379 mam
2122 4319 2272 4375 daret
2296 4318 2618 4390 Apostolus,
2641 4317 2745 4383 ait,
2772 4315 2893 4371 Non
2922 4331 3161 4380 avarum,
3194 4332 3294 4370 non
3320 4315 3541 4387 turpius.

1952 4429 2095 4467 crum
2115 4411 2136 4443 ³
2158 4410 2284 4485 (Tit.
2310 4426 2344 4475 ι,
2371 4407 2447 4482 7).
2478 4408 2635 4464 Tales
2658 4417 2835 4463 tamen
2860 4406 3027 4477 ipsius
3052 4405 3301 4476 Cypriani
3328 4413 3435 4461 tem
3444 4420 3539 4475 po-

1954 4504 2102 4560 ribus
2130 4501 2488 4573 baptizabant,
2520 4513 2656 4571 quos
2684 4498 3033 4569 coepiscopos
3057 4511 3186 4553 suos
3223 4496 3385 4550 fuisse
3411 4510 3536 4551 cum

1955 4612 2148 4665 magno
2174 4594 2373 4664 gemitu
2401 4592 2681 4648 conﬁtetur
2704 4633 2720 4658 ,
2750 4600 2806 4646 et
2847 4604 2971 4644 cum
3010 4603 3203 4658 magna
3238 4587 3538 4642 tolerantia,

1956 4686 2203 4744 mercede
2250 4685 2565 4755 perpetitur.
2617 4681 2917 4738 Remissam
2966 4690 3145 4735 tamen
3195 4688 3539 4749 peccatorum

1956 4795 2062 4834 non
2089 4777 2325 4843 dabant;
2371 4790 2491 4845 quae
2531 4789 2627 4844 per
2663 4774 2934 4827 orationes
2974 4781 3281 4827 sanctorum
3304 4811 3320 4838 ,
3351 4771 3403 4825 id
3433 4780 3534 4835 est,

1958 4885 2052 4940 per
2075 4867 2340 4923 columba:
2364 4865 2591 4936 gemitus
2619 4864 2773 4920 datur
2796 4904 2811 4929 ,
2841 4864 3164 4934 quicumque
3202 4862 3464 4934 baptizet,
3490 4861 3541 4916 si
3565 4921 3588 4931 ι

1956 4962 2022 5017 ad
2048 4962 2165 5031 ejus
2199 4974 2381 5029 pacem
2411 4958 2484 5012 illi
2529 4956 2799 5027 pertinent
2826 4955 3019 5025 quibus
3044 4955 3223 5009 datur.
3249 4953 3366 5009 Non
3393 4952 3536 5007 enim

1958 5052 2260 5122 raptoribus
2301 5059 2356 5106 et
2390 5047 2782 5105 feneratoribus
2808 5047 3011 5102 diceret
3036 5046 3325 5111 Dominus,
3368 5043 3429 5097 Si
3456 5044 3540 5096 cui

1957 5144 2247 5199 dimiseritis
2282 5150 2485 5211 peccata
2507 5182 2523 5207 ,
2552 5140 2862 5194 dimittantur
2898 5138 3013 5202 illi;
3053 5138 3097 5191 si
3140 5136 3221 5190 cui
3259 5132 3538 5198 tenueritis,

1960 5235 2273 5291 tenebuntur.
2307 5231 2455 5286 Foris
2503 5230 2718 5301 quidem
2748 5244 2837 5284 nec
2864 5228 3013 5298 ligari
3043 5224 3235 5295 aliquid
3262 5230 3421 5291 potest
3447 5237 3539 5275 nec

1954 5328 2106 5394 solvi,
2140 5326 2226 5381 ubi
2254 5341 2354 5379 non
2378 5325 2444 5379 sit
2466 5324 2554 5390 qui
2580 5333 2668 5378 aut
2709 5323 2868 5395 ligare
2893 5322 3045 5393 possit
3071 5330 3161 5373 aut
3189 5317 3379 5371 solvere
3406 5316 3537 5372 :sed

2026 5491 2041 5523 ι
2068 5495 2197 5545 Lov.,
2221 5482 2418 5549 alienati
2439 5483 2713 5535 tenebantur
2743 5494 2761 5532 :
2784 5482 2942 5549 minus
2964 5480 3111 5549 bene.
3219 5534 3253 5549 ﬂ

2025 5555 2045 5583 ί
2066 5540 2309 5599 admones
2344 5548 2453 5596 duze
2494 5555 2594 5595 am.
2636 5552 2688 5595 et
2718 5549 2813 5602 ειη,
2857 5540 3098 5590 domim'ca
3126 5540 3342 5588 oratione
3366 5549 3385 5588 :
3408 5550 3545 5589 men-

1962 5614 2273 5735 doievulgata
2294 5664 2735 5735 fert,__turpts,lucri
2757 5660 3025 5735 cupidtnn;
3058 5663 3129 5735 sic
3164 5660 3311 5735 etiam
3349 5660 3546 5735 quidam

1964 5736 2096 5796 add;
2119 5721 2285 5783 alvatss.
2315 5721 2475 5780 etalio
2499 5721 2731 5796 loqoﬁipse
2756 5721 3065 5787 Augustinus,
3085 5721 3425 5787 turpilucrmit.
3489 5728 3547 5769 tt.

2031 5787 2103 5859 (a')
2125 5803 2159 5846 ιι
2184 5800 2407 5851 Retract.,
2428 5801 2532 5850 cap.
2548 5787 2654 5839 ‘18.’
2672 5794 2679 5809 π
3320 5824 3325 5830 ,
3488 5809 3520 5839 τ,
3604 5788 3607 5789 ν
