4054 6472
528 379 621 438 151

526 499 747 554 solvitur
788 496 876 567 qui
915 511 1032 550 cum
1077 495 1320 550 columba
1349 494 1533 550 fecerit
1562 509 1744 566 pacem
1769 535 1786 562 ,
1815 501 1871 548 et
1907 492 2098 562 ligatur

523 589 610 658 qui
663 602 786 642 cum
831 587 1072 642 columba
1126 603 1231 643 non
1295 586 1453 640 habet
1501 601 1721 656 pacem,
1767 586 1883 639 sive
1920 595 2101 654 aperte

523 679 651 732 loris
677 679 768 743 sit,
798 678 916 733 sive
937 679 1079 732 intus
1107 692 1226 732 esse
1251 677 1511 731 videatur.

589 771 679 826 24.
710 768 917 830 Dat/tan
942 787 1086 838 vero,
1116 769 1278 825 Chore
1303 780 1349 824 et
1368 747 1556 824 idbiron
1575 811 1589 834 ,
1615 769 1702 842 qui
1727 760 1822 823 sibi
1849 762 2101 821 licentiam

519 865 848 934 sacriﬁcandi
890 880 1136 934 usurpare
1173 864 1340 916 conati
1367 847 1484 918 sunt
1527 871 1700 915 contra
1728 853 1970 914 unitatem
2002 876 2098 929 po-

521 959 630 1026 puli
656 957 771 1025 Dei,
799 966 846 1012 et
871 957 968 1025 [ilii
992 957 1162 1011 Aaron
1197 957 1285 1028 qui
1310 943 1532 1009 alienum
1564 955 1729 1027 ignem
1757 953 1909 1006 altari
1932 953 2099 1022 impo-

520 1059 750 1116 suerunt,
798 1051 1041 1106 novimus
1084 1049 1224 1120 quod
1269 1049 1473 1120 impune
1516 1064 1616 1100 non
1661 1045 1868 1114 fecerint
1909 1041 2095 1114 (Num.

524 1157 614 1210 xvi
640 1159 656 1207 ;
696 1151 742 1194 et
769 1139 927 1196 Levit.
953 1156 1010 1205 χ,
1043 1141 1096 1206 1,
1117 1140 1196 1208 2).
1229 1137 1337 1194 Nec
1365 1155 1461 1206 nos
1493 1137 1612 1192 talia
1644 1135 1845 1190 scelera
1869 1133 2099 1189 dicimus

522 1229 780 1301 impunita
809 1245 1108 1306 remanere,
1139 1229 1253 1300 nisi
1282 1245 1346 1304 se
1370 1227 1502 1282 tales
1531 1225 1882 1298 correxerint,
1927 1224 1969 1277 si
2001 1238 2099 1292 pa-

525 1311 706 1380 tientia
754 1322 846 1377 Dei
891 1320 957 1375 ad
1004 1318 1370 1389 pmnitentiam
1411 1316 1688 1373 adducens
1729 1309 1906 1386 (liam.
1939 1315 2009 1380 ιι,
2042 1312 2096 1383 ti)

522 1413 732 1486 tempus
759 1413 1054 1484 corrigendi
1087 1413 1324 1482 largitur.
1626 1391 1629 1398 Α

593 1506 821 1565 CAPUT
861 1505 1002 1562 XIX.
1028 1534 1096 1544 σ-
1121 1504 1210 1560 25.
1241 1503 1317 1557 11ιί
1346 1518 1473 1566 sane
1493 1489 1582 1572 qui
1614 1489 1890 1571 propterea
1916 1495 2100 1550 dicunt

522 1593 625 1654 non
656 1615 762 1655 esse
795 1596 1079 1651 iterandum
1109 1591 1457 1666 Baptismum,
1503 1591 1621 1661 quia
1669 1605 1848 1642 manus
1879 1596 2098 1640 tantum-

521 1692 671 1746 modo
691 1690 924 1760 imposita
954 1698 1026 1743 est
1051 1689 1118 1741 eis
1143 1704 1266 1758 quos
1297 1684 1567 1755 Philippus
1595 1680 1841 1734 diaconus
1867 1677 2096 1748 baptiza-

519 1792 658 1837 νει-(ιι
689 1780 820 1854 (Act.
848 1796 959 1845 vm,
989 1778 1165 1850 5-17),
1195 1775 1324 1830 nihil
1354 1773 1418 1828 ad
1448 1789 1555 1828 rem
1584 1772 1859 1842 pertinens
1883 1765 2094 1822 dicunt:

522 1884 575 1928 ct
597 1873 732 1927 absit
757 1879 812 1925 ut
847 1887 965 1925 cum
990 1885 1170 1923 verum
1196 1867 1482 1938 quaerimus
1501 1907 1517 1933 ,
1545 1864 1736 1918 talibus
1769 1858 2099 1931 argumentis

524 1967 753 2017 utamur.
798 1963 1130 2031 Quapropter
1155 1959 1321 2028 magis
1348 1957 1593 2011 ha’reticis
1628 1971 1726 2008 non
1750 1952 1970 2007 cedimus
1997 1948 2096 2022 (a),

522 2058 566 2115 si
593 2057 735 2130 quod
761 2057 957 2110 habent
983 2054 1049 2108 de
1070 2041 1553 2129 ChristiEcclesia,
1582 2064 1687 2116 non
1715 2061 1834 2101 esse
1858 2045 2100 2100 dicamus

523 2151 781 2219 ipsorum,
814 2162 910 2200 nec
931 2154 1150 2216 propter
1170 2141 1372 2197 scelera
1399 2125 1728 2194 desertorum
1756 2133 2100 2208 Imperatoris

525 2239 695 2294 nostri
725 2239 873 2308 signa
900 2237 1130 2290 nolimus
1159 2247 1448 2304 agnoscere
1474 2249 1487 2284 :
1513 2219 1682 2301 magis
1708 2228 1830 2298 quia
1853 2225 2101 2278 Dominus

523 2327 663 2383 Deus
692 2338 856 2384 noster
883 2325 1022 2381 Deus
1061 2325 1231 2379 zelans
1274 2332 1344 2377 est
1384 2319 1562 2393 (Deut.
1586 2336 1657 2385 tv,
1685 2317 1808 2390 24),
1844 2314 2098 2386 quidquid

521 2419 641 2490 ejus
669 2418 807 2490 apud
851 2419 1081 2487 aliquem
1113 2415 1484 2486 agnoscimus,
1520 2411 1665 2466 nullo
1695 2409 1854 2464 modo
1894 2408 1943 2464 ei
1973 2423 2101 2462 con-

521 2508 773 2564 cedamus
822 2519 877 2562 ut
929 2522 1087 2564 suum
1133 2503 1406 2576 proprium
1452 2518 1572 2557 esse
1617 2500 1926 2555 arbitretur.
1982 2499 2100 2569 Ipse

519 2613 664 2680 certe
696 2603 834 2656 Deus
877 2601 1060 2654 zelans
1105 2595 1388 2653 fornicanti
1419 2611 1448 2649 a
1479 2610 1538 2650 se
1581 2594 1791 2648 l'etnina:
1837 2591 1889 2646 in
1932 2591 2098 2661 ﬁgura

523 2691 964 2765 prmvaricatricis
1010 2690 1179 2760 plebis
1223 2686 1532 2758 exprobrat,
1585 2694 1638 2738 et
1683 2682 1810 2736 dicit
1854 2681 1994 2751 quod
2037 2696 2100 2735 ea

520 2804 638 2856 qua:
669 2785 833 2855 ipsius
863 2791 1076 2848 essent,
1115 2768 1275 2836 dabat
1313 2777 1641 2833 amatoribus
1665 2776 1775 2830 suis
1799 2817 1814 2839 ,
1847 2784 1900 2829 et
1928 2769 1995 2827 ab
2023 2773 2102 2828 eis

522 2857 708 2949 rursus
732 2873 1043 2944 accipiebat,
1077 2889 1193 2942 qua:
1220 2886 1323 2925 non
1351 2870 1586 2932 illorum,
1611 2867 1702 2922 sed
1733 2866 1899 2936 ipsius
1927 2874 2099 2919 erant.

523 2971 666 3026 Inter
713 2967 1007 3022 adulteram
1064 2964 1317 3019 feminam
1367 2973 1422 3016 et
1471 2961 1743 3015 adulteros
1793 2950 2097 3023 amatores,

520 3061 660 3114 dona
689 3075 782 3114 sua
829 3067 1002 3112 tamen
1034 3057 1174 3110 Deus
1217 3065 1464 3124 tanquam
1505 3051 1687 3105 zelans
1731 3051 1894 3104 iratus
1939 3061 2104 3118 agno-

523 3155 664 3208 scit:
696 3163 751 3207 et
795 3166 890 3206 nos
932 3150 1302 3205 haereticorum
1343 3163 1463 3202 esse
1503 3145 1832 3215 Baptismqu
1875 3131 2102 3197 dicimus

523 3245 698 3299 verbis
739 3241 1059 3313 evangelicis
1105 3247 1498 3301 consecratum,
1547 3235 1799 3291 commoti
1832 3233 1984 3288 factis
2011 3248 2098 3287 eo-

523 3353 640 3390 rum
669 3335 827 3390 etiam
855 3351 974 3404 qua:
1002 3333 1094 3387 Dei
1122 3340 1246 3385 sunt
1270 3330 1347 3385 eis
1379 3328 1612 3384 tribucre
1637 3327 1882 3381 volumus
1906 3366 1921 3392 ,
1949 3323 2098 3395 quasi

523 3443 588 3483 ea
627 3426 994 3481 contaminare
1023 3422 1331 3493 potuerint,
1368 3429 1460 3475 aut
1483 3429 1758 3489 propterea
1789 3434 1881 3473 sua
1924 3416 2101 3472 facere

521 3534 642 3588 quze
673 3517 767 3571 Dei
794 3524 949 3580 sunt,
976 3514 1095 3583 quia
1126 3512 1224 3583 ipsi
1256 3512 1346 3567 Dei
1377 3527 1495 3566 esse
1524 3510 1808 3564 noluerunt
1828 3509 1854 3560 Ἰ

591 3607 682 3663 9.6.
713 3606 841 3674 Quae
874 3614 956 3660 est
983 3604 1070 3658 illa
1098 3604 1287 3658 mulier
1320 3601 1586 3666 adultera,
1617 3615 1774 3671 quam
1812 3599 1948 3653 Osee
1973 3611 2100 3667 pro-
2125 3629 2138 3638 υ

523 3698 683 3770 pheta
712 3695 982 3766 designat,
1013 3709 1132 3764 quae
1159 3693 1290 3746 dixit
1317 3689 1385 3748 ει
1393 3692 1451 3745 bo
1491 3699 1600 3761 post
1636 3699 1885 3743 amatores
1926 3703 2062 3741 meos
2083 3729 2098 3754 ,

522 3791 612 3853 qui
627 3787 750 3841 mihi
771 3786 893 3839 dant
909 3802 1062 3856 panes
1084 3800 1218 3836 meos
1233 3792 1279 3836 et
1293 3798 1478 3853 aquam
1500 3797 1691 3846 meum,
1716 3789 1871 3833 vestes
1896 3794 2031 3831 meas
2057 3770 2102 3831 et

528 3879 823 3933 linteamina
848 3893 991 3944 mea,
1022 3887 1067 3930 et
1093 3875 1323 3927 universa
1363 3885 1476 3942 qua:
1513 3872 1636 3924 mihi
1655 3870 1956 3936 condecent(
1979 3866 2105 3922 Osee

523 3987 582 4037 ιι,
601 3968 750 4042 1-15)
765 3969 785 4022 ‘l
802 3969 947 4023 Licet
962 3966 1173 4037 quidem
1187 3965 1288 4020 hoc
1306 3964 1443 4020 etde
1459 3949 2071 4034 prmvaricatriceludzeo
2084 3988 2102 4002 -

523 4078 642 4118 rum
663 4058 1124 4128 genteintelligere
1148 4073 1162 4111 :
1183 4055 1274 4110 sed
1304 4065 1478 4109 tamen
1505 4068 1640 4124 quos
1672 4053 1806 4106 alios
1830 4053 2103 4106 imitantur

526 4149 1005 4224 pseudochristiaui
1033 4149 1159 4222 (hoc
1169 4147 1309 4202 enim
1323 4156 1446 4200 sunt
1461 4160 1646 4199 omnes
1657 4144 1892 4198 haeretici
1907 4154 1959 4197 et
1971 4141 2104 4196 schi-

527 4243 734 4300 smatici
751 4243 793 4314 ),
814 4243 912 4296 nisi
935 4237 1467 4312 pseudo-lsraelitas?
1487 4237 1650 4291 Erant
1664 4237 1804 4291 enim
1823 4245 1876 4289 et
1890 4235 2000 4290 veri
2022 4235 2102 4288 ls-

526 4338 747 4400 raelitte,
767 4335 903 4388 sicut
923 4334 1036 4404 ipse
1064 4331 1319 4385 Dominus
1347 4327 1655 4382 Nathauaeli
1688 4327 1926 4397 perhibet
1952 4325 2103 4380 testi-

527 4428 787 4492 monium,
815 4424 998 4479 dicens
1021 4439 1036 4475 :
1060 4419 1190 4474 Ecce
1214 4433 1322 4473 vere
1345 4417 1578 4471 Israelita
1603 4418 1654 4470 in
1680 4433 1779 4489 quo
1817 4417 1962 4470 dolus
2005 4432 2104 4469 non

528 4531 597 4575 est
618 4519 794 4587 (Joan.
820 4533 856 4581 ι,
880 4515 946 4570 47
969 4513 1012 4585 ).
1027 4512 1124 4581 Qui
1139 4519 1263 4565 sunt
1277 4519 1452 4563 autem
1468 4510 1577 4563 veri
1600 4506 1906 4572 Christiani,
1923 4507 2023 4561 nisi
2039 4505 2104 4560 de

531 4609 724 4678 quibus
760 4605 898 4660 idem
923 4604 1178 4658 Dominus
1207 4599 1336 4654 dicit
1376 4615 1388 4652 :
1418 4598 1517 4662 Qui
1537 4597 1701 4668 diligit
1727 4613 1836 4661 me,
1865 4596 2104 4649 mandata

531 4717 643 4754 mea
671 4697 888 4752 custodit
915 4694 1025 4767 (Id.
1060 4685 1168 4758 xiv,
1201 4692 1263 4746 21
1288 4689 1497 4761 )?Quid
1522 4700 1604 4744 est
1627 4698 1801 4743 autem
1835 4688 2105 4742 custodire

533 4790 780 4844 mandata
823 4790 968 4856 ejus,
1016 4783 1116 4838 nisi
1161 4783 1214 4837 in
1261 4781 1544 4836 dilectione
1587 4777 1905 4848 persistere?
1953 4777 2107 4832 Unde

531 4881 689 4935 etiam
716 4879 860 4943 dicit,
895 4876 1196 4931 Mandatum
1220 4889 1399 4927 novum
1420 4872 1486 4925 do
1510 4872 1644 4924 vobis
1664 4911 1680 4938 ,
1714 4881 1766 4923 ut
1791 4886 1876 4924 vos
1897 4869 2108 4923 invicem

532 4971 756 5042 diligatis
779 4984 800 5023 :
818 4979 871 5024 et
911 4968 1137 5030 iterum,
1165 4962 1231 5018 In
1252 4964 1346 5017 hoc
1371 4963 1524 5016 scient
1556 4977 1728 5015 omnes
1747 4962 1864 5032 quia
1896 4961 1992 5014 mei
2027 4960 2106 5012 di—

532 5063 713 5132 ηιμ)αῆ
734 5061 869 5124 estis,
892 5061 937 5112 si
965 5074 1049 5112 vos
1067 5056 1277 5110 invicem
1297 5052 1571 5107 dilexeritis
1600 5050 1708 5122 (Id.
1733 5066 1850 5114 xm,
1879 5050 1968 5114 34,
1994 5050 2106 5120 55).

532 5156 658 5223 Quis
679 5163 853 5207 autem
880 5149 1112 5210 dubitet.
1143 5163 1247 5203 non
1269 5147 1347 5201 eis
1368 5146 1496 5200 solis
1523 5144 1721 5199 dictum
1750 5143 1837 5213 qui
1869 5152 1993 5196 tunc
2014 5157 2109 5211 per

535 5249 649 5314 ejus
691 5259 906 5300 carnem
937 5241 1097 5296 verba
1139 5238 1415 5310 prresentis
1454 5235 1771 5300 audiebant,
1804 5234 1897 5288 sed
1941 5242 1996 5286 et
2031 5233 2110 5287 eis

534 5337 622 5406 qui
649 5352 789 5390 nunc
814 5350 907 5404 per
938 5331 1278 5401 Evangelium
1322 5328 1556 5384 sedentis
1581 5328 1631 5380 in
1654 5327 1792 5382 caelo
1821 5324 1981 5379 verba
2014 5339 2108 5378 co-

535 5425 831 5496 gnoscunt?
859 5424 952 5478 Ille
994 5424 1135 5478 enim
1179 5420 1322 5474 venit
1371 5434 1476 5473 non
1517 5418 1688 5486 legem
1735 5414 1975 5480 solvere,
2016 5413 2107 5467 sed

537 5518 758 5587 implere
784 5513 1008 5585 (Matth.
1036 5529 1088 5575 ν,
1125 5511 1252 5579 17).
1284 5507 1562 5565 Plenitudo
1591 5517 1767 5561 autem
1809 5503 1940 5574 legis
1979 5502 2110 5557 eba-

598 5645 670 5707 (a)
692 5646 809 5702 Quia
827 5642 1082 5704 Cyprianus
1095 5642 1146 5690 in
1169 5637 1370 5707 epistola
1390 5639 1452 5707 ab
1463 5638 1744 5707 Juliaianum
1756 5642 2114 5707 consequenter

533 5697 737 5759 adibit}
762 5723 786 5750 ι
808 5697 907 5754 Non
929 5711 1006 5752 est
1027 5715 1148 5765 ergo
1164 5737 1179 5760 ,
1203 5697 1353 5750 frater
1375 5701 1654 5765 charissime
1668 5697 1833 5765 ,_quod
1874 5697 2115 5765 haereticis

545 5758 568 5816 ι
589 5766 858 5818 cedendum
884 5758 1237 5822 existimémus,
1255 5770 1308 5810 ut
1321 5763 1553 5824 Baptisma
1575 5759 1702 5822 quod
1724 5758 1819 5808 non
1844 5759 1931 5806 nisi
1958 5758 2036 5806 uni
2065 5765 2114 5806 et

544 5845 568 5879 ι
592 5834 679 5879 solt
703 5827 922 5878 rlcdesne
945 5827 1108 5877 datum
1123 5825 1199 5885 sit,
1229 5823 1524 5886 [caedendum
1544 5830 1781 5885 putemus.

1229 380 1321 436 DE
1359 379 1696 454 BAPTlSMD‘
1725 373 1998 434 CONTRA
2041 375 2478 447 DONATISTAS,
2508 381 2567 437 S.
2607 381 2974 440 AUGUSTINI

3688 391 3790 448 £53

2215 490 2342 547 ritas
2379 492 2556 566 (Rom.
2588 512 2708 564 χιιι,
2742 497 2852 568 10).
2882 497 2993 565 Qua
3022 499 3242 552 multum
3275 501 3438 570 viguit
3465 500 3798 574 Cyprianus,

2214 594 2270 637 ut
2297 586 2436 639 aliud
2468 587 2533 641 dc
2568 587 2834 656 Baptismo
2866 587 3132 656 sentiens,
3166 607 3269 644 non
3312 600 3484 649 tamen
3515 594 3790 652 desereret

2212 678 2464 732 unitatem
2491 719 2505 742 ,
2556 688 2609 732 et
2635 691 2775 734 esset
2805 679 2855 734 in
2899 683 3002 734 vite
3037 681 3298 736 dominica
3345 684 3635 740 radicatum
3677 698 3788 742 nar-

2211 779 2445 822 mentum
2478 767 2832 836 fructuosum,
2863 770 3002 839 quod
3031 773 3187 825 etiam
3213 773 3351 827 ferro
3379 775 3640 843 passionis
3661 793 3792 846 pur-

2209 869 2358 928 garet
2386 859 2617 914 cmlestis
2656 861 2923 932 agricola,
2967 873 3020 915 ut
3062 863 3317 932 majorem
3365 863 3590 920 h-uctum
3635 867 3791 922 daret

2193 949 2401 1024 (Joan.
2427 967 2493 1005 xv
2512 994 2526 1018 ,
2554 951 2706 1021 1-5).
2737 953 2903 1024 llujus
2927 963 3100 1009 autem
3123 955 3369 1009 fraterna:
3390 956 3662 1012 charitatis
3689 958 3804 1013 ini?

2207 1041 2328 1095 mici
2350 1083 2365 1108 ,
2397 1042 2509 1098 sive
2536 1053 2718 1112 aperte
2745 1044 2872 1098 foris
2897 1045 3031 1108 sint,
3081 1047 3192 1100 sive
3235 1046 3375 1100 intus
3405 1062 3524 1102 esse
3567 1049 3765 1104 videan

2208 1141 2323 1200 tur,
2384 1135 2860 1206 pseudochristiani
2911 1148 3032 1192 sunt
3086 1147 3139 1192 et
3183 1139 3495 1193 antichristi.
3553 1141 3796 1196 inventis

2205 1226 2347 1280 enim
2377 1229 2744 1284 occasionibus
2772 1228 2916 1283 foras
2944 1238 3174 1294 exeunt,
3204 1231 3339 1283 sicut
3366 1231 3620 1300 scriptum
3663 1243 3747 1287 est
3772 1253 3786 1288 :

2209 1317 2509 1396 Occasiones
2546 1321 2721 1391 quierit
2750 1322 2836 1391 qui
2873 1320 2978 1374 vult
3016 1321 3268 1374 discedere
3296 1323 3358 1375 ab
3381 1324 3559 1377 amicis
3585 1321 3788 1396 (Prov.

2172 1476 2173 1484 λ
2205 1425 2366 1475 xvm,
2406 1410 2498 1488 ig).
2528 1412 2631 1467 Sed
2663 1412 2870 1467 etiamsi
2901 1413 3208 1467 occasiones
3233 1412 3408 1468 desint
3431 1455 3446 1479 ,
3489 1430 3609 1468 cum
3643 1415 3788 1470 intus

2203 1502 2468 1571 videntur,
2491 1504 2558 1559 ab
2586 1505 2670 1559 illa
2698 1505 2944 1559 invisibili
2970 1505 3240 1559 charitatis
3265 1520 3520 1577 compage
3545 1505 3782 1577 separati

2204 1603 2347 1673 sunt.
2382 1595 2530 1652 Unde
2556 1593 2787 1651 Joannes
2811 1596 2937 1650 dicit
2963 1615 2975 1649 :
3007 1595 3090 1650 Ea:
3115 1596 3254 1650 nobis
3285 1598 3508 1652 exierunt
3527 1640 3543 1664 ,
3570 1597 3660 1652 sed
3683 1611 3789 1652 non

2204 1697 2346 1741 erant
2366 1703 2427 1742 ea:
2455 1689 2594 1742 nobis
2617 1704 2635 1742 :
2655 1706 2772 1742 nam
2793 1688 2839 1743 si
2863 1688 3072 1758 fuissent
3093 1705 3155 1742 ea:
3175 1689 3332 1756 nobis,
3363 1691 3663 1744 mansissent
3690 1691 3791 1744 uti-

2204 1797 2300 1844 que
2323 1781 2577 1834 nobiscum
2600 1781 2618 1850 (
2644 1779 2664 1834 1
2692 1780 2846 1835 Joau.
2887 1797 2940 1846 ιι,
2977 1778 3104 1852 l9).
3127 1779 3244 1836 Non
3273 1782 3348 1835 ait
3372 1781 3512 1852 quod
3540 1781 3791 1837 exeundo

2204 1872 2361 1925 alieni
2393 1870 2517 1925 facti
2560 1880 2714 1936 sunt;
2744 1871 2837 1926 sed
2864 1871 3003 1940 quod
3039 1871 3198 1926 alieni
3223 1883 3404 1938 erant,
3437 1883 3656 1943 preptcr
3683 1872 3791 1928 hoc

2205 1979 2299 2020 eos
2339 1963 2514 2019 exisse
2543 1962 2848 2017 declaravit.
2885 1963 3018 2018 Dicit
3063 1972 3117 2018 et
3159 1963 3430 2034 apOStolus
3479 1965 3675 2019 Paulus
3722 1963 3791 2020 de

2205 2054 2515 2124 quibusdam
2541 2097 2554 2117 ,
2586 2055 2674 2124 qui
2703 2056 2842 2110 circa
2870 2056 3147 2110 veritatem
3174 2056 3554 2110 aberraverant
3577 2099 3593 2122 ,
3627 2065 3682 2111 et
3727 2056 3788 2110 ti-

2205 2144 2326 2200 dem
2377 2145 2727 2214 quorumdam
2779 2144 3188 2213 subvertebant,
3239 2161 3465 2215 quorum
3511 2161 3692 2201 sermo
3730 2161 3790 2203 ut

2205 2251 2399 2290 cancer
2427 2236 2704 2304 serpebat,
2735 2250 2869 2305 quos
2911 2251 3032 2290 cum
3062 2236 3336 2291 evitandos
3383 2252 3503 2292 esse
3543 2237 3786 2306 diceret,

2206 2325 2259 2379 in
2291 2341 2390 2378 una
2423 2334 2597 2380 tamen
2628 2326 2788 2380 domo
2820 2341 3007 2397 magna
3038 2343 3130 2382 eos
3161 2327 3322 2382 fuisse
3363 2327 3659 2399 signiﬁcat,
3692 2331 3792 2388 scd

2207 2427 2454 2488 tanquam
2497 2433 2618 2473 vasa
2653 2417 2702 2472 in
2732 2419 3133 2475 contumeliam.
3166 2419 3339 2474 Credo
3364 2420 3502 2492 quod
3550 2421 3788 2476 nondum

2204 2507 2346 2564 foras
2373 2511 2631 2564 exierant.
2662 2510 2767 2564 Aut
2791 2510 2836 2564 si
2858 2509 2967 2580 jam
2997 2510 3234 2565 exierant
3254 2553 3269 2577 ,
3294 2511 3560 2581 quomodo
3584 2527 3679 2568 eos
3703 2511 3790 2566 di-

2204 2600 2277 2654 cit
2302 2600 2354 2653 in
2382 2599 2566 2654 eadem
2605 2615 2790 2670 magna
2822 2599 2981 2654 domo
3007 2615 3127 2654 cum
3167 2601 3308 2655 vasis
3349 2601 3786 2656 honorabilibtts:

2206 2690 2307 2744 nisi
2347 2690 2484 2745 forte
2527 2700 2741 2760 prOpter
2780 2691 2893 2760 ipsa
2937 2691 3310 2758 Sacramenta,
3357 2707 3476 2760 qua:
3526 2692 3791 2761 separatis

2206 2783 2365 2836 etiam
2416 2780 2784 2835 haereticorum
2829 2781 3212 2835 conventiculis
3243 2797 3347 2835 non
3387 2789 3583 2835 mutata
3625 2791 3788 2846 sunt,

2205 2871 2270 2925 ad
2304 2887 2459 2924 unum
2491 2886 2734 2940 magnam
2770 2870 2985 2924 domum
3012 2869 3140 2925 dicit
3179 2886 3400 2936 omnes,
3431 2871 3523 2926 sed
3562 2871 3792 2928 diversis

2207 2961 2409 3015 nteritis
2439 2961 2733 3030 pertinere.
2781 2961 2912 3015 alios
2939 2961 2989 3015 in
3034 2961 3321 3029 honorem,
3351 2961 3483 3016 alios
3509 2963 3560 3016 in
3599 2974 3792 3018 contu-

2209 3053 2464 3108 meliam?
2494 3053 2582 3108 Sic
2609 3054 2750 3108 enim
2790 3053 3023 3124 loquitur
3043 3053 3107 3108 ad
3137 3054 3475 3110 Timotheum
3509 3055 3788 3112 scribens:

2208 3143 2466 3214 Profanas
2489 3155 2656 3197 autem
2677 3144 2934 3199 verborum
2958 3146 3201 3199 novitates
3231 3147 3358 3198 evita
3377 3162 3396 3200 :
3420 3145 3634 3200 ntultum
3655 3149 3790 3202 enim

2207 3236 2471 3306 proﬁcient
2496 3235 2563 3288 ad
2587 3237 2930 3305 impietatem;
2955 3245 3002 3289 et
3042 3253 3204 3290 sermo
3241 3252 3413 3290 eorum
3451 3238 3579 3292 sicut
3609 3253 3792 3293 cancer

2205 3329 2359 3399 serpit
2385 3347 2404 3383 :
2433 3343 2497 3381 ex
2518 3327 2692 3398 quibus
2717 3337 2790 3381 est
2813 3326 3124 3393 Hymenaeus
3153 3338 3198 3382 et
3230 3327 3515 3397 Phi/cetus,
3544 3330 3628 3399 qui
3654 3331 3791 3384 circa

2205 3419 2461 3472 veritatem
2482 3419 2836 3471 aberraret-unt
2853 3461 2868 3485 ,
2897 3419 3118 3472 dicentes
3139 3421 3546 3473 resurrectionem
3563 3422 3677 3491 jam
3704 3421 3789 3492 {ao

2205 3521 2339 3563 ctam
2365 3526 2468 3563 esse
2491 3551 2506 3575 ,
2548 3519 2593 3562 et
2633 3508 2786 3578 ﬁdem
2823 3510 3161 3580 quorumdam
3196 3509 3502 3564 subvertant.
3555 3510 3791 3566 Firmum

2207 3605 2370 3657 autem
2401 3603 2785 3674 fundamentum
2814 3601 2910 3655 Dei
2936 3612 3068 3666 stat,
3096 3602 3282 3656 habens
3309 3603 3627 3673 signaculum
3653 3605 3749 3657 hoc
3769 3619 3791 3660 :

2209 3695 2365 3750 Novit
2395 3696 2643 3750 Dominus
2667 3696 2756 3766 qui
2791 3705 2907 3749 sunt
2945 3697 3093 3767 ejus;
3133 3706 3180 3750 et
3215 3696 3497 3750 rccedatab
3540 3697 3792 3767 injustitia

2207 3787 2370 3862 omnis
2397 3788 2482 3857 qui
2523 3787 2748 3840 nominat
2791 3803 2970 3840 nomen
3015 3787 3239 3840 Domini.
3285 3786 3351 3840 lu
3394 3804 3580 3859 magna
3619 3799 3790 3842 autent

2207 3879 2356 3932 domo
2382 3919 2396 3943 ,
2419 3894 2518 3931 non
2544 3880 2707 3931 solum
2733 3895 2888 3932 aurea
2920 3894 3040 3932 vasa
3078 3888 3193 3932 sunt
3220 3879 3295 3931 vel
3318 3890 3554 3949 argentea
3580 3921 3594 3944 ,
3627 3885 3716 3934 sed
3743 3889 3791 3935 et

2208 3972 2376 4040 lignea
2397 3979 2441 4022 et
2471 3970 2649 4037 ﬁctilia
2670 3984 2691 4032 ;
2719 3979 2764 4022 et
2791 3969 2896 4022 alia
2921 3969 3122 4037 quidem
3145 3977 3260 4023 sunt
3301 3970 3351 4022 in
3378 3970 3618 4023 honorent
3643 4011 3657 4034 ,
3686 3971 3791 4025 alia

2207 4077 2321 4115 vero
2351 4059 2404 4114 in
2439 4061 2813 4113 contumeliam.
2859 4059 2923 4113 Si
2948 4060 3059 4127 quis
3084 4075 3203 4131 ergo
3229 4061 3576 4114 emundaverit
3605 4072 3789 4116 semet-

2209 4153 2374 4220 ipsum
2403 4151 2462 4203 ab
2492 4150 2793 4219 istiusmodi,
2821 4153 2910 4204 erit
2939 4167 3024 4204 vas
3050 4151 3102 4202 in
3128 4150 3368 4204 [tonarem
3393 4152 3786 4220 sanctiﬁcatum,

2209 4243 2332 4306 utile
2357 4240 2595 4306 Domino,
2615 4241 2681 4293 ad
2703 4257 2846 4295 omne
2873 4257 3001 4310 Opus
3022 4240 3204 4293 bonum
3225 4251 3456 4310 paratum
3478 4241 3544 4312 (ll
3575 4241 3708 4294 Tim.
3733 4259 3789 4310 tt,

2211 4333 2413 4403 16-21).
2435 4333 2567 4400 Quid
2589 4341 2671 4387 est
2695 4342 2867 4386 autem
2889 4331 3145 4386 mundare
3165 4333 3507 4402 semetipsum
3522 4348 3552 4387 a
3575 4334 3790 4402 talibus,

2212 4425 2310 4479 nisi
2334 4424 2474 4494 quod
2503 4425 2661 4494 paulo
2685 4434 2807 4477 ante
2837 4423 2989 4489 dixit,
3019 4421 3240 4476 Recedat
3267 4425 3328 4476 a'b
3353 4403 3793 4494 injustitia‘omnis

2209 4518 2293 4587 qui
2323 4517 2547 4570 nominat
2577 4532 2755 4568 nomen
2797 4513 3048 4568 Domini?
3094 4515 3161 4569 Et
3189 4531 3254 4568 ne
3281 4516 3556 4586 quisquam
3585 4527 3801 4585 putaret

2212 4619 2458 4677 tauquam
2502 4609 2552 4661 iu
2587 4623 2687 4660 una
2713 4607 2873 4662 domo
2902 4621 3107 4677 magna
3149 4610 3323 4676 perire
3368 4624 3426 4663 se
3469 4624 3626 4679 posse
3671 4625 3793 4663 cum

2213 4701 2434 4766 talibus,
2485 4699 2890 4769 vigilantissiute
2921 4699 3192 4768 praedixit,
3230 4698 3383 4752 Novit
3416 4699 3666 4754 Dominus
3709 4702 3798 4770 qui

2211 4805 2326 4848 sunt
2350 4794 2459 4864 cjus
2484 4808 2501 4846 :
2526 4808 2619 4846 eos
2646 4792 2888 4845 videlicet
2915 4792 3002 4861 qui
3027 4792 3324 4846 recedendo
3345 4792 3411 4846 ab
3433 4793 3709 4863 iniquitate
3738 4804 3799 4848 se

2214 4887 2470 4940 inundant
2494 4901 2523 4938 a
2550 4884 2690 4937 vasis
2720 4882 2870 4936 lactis
2897 4883 2947 4936 in
2974 4883 3348 4936 contumeliam
3371 4924 3385 4948 ,
3421 4899 3486 4937 ne
3515 4899 3638 4936 cum
3663 4885 3798 4954 ipsis

2215 4989 2433 5050 pereant
2457 4994 2589 5047 quos
2620 4979 2671 5032 in
2700 4977 2857 5030 domo
2886 4992 3071 5045 magna
3108 4977 3334 5030 tolerare
3354 4987 3635 5046 coguntur.

2284 5071 2372 5126 27.
2398 5070 2520 5124 Mali
2546 5084 2672 5138 ergo
2698 5077 2750 5122 et
2775 5067 3074 5133 facinorosi,
3103 5069 3363 5132 carnales,
3383 5069 3660 5133 animales,
3683 5067 3802 5121 dia-

2216 5163 2370 5219 bolici
2389 5205 2402 5226 ,
2430 5178 2458 5216 a
2486 5161 2853 5215 seductoribus
2893 5160 3001 5214 suis
3029 5160 3127 5214 sibi
3154 5161 3265 5212 dari
3293 5159 3647 5226 arbitrantur,
3677 5175 3798 5228 qua:

2217 5271 2322 5309 non
2372 5253 2473 5308 nisi
2515 5266 2737 5306 munera
2769 5251 2863 5305 Dei
2905 5261 3060 5316 sunt,
3107 5251 3220 5304 sive
3263 5249 3638 5316 Sacramenta,
3684 5252 3800 5306 sive

2217 5345 2516 5414 spu'ituales
2545 5343 2746 5410 aliquas
2775 5343 3111 5411 operationes
3130 5382 3144 5406 ,
3173 5342 3312 5395 circa
3344 5353 3662 5410 prtesentem
3706 5348 3798 5396 sa“-

2220 5424 2402 5489 lutem.
2434 5433 2548 5488 Non
2580 5443 2753 5486 autem
2801 5432 2993 5486 habent
3023 5432 3104 5485 isti
3147 5431 3460 5487 charitatem
3494 5433 3544 5486 in
3593 5433 3798 5496 Deum,

2219 5527 2310 5583 sed
2354 5529 2492 5581 circa
2531 5541 2623 5580 eos
2651 5525 2889 5593 occupati
2919 5532 3042 5578 sunt
3061 5563 3078 5588 ,
3108 5539 3331 5594 quorum
3356 5523 3605 5594 superbia
3634 5523 3800 5578 sedu-

2219 5628 2439 5686 cuutur,
2486 5627 2540 5672 et
2595 5625 2969 5686 comparantur
3016 5613 3296 5668 fornicanti
3342 5615 3583 5680 mulieri,
3639 5629 3799 5684 quam

2220 5712 2482 5781 Propheta
2518 5720 2900 5764 commemorat
2939 5705 3230 5772 dicentem,
3262 5703 3356 5760 Ibo
3397 5717 3508 5776 post
3549 5709 3800 5761 amatores

2223 5823 2356 5860 meos
2395 5805 2480 5876 qui
2507 5805 2626 5857 mihi
2653 5804 2773 5856 dant
2803 5783 2956 5873 panes
2985 5819 3117 5856 meos
3151 5813 3198 5856 et
3226 5817 3406 5873 aquam
3434 5816 3618 5868 meant,
3647 5813 3799 5853 vestes
