4054 6468
258 405 357 461 155

253 536 386 573 meas
411 530 457 571 et
481 519 779 572 linteamina
803 538 909 573 mea
934 532 979 574 et
1005 523 1164 573 oleum
1193 536 1375 581 meum,
1407 534 1450 572 et
1479 522 1706 572 imiversa
1727 534 1839 585 qua:

249 612 373 664 mihi
396 614 694 663 condeceat.
725 611 812 665 Sic
841 614 979 664 ettiut
1014 613 1141 664 liuut
1173 609 1404 665 ltaarescs
1434 619 1485 664 et
1511 609 1794 663 schismata
1819 648 1832 671 ,

244 717 366 758 cum
394 702 528 755 dicit
555 703 704 770 plebs
727 703 958 757 carnalis
988 719 1056 772 qu
1076 722 1103 753 ιτ
1134 703 1183 755 in
1216 701 1474 755 charitatc
1504 700 1594 755 Dei
1627 699 1837 751 fundata

242 812 347 851 non
370 806 489 860 est,
527 794 619 850 lbo
649 807 758 864 post
787 807 1035 850 amatores
1061 812 1193 849 meos
1220 815 1231 848 :
1262 810 1381 857 cum
1425 794 1615 864 quibus
1655 793 1834 860 utique

239 887 353 942 sive
429 902 529 955 per
599 889 717 941 fidei
782 886 1173 955 corruptionem
1212 927 1226 949 ,
1288 887 1397 939 sive
1484 900 1577 952 per
1638 881 1827 936 elatio-

239 994 362 1034 nem
432 980 699 1048 superbia:
775 981 998 1048 turpiter
1058 976 1369 1031 fornicatur.
1452 976 1556 1029 Sed
1616 986 1834 1044 prepter

238 1087 332 1125 eos
410 1074 502 1141 qui
581 1072 721 1140 passi
779 1072 1113 1125 diflicultales
1184 1080 1238 1124 et
1307 1071 1575 1139 angustias
1638 1078 1689 1120 et
1745 1067 1827 1119 in-

239 1163 598 1216 terrlttsiottes
644 1163 816 1215 inanis
856 1162 1277 1216 ratiocinationis
1302 1161 1317 1192 ¹
1350 1176 1534 1215 eorum
1579 1175 1606 1211 a
1644 1159 1835 1228 quibus

238 1252 601 1314 seducuutur,
633 1242 1061 1322 compungmttur
1090 1252 1398 1316 timoribus,
1442 1259 1497 1303 et
1522 1249 1743 1303 redeunt
1768 1248 1834 1301 ad

238 1347 377 1398 viam
424 1348 601 1413 pacis,
631 1346 695 1398 ad
726 1346 1069 1415 quau-exulum
1094 1345 1416 1415 'siueeriter
1465 1344 1666 1404 Deum;
1717 1341 1836 1393 ideo

239 1436 484 1503 sequitur
534 1445 587 1489 et
632 1436 760 1489 dicit
791 1454 802 1489 :
835 1435 1107 1501 Pmpterea
1157 1452 1269 1488 ecce
1315 1451 1405 1503 ego
1447 1435 1584 1499 sepia
1629 1432 1834 1486 sudibus

239 1528 367 1580 viam
395 1528 567 1590 illius,
599 1540 644 1581 et
685 1529 946 1596 wdiﬁcubo
978 1529 1027 1581 in
1056 1530 1134 1580 via
1162 1529 1317 1593 ipsius
1344 1528 1517 1596 spinas
1537 1566 1551 1589 ,
1584 1535 1631 1577 et
1656 1526 1833 1577 (ranti-

238 1628 332 1671 tem
372 1637 524 1671 suum
556 1638 655 1673 non
696 1622 907 1674 inveniet
933 1637 949 1673 :
979 1630 1023 1673 et
1051 1629 1370 1691 persequetur
1393 1630 1642 1672 amatores
1670 1635 1791 1671 suos
1815 1659 1829 1685 ,

239 1728 325 1764 nec
350 1712 471 1765 illos
499 1713 841 1780 apprehende!
863 1755 875 1775 ,
909 1724 953 1766 ct
980 1714 1190 1780 requiret
1222 1730 1323 1776 eos,
1354 1730 1443 1765 nec
1471 1714 1683 1765 inveniet
1712 1730 1796 1766 eos
1813 1730 1832 1779 ;

236 1815 281 1858 et
307 1805 460 1867 dicet,
495 1804 523 1858 1
531 1807 590 1857 bo
612 1815 656 1857 et
682 1816 899 1858 revertar
918 1806 985 1858 ad
1009 1807 1170 1859 virum
1199 1823 1360 1858 meum
1388 1806 1655 1875 pristinum
1673 1847 1687 1870 ,
1714 1805 1833 1875 quia

237 1896 357 1950 bene
378 1908 501 1950 tunc
525 1897 649 1949 mihi
668 1898 765 1967 fuit
786 1914 935 1966 quam
966 1914 1117 1951 nunc.
1151 1898 1351 1953 Deinde
1383 1917 1447 1954 ne
1476 1901 1708 1969 ipsorum
1738 1915 1833 1968 pu-

239 1998 417 2043 tentur
445 1989 537 2042 illa
564 2006 682 2058 qua:
720 1989 1029 2043 seductores
1066 1990 1261 2044 habent
1291 1994 1490 2060 integra
1515 2000 1567 2045 et
1594 1990 1659 2045 de
1689 1990 1829 2044 veri-

236 2082 357 2136 tatis
382 2080 631 2136 doctrina
657 2082 919 2136 venientia
939 2125 953 2149 ,
987 2098 1081 2152 per
1102 2099 1220 2153 qua:
1250 2070 1510 2137 seducunt
1534 2083 1598 2137 ad
1624 2083 1829 2137 falsita-

235 2182 314 2227 tes
338 2174 655 2245 dogmatum
683 2188 737 2232 et
779 2179 1170 2234 dissensionum
1203 2196 1452 2240 suarum;
1487 2196 1552 2233 ne
1590 2181 1673 2233 illa
1703 2194 1831 2248 ergo

233 2282 350 2335 quc
404 2268 607 2324 habent
652 2272 851 2342 integra
880 2275 1112 2343 ipsorum
1157 2282 1439 2341 putentur,
1470 2272 1671 2326 addidit
1702 2288 1831 2326 eon-

235 2358 381 2409 tiuuo
414 2377 429 2412 :
463 2356 535 2411 Et
569 2361 676 2413 tunc
701 2379 798 2416 non
823 2363 1050 2433 cognovit
1080 2364 1217 2432 quod
1256 2379 1346 2433 ego
1374 2363 1418 2415 ei
1448 2362 1668 2416 dederim
1712 2366 1826 2433 fru-

231 2460 459 2503 mentum
488 2462 537 2504 et
578 2454 747 2506 vinum
778 2465 821 2507 et
862 2455 1061 2519 oleum,
1107 2464 1154 2508 et
1193 2455 1455 2523 pecuniam
1500 2455 1830 2523 multiplicavi

218 2540 310 2593 'illi
327 2559 345 2609 ,°
375 2542 495 2612 ipsa
536 2560 651 2598 vero
692 2548 807 2617 fecit
851 2563 968 2601 vasa
1002 2565 1155 2601 aurea
1182 2557 1225 2600 et
1251 2559 1487 2618 argentea
1516 2547 1647 2601 Baal
1672 2546 1830 2617 (Osee

232 2647 296 2693 ιι.
330 2633 484 2704 5-8).
537 2634 755 2691 Dixerat
794 2638 933 2693 enim
966 2639 1209 2708 superius
1234 2680 1249 2702 ,
1295 2637 1390 2691 Ibo
1420 2648 1533 2709 post
1575 2649 1827 2693 amatores

229 2741 363 2779 meos
388 2768 405 2790 ,
439 2727 529 2795 qui
568 2728 694 2781 mihi
717 2728 837 2782 dant
862 2747 1016 2799 panes
1043 2746 1198 2793 nteos,
1224 2740 1353 2794 elc.,
1404 2746 1508 2783 non
1541 2731 1722 2799 utique
1748 2731 1827 2785 in.

229 2817 480 2886 telligens
528 2819 639 2873 lucc
672 2821 759 2875 Dei
790 2838 909 2876 esse
932 2864 944 2883 .
979 2839 1082 2876 non
1123 2821 1429 2887 hominum,
1478 2838 1827 2892 quacumque

230 2910 391 2965 etiam
438 2912 754 2968 seductores
795 2915 996 2984 integra
1027 2922 1080 2969 et
1110 2915 1338 2985 legitima
1379 2923 1562 2968 tenent
1593 2932 1606 2968 :
1639 2930 1735 2968 nec
1763 2930 1826 2969 ea

232 3001 329 3055 sibi
361 3004 525 3057 etiam
571 3004 670 3073 ipsi
714 3016 1063 3076 arrogarent,
1094 3016 1146 3060 et
1175 3004 1324 3076 quasi
1354 3008 1563 3075 propria
1591 3008 1824 3061 vindica-

228 3101 385 3158 rent,
418 3093 524 3146 nisi
552 3110 579 3145 a
610 3095 852 3164 plebibus
880 3096 1113 3149 seductis
1139 3095 1366 3150 vicissim
1409 3095 1822 3166 seducerentur,

228 3200 347 3240 cum
376 3188 459 3241 eis
485 3188 758 3253 creditur,
788 3198 841 3243 et
868 3189 1000 3243 tales
1026 3189 1253 3245 honores
1279 3188 1617 3256 deferuntur,
1651 3201 1708 3243 ut
1732 3207 1827 3260 per

229 3293 320 3331 eos
351 3277 593 3333 habeant
639 3288 953 3348 potestatem
994 3280 1118 3334 talia
1160 3280 1407 3346 dicendi,
1456 3290 1511 3335 et
1553 3282 1654 3336 sibi
1704 3284 1823 3335 talia

231 3370 577 3435 vindicandi;
632 3383 688 3425 ut
731 3387 881 3427 error
928 3388 1112 3426 eorum
1162 3374 1355 3428 veritas
1396 3375 1729 3444 appelletur,
1772 3386 1826 3431 et

228 3464 407 3517 scelus
434 3478 626 3517 eorum
645 3464 846 3529 justitia
870 3473 1083 3533 putetur
1103 3506 1115 3527 ,
1149 3472 1366 3532 praptcr
1394 3466 1735 3519 Sacramenta
1774 3475 1827 3520 et

229 3554 543 3624 Scripturas
572 3572 703 3623 quas
733 3563 914 3609 tenent
938 3555 1002 3608 ad
1031 3556 1262 3625 speciem
1287 3598 1301 3619 ,
1345 3572 1449 3609 non
1482 3557 1545 3609 ad
1576 3558 1821 3611 Salutem.

230 3646 469 3717 Ideoque
499 3655 555 3699 et
583 3662 678 3717 per
704 3647 1035 3701 Ezechielem
1064 3647 1236 3701 eidem
1266 3646 1563 3702 foruicaria:
1593 3649 1785 3703 dicitur
1810 3667 1822 3702 :

231 3737 300 3793 Et
330 3740 593 3809 protulisti
620 3739 684 3792 de
721 3740 849 3792 casis
890 3740 1065 3810 gloria'
1091 3750 1191 3793 tute
1217 3742 1279 3794 de
1321 3758 1445 3795 auro
1488 3758 1595 3795 meo
1619 3784 1634 3807 ,
1677 3753 1723 3796 et
1767 3746 1829 3797 de

229 3840 443 3899 argento
475 3846 587 3883 meo
612 3872 628 3897 ,
656 3847 717 3883 ex
740 3830 919 3900 quibus
949 3830 1067 3884 dedi
1105 3832 1193 3885 tibi
1217 3849 1233 3896 ,'
1260 3842 1305 3885 et
1334 3832 1496 3903 fecisti
1524 3835 1611 3887 tibi
1639 3834 1824 3905 imagi-

229 3935 320 3973 nes
346 3920 659 3973 masculinas
678 3962 691 3985 ,
717 3930 761 3971 et
787 3919 1036 3988 fornicata
1067 3937 1118 3974 es
1158 3921 1209 3973 in
1235 3922 1323 3973 eis.
1375 3920 1438 3974 Et
1467 3924 1703 3993 accepisti
1741 3940 1827 3977 ve-

230 4020 352 4063 stem
380 4028 549 4063 meam
586 4010 985 4077 versicoloriam,
1018 4023 1063 4065 et
1101 4013 1405 4082 coopcruisti
1443 4013 1579 4066 idola
1620 4023 1737 4077 tua;
1783 4026 1827 4069 et

232 4102 398 4153 oleum
425 4118 632 4161 meum,
684 4112 729 4154 et
759 4103 1013 4155 incensum
1056 4120 1219 4155 meum
1260 4096 1469 4170 posuisti
1494 4114 1608 4157 ante
1646 4107 1827 4176 faciem

232 4190 489 4244 idolorum
512 4202 711 4243 tuorum
728 4234 741 4257 ,
773 4202 817 4244 et
841 4210 993 4261 panes
1020 4210 1153 4247 nzeos
1178 4210 1301 4262 quos
1327 4196 1441 4248 dedi
1467 4197 1585 4259 tibi;
1615 4208 1659 4250 et
1688 4198 1826 4252 sitni-

234 4280 400 4350 lugine
419 4293 464 4335 et
493 4283 639 4334 melle
668 4292 712 4334 et
742 4283 849 4335 oleo
876 4283 1033 4335 cibavi
1060 4294 1140 4349 te;
1170 4296 1214 4336 et
1245 4286 1457 4355 posuisti
1483 4287 1588 4341 Itazc
1613 4292 1728 4341 ante
1745 4290 1827 4359 [a-

233 4372 352 4424 ciem
378 4374 636 4425 idolorum
664 4381 861 4425 tuorum
883 4376 933 4427 in
961 4374 1161 4429 odorem
1193 4376 1314 4429 bene
1346 4377 1579 4430 olentem.
1613 4378 1678 4431 Et
1706 4396 1823 4446 pero

235 4464 395 4529 fecisti
427 4464 537 4515 lucc
583 4461 807 4534 (Ezech.
854 4480 962 4527 xvr,
1010 4466 1216 4533 17-19).
1255 4466 1333 4521 Ad
1383 4468 1637 4537 imagines
1682 4471 1822 4523 enim

236 4556 663 4624 phantasmatmn
695 4570 940 4622 suorum,
971 4573 1090 4611 cum
1119 4558 1309 4627 quibus
1338 4560 1563 4613 volutari
1594 4563 1825 4615 carnalis

234 4650 409 4703 anima
453 4648 786 4713 delectatur,
832 4649 1089 4703 convertit
1130 4652 1307 4703 omnia
1355 4662 1684 4707 sacramenta
1711 4694 1724 4717 ,
1772 4663 1825 4707 et

295 4758 309 4787 ί
333 4764 442 4816 itm.
479 4761 532 4803 et
556 4762 665 4816 En,
691 4753 744 4816 in
764 4753 909 4804 variis
933 4754 1391 4805 ratiocinationibus.
1419 4756 1586 4805 Plures
1608 4763 1737 4816 Mss,
1774 4755 1823 4807 in

236 4815 365 4865 amris
390 4814 846 4865 ratiocinationibus.

295 4881 314 4908 ι
339 4885 525 4947 ιιιωεε.
556 4912 572 4937 ,
608 4885 657 4926 et
700 4877 901 4928 redemit
938 4878 1004 4929 ad
1061 4878 1189 4929 viam
1228 4877 1365 4941 pacis
1416 4886 1462 4929 et
1504 4879 1821 4942 qucereudum

233 4939 478 4989 sinceriter
501 4948 673 4988 Deum.

1600 397 1802 457 LIBER
1842 391 2064 463 QUAR'I
2082 392 2184 449 US.

3443 406 3537 463 151

1940 518 2095 571 verba
2124 518 2402 575 Librorum
2432 537 2753 577 sanctorum.
2784 525 2888 580 Nec
2916 536 3092 583 tamen
3112 528 3235 600 quia
3258 529 3361 586 illa:
3387 531 3524 586 ima-

1938 610 2087 679 gines
2113 611 2256 666 falsm
2285 624 2407 668 sunt
2428 657 2442 681 ,
2475 624 2530 670 et
2556 615 2812 671 doctrinm
2840 618 3224 676 dzcmouiorum
3274 635 3435 690 sunt,
3467 625 3522 679 in

1939 703 2203 773 hypocrisi
2236 706 2754 776 mendaciloquorum
2783 710 2800 777 (
2824 708 2838 762 Ι
2874 710 3005 766 Tim.
3035 728 3087 765 tv
3107 754 3120 777 ,
3152 714 3204 776 1,
3230 713 3304 785 2)
3330 754 3347 780 ,
3395 730 3523 784 prn-

1936 805 2055 862 pter
2082 811 2143 849 ea
2174 805 2227 850 et
2254 797 2339 850 illa
2366 810 2694 853 sacramenta
2716 841 2731 867 ,
2763 812 2817 855 et
2844 802 3019 856 divina
3060 804 3267 871 eloquia
3310 808 3388 860 sic
3422 821 3520 860 ex-

1938 884 2242 940 honoranda
2272 897 2425 954 sunt,
2457 899 2512 943 ut
2540 905 2724 944 eorum
2750 892 2836 945 illa
2862 908 2980 947 esse
3008 894 3329 964 deputentur
3358 914 3370 950 :
3396 912 3517 951 cum

1935 975 2189 1031 Dominus
2218 978 2387 1043 dicat,
2420 979 2493 1033 De
2513 998 2636 1034 auro
2664 1000 2769 1035 meo
2795 994 2841 1036 et
2870 985 2931 1037 de
2954 996 3161 1055 argento
3184 1004 3292 1039 meo
3320 998 3365 1040 et
3387 999 3519 1041 veste

1934 1088 2045 1123 mea
2070 1072 2404 1138 versicoloria,
2430 1085 2475 1127 et
2501 1075 2609 1128 oleo
2632 1093 2738 1129 meo
2764 1087 2808 1130 et
2834 1078 3035 1133 incenso
3063 1090 3108 1131 et
3134 1081 3345 1150 panibus
3372 1083 3517 1147 meis,

1933 1170 2219 1217 eteaetera.
2266 1166 2344 1217 An
2386 1165 2505 1235 quia
2534 1167 2604 1220 illi
2644 1178 2885 1223 errantes
2917 1186 3101 1225 eorum
3140 1188 3261 1227 esse
3292 1173 3387 1226 ista
3419 1189 3517 1242 pu-

1936 1265 2046 1309 tant
2084 1275 2112 1309 a
2150 1260 2341 1327 quibus
2390 1261 2743 1327 seduruntur,
2779 1274 3054 1332 propterea
3104 1280 3212 1318 non
3260 1266 3519 1320 debemus

1933 1365 2219 1419 agnoscere
2248 1351 2398 1422 Cujus
2434 1353 2570 1418 sint;
2610 1372 2727 1408 cum
2779 1356 2891 1425 ipse
2937 1356 3106 1419 dicat,
3159 1356 3225 1410 Et
3267 1359 3372 1412 lucc
3417 1375 3518 1412 non

1930 1445 2159 1509 cognovit
2207 1444 2342 1513 quod
2380 1461 2470 1515 ego
2499 1446 2544 1497 ei
2579 1446 2803 1499 dederim
2857 1447 3196 1515 {rmnentum,
3250 1450 3419 1502 viuum
3472 1460 3520 1503 et

1932 1534 2096 1586 oleum
2121 1576 2135 1598 ,
2175 1547 2220 1589 et
2265 1539 2526 1605 pecuniam
2573 1538 2901 1604 multiplicavi
2931 1540 3052 1593 illi?
3080 1540 3195 1594 Non
3218 1542 3357 1595 enim
3385 1541 3519 1596 dixit

1930 1640 2049 1680 eam
2075 1642 2176 1679 non
2207 1627 2449 1681 habuisse
2480 1628 2597 1693 ista,
2618 1629 2739 1697 quia
2764 1629 3041 1684 foruicaria
3065 1641 3180 1685 erat
3203 1650 3215 1685 :
3239 1631 3329 1685 sed
3353 1642 3405 1685 et
3426 1633 3518 1687 ha-

1931 1717 2109 1770 buisse
2151 1716 2370 1781 dicitur,
2418 1729 2470 1773 et
2520 1735 2623 1772 non
2664 1735 2756 1773 sua
2799 1736 2895 1775 nec
2925 1731 3220 1775 amatorum
3264 1738 3514 1791 suorum,

1929 1808 2022 1861 sed
2056 1809 2184 1875 Dei,
2229 1810 2381 1877 cujus
2408 1812 2560 1864 unius
2586 1811 2681 1865 ista
2710 1824 2851 1867 sunt.
2884 1814 3138 1880 Quamvis
3162 1830 3289 1885 ergo
3320 1815 3518 1871 habue-

1929 1900 1996 1955 rit
2056 1899 2455 1982 fornicationem
2489 1920 2659 1972 suam,
2696 1906 2780 1959 illa
2812 1916 2986 1960 tamen
3035 1907 3225 1976 quibus
3267 1907 3509 1964 eamdem

1929 1993 2330 2049 fornicationem
2402 1998 2678 2064 ornabat,
2760 1999 2840 2053 vel
2935 1999 3149 2053 seducta
3213 2000 3295 2054 vel
3357 2000 3517 2055 sedu-

1925 2101 2086 2153 cens,
2150 2103 2253 2142 non
2303 2097 2455 2143 erant
2500 2090 2648 2159 ejus,
2700 2089 2792 2143 sed
2826 2090 2938 2144 Dei.
2980 2089 3033 2143 Si
3081 2089 3195 2143 Ita‘c
3220 2089 3285 2144 de
3327 2089 3509 2145 Iudaea

1928 2188 2087 2247 gente
2129 2180 2521 2250 figurabantttr,
2558 2182 2644 2235 ubi
2690 2182 2890 2237 Scriba:
2921 2193 2972 2237 et
3000 2183 3258 2237 Pharisrei
3304 2184 3515 2251 rejicie-

1928 2268 2053 2323 bant
2077 2271 2380 2324 mandatum
2405 2272 2519 2338 Dei,
2536 2281 2592 2326 ut
2623 2272 2933 2327 traditiones
2956 2288 3077 2327 suas
3101 2274 3511 2342 constituerent,

1930 2368 1986 2413 ut
2008 2376 2126 2413 cum
2152 2360 2305 2429 plebe
2341 2362 2505 2415 Deum
2530 2362 2863 2432 relinquente
2884 2363 2960 2416 sie
2989 2364 3214 2434 quodam
3234 2364 3392 2418 modo
3406 2365 3515 2417 for-

1928 2451 2262 2518 nicarcutur;
2297 2468 2394 2506 nec
2422 2463 2596 2508 tamen
2629 2455 2747 2507 talis
2778 2454 2921 2509 illius
2950 2455 3203 2523 temporis
3236 2454 3288 2508 in
3319 2455 3515 2525 populo

1924 2539 2202 2596 foruicatio
2237 2559 2392 2613 quam
2438 2544 2691 2599 Dominus
2718 2545 2988 2615 arguendo
3015 2546 3305 2614 prodebat,
3329 2546 3513 2602 effecit

1924 2640 1981 2686 ut
2008 2648 2191 2686 eorum
2220 2642 2398 2689 essent
2440 2644 2798 2700 sacramenta,
2827 2651 2945 2705 qua:
2978 2653 3083 2690 non
3109 2645 3261 2689 erant
3289 2651 3471 2690 eorum
3494 2677 3510 2700 ,

1924 2723 2018 2777 sed
2051 2723 2173 2790 Dei,
2206 2724 2296 2793 qui
2331 2722 2554 2794 loquens
2583 2727 2645 2779 ad
2680 2725 3015 2781 foruicnriam
3045 2726 3174 2780 dicit
3218 2726 3305 2780 illa
3333 2728 3511 2781 omnia

1922 2830 2017 2869 sua
2034 2832 2151 2869 esse
2170 2833 2184 2882 ;
2213 2818 2348 2871 unde
2370 2819 2479 2888 ipse
2502 2819 2759 2874 Dominus
2780 2821 2936 2874 etiam
2958 2836 3090 2890 quos
3109 2820 3379 2873 mundavit
3395 2836 3422 2872 a
3442 2821 3512 2877 le-

1925 2922 2015 2975 pra
2037 2948 2052 2973 ,
2085 2906 2149 2961 ad
2194 2909 2378 2962 eadem
2405 2921 2733 2964 sacramenta
2761 2909 2931 2974 misit,
2962 2919 3016 2963 ut
3042 2910 3295 2965 offerrent
3321 2926 3415 2979 pro
3454 2926 3513 2967 se

1924 2998 2243 3053 sacrilicium
2286 2999 2677 3066 sacerdotibus;
2721 3002 2842 3072 quia
2875 3001 3107 3055 nondum
3137 3000 3214 3055 eis
3242 3017 3514 3057 successe-

1926 3101 2003 3143 rat
2032 3091 2350 3146 sacrilicium
2374 3133 2388 3157 ,
2418 3092 2558 3161 quod
2593 3094 2707 3162 ipse
2738 3103 2856 3163 post
2883 3094 2933 3146 in
2968 3094 3202 3147 Ecclesia
3230 3093 3394 3147 voluit.
3419 3108 3511 3148 ce-

1926 3183 2118 3238 lebrari
2167 3200 2262 3254 pro
2304 3185 2406 3240 illis
2449 3187 2731 3252 omnibus,
2760 3187 2881 3255 quia
2925 3186 3025 3239 illis
3069 3187 3354 3251 omnibus,
3397 3187 3511 3256 ipse

1924 3275 2381 3344 prarnunliabatur
2418 3294 2431 3327 :
2462 3286 2659 3346 quanto
2686 3276 2853 3345 magis
2882 3292 2978 3331 nos
3005 3276 3345 3331 Sacramenta
3387 3277 3508 3332 novi

1924 3366 2277 3432 Testamenti,
2323 3366 2459 3436 apud
2500 3368 2764 3435 quoslibet
2797 3368 3073 3423 haereticos
3100 3369 3181 3423 vel
3206 3368 3510 3422 schismati-

1923 3476 2016 3514 cos
2062 3461 2425 3526 invenientes,
2457 3476 2561 3514 non
2613 3460 2868 3515 debemus
2918 3461 3046 3530 ipsis
3094 3461 3361 3526 tribuere,
3412 3476 3512 3516 nec

1923 3554 2071 3624 quasi
2105 3570 2209 3607 non
2234 3553 2407 3623 agnita
2436 3553 2757 3622 reprobate;
2789 3554 2880 3607 sed
2908 3555 3148 3622 quamvis
3176 3554 3316 3624 apud
3346 3554 3514 3609 forni-

1924 3649 2122 3701 eariatn
2170 3649 2443 3702 mulierem
2483 3648 2621 3702 dona
2669 3647 2767 3700 viri
2815 3648 3032 3717 legitimi
3080 3663 3405 3718 agnoscere,
3457 3656 3513 3701 et

1931 3738 2095 3793 verbo
2126 3738 2362 3792 veritatis
2405 3738 2546 3792 illam
2594 3735 2993 3792 fornicationem
3037 3737 3351 3802 emendare,
3393 3752 3512 3806 qua:

1924 3829 2133 3899 propria
2162 3838 2243 3883 est
2274 3828 2554 3896 impudica:
2580 3828 2835 3893 mulieris,
2866 3844 2969 3882 non
2994 3827 3080 3881 illa
3102 3827 3241 3881 dona
3264 3827 3503 3895 culpare,

1924 3935 2041 3989 qua:
2068 3922 2278 3989 propria
2315 3927 2438 3971 sunt
2470 3918 2674 3971 Domini
2708 3918 3050 3972 miserantis?

1994 4012 2084 4068 €28.
2128 4013 2322 4066 llarum
2352 4020 2404 4065 et
2431 4011 2610 4065 talium
2654 4026 2834 4064 rerum
2875 4009 3301 4064 consideratione
3326 4017 3508 4079 patres

1924 4106 2090 4161 nostri
2118 4146 2132 4168 ,
2165 4120 2268 4159 non
2301 4104 2472 4157 solum
2500 4113 2622 4157 ante
2648 4101 2968 4173 Cyprianum
3002 4102 3083 4155 vel
3116 4101 3462 4171 Agrippinum
3490 4142 3504 4165 ,

1924 4200 2017 4254 sed
2046 4200 2205 4253 etiam
2239 4208 2418 4266 postea
2443 4198 2844 4251 saluberrimam
2864 4194 3303 4250 Consuetudinem
3331 4203 3515 4246 tenue-

1923 4300 2076 4357 runt,
2108 4298 2165 4343 ut
2210 4288 2463 4358 quidquid
2491 4288 2723 4342 divinum
2754 4295 2913 4356 atque
2943 4286 3232 4355 legitimum
3256 4284 3307 4337 in
3337 4284 3510 4351 aliqua

1923 4381 2111 4436 bmrcsi
2138 4381 2218 4437 vel
2242 4382 2525 4434 schismate
2545 4380 2801 4449 integrum
2827 4379 3139 4449 reperirent.
3164 4375 3518 4445 approbarent

1922 4475 2096 4544 potius
2141 4488 2297 4540 quam
2332 4480 2586 4539 negarent
2613 4488 2623 4523 :
2658 4469 2908 4540 quidquid
2940 4478 3118 4522 autem
3151 4468 3381 4521 alienum
3409 4508 3423 4529 ,
3456 4474 3511 4519 et

1921 4564 2118 4618 erroris
2149 4563 2287 4617 illius
2314 4563 2396 4617 vel
2419 4561 2765 4616 dissensionis
2794 4560 3066 4630 proprium
3088 4600 3104 4624 ,
3133 4557 3392 4611 veraciter
3416 4570 3504 4609 ar-

1920 4664 2144 4723 guerent
2171 4662 2224 4706 et
2250 4662 2513 4706 sanarent.
2548 4650 2651 4705 Sed
2683 4666 2744 4704 ea
2770 4665 2888 4717 qua:
2917 4665 2980 4702 ex
3014 4647 3235 4717 epistola
3267 4647 3352 4699 illa
3383 4660 3502 4715 qua:

1920 4747 1985 4801 ad
2012 4747 2323 4802 Jubaianum
2353 4745 2547 4812 scripta
2571 4751 2681 4805 est,
2712 4739 3090 4795 consideranda
3116 4745 3519 4802 remanserunt,

1920 4848 2133 4909 propter
2179 4837 2335 4906 hujus
2385 4834 2666 4889 voluminis
2716 4834 2929 4887 modmn
2957 4872 2973 4897 ,
3031 4833 3097 4884 ab
3145 4831 3251 4885 alio
3285 4871 3300 4893 ,
3344 4844 3527 4898 quan-

1917 4941 2024 4986 tum
2054 4931 2262 5001 opinor,
2285 4928 2505 4983 exordio
2535 4926 2865 4996 suscipienda
2893 4934 3049 4995 atque
3072 4922 3341 4979 tractanda
3367 4929 3509 4974 sunt.

250 5050 3502 5082 _________________________________________________._

1211 5138 1683 5246 LIBER
1747 5135 2529 5263 QUARTUS.

878 5330 925 5372 In
949 5338 1045 5386 quo
1068 5330 1240 5373 tractat
1261 5336 1371 5385 qua:
1394 5324 1759 5386 subsequuntur
1783 5335 1830 5368 ιιι
1851 5320 2025 5370 eadem
2046 5322 2258 5383 (lyi'riaui
2285 5319 2485 5381 θιιίδιοιει
2512 5321 2569 5368 ad
2593 5321 2891 5368 Juhaianum.

1660 5474 2068 5516 -οδ-ὶθῦοίε-«οο-

308 5587 531 5644 CAPUT
572 5583 856 5641 PRIMUM.
880 5612 951 5622 —
981 5583 1031 5636 1.
1075 5581 1308 5636 Ecclesia
1350 5582 1587 5649 paradiso
1612 5597 1824 5649 compa-

242 5689 355 5732 rata
390 5678 596 5751 (Cypr.,
624 5676 770 5745 epist.
814 5674 903 5739 75,
945 5672 1012 5725 ad
1042 5669 1396 5738 Jubaiauum),
1446 5670 1644 5722 indicat
1673 5669 1828 5723 nobis

244 5786 401 5842 posse
427 5771 644 5843 quidem
684 5769 798 5837 ejus
840 5766 1167 5835 Baptismum
1213 5761 1454 5817 homines
1495 5762 1653 5815 etiam
1700 5758 1829 5813 foris

247 5865 505 5937 accipere,
535 5862 631 5920 sed
650 5861 873 5918 salutem
892 5858 1229 5916 beatitudinis
1252 5863 1403 5913 extra
1423 5870 1539 5913 eam
1558 5853 1829 5911 neminem

1935 5580 2014 5634 vel
2046 5578 2315 5647 percipere
2342 5578 2421 5629 vel
2456 5585 2657 5629 tenere.
2690 5574 2820 5628 Nam
2842 5581 2893 5625 et
2915 5568 3125 5623 lltttnina
3157 5566 3221 5620 de
3255 5566 3395 5620 fonte
3425 5582 3519 5634 pa-

1936 5670 2119 5734 radisi,
2150 5670 2286 5723 sicut
2325 5665 2594 5735 Scriptura
2627 5672 2870 5728 testatur,
2912 5660 3073 5717 etiam
3115 5659 3256 5712 foras
3298 5656 3515 5728 largiter

1936 5771 2308 5818 nvanaverunt.
2336 5756 2653 5813 Nominatim
2691 5756 2886 5827 quippe
2915 5758 3418 5815 commemorantur,
3464 5756 3521 5807 et

1937 5868 2032 5923 per
2061 5869 2191 5925 quas
2218 5862 2385 5907 terras
2406 5848 2588 5914 ﬂuant,
2622 5854 2673 5901 et
2712 5850 2834 5918 quia
2861 5854 3009 5903 extra
3046 5840 3353 5917 paradisum
3380 5854 3514 5896 cou-
