4054 6502
532 372 636 432 155

530 487 708 543 stituta
740 493 883 550 sunt,
913 484 1161 540 omnibus
1181 493 1363 539 notum
1393 492 1477 538 est
1499 480 1653 552 (Gen.
1681 496 1738 544 tt,
1770 476 1927 548 8.14)
1964 494 1976 529 :
2009 488 2107 529 nec

530 589 703 633 tamen
735 577 785 629 in
816 575 1188 646 Mesopotamia
1218 573 1365 628 velin
1384 572 1635 643 Egypto,
1654 586 1759 639 quo
1782 569 1868 623 illa
1890 565 2106 621 ﬂumina

530 678 905 742 pervenerunt.
934 678 1016 722 est
1043 666 1266 721 felicitas
1300 666 1421 719 vita:
1448 682 1566 735 qua:
1593 667 1643 717 in
1677 663 1923 733 paradiso
1952 677 2103 716 com-

531 770 874 816 memoratur.
911 760 982 813 lta
1011 757 1066 811 fit
1095 766 1152 813 ut
1175 774 1294 811 cum
1324 756 1551 827 paradisi
1578 771 1711 825 aqua
1742 755 1811 808 sit
1838 762 1990 808 extra
2015 767 2106 821 pa-

530 853 784 916 radisum,
836 850 1103 905 beatitudo
1134 860 1308 903 tamen
1355 864 1457 901 non
1486 848 1555 901 sit
1598 847 1696 901 nisi
1726 847 1863 900 intra
1893 843 2106 915 paradi-

528 963 668 1001 sum.
700 946 786 1002 Sic
823 958 951 1015 ergo
979 943 1277 1012 Baptismus
1314 942 1568 996 Ecclesiae
1612 947 1786 1009 potest
1808 953 1927 993 esse
1956 947 2106 992 extra

531 1037 847 1101 Ecclesiam,
889 1050 1082 1089 munus
1118 1046 1294 1089 autem
1325 1032 1492 1087 beata:
1534 1032 1653 1085 vitm
1685 1046 1788 1084 non
1831 1030 1928 1084 nisi
1970 1030 2106 1082 intra

530 1129 821 1183 Ecclesium
871 1128 1136 1197 reperitur
1169 1144 1182 1181 :
1212 1141 1330 1195 qua:
1359 1140 1519 1194 super
1549 1136 1751 1193 petram
1795 1123 1952 1178 etiam
1986 1122 2105 1177 fun-

530 1223 648 1275 data
664 1231 765 1281 est.
784 1236 901 1290 quae
923 1220 1112 1291 ligandi
1132 1230 1183 1274 et
1208 1218 1447 1274 solvendi
1469 1218 1644 1272 claves
1669 1217 1873 1285 accepit
1893 1213 2103 1287 (Matth.

530 1328 637 1378 XVI,
668 1312 754 1377 18,
790 1313 900 1381 19).
939 1310 1061 1365 Ηωε
1086 1321 1159 1366 est
1188 1327 1290 1364 una
1314 1326 1429 1379 qua:
1453 1319 1584 1362 tenet
1606 1317 1654 1362 et
1674 1307 1891 1377 possidet
1910 1321 2105 1359 onment

527 1405 608 1458 sui
633 1404 806 1474 sponsi
831 1412 875 1457 et
908 1402 1107 1456 Domini
1129 1409 1417 1471 potestatem
1435 1415 1454 1453 :
1477 1414 1572 1469 per
1594 1413 1749 1468 quam
1772 1395 2103 1467 coniugalem

530 1504 842 1563 potestatem
872 1495 1028 1547 etiam
1056 1493 1124 1547 de
1153 1492 1360 1547 ancillis
1390 1491 1527 1545 ﬁlios
1558 1504 1744 1559 parere
1780 1496 1984 1557 potest:
2015 1484 2105 1554 qui

526 1585 573 1639 si
598 1602 701 1639 non
729 1584 1054 1654 superbiant,
1088 1584 1138 1637 in
1165 1590 1361 1637 sortem
1396 1579 1718 1635 hmreditatis
1744 1578 2102 1643 vocabuntur;

527 1675 572 1729 si
603 1686 779 1728 autem
812 1674 1137 1741 superbiant,
1169 1682 1316 1725 extra
1345 1670 1713 1725 remanebunt.

596 1764 820 1820 CAPUT
859 1762 920 1818 ll.
959 1794 1031 1804 —
1066 1762 1118 1816 2.
1160 1762 1323 1832 Magis
1372 1776 1500 1831 ergo
1551 1762 1673 1831 quia
1716 1774 1814 1829 pro
1855 1758 2108 1813 Ecclesia:

527 1856 730 1910 honore
768 1865 925 1925 atque
952 1855 1150 1908 unitate
1183 1867 1496 1923 pugnamus,
1529 1867 1633 1905 non
1676 1851 1971 1904 tribuamus
1992 1848 2106 1903 ha:-

526 1945 703 2002 reticis
748 1945 1001 2016 quidquid
1028 1944 1165 2014 apud
1210 1958 1305 1997 eos
1344 1943 1460 2012 ejus
1490 1942 1861 2011 agnoscimus:
1890 1938 1985 1995 sed
2013 1953 2108 1995 eos

526 2048 810 2110 arguentes
839 2038 1146 2100 doceamus,
1178 2036 1318 2107 quod
1346 2050 1411 2091 es
1437 2035 1639 2090 unitate
1670 2033 1869 2087 habent
1888 2047 1994 2087 non
2025 2047 2109 2086 va-

527 2129 638 2186 lere
657 2130 722 2184 ad
752 2130 1001 2193 salutem,
1035 2129 1135 2183 nisi
1180 2128 1245 2182 ad
1284 2125 1526 2183 eamdem
1558 2125 1799 2178 venerint
1825 2123 2105 2179 unitatem.

526 2223 671 2291 Aqua
694 2222 834 2276 enim
854 2219 1097 2275 Ecclesiae
1119 2219 1283 2288 ﬁdelis
1304 2227 1351 2273 et
1369 2216 1609 2272 salutaris
1624 2225 1668 2269 et
1684 2223 1857 2269 sancta
1882 2224 1955 2269 est
1974 2214 2109 2270 bene

526 2311 816 2367 utentibus.
845 2311 920 2365 Ea
953 2325 1079 2364 vero
1108 2308 1243 2365 bene
1269 2308 1343 2362 uti
1364 2318 1509 2362 extra
1536 2307 1821 2361 Ecclesium
1840 2320 1999 2361 nemo
2017 2320 2112 2376 po—

528 2412 649 2458 test.
684 2402 819 2457 Male
855 2411 1030 2456 autem
1073 2401 1341 2456 utentibus
1370 2409 1424 2455 et
1452 2398 1580 2454 foris
1607 2408 1661 2453 et
1692 2399 1854 2465 intus,
1887 2398 1954 2453 ad
1984 2414 2112 2469 sup-

527 2495 741 2567 plicium
772 2494 990 2564 geritur,
1022 2510 1123 2547 non
1150 2493 1214 2547 ad
1245 2493 1519 2563 praemium
1543 2491 1877 2561 sull'ragatnr.
1902 2490 1970 2545 Et
1989 2490 2110 2545 ideo

526 2585 826 2654 Baptismus
851 2584 1106 2653 corrumpi
1125 2592 1170 2637 et
1193 2582 1470 2636 adulterari
1489 2598 1588 2635 non
1608 2591 1786 2652 potest,
1815 2583 1912 2637 etsi
1940 2597 1969 2635 a
1991 2597 2111 2637 cor-

526 2679 694 2747 ruptis
723 2686 777 2731 et
800 2676 1053 2731 adulteris
1080 2675 1369 2729 habeatur:
1397 2676 1524 2728 sicut
1552 2684 1597 2728 et
1630 2675 1743 2744 ipsa
1773 2673 2001 2727 Ecclesia
2026 2673 2109 2727 in-

524 2778 765 2839 corrupta
784 2778 829 2822 et
852 2778 989 2822 casta
1010 2778 1055 2821 et
1084 2768 1269 2838 pudica
1287 2777 1393 2832 est;
1409 2777 1463 2822 et
1484 2767 1603 2822 ideo
1628 2782 1734 2822 non
1754 2767 1819 2821 ad
1841 2782 1956 2821 eam
1983 2781 2109 2836 per-

526 2862 697 2917 tinent
720 2861 890 2923 avari,
924 2868 1186 2928 raptores,
1222 2858 1584 2914 feneratores:
1616 2874 1750 2929 quos
1767 2873 1872 2913 non
1904 2866 2109 2912 tantum

526 2952 677 3019 foris,
707 2952 800 3006 sed
828 2950 987 3006 etiam
1028 2950 1171 3004 intus
1199 2965 1318 3005 esse
1352 2950 1530 3004 multis
1561 2949 1854 3004 litterarum
1892 2963 2111 3003 suarum

528 3045 659 3100 locis
685 3043 983 3115 Cyprianus
1014 3045 1126 3114 ipse
1168 3051 1422 3098 testatur:
1450 3051 1505 3097 et
1547 3050 1722 3096 tamen
1761 3057 1868 3096 non
1907 3048 2111 3096 mutato

526 3134 689 3191 corde
720 3134 1051 3203 baptizantur
1078 3143 1132 3188 ct
1158 3133 1443 3202 baptizanl.

597 3227 652 3282 5.
692 3224 822 3281 Nam
847 3237 901 3281 et
928 3225 1028 3280 hoc
1054 3226 1104 3279 in
1128 3224 1356 3294 quadam
1380 3222 1602 3294 cpistola
1632 3238 1726 3278 sua
1755 3222 1884 3277 dicit
1907 3222 2101 3295 (Epist.

529 3318 619 3384 il,
647 3318 713 3371 ad
738 3316 976 3387 Clericos)
1006 3315 1071 3370 ad
1096 3315 1332 3371 Clericos
1359 3316 1425 3369 de
1456 3314 1723 3385 precando
1747 3315 1874 3380 Deo,
1896 3316 2110 3370 transti-

531 3422 728 3479 gnrans
775 3409 826 3462 in
872 3422 930 3461 se
960 3408 1093 3460 sicut
1122 3417 1334 3461 sanctus
1364 3406 1540 3459 Daniel
1565 3413 1777 3474 peccata
1797 3404 1975 3474 populi
2004 3405 2107 3459 sui.

529 3500 660 3554 Nam
702 3500 837 3552 inter
864 3499 1024 3551 multa
1058 3499 1193 3551 mala
1223 3513 1343 3566 qua:
1383 3502 1785 3561 commemorat,
1817 3497 1976 3551 etiam
2009 3496 2111 3552 hoc

526 3592 618 3654 ait,
650 3590 849 3644 Saecula
877 3588 1033 3642 verbis
1056 3588 1176 3642 solis
1210 3597 1255 3640 et
1278 3604 1377 3640 non
1400 3588 1546 3658 factis
1567 3590 1943 3641 renuntiantes:
1973 3588 2111 3643 sicut

528 3680 597 3735 de
624 3679 933 3748 quibusdam
964 3678 1091 3733 dicit
1123 3678 1427 3746 Apostolus,
1465 3676 1778 3746 Conﬁtentur
1806 3679 1939 3731 enim
1967 3694 2114 3734 nosse

526 3791 582 3828 se
610 3772 790 3836 Deum,
823 3771 971 3841 factis
1010 3782 1178 3823 autem
1221 3780 1404 3840 negant
1454 3768 1577 3839 (Tit.
1622 3785 1660 3835 ι,
1706 3769 1818 3839 16).
1849 3769 1958 3825 Hos
1983 3785 2112 3839 ergo

529 3866 718 3920 beatus
737 3861 1032 3935 Cyprianus
1060 3864 1108 3916 in
1133 3863 1243 3932 ipsa
1273 3863 1411 3915 intus
1436 3861 1670 3917 Ecclesia
1695 3862 1895 3916 versari
1917 3867 2108 3933 arguit,

528 3955 618 4023 qui
649 3955 809 4009 corde
839 3954 890 4007 in
921 3954 1112 4008 melius
1143 3970 1246 4006 non
1276 3961 1478 4006 mutato
1505 3952 1857 4021 baptizantnr,
1898 3952 2112 4023 quando

531 4047 711 4116 utique
737 4046 931 4099 smeulo
955 4046 1152 4108 verbis,
1202 4060 1305 4097 non
1341 4043 1491 4097 factis
1520 4044 1847 4110 renuntiant,
1876 4059 1995 4098 cum
2027 4043 2111 4097 di-

529 4148 616 4193 cat
640 4137 910 4207 apostolus
942 4137 1150 4204 Petrus,
1187 4136 1335 4203 Quod
1377 4148 1423 4187 et
1461 4151 1542 4187 vos
1571 4134 1723 4187 simili
1747 4137 1911 4203 forma
1948 4134 2113 4187 salvos

533 4228 653 4301 facit
682 4226 976 4295 Baptisma;
1007 4243 1107 4280 non
1138 4227 1304 4278 carnis
1331 4224 1574 4293 depositio
1603 4224 1848 4286 sordium,
1882 4224 1971 4276 sed
1995 4239 2115 4276 con~

531 4320 753 4374 scientite
772 4319 912 4372 bona:
938 4319 1260 4387 interrogatio
1282 4316 1326 4388 (Ι
1354 4316 1489 4369 Petr.
1521 4333 1597 4377 ut.
1616 4315 1739 4387 2|);
1758 4332 1914 4384 quam
1934 4316 2114 4385 utique

534 4425 639 4467 neu
672 4410 955 4475 habebant,
1003 4408 1069 4463 de
1116 4408 1307 4477 quibus
1338 4407 1550 4471 dicitur,
1579 4405 1781 4461 chulo
1810 4407 1967 4460 rerbis
1995 4408 2114 4461 solis

532 4512 578 4557 et
608 4520 707 4556 non
738 4502 884 4573 [actis
913 4502 1253 4554 renuntiantes
1272 4515 1290 4552 :
1312 4507 1363 4553 et
1390 4509 1563 4553 tamen
1596 4498 1645 4552 id
1683 4498 1791 4567 agit
1834 4499 2115 4566 increpans

533 4602 589 4647 et
614 4606 839 4662 arguens
862 4607 973 4655 eos,
1005 4600 1061 4645 ut
1087 4589 1371 4659 aliquando
1397 4590 1667 4643 ambulent
1698 4588 1748 4641 in
1782 4587 1862 4641 via
1891 4586 2110 4656 Christi,

534 4691 589 4738 et
615 4683 727 4751 ejus
754 4681 907 4735 amici
935 4682 1119 4734 malint
1143 4694 1261 4733 esse
1286 4695 1440 4748 quam
1468 4678 1669 4732 s:eculi.

604 4773 830 4829 CAPUT
869 4772 955 4827 Ill.
974 4803 1046 4813 —
1066 4773 1161 4826 Cui
1187 4772 1230 4825 si
1256 4772 1729 4841 obtemperassent,
1754 4780 1808 4823 et
1831 4780 1975 4823 recte
2002 4768 2113 4836 jam

535 4864 734 4930 vivere,
768 4879 871 4918 non
903 4874 957 4918 ut
987 4862 1483 4933 pseudochristiani,
1513 4861 1606 4915 sed
1629 4860 1812 4915 utveri
1840 4858 2114 4914 christiani

533 4960 841 5029 «cpissent,
874 4956 1124 5028 nutuquid
1153 4971 1245 5011 eos
1267 4955 1480 5026 juberet
1504 4953 1676 5008 denuo
1694 4952 1983 5020 baptizari?
2000 4951 2114 5004 Non

538 5054 738 5121 utique,
770 5050 862 5104 sed
895 5050 996 5103 hoc
1023 5049 1100 5102 cis
1139 5056 1418 5117 prmstaret
1443 5060 1567 5099 vera
1599 5043 1898 5106 conversio,
1930 5052 1989 5096 ut
2014 5043 2115 5096 Sa-

536 5151 863 5196 cramentum
893 5141 1030 5211 quod
1064 5156 1166 5193 non
1199 5138 1414 5191 mutatis
1442 5136 1651 5191 Valebat
1691 5134 1758 5190 ad
1799 5135 2111 5206 perniciem,

540 5234 754 5286 mutatis
782 5233 954 5286 valere
982 5233 1243 5299 inciperet
1270 5230 1333 5281 ad
1366 5230 1608 5282 salutem.

610 5324 662 5376 4.
702 5324 831 5389 Quia
863 5339 961 5376 nec
1000 5324 1082 5376 isti
1115 5321 1353 5375 Ecclesiae
1395 5320 1556 5374 devoti
1600 5329 1714 5373 sunt
1744 5317 2114 5389 (Cypr.,epist.

540 5414 631 5478 73,
656 5414 721 5465 ad
745 5414 1098 5482 Jubaianum),
1129 5428 1216 5482 qui
1242 5413 1486 5467 videntur
1506 5429 1624 5467 esse
1651 5414 1811 5476 intus,
1850 5420 1903 5465 et
1931 5420 2116 5465 contra

538 5504 809 5558 Christum
841 5507 1040 5571 vivunt,
1084 5505 1133 5559 id
1178 5515 1280 5570 est,
1313 5513 1496 5559 contra
1539 5504 1733 5560 Christi
1764 5503 2010 5558 mandata
2043 5502 2119 5557 fa-

540 5598 720 5653 ciunt:
749 5613 847 5653 nec
870 5600 1085 5652 omnino
1108 5598 1173 5653 ad
1202 5599 1344 5654 illam
1367 5598 1658 5654 Ecclesiam
1688 5597 1956 5668 pertinere
1975 5596 2119 5665 judi-

541 5686 697 5743 candi
733 5696 875 5755 sunt,
905 5704 1060 5758 quam
1102 5689 1179 5745 sic
1219 5689 1335 5760 ipse
1373 5688 1594 5744 mundat
1640 5688 1851 5742 lavacro
1878 5702 2029 5757 aqute
2068 5686 2121 5742 in

546 5780 732 5849 verbo,
765 5792 821 5837 ut
843 5781 1090 5840 exhibeat
1116 5783 1215 5840 sibi
1238 5783 1522 5855 gloriosam
1551 5779 1867 5849 Ecclesiam,
1900 5794 2005 5837 non
2028 5780 2121 5836 ha-

1271 367 1358 424 DE
1398 363 1738 423 BAPTISMO
1775 357 2051 418 CONTRA
2091 354 2536 425 DONATISTAS,
2574 356 2634 414 S.
2676 358 3044 416 AUGUSTINI

3691 362 3786 419 156

2214 470 2429 526 beutem
2474 474 2733 529 maculam
2762 485 2853 530 aut
2883 492 3086 545 rugam,
3129 485 3220 531 aut
3248 476 3442 547 aliquid
3487 476 3786 547 huiusmodi

2169 583 2178 589 ’
2216 569 2433 642 (Ephes.
2464 587 2517 636 v,
2540 571 2630 635 26,
2652 571 2766 642 27).
2795 572 2946 639 Quod
2975 572 3016 626 si
3042 572 3091 627 in
3127 575 3227 627 ista
3255 572 3485 627 Ecclesia
3512 589 3618 627 non
3644 586 3786 635 sunt.

2214 663 2280 718 ad
2307 665 2459 733 cujus
2489 666 2723 720 membra
2755 682 2858 719 non
2884 666 3171 735 pertinent,
3200 682 3303 719 non
3326 676 3449 720 sunt
3478 667 3529 721 in
3557 667 3788 723 Ecclesia

2213 756 2279 810 de
2299 772 2401 827 qua
2426 757 2637 825 dicitur,
2671 757 2786 813 Una
2806 768 2877 812 est
2895 759 3126 812 columba
3151 774 3277 823 mea,
3304 774 3407 813 una
3433 769 3506 813 est
3525 761 3675 813 matri
3689 777 3794 814 sua:

2214 847 2389 920 (Cant.
2420 866 2490 913 vr,
2515 849 2607 920 8):
2642 842 2753 921 ipsa
2783 860 2865 906 est
2889 842 3042 906 enim'
3058 851 3174 905 sine
3199 852 3400 906 macula
3423 861 3477 907 et
3501 869 3652 921 ruga.
3688 854 3790 908 Aut

2212 947 2417 993 asserat
2442 942 2528 1009 qui
2572 950 2766 1010 potest,
2800 941 2957 1010 hujus
2981 941 3245 998 columba:
3272 943 3506 999 membra
3548 960 3669 1000 esse
3698 946 3786 1014 qui

2212 1031 2407 1085 SJIECUIO
2432 1034 2629 1096 verbis,
2661 1049 2766 1087 non
2810 1033 2966 1088 factis
2996 1035 3316 1089 renuntiant.
3350 1035 3562 1090 Interim
3589 1036 3785 1105 aliquid

2212 1123 2449 1178 videmus
2470 1126 2508 1191 ²,
2532 1125 2675 1180 unde
2703 1125 2901 1180 dictum
2931 1126 3180 1190 arbitror,
3212 1127 3311 1193 Qui
3337 1127 3469 1197 sapit
3494 1128 3649 1191 diem,
3682 1126 3792 1181 Do-

2212 1216 2346 1267 mino
2369 1217 2499 1285 sapit
2525 1216 2697 1288 (Rom.
2728 1233 2839 1282 xiv,
2873 1215 2963 1289 6):
2995 1218 3136 1273 Deus
3166 1218 3307 1272 enim
3332 1218 3531 1287 judicat
3576 1234 3789 1273 omnem

2211 1305 2372 1358 diem.
2400 1304 2701 1360 Secundum
2725 1317 2899 1361 autem
2930 1309 3047 1376 ejus
3078 1307 3486 1377 pratscientiam,
3526 1309 3615 1378 qui
3645 1309 3793 1363 novit

2211 1412 2346 1465 quos
2373 1397 2830 1466 pr.edestinaverit
2856 1406 2978 1453 ante
3006 1398 3187 1453 mundi
3208 1398 3639 1471 constitutionem
3666 1414 3797 1454 con-

2212 1487 2407 1542 formes
2432 1489 2673 1557 imaginis
2696 1489 2813 1543 Filii
2842 1492 2921 1544 sui
2941 1492 2983 1553 ’,
3018 1490 3169 1545 multi
3197 1491 3356 1544 etiam
3384 1492 3472 1561 qui
3501 1500 3689 1559 aperte
3716 1490 3795 1546 fo-

2210 1580 2285 1633 ris
2314 1588 2455 1643 sunt,
2488 1590 2541 1635 et
2570 1580 2804 1636 haeretici
2843 1583 3199 1652 appellantur,
3229 1582 3409 1637 multis
3436 1591 3489 1638 et
3519 1584 3674 1638 bonis
3702 1599 3796 1638 ca-

2212 1670 2423 1725 tholicis
2454 1672 2702 1727 meliores
2744 1683 2885 1727 sunt.
2933 1673 3068 1742 Quid
3110 1676 3251 1729 enim
3282 1674 3389 1729 sint
3430 1674 3610 1742 hodie,
3640 1675 3798 1729 vide-

2213 1778 2359 1824 mus;
2384 1762 2508 1832 quid
2530 1778 2648 1817 cras
2668 1763 2827 1818 futuri
2850 1764 2975 1830 sint,
3000 1764 3323 1833 ignoramus.
3343 1766 3408 1819 Et
3426 1765 3533 1820 Deo
3550 1765 3795 1835 quidem,

2212 1851 2349 1920 apud
2380 1868 2537 1921 quem
2564 1862 2687 1907 sunt
2712 1856 2994 1924 praesentia
3028 1872 3147 1925 qua:
3185 1865 3407 1911 ventura
3445 1866 3590 1920 sunt,
3632 1858 3799 1912 etiam

2212 1941 2353 2011 quod
2385 1941 2543 1996 futuri
2570 1955 2695 1997 sunt
2729 1942 2838 2013 jam
2884 1955 3041 1999 sunt:
3074 1962 3169 1998 nos
3195 1958 3371 2001 autem
3418 1946 3713 2002 secundum
3745 1947 3798 2002 id

2212 2032 2351 2101 quod
2385 2032 2435 2085 in
2469 2034 2716 2101 prazseuti
2757 2044 2840 2089 est
2887 2036 3113 2106 quisque
3157 2036 3451 2102 hominum,
3505 2037 3802 2107 qumrimus

2214 2132 2389 2177 utrum
2419 2122 2471 2177 in
2503 2124 2608 2178 illis
2637 2125 2888 2181 Ecclesia:
2927 2127 3201 2191 membris,
3243 2144 3362 2197 qum
3404 2145 3505 2183 una
3548 2130 3802 2187 columba

2212 2215 2348 2271 dicta
2377 2225 2478 2282 est,
2509 2226 2564 2272 et
2589 2233 2786 2289 sponsa
2831 2219 3024 2275 Christi
3053 2221 3168 2276 sine
3202 2222 3403 2277 macula
3432 2230 3485 2279 et
3510 2239 3661 2294 ruga,
3694 2224 3801 2280 ho-

2212 2307 2299 2363 die
2325 2309 2610 2379 deputandi
2641 2311 2747 2364 sint
2775 2308 2871 2385 (a),
2900 2311 2966 2367 de
2992 2314 3183 2383 quibus
3226 2313 3358 2369 dicit
3398 2314 3699 2388 Cyprianus
3739 2317 3797 2371 in

2212 2400 2436 2470 epistola
2481 2418 2639 2472 quam
2667 2405 3102 2468 commemoravi,
3135 2406 3271 2475 quod
3294 2408 3424 2461 viam
3451 2407 3656 2463 Domini
3696 2427 3804 2465 non

2213 2501 2453 2560 tenerent,
2480 2510 2568 2548 nec
2592 2495 2711 2548 data
2736 2495 2830 2549 sibi
2852 2496 2922 2549 ad
2948 2498 3159 2551 salutem
3187 2500 3406 2554 cwlestia
3434 2502 3674 2556 mandata
3694 2520 3807 2556 ser-

2212 2596 2403 2651 varent,
2434 2587 2568 2657 quod
2592 2605 2693 2642 non
2715 2589 2935 2659 facerent
2961 2588 3167 2644 Domini
3194 2592 3495 2647 voluntatem
3514 2609 3534 2648 :
3556 2596 3809 2664 patrimo-

2213 2680 2297 2732 nio
2340 2689 2386 2733 et
2414 2680 2554 2733 lucro
2579 2682 2853 2750 studentes,
2892 2683 3175 2753 superbiam
3199 2695 3457 2750 sectantes,
3487 2688 3809 2743 aemulationi

2212 2779 2260 2823 et
2285 2769 2583 2824 dissensioni
2607 2780 2857 2839 vacantes,
2885 2772 3222 2843 simplicitatis
3247 2785 3294 2829 et
3317 2776 3437 2844 ﬁdei
3467 2776 3805 2849 negligentes,

2213 2862 2398 2915 satculo
2427 2862 2584 2916 verbis
2608 2862 2728 2918 solis
2756 2872 2801 2918 et
2828 2881 2927 2918 non
2958 2865 3105 2934 factis
3131 2868 3490 2930 renuntiantes,
3519 2869 3807 2939 numquis—

2211 2971 2309 3025 que
2335 2955 2431 3009 sibi
2453 2956 2723 3025 placentes,
2746 2966 2793 3011 et
2813 2958 3039 3012 omnibus
3056 2959 3373 3030 displicentes
3396 2958 3585 3032 (Epist.
3613 2962 3699 3027 Η,
3730 2962 3809 3015 ad

2214 3045 2479 3118 Clericos).
2503 3047 2655 3116 Quod
2676 3047 2722 3102 si
2748 3050 2917 3103 eos'in
2944 3050 3055 3104 suis
3082 3051 3335 3105 membris
3362 3067 3462 3107 nec
3486 3052 3573 3106 illa
3595 3053 3809 3107 colum-

2212 3140 2278 3195 ba
2306 3142 2609 3210 cognoscit;
2660 3148 2715 3195 et
2763 3143 2978 3205 talibus.
3030 3143 3075 3197 si
3121 3144 3173 3198 in
3216 3144 3402 3199 eadem
3445 3146 3807 3214 perversitate

2213 3232 2623 3303 permanserint,
2666 3234 2904 3287 dicturus
2944 3243 3025 3288 est
3069 3234 3341 3299 Dominus,
3378 3234 3497 3288 Non
3525 3236 3640 3289 novi
3674 3252 3762 3290 vos
3785 3253 3809 3301 ,-

2211 3325 2424 3378 recedite
2440 3344 2471 3377 α
2488 3341 2585 3389 me,
2607 3326 2692 3395 qui
2709 3325 2985 3394 aperamini
3000 3326 3309 3394 iniquitatem
3330 3327 3542 3399 (Matth.
3564 3344 3654 3393 γυ,
3676 3328 3803 3396 25):

2213 3415 2460 3471 videntur
2484 3432 2604 3471 esse
2627 3418 2679 3471 in
2709 3416 2966 3481 Ecclesia,
2997 3417 3089 3471 sed
3113 3434 3215 3471 non
3245 3428 3398 3483 sunt;
3428 3419 3533 3472 imo
3548 3428 3603 3474 et
3621 3431 3809 3475 contra

2214 3508 2494 3564 Ecclesia»:
2540 3510 2751 3580 faciunt.
2797 3509 3059 3575 Quomodo
3108 3526 3225 3580 ergo
3252 3508 3511 3581 Baptismo
3557 3511 3810 3568 Ecclesia

2215 3602 2471 3672 baptizare
2495 3610 2702 3670 possunt
2731 3598 2926 3671 (Epist.
2954 3600 3043 3664 75,
3067 3600 3135 3652 ad
3152 3600 3506 3671 Jubaianum),
3533 3602 3674 3672 quod
3700 3618 3808 3659 nec

2214 3692 2347 3763 ipsis
2376 3690 2593 3762 prodest
2617 3705 2715 3745 nec
2743 3676 3145 3759 aecipientihus,
3174 3691 3275 3745 nisi
3322 3692 3641 3748 intrinsecus
3666 3709 3805 3749 vera

2214 3778 2569 3843 conversione
2598 3793 2887 3851 mutentur,
2915 3793 2974 3839 ut
3002 3785 3173 3855 ipsum
3200 3783 3625 3850 Sacramentum,
3654 3787 3804 3856 quod

2215 3878 2292 3932 eis
2316 3876 2697 3947 accipientibus
2722 3892 2826 3930 non
2858 3875 3128 3946 proderat,
3157 3875 3369 3946 quando
3397 3877 3594 3931 saeculo
3619 3878 3806 3935 verbis

2215 3987 2319 4024 non
2349 3968 2497 4025 factis
2526 3969 2917 4031 renuntiabant,
2943 3968 3194 4037 prodesse
3219 3969 3453 4037 incipiat,
3489 3984 3609 4024 cum
3631 3978 3687 4025 et
3718 3971 3807 4025 fa-

2214 4063 2315 4116 ctis
2343 4062 2604 4130 coeperint
2624 4061 2964 4116 renuntiare?
2990 4062 3059 4115 ita
3082 4070 3135 4115 et
3164 4060 3236 4115 illi
3262 4078 3485 4131 quorum
3506 4072 3589 4116 est
3613 4072 3806 4133 aperta

2215 4156 2510 4223 separatio;
2541 4152 2661 4222 quia
2704 4152 2756 4206 in
2806 4153 3060 4207 membris
3103 4153 3244 4206 illius
3273 4152 3552 4217 columbae,
3597 4169 3701 4209 nec
3750 4155 3805 4211 hi

2216 4259 2316 4297 nec
2343 4244 2414 4297 illi
2446 4251 2571 4297 stmt
2597 4242 2776 4309 hodie,
2827 4242 2922 4297 sed
2963 4243 3122 4314 aliqui
3153 4258 3339 4298 eorum
3372 4244 3594 4300 fortasse
3636 4245 3805 4301 futuri

2216 4342 2358 4387 sunt.

2285 4424 2510 4481 CAPUT
2549 4424 2636 4479 ιν.
2663 4455 2735 4465 -
2762 4425 2814 4481 5.
2846 4424 2961 4480 Non
2984 4424 3158 4496 itaque
3178 4426 3519 4480 haereticorum
3534 4425 3807 4497 Baptisma

2216 4526 2549 4587 acceptamus,
2568 4516 2780 4587 quando
2798 4528 2915 4587 post
2930 4533 3022 4571 eos
3042 4532 3148 4571 non
3172 4517 3499 4588 baptizamus
3518 4519 3641 4574 :sed
3659 4520 3805 4590 quod

2216 4611 2413 4667 Christi
2447 4626 2567 4665 esse
2595 4611 2989 4681 cognoscimus,
3018 4611 3177 4664 etiam
3212 4612 3260 4664 in
3292 4611 3445 4665 malis
3470 4611 3804 4679 hominibus,

2216 4705 2328 4759 sive
2356 4711 2539 4772 aperte
2569 4701 2717 4763 foris,
2757 4701 2869 4756 sive
2898 4700 3038 4754 intus
3066 4701 3272 4755 occulte
3302 4702 3580 4769 separatis,
3615 4704 3721 4757 illis
3753 4707 3805 4759 in

2218 4812 2279 4851 ea
2303 4812 2359 4849 re
2388 4796 2438 4847 in
2471 4810 2573 4863 qua
2619 4794 2898 4847 deviahant
2925 4792 3203 4855 correctis,
3250 4793 3425 4847 debita
3451 4796 3807 4852 veneratione

2217 4889 2557 4958 suscipimus.
2584 4886 2734 4941 Sicut
2756 4898 2930 4939 autem
2955 4886 3125 4953 urgeri
3157 4885 3343 4939 videor
3366 4901 3486 4939 cum
3511 4886 3639 4940 mihi
3667 4887 3804 4942 dici-

2220 4995 2323 5044 tur.
2357 4982 2494 5052 Ergo
2521 4982 2780 5035 haereticus
2809 4980 3010 5032 dimittit
3037 4979 3275 5047 peccata?
3312 4979 3389 5032 sic
3414 4989 3467 5033 ct
3510 4995 3610 5049 ego
3639 4995 3807 5050 urgeo

2219 5095 2340 5133 cum
2369 5078 2508 5141 dico,
2536 5076 2677 5143 Ergo
2704 5076 2790 5144 qui
2818 5072 3052 5129 ctrlestia
3072 5071 3317 5127 mandata
3339 5087 3441 5126 non
3462 5084 3660 5138 servat,
3682 5089 3809 5128 ava-

2220 5186 2333 5233 rus,
2362 5178 2562 5238 raptor,
2600 5166 2887 5230 teucrator,
2921 5163 3152 5230 invidus,
3184 5163 3361 5217 verbis
3388 5180 3491 5217 non
3522 5163 3675 5218 factis
3698 5182 3805 5220 sse-

2220 5261 2341 5316 culo
2368 5259 2702 5319 renuutians,
2730 5256 2948 5309 dimittit
2981 5255 3231 5323 peccata?
3265 5255 3322 5309 Si
3358 5271 3452 5323 per
3474 5255 3583 5310 vim
3612 5255 3809 5310 Sacra-

2221 5351 2385 5407 menti
2414 5350 2527 5415 Dei,
2552 5349 2687 5404 sicut
2715 5348 2822 5411 ille,
2848 5348 2918 5402 ita
2944 5357 2996 5402 et
3021 5347 3139 5401 ille:
3164 5346 3207 5399 si
3234 5362 3331 5416 per
3354 5347 3601 5401 meritum
3624 5360 3803 5411 suum,

2223 5457 2324 5499 nec
2351 5442 2460 5507 ille,
2492 5455 2591 5496 nec
2620 5440 2728 5495 ille.
2756 5438 2884 5494 lllud
2911 5439 3051 5493 enim
3073 5437 3473 5493 Sacramentum
3497 5446 3551 5492 et
3576 5437 3627 5491 in
3650 5435 3808 5492 malis

2288 5603 2303 5632 ι
2335 5606 2433 5647 Αιη.
2458 5604 2533 5647 Er.
2563 5604 2615 5647 et
2636 5603 2765 5655 Mss,
2792 5593 2855 5645 ad
2880 5592 3007 5657 qun!
3037 5590 3270 5657 ridemus.

2281 5664 2309 5735 ξ
2331 5661 2465 5735 Editi,
2490 5650 3140 5722 cmtfomtes'ﬁeri'imaginis.
3167 5650 3471 5719 Abest,ﬁeri,
3494 5664 3524 5704 a
3545 5651 3806 5703 manuscri-

2225 5730 2321 5790 ptis
2343 5730 2396 5773 et
2416 5737 2444 5773 a
2465 5736 2642 5786 graeco.

2289 5788 2362 5851 (a)
2378 5792 2410 5836 tl
2433 5792 2657 5846 κοιτίδα,
2680 5795 2785 5845 cap.
2813 5782 2885 5831 18.
