4054 6470
237 354 332 414 157

230 469 533 528 hominibus
562 469 762 526 Christi
792 484 910 524 esse
934 466 1302 539 cognoscitur:
1330 466 1380 521 in
1402 482 1625 537 corpore
1640 478 1817 523 autem

235 564 402 618 unica:
456 562 747 627 columba,
793 561 1136 628 incorruptae,
1191 567 1408 623 sanctas,
1454 558 1681 629 pudicae,
1716 574 1821 613 non

235 653 477 710 ‘tabentis
499 653 764 707 maculam
791 663 881 707 aut
907 668 1087 722 rugam
1116 651 1332 722 (Ep/tes.
1364 668 1418 716 v,
1445 652 1561 722 27),
1610 668 1709 708 nec
1735 652 1824 707 ille

230 763 325 801 nec
364 746 456 800 ille
507 746 781 799 invenitur
826 744 923 815 (ιι).
975 744 1041 798 Et
1089 744 1358 814 quomodo
1402 744 1682 814 accipienti
1716 761 1820 799 non

232 838 451 907 prodest
481 835 787 905 Baptismus
812 836 858 888 ei
884 834 973 904 qui
1002 835 1200 889 saeculo
1230 834 1404 889 verbis
1432 851 1536 889 non
1570 835 1720 888 factis
1740 850 1817 888 re-

230 928 469 991 nuntiat;
504 928 583 980 sic
613 942 720 980 non
765 926 983 996 prodest
1018 926 1068 981 ei
1112 926 1204 996 qui
1248 925 1299 979 in
1346 924 1536 980 barresi
1563 925 1645 979 vel
1674 924 1822 979 schi«

226 1029 401 1074 smate
452 1018 754 1088 baptizatur
799 1035 814 1070 :
876 1018 1085 1088 utrique
1135 1026 1312 1072 autem
1362 1025 1606 1072 correcto
1655 1016 1821 1086 prnd-

227 1125 347 1165 esse
392 1110 599 1179 incipit,
645 1108 789 1180 quod
832 1120 959 1164 ante
1001 1123 1108 1163 non
1154 1108 1427 1179 proderat,
1472 1108 1567 1163 sed
1639 1117 1816 1163 tamen

228 1204 423 1257 iuerat.

295 1296 350 1351 6.
390 1294 696 1364 Baptizatus
721 1309 850 1365 ergo
881 1296 936 1347 in
974 1294 1153 1349 Iucresi
1181 1311 1280 1348 nou
1306 1294 1363 1362 ﬁt
1408 1294 1648 1363 templum
1691 1293 1823 1349 Dei:

226 1387 487 1459 numquid
522 1398 700 1441 tamen
722 1386 843 1440 ideo
866 1402 960 1454 pro
985 1386 1250 1455 baptizato
1275 1401 1379 1440 non
1410 1386 1683 1441 habendus
1707 1386 1822 1441 est?

229 1482 359 1536 Nam
387 1499 491 1536 nec
525 1496 719 1534 avarus
750 1482 892 1534 intus
923 1479 1221 1547 baptizatus
1261 1481 1320 1533 lit
1349 1480 1602 1549 templum
1635 1479 1747 1546 Dei,
1775 1479 1819 1533 si

225 1577 293 1630 ab
314 1575 545 1629 avaritia
573 1589 677 1628 non
722 1575 1046 1637 recesserit;
1075 1573 1163 1642 qui
1209 1573 1353 1626 enim
1394 1571 1525 1626 ﬁunt
1564 1573 1818 1642 templum

230 1669 340 1733 Dei,
373 1666 658 1737 possident
686 1668 865 1736 utique
908 1681 1128 1735 regnum
1159 1664 1272 1720 Dei.
1316 1666 1600 1735 Apostolus
1636 1675 1819 1720 autem

226 1760 354 1813 dicit
380 1760 527 1813 inter
554 1759 743 1823 multa,
782 1755 958 1827 Neque
998 1758 1159 1821 avari,
1192 1772 1350 1826 neque
1374 1773 1583 1825 rapaces
1607 1773 1817 1827 regnum

227 1849 321 1903 Dei
349 1848 683 1918 possidebunt
713 1847 753 1918 (Ι
777 1845 896 1901 Cor.
923 1862 998 1911 γι,
1029 1847 1141 1917 ill).
1171 1846 1461 1900 Avaritiam
1488 1848 1683 1917 quippe
1704 1847 1821 1901 ido-

228 1942 394 1995 lorum
427 1939 679 1993 servituti
707 1939 811 1993 alio
842 1939 958 1993 loco
1002 1937 1142 1992 idem
1189 1939 1461 2006 apostolus
1501 1947 1813 2007 comparat:

226 2033 547 2094 Etaaaritia,
579 2033 769 2103 inquit,
800 2048 914 2101 qua:
955 2040 1027 2085 est
1074 2030 1328 2085 idolorum
1362 2032 1570 2085 servitus
1598 2019 1814 2100 (Ephes.

223 2143 274 2189 v,
300 2128 382 2198 5).
406 2128 585 2194 Quem
614 2142 831 2181 sensum
863 2126 1003 2180 idem
1038 2125 1335 2197 Cyprianus
1362 2126 1440 2181 sic
1475 2127 1817 2195 exaggeravit

224 2219 273 2272 in
296 2218 528 2288 epistola
554 2217 621 2271 ad
644 2220 1024 2283 Antoniannm,
1050 2229 1105 2271 ut
1132 2232 1315 2271 eorum
1344 2228 1562 2285 peccato
1576 2217 1664 2286 qui
1685 2227 1817 2271 tem-

224 2324 349 2376 pore
377 2309 774 2380 peréeculionis
805 2324 902 2378 per
930 2310 1144 2365 libellos
1178 2323 1236 2364 se
1263 2308 1662 2363 Ihuriﬁcaturos
1692 2324 1817 2378 pro-

220 2400 341 2455 fessi
369 2410 553 2465 erant,
585 2417 774 2455 avaros
802 2416 1113 2470 comparare
1142 2416 1247 2454 non
1296 2400 1566 2455 dubitaret
1586 2400 1601 2431 ¹
1634 2398 1811 2471 (Cypr.

221 2492 388 2563 Epist.
418 2493 515 2560 55,
538 2493 609 2546 ad
638 2491 957 2563 Antoniam).
991 2491 1081 2547 Sic
1107 2508 1237 2561 ergo
1275 2492 1326 2546 in
1360 2492 1547 2546 bmrcsi
1575 2491 1815 2563 baptiza-

217 2595 304 2638 tus
332 2584 387 2639 in
422 2585 644 2638 nomine
687 2594 884 2639 sancta:
913 2583 1209 2647 Trinitatis,
1252 2591 1426 2639 tamen
1454 2600 1559 2637 non
1588 2584 1646 2638 ﬁt
1676 2592 1811 2639 tem-

218 2676 361 2744 plum
394 2676 515 2740 Dei,
543 2676 587 2729 si
618 2676 686 2730 ab
725 2676 913 2730 haeresi
950 2690 1054 2729 non
1085 2676 1386 2739 recesserit,
1428 2674 1696 2745 quomodo
1723 2691 1817 2731 ne-

216 2781 318 2832 quc
346 2765 403 2819 in
433 2766 659 2820 avaritia
687 2765 739 2820 in
775 2765 967 2820 eodem
1004 2766 1217 2821 nomine
1247 2766 1543 2836 baptizatus
1585 2767 1642 2821 lit
1682 2776 1816 2823 tem-

220 2859 363 2928 plum
400 2858 521 2923 Dei,
566 2858 613 2913 si
642 2860 710 2913 ab
741 2858 957 2913 avaritia
986 2875 1091 2914 non
1122 2860 1356 2925 recedat,
1385 2878 1504 2931 quzr
1532 2872 1615 2917 est
1640 2862 1811 2916 idolo-

220 2966 334 3004 rum
366 2952 626 3005 servitus.
658 2949 789 3004 Nam
819 2962 871 3006 et
903 2950 1005 3005 hoc
1034 2951 1171 3005 idem
1201 2952 1472 3019 apostolus
1498 2951 1659 3007 dicit:
1690 2953 1816 3019 Qua:

219 3042 518 3111 compositio
544 3042 729 3111 templo
761 3040 853 3095 Dei
879 3058 995 3095 cum
1020 3041 1171 3096 idolis
1184 3041 1258 3113 (ll
1293 3042 1410 3097 Cor.
1437 3059 1512 3109 vt,
1542 3043 1670 3115 16)?
1698 3042 1814 3098 Non

218 3150 341 3203 ergo
360 3133 433 3188 de
462 3133 622 3188 nobis
646 3142 916 3203 qumratur
942 3134 1088 3204 cujus
1115 3133 1210 3189 Dei
1235 3116 1474 3205 templum
1518 3136 1628 3205 fiat,
1655 3153 1814 3207 quem

220 3225 443 3281 dicimus
469 3225 729 3293 templum
759 3225 852 3280 Dei
897 3241 1001 3280 nou
1046 3225 1180 3281 ﬁeri.
1208 3226 1316 3281 Nec
1344 3238 1520 3282 tamen
1560 3228 1681 3283 ideo
1709 3246 1812 3284 non

226 3317 543 3386 baptizatur.
574 3330 674 3370 nec
701 3315 817 3385 ejus
841 3331 993 3371 error
1020 3316 1324 3372 immundus
1350 3318 1515 3373 efﬁcit
1535 3328 1592 3373 ut
1617 3334 1722 3376 non
1744 3320 1815 3375 sit

224 3419 463 3464 sanctum
488 3408 922 3476 Sacramentum,
951 3410 1091 3480 quod
1116 3410 1321 3480 accepit
1345 3413 1524 3467 verbis
1545 3415 1816 3483 evangeli-

223 3505 292 3558 cis
311 3512 692 3558 consecratum
712 3521 726 3557 :
749 3504 885 3558 sicut
914 3519 1011 3558 nec
1041 3503 1179 3558 illius
1199 3490 1422 3560 avaritia
1445 3521 1561 3576 qua:
1587 3516 1671 3562 est
1698 3507 1813 3562 ido-

222 3597 385 3651 lorum
409 3597 668 3663 servitus,
690 3607 742 3651 et
765 3613 951 3667 magna
975 3598 1305 3653 immunditia
1331 3609 1504 3670 potest
1527 3600 1740 3657 efﬁcere
1759 3610 1817 3657 ut

220 3705 323 3744 non
367 3690 440 3744 sit
488 3700 731 3743 sanetum
777 3689 1041 3759 Baptisma
1106 3691 1246 3761 quod
1275 3693 1485 3763 accipit,
1513 3694 1719 3748 etiamsi
1747 3696 1816 3750 ab

221 3786 324 3839 alio
346 3801 513 3841 avaro
533 3786 781 3841 similiter
802 3802 894 3857 per
912 3787 1097 3843 eadem
1121 3789 1279 3844 verba
1305 3789 1614 3860 evangelica
1640 3788 1811 3860 bapti-

220 3888 297 3930 set
305 3893 385 3930 ur.

290 3970 520 4026 CAPUT
558 3970 624 4024 ν.
664 3972 808 4025 —7.
854 3970 1111 4035 Proinde,
1138 3973 1337 4043 inquit,
1371 3976 1564 4046 frustra
1604 3975 1814 4045 quidam

223 4062 309 4129 qui
348 4063 551 4115 ratione
591 4061 889 4128 vincuntur,
916 4063 1329 4118 consuetudinem
1362 4064 1504 4118 nobis
1547 4064 1810 4135 objiciunt,

224 4156 367 4222 quasi
406 4154 720 4207 consuetudo
765 4155 931 4220 major
961 4154 1027 4208 sit
1067 4157 1306 4219 veritate;
1328 4166 1415 4209 aut
1455 4157 1634 4210 nonid
1659 4157 1723 4210 sit
1760 4158 1814 4211 in

222 4246 571 4315 spiritualibus
594 4247 921 4315 sequendum,
947 4246 1153 4317 quodin
1179 4247 1357 4301 melius
1380 4249 1534 4320 fuerit
1561 4265 1593 4301 a
1614 4247 1815 4318 Spiritu

224 4344 398 4392 meto
424 4338 718 4391 revelatum.
756 4339 865 4394 Iloc
895 4338 1050 4408 plane
1088 4355 1273 4394 verum
1310 4349 1423 4406 est,
1463 4342 1582 4407 quia
1608 4341 1741 4395 ratio
1762 4350 1817 4396 et

222 4431 420 4484 veritas
452 4428 828 4484 consuetudini
862 4430 1217 4500 praeponenda
1262 4440 1363 4485 cst.
1395 4431 1499 4487 Sed
1535 4448 1653 4487 cum
1687 4448 1817 4487 con-

222 4520 491 4575 suetndini
534 4521 737 4575 veritas
764 4520 1118 4591 sull'ragatur,
1158 4521 1289 4576 nihil
1351 4532 1565 4594 Oportet
1612 4522 1815 4579 ﬁrmius

224 4613 466 4666 retineri.
496 4612 695 4666 Deinde
715 4613 973 4681 sequitur,
997 4621 1051 4668 et
1071 4614 1198 4669 dicit
1226 4632 1239 4668 :
1267 4612 1473 4685 Ignosci
1492 4617 1622 4669 enim
1651 4626 1813 4685 potest

223 4704 525 4773 simpliciter
553 4704 740 4756 erranti
762 4744 778 4770 ,
808 4704 937 4757 sicut
960 4705 1022 4758 de
1050 4722 1102 4759 se
1121 4706 1231 4775 ipso
1251 4707 1372 4760 dicit
1393 4708 1653 4778 apostolus
1679 4707 1815 4762 Pauo

227 4795 328 4859 lus,
356 4814 375 4847 ι
410 4795 512 4862 Qui
538 4797 677 4864 prius
704 4796 779 4864 fui
806 4796 1148 4865 blasphemus,
1176 4808 1225 4852 et
1251 4810 1569 4868 persecutor,
1597 4810 1645 4853 et
1674 4801 1813 4869 inju—

221 4891 430 4954 riosus;
458 4889 549 4945 sed
588 4890 985 4943 misericordiam
1024 4892 1216 4957 merui,
1244 4893 1363 4962 quia
1396 4892 1637 4963 ignorans
1665 4894 1762 4964 feci
1791 4912 1809 4947 ι

223 4982 268 5052 (1
304 4980 435 5035 Tim.
465 4998 506 5045 ι,
556 4980 666 5053 i3).
698 4980 820 5035 Post
849 4982 1226 5052 inspirationem
1253 4998 1367 5037 vero
1391 4994 1438 5037 ct
1466 4985 1816 5039 reuelationem

221 5076 433 5140 factam,
455 5073 541 5143 qui
569 5073 623 5125 in
648 5088 706 5125 eo
735 5073 870 5144 quod
890 5081 1161 5139 erraverat,
1194 5084 1468 5144 perseverat
1506 5076 1729 5141 prudens
1769 5084 1814 5129 et

221 5168 423 5231 sciens,
465 5166 576 5218 sine
629 5166 772 5218 venia
816 5166 1119 5235 ignorantia:
1162 5174 1352 5233 peccat.
1413 5164 1818 5235 Prwsumptioue

222 5258 356 5311 enim
396 5268 548 5328 atque
589 5257 922 5325 obstinatione
966 5259 1187 5328 quadam
1232 5258 1410 5311 nititur
1434 5301 1448 5325 ,
1482 5277 1595 5311 cum
1626 5261 1818 5313 ratione

222 5361 507 5422 superetur.
552 5351 665 5404 lloe
716 5350 1052 5404 verissimum
1096 5359 1210 5415 est,
1252 5351 1407 5420 longe
1450 5352 1660 5421 gravius
1698 5368 1818 5408 esse

226 5436 504 5511 peccatum
548 5442 668 5511 ejus
712 5443 803 5512 qui
848 5444 1045 5509 sciens,
1072 5459 1229 5513 quam
1274 5444 1391 5511 ejus
1444 5445 1532 5513 qui
1574 5446 1818 5499 nesciens

225 5536 550 5606 peccaverit.
583 5535 653 5589 Et
680 5533 799 5589 ideo
825 5535 905 5588 vir
926 5543 1140 5590 sanctus
1164 5532 1481 5606 Cyprianus,
1508 5549 1613 5588 non
1644 5535 1814 5590 solum

295 5693 311 5725 ι
337 5692 505 5743 Plures
547 5697 901 5764 Iusqlpeccata
945 5691 1082 5755 (vel,
1122 5689 1406 5758 peccatum)
1448 5688 1629 5755 qui
1659 5689 1819 5742 avaris

226 5766 516 5818 conspui-are
536 5768 631 5805 non
654 5752 911 5805 dubitaret.

305 5817 377 5882 (a)
402 5823 435 5868 ll
457 5824 692 5879 ttetract.,
715 5828 821 5880 cap.
851 5814 908 5867 18

525 5824 692 5879 ωσι,
715 5828 821 5879 cap.
851 5824 923 5867 ιδ.

1581 351 1782 408 LIBER
1821 350 2166 420 QUARTUS.

3416 360 3521 419 £58

1931 468 2118 523 doctus
2143 509 2157 531 ,
2188 468 2281 524 sed
2308 470 2467 525 etiam
2507 469 2780 536 docibilis,
2809 472 2951 543 quod
2991 473 3042 527 in
3085 473 3237 530 laude
3283 477 3518 549 episcopi

1929 577 2085 630 quem
2115 560 2357 631 designat
2384 563 2668 633 Apostolus
2714 566 2792 619 sic
2822 565 3087 621 intellexit
3115 566 3227 635 ipse
3268 567 3337 637 (ll
3381 566 3515 623 Tim.

1931 669 1985 715 ιι,
2005 653 2120 723 2.5),
2141 662 2197 708 ut
2221 654 2421 709 diceret
2440 658 2586 709 etiam
2609 658 2703 711 hoc
2721 658 2772 712 in
2793 659 3031 729 episcopo
3050 677 3156 715 esse
3172 660 3511 732 diligendum,

1929 754 2103 798 utnon
2126 744 2289 799 solum
2318 747 2531 800 scienter
2552 748 2744 815 doceat,
2773 751 2860 804 sed
2885 752 3036 804 etiam
3065 753 3316 823 patienter
3351 753 3518 808 discat

1929 833 2121 907 (Epist.
2154 836 2223 890 64
2247 876 2261 900 ,
2291 836 2360 889 ad
2397 835 2752 909 Pompeium);
2778 856 2881 894 non
2914 842 3098 896 dubito
3116 844 3256 909 quod
3287 845 3331 899 si
3362 846 3515 901 istam

1926 927 2270 995 quzestionem
2302 927 2353 981 in
2384 926 2621 983 Ecclesia
2646 929 2737 983 diu
2755 930 3085 1001 multumque
3108 944 3369 988 versatam
3392 950 3515 989 cum

1924 1018 2052 1071 viris
2084 1019 2432 1074 sanctissimis
2469 1019 2896 1093 doctissimisque
2936 1033 3187 1080 tractaret
3211 1066 3225 1088 ,
3258 1042 3356 1095 per
3379 1042 3516 1096 quos

1926 1119 2108 1178 postea
2154 1109 2346 1165 factum
2392 1121 2474 1166 est
2512 1121 2571 1166 ut
2607 1114 2825 1184 antiqua
2864 1114 2949 1170 illa
2984 1117 3312 1171 consuetudo
3352 1118 3513 1172 etiam

1926 1202 2162 1269 plenario
2186 1203 2415 1257 concilio
2444 1202 2763 1271 ﬁrmaretur,
2787 1206 2902 1261 sine
2926 1206 3258 1265 dubitatione
3284 1210 3512 1265 demou-

1924 1303 2119 1349 straret
2145 1310 2249 1349 non
2276 1295 2449 1350 solum
2482 1311 2639 1366 quam
2682 1297 2871 1353 doctus
2895 1309 3037 1355 esset
3076 1301 3129 1355 in
3158 1301 3240 1356 his
3268 1319 3387 1373 quae
3424 1303 3515 1357 ﬁr-

1924 1388 2161 1444 missima
2188 1390 2409 1444 veritate
2435 1399 2762 1460 perceperat,
2791 1408 2974 1446 verum
2995 1394 3153 1448 etiam
3174 1410 3330 1463 quam
3357 1395 3511 1451 doci-

1924 1482 2043 1536 bilis
2097 1485 2148 1537 in
2183 1482 2265 1537 his
2305 1499 2425 1552 qua:
2475 1484 2652 1539 minus
2697 1484 3020 1541 adverterat.
3066 1487 3132 1541 Et
3175 1496 3351 1543 tamen
3385 1501 3509 1544 cum

1922 1573 2417 1628 manifestissimum
2442 1576 2530 1641 sit,
2563 1575 2733 1630 multo
2760 1576 2972 1645 gravius
2999 1592 3219 1646 peccare
3246 1579 3508 1634 scientem

1922 1682 2080 1735 quam
2105 1667 2465 1731 nescientem;
2491 1667 2678 1722 vellem
2706 1667 2833 1721 mihi
2856 1668 3047 1738 aliquis
3074 1668 3295 1735 diceret,
3323 1671 3366 1724 si
3390 1672 3509 1739 quis

1922 1758 1975 1813 in
2008 1758 2253 1813 haeresim
2303 1759 2572 1825 incurrat,
2605 1760 2852 1815 nesciens
2893 1774 3151 1831 quantum
3193 1762 3390 1817 malum
3415 1763 3506 1829 sit,

1919 1858 1971 1903 et
1992 1849 2126 1903 alius
2154 1848 2221 1901 ab
2246 1850 2465 1903 avaritia
2498 1865 2600 1903 non
2632 1851 2845 1905 recedat
2873 1894 2886 1913 ,
2914 1852 3088 1906 sciens
3114 1863 3367 1922 quantum
3391 1870 3509 1909 ma-

1921 1939 2028 1993 lum
2056 1940 2143 2003 sit,
2168 1940 2287 2010 quis
2315 1955 2499 1995 eorum
2543 1941 2612 1995 sit
2639 1942 2807 2010 pejor.
2836 1942 3061 1998 Possum
3092 1945 3252 1998 etiam
3280 1945 3348 1999 ita
3381 1960 3508 2014 pro-

1921 2048 2141 2104 ponere,
2163 2033 2218 2088 Si
2249 2034 2383 2087 alius
2410 2033 2655 2088 nesciens
2684 2033 2735 2088 in
2765 2033 3011 2089 haeresim
3037 2036 3224 2101 irruat,
3247 2044 3303 2090 et
3331 2038 3509 2091 sciens

1917 2124 2055 2178 alius
2082 2124 2151 2177 ab
2180 2123 2472 2179 idololatria
2498 2125 2861 2191 nonrecedat,
2892 2126 3015 2195 quia
3037 2134 3092 2180 et
3111 2127 3398 2195 Apostolus
3423 2127 3508 2182 di-

1917 2218 2009 2280 cit,
2037 2216 2264 2272 Avaritla
2289 2232 2403 2285 qua!
2425 2227 2495 2272 est
2521 2218 2770 2273 idolorum
2798 2220 3008 2273 servitus
3030 2234 3050 2272 :
3070 2227 3121 2273 et
3152 2218 3264 2289 ipse
3283 2219 3510 2291 Cypria-

1919 2326 2019 2365 nus
2050 2312 2291 2366 eamdem
2329 2299 2645 2366 seiilentiam
2692 2328 2803 2365 non
2844 2312 3002 2366 aliter
3043 2312 3336 2377 intellexit,
3369 2314 3510 2368 sicut

1918 2403 2049 2466 dixi,
2081 2404 2146 2456 ad
2172 2404 2529 2457 Antonianum
2557 2402 2798 2457 scribens
2821 2443 2834 2466 ,
2869 2402 2959 2456 “Di
2986 2402 3060 2457 ait
3089 2402 3277 2471 (Epist.
3309 2404 3408 2469 55,
3438 2402 3509 2456 ad

1918 2494 2309 2565 Antonianum),
2338 2492 2447 2547 Nec
2472 2493 2567 2547 sibi
2587 2494 2702 2546 novi
2726 2496 2777 2547 in
2798 2493 2893 2547 hoc
2916 2492 3135 2547 hteretici
3156 2493 3505 2560 blandiantur,

1916 2586 2051 2657 quod
2085 2603 2139 2640 se
2184 2585 2356 2639 dicant
2394 2584 2680 2638 idololatris
2718 2600 2819 2637 non
2864 2600 3268 2651 communicare;
3300 2586 3507 2654 quando

1916 2678 2018 2733 sint
2049 2686 2097 2732 et
2119 2676 2260 2746 apud
2302 2676 2418 2729 illos
2444 2674 2692 2741 adulteri,
2718 2684 2764 2727 et
2792 2675 3109 2745 fraudatores
3132 2675 3218 2745 qui
3245 2684 3508 2729 teneantur

1916 2768 2226 2822 idololatria:
2268 2765 2494 2819 crimine.
2532 2783 2552 2816 ι
2586 2764 2703 2819 Hoc
2749 2767 2882 2819 enim
2920 2767 3093 2819 scitote
3127 2766 3502 2837 intelligentes,

1916 2861 2037 2930 quia
2061 2858 2225 2913 omnis
2269 2857 2578 2929 fornicator,
2608 2865 2696 2910 aut
2735 2857 3059 2920 immundus,
3082 2865 3172 2909 aut
3215 2856 3504 2927 fraudator,

1916 2952 2052 3025 quod
2085 2962 2160 3006 est
2200 2950 2473 3006 idololatra
2493 2992 2510 3017 ,
2542 2966 2644 3004 non
2685 2949 2833 3004 habet
2870 2950 3213 3003 hereditatem
3252 2950 3305 3003 in
3351 2967 3508 3021 regno

1917 3044 2103 3101 Christi
2125 3052 2172 3098 et
2196 3041 2289 3097 Dei
2314 3041 2559 3113 s(Ephes.
2587 3055 2643 3104 ν.
2666 3038 2723 3115 5)
2750 3053 2766 3096 :
2810 3049 2857 3095 et
2899 3041 3079 3095 iterum
3101 3082 3116 3107 ,
3146 3058 3166 3091 ‹
3203 3038 3512 3109 Mortiﬁcate

1917 3138 2085 3206 itaque
2096 3134 2317 3189 membra
2336 3144 2498 3189 vestra
2527 3149 2642 3204 qua:
2665 3141 2781 3187 sunt
2806 3149 2955 3203 super
2971 3141 3154 3186 terram
3170 3149 3190 3197 ;
3207 3132 3507 3203 fornicatio-

1918 3245 2051 3296 nem,
2070 3227 2447 3283 immunditiam
2475 3234 2523 3279 et
2561 3224 3014 3294 concupiscentiam
3048 3223 3267 3286 malam,
3296 3231 3343 3275 et
3385 3238 3509 3275 ava-

1916 3322 2086 3377 ritiam
2108 3337 2222 3392 qua:
2242 3329 2315 3375 est
2329 3320 2581 3374 idolorum
2595 3319 2836 3373 servitus»
2870 3315 3085 3390 (Coloss.
3104 3332 3183 3379 Ill,
3210 3316 3286 3385 5).
3310 3316 3508 3385 Quzero

1916 3428 2048 3485 ergo
2075 3414 2193 3484 quis
2221 3420 2403 3484 peccet
2425 3410 2661 3481 gravius,
2689 3410 2777 3480 qui
2804 3408 3047 3464 nesciens
3079 3408 3131 3462 in
3158 3408 3400 3462 haaresim
3426 3408 3509 3461 in-

1916 3505 2175 3572 currerit,
2201 3519 2268 3558 an
2302 3503 2391 3572 qui
2420 3502 2596 3557 sciens
2624 3502 2691 3556 ab
2715 3500 2955 3567 avaritia,
2986 3498 3038 3553 id
3068 3506 3171 3565 est,
3198 3498 3265 3552 ab
3287 3497 3509 3552 idolola-

1919 3600 2018 3655 tria
2041 3614 2144 3653 non
2170 3596 2495 3652 recesserit?
2522 3594 2826 3650 secundum
2848 3593 3061 3665 quidem
3092 3593 3237 3647 illam
3262 3592 3506 3663 regulam

1917 3704 2019 3761 qua
2057 3697 2272 3760 peccata
2312 3687 2590 3742 scientiam
2634 3685 2867 3756 peccatis
2904 3685 3257 3755 ignorantium
3294 3699 3505 3753 pra‘po-

1919 3793 2137 3847 nuntur,
2169 3796 2360 3836 avarus
2386 3795 2507 3835 cum
2546 3779 2766 3834 scientia
2793 3778 2957 3832 vincit
2983 3778 3034 3832 in
3062 3776 3283 3831 scelere.
3307 3776 3411 3832 Sed
3438 3791 3507 3831 ne

1918 3872 2056 3928 forte
2084 3872 2187 3927 hoc
2228 3870 2387 3924 faciat
2416 3870 2469 3923 in
2510 3868 2701 3923 haeresi
2728 3867 2949 3922 sceleris
2979 3866 3146 3936 ipsius
3171 3865 3503 3935 magnitudo,

1917 3963 2058 4036 quod
2103 3963 2229 4017 facit
2270 3963 2321 4016 in
2363 3960 2581 4015 avaritia
2632 3959 2851 4013 scientis
2898 3956 3193 4023 admissio,
3222 3956 3505 4011 haareticus

1919 4054 2162 4111 nesciens
2203 4068 2364 4107 avaro
2407 4051 2595 4107 scienti
2637 4058 2944 4119 comquetur
2992 4067 3005 4104 :
3051 4063 3351 4120 quanquam
3395 4062 3504 4102 non

1918 4149 2021 4203 hoc
2062 4146 2304 4201 videatur
2340 4144 2623 4200 ostendere
2672 4142 3066 4207 testimonium,
3108 4140 3249 4211 quod
3285 4140 3399 4210 ipse
3437 4154 3506 4195 ex

1916 4240 2176 4312 Apostolo
2205 4239 2399 4310 posuit.
2428 4236 2567 4303 Quid
2596 4236 2737 4292 enim
2761 4237 2812 4290 in
2843 4234 3108 4290 hmreticis
3133 4233 3233 4287 nisi
3255 4232 3507 4302 blasphe.

1917 4334 2054 4390 mias
2081 4330 2452 4388 detestamur?
2476 4328 2676 4384 Volens
2714 4330 2891 4382 autem
2922 4324 3293 4381 demonstrare
3318 4322 3385 4376 ad
3423 4321 3505 4377 at.

1917 4424 2174 4480 cilitatem
2201 4422 2371 4475 venia:
2396 4418 2746 4490 ignorantiam
2775 4418 3041 4486 pertinere
3064 4415 3269 4486 peccati
3300 4414 3317 4445 ¹
3349 4413 3506 4468 testi.

1918 4516 2157 4571 monium
2202 4513 2380 4583 posuit
2431 4526 2497 4567 ex
2550 4508 2808 4580 Apostolo
2843 4506 2937 4563 ubi
2970 4507 3077 4572 ait,
3109 4505 3210 4572 Qui
3244 4504 3385 4576 prius
3429 4505 3507 4575 fui

1918 4610 2261 4678 blasphemus,
2285 4616 2331 4660 et
2358 4612 2666 4675 persecutor,
2687 4611 2731 4655 et
2758 4601 3037 4672 injuriosus
3059 4617 3079 4666 ;
3104 4598 3194 4653 sed
3214 4598 3508 4653 misericor-

1918 4699 2056 4753 diam
2078 4705 2374 4751 consecutus
2400 4712 2530 4757 sum,
2557 4694 2677 4763 quia
2702 4694 2942 4763 ignorans
2962 4692 3058 4761 feci
3088 4691 3129 4762 (1
3164 4689 3294 4745 Tim.
3327 4690 3505 4759 1,15).

1920 4790 2023 4846 Sed
2052 4790 2096 4845 si
2127 4797 2385 4858 possunt,
2416 4786 2630 4849 utdixi,
2661 4785 2937 4838 amborum
2973 4791 3189 4853 peccata
3228 4779 3509 4851 mqualiter

1918 4880 2305 4952 appendantur,
2328 4878 2620 4948 ignorantis
2635 4875 2987 4944 blasphemia,
3016 4887 3069 4929 et
3091 4874 3306 4930 scientis
3333 4872 3507 4926 idolo-

1921 4976 2104 5039 latria;
2142 4981 2195 5029 et
2228 4972 2414 5027 eadem
2455 4971 2714 5025 sententia
2747 4968 3087 5038 judicentur,
3117 4968 3207 5022 ille
3240 4966 3327 5036 qui
3352 4964 3508 5020 Chri-

1920 5077 2062 5122 stum
2098 5063 2391 5135 quzerendo
2433 5062 2485 5117 in
2519 5061 2861 5117 verisimilem
2906 5075 3211 5115 sermonem
3263 5056 3506 5112 falsitatis

1923 5159 2174 5221 incurrit,
2201 5164 2256 5210 et
2290 5156 2378 5211 ille
2425 5155 2513 5225 qui
2559 5156 2735 5209 sciens
2774 5154 2989 5209 Christo
3026 5152 3227 5207 resistit
3267 5147 3507 5218 loquenti

1924 5266 2018 5321 per
2060 5247 2376 5318 Apostolum
2399 5288 2414 5313 ,
2450 5246 2701 5312 Quoniam
2732 5246 2895 5300 onmis
2933 5246 3212 5314 fornicator
3240 5282 3255 5305 ,
3278 5250 3363 5293 aut
3405 5240 3508 5293 im-

1925 5343 2143 5397 mundus
2167 5385 2180 5409 ,
2214 5350 2302 5395 aut
2328 5357 2511 5395 avarus
2532 5382 2544 5405 ,
2572 5342 2706 5412 quod
2741 5350 2812 5393 est
2842 5338 3096 5393 idolorum
3140 5334 3348 5389 servitus
3367 5373 3382 5399 ,
3407 5350 3511 5387 non

1923 5436 2070 5490 habet
2118 5434 2457 5489 [nereditatem
2486 5432 2541 5486 in
2575 5449 2728 5504 regno
2759 5431 2943 5485 Christi
2969 5438 3015 5482 et
3040 5427 3132 5481 Dei
3159 5442 3179 5480 :
3202 5440 3297 5479 cur
3337 5424 3388 5479 in
3420 5425 3513 5479 illo

1923 5527 2227 5597 Baptismns
2262 5534 2315 5579 et
2353 5523 2658 5594 evangeliea
2690 5522 2850 5576 verba
2883 5518 3253 5588 improbantur
3276 5555 3293 5582 ,
3322 5516 3377 5571 in
3408 5516 3513 5571 isto

1924 5629 2103 5674 autem
2141 5614 2541 5687 approbantur;
2569 5629 2690 5669 cum
2728 5612 2796 5667 ab
2833 5610 2937 5665 illis
2962 5608 3224 5665 columba:
3253 5606 3512 5664 membris

1924 5753 2008 5866 aut
2040 5759 2138 5800 Am.
2184 5757 2256 5800 Er.
2301 5755 2352 5799 et
2377 5747 2569 5812 quidam
2609 5756 2736 5807 Mss,
2774 5743 3097 5809 ignorantium
3132 5743 3371 5810 pertinere
3406 5754 3519 5808 pe:-

2002 5828 2050 5863 α.
