4054 6474
561 337 664 395 159

560 463 783 523 uterque
810 451 1107 508 inveniatur
1136 452 1375 508 alienus?
1404 451 1483 505 An
1511 452 1630 522 quia
1664 450 1750 507 ille
1778 450 1905 505 foris
1926 462 2146 520 apertus

564 545 796 613 litigator
839 555 950 609 est,
985 560 1051 599 ne
1080 544 1500 607 intromittatur;
1531 544 1629 597 iste
1673 558 1797 597 vero
1828 544 1968 596 intus
1993 542 2143 596 calli-

558 635 659 689 dus
684 645 1007 699 assentator,
1042 653 1108 689 ne
1135 636 1272 689 foras
1300 635 1655 704 projiciatur?

628 722 852 781 CAPUT
898 725 979 778 \‘l.
1008 755 1080 764 —
1102 724 1155 779 8.
1184 724 1335 793 Quod
1365 736 1541 779 autem
1586 727 1688 789 ait,
1726 722 1834 777 Nec
1881 725 2145 793 quisquam

558 819 725 882 dicat,
757 818 908 884 Quod
954 818 1236 886 accepimus
1281 818 1342 870 ab
1390 818 1668 886 Apostolis,
1711 817 1804 870 hoc
1850 817 2145 882 sequimur:

559 912 764 980 quando
791 910 1017 980 Apostali
1059 910 1260 964 nonnisi
1288 926 1440 963 unam
1482 908 1758 961 Ecclesium
1783 908 2099 960 tradiderunt
2126 949 2141 972 ,

558 1012 605 1055 ct
624 1001 887 1072 Baptisma
915 1018 1069 1055 unum
1092 1040 1110 1066 ,
1137 1002 1271 1068 quod
1298 1000 1498 1054 nonnisi
1524 1000 1574 1052 in
1600 1000 1777 1053 eadem
1818 998 2043 1052 Ecclesia
2072 999 2135 1051 sit

558 1101 924 1152 constitutum:
958 1113 1061 1152 non
1103 1112 1188 1151 me
1234 1106 1436 1150 tantum
1476 1107 1686 1158 movet,
1720 1103 1775 1147 ιιι
1812 1094 2140 1162 Baptismum

559 1190 754 1244 Christi
791 1190 949 1244 etiam
989 1189 1127 1259 apud
1160 1189 1440 1243 luereticos
1474 1186 1751 1241 inventum
1781 1187 2004 1240 audeam
2051 1200 2141 1239 re-

560 1283 784 1351 probare
824 1281 983 1353 (sicut
1016 1282 1176 1334 etiam
1214 1280 1386 1349 ipsum
1430 1278 1813 1347 Evangelium,
1842 1292 1962 1330 cum
1998 1273 2140 1343 apud

556 1388 651 1427 eos
682 1372 897 1427 invenio
922 1415 937 1438 ,
970 1387 1191 1427 necesse
1226 1380 1309 1425 est
1330 1378 1387 1424 ut
1422 1372 1710 1438 approbem
1737 1409 1751 1432 ,
1775 1367 2014 1437 quamvis
2042 1382 2137 1419 εο-

557 1479 673 1518 rum
711 1464 946 1519 detester
993 1463 1296 1533 errorem),
1345 1472 1599 1532 quantum
1647 1460 1939 1524 admonet,
1972 1457 2139 1511 fuisse

555 1555 813 1624 quosdam
844 1557 1002 1610 etiam
1030 1556 1197 1610 sancti
1227 1555 1475 1627 Cypriani
1508 1553 1857 1623 temporibus,
1886 1552 1975 1621 qui
2007 1566 2139 1604 con-

552 1647 891 1702 suetudinem
926 1648 1069 1702 illam
1108 1659 1293 1703 contra
1319 1662 1478 1717 quam
1515 1645 1710 1700 ﬁebant
1739 1644 1982 1698 Africana
2009 1658 2141 1696 con-

553 1737 698 1801 cilia,
727 1738 794 1792 de
820 1754 921 1806 qua
950 1749 1002 1793 et
1024 1739 1137 1808 ipse
1162 1738 1318 1807 paulo
1342 1748 1465 1791 ante
1486 1736 1619 1790 dixit
1641 1776 1656 1801 ,
1687 1734 1903 1789 Frustra
1931 1734 2139 1805 quidam

551 1830 640 1895 qui
667 1830 862 1883 ratione
891 1830 1189 1896 vincuntur,
1219 1828 1628 1883 consuetudinem
1667 1828 1815 1881 nobis
1852 1834 2136 1896 opponunt,

554 1917 793 1974 dicerent
816 1921 885 1975 ab
910 1922 1178 1990 Apostolis
1201 1921 1467 1976 traditam.
1491 1920 1598 1976 Nec
1620 1919 1832 1974 invenio
1859 1934 1956 1973 cur
1984 1919 2135 1973 istam

548 2012 997 2068 consuetudinem
1018 2055 1032 2080 ,
1062 2029 1180 2083 qua:
1212 2022 1330 2083 post
1360 2011 1681 2083 Cyprianum
1713 2013 1872 2067 etiam
1898 2012 2138 2081 plcnario

555 2103 718 2157 totius
764 2104 911 2158 orbis
949 2105 1179 2160 concilio
1221 2105 1534 2160 conlirmata
1564 2112 1665 2169 est,
1717 2113 1824 2159 tam
1863 2103 2137 2159 robustam

552 2203 607 2250 et
633 2204 788 2250 antea
815 2196 955 2251 idem
993 2197 1289 2268 Cyprianus
1315 2197 1614 2263 invenerit,
1647 2205 1703 2250 ut
1731 2211 1852 2251 cum
1886 2196 2004 2265 ejus
2026 2211 2133 2249 mu~

552 2285 727 2339 lauda:
752 2287 1122 2343 auctoritatem
1147 2303 1304 2358 quam
1339 2284 1656 2357 sequeretill'
1682 2289 1763 2341 vir
1793 2297 1933 2342 tanta
1961 2289 2138 2342 scien-

552 2375 625 2430 tia
653 2375 902 2445 przeditus
934 2387 1224 2448 quacrerct,
1253 2379 1463 2433 nonnisi
1495 2380 1547 2433 in
1578 2378 1755 2434 Africa
1794 2379 1905 2433 sola
1935 2378 2134 2434 factum

549 2469 734 2538 paucis
775 2479 898 2524 ante
922 2483 982 2524 se
1021 2470 1174 2524 annis
1212 2470 1487 2540 Agrippini
1527 2471 1812 2525 concilium
1847 2471 2130 2540 reperiret.

552 2558 704 2624 Quod
730 2573 851 2613 eum
875 2559 976 2615 sibi
998 2560 1252 2615 adversus
1275 2562 1435 2615 totius
1474 2562 1620 2616 orbis
1646 2576 1849 2616 morem
1889 2576 1992 2616 non
2025 2560 2138 2615 suf-

554 2648 714 2704 ﬁcere
734 2660 997 2715 cerneret,
1033 2650 1127 2705 has
1154 2657 1391 2706 rationes
1419 2651 1662 2721 arripuit,
1688 2667 1822 2721 quas
1849 2651 2009 2706 modo
2035 2667 2135 2708 nos

550 2741 865 2809 antiquitate
915 2741 1082 2810 ipsius
1123 2743 1552 2808 consuetudinis,
1598 2753 1651 2797 et
1694 2744 1913 2812 plenarii
1950 2752 2133 2813 postea

551 2830 762 2884 concilii
788 2832 1101 2885 auctoritate
1128 2832 1346 2896 ﬁrmati,
1377 2833 1682 2902 diligentius
1705 2833 2130 2902 considerantes,

552 2922 868 2977 verisimiles
913 2923 1087 2992 potius
1111 2940 1271 2994 quam
1299 2940 1456 2980 veras
1494 2941 1613 2981 esse
1644 2928 1940 2983 invenimus
1970 2944 1982 2981 :
2013 2944 2133 2998 qure

552 3016 627 3071 illi
662 3031 804 3071 vera:
830 3018 955 3091 visa:
986 3028 1111 3072 sunt
1155 3017 1207 3072 in
1232 3018 1615 3073 obscurissima
1660 3022 1955 3090 quazstione
1988 3021 2135 3076 labo-

550 3108 713 3173 ranti,
743 3109 890 3164 etde
918 3110 1233 3166 remissione
1262 3121 1599 3181 peccatorum
1627 3111 1924 3179 ﬂuctuanti,
1957 3122 2132 3169 utrum

546 3198 604 3251 in
631 3197 904 3268 Baptismo
928 3200 1124 3255 Christi
1151 3202 1320 3271 possit
1356 3219 1460 3257 non
1490 3202 1604 3257 ﬁeri
1624 3245 1639 3269 ,
1666 3213 1722 3259 et
1748 3214 1922 3259 utrum
1969 3207 2135 3275 possit

550 3291 692 3361 apud
716 3292 993 3349 haereticos
1030 3293 1141 3348 ﬁeri
1170 3312 1182 3347 :
1210 3294 1297 3348 ubi
1329 3295 1373 3348 si
1413 3294 1587 3350 minus
1612 3295 1660 3351 ei
1694 3297 1889 3366 aliquid
1931 3298 2135 3352 revela-

554 3390 667 3435 tum
693 3391 775 3435 est
798 3423 813 3446 ,
846 3391 905 3437 ut
939 3383 1245 3453 magnitudo
1281 3384 1557 3440 charitatis
1594 3386 1710 3456 ejus
1745 3402 1848 3456 qua
1875 3388 2133 3445 unitatem

552 3486 660 3525 non
699 3473 938 3527 deseruit
978 3475 1322 3541 probaretur,
1360 3491 1464 3530 non
1503 3476 1622 3532 ideo
1655 3478 1933 3548 quisquam
1971 3482 2131 3537 tantis

551 3563 669 3632 ejus
691 3564 1037 3619 ﬁrmamentis
1072 3567 1386 3637 meritisque
1417 3567 1667 3622 virtutum
1697 3577 1749 3623 et
1781 3579 1939 3623 tanta:
1964 3572 2133 3640 copiae

548 3656 838 3724 gratiarum
859 3656 1017 3712 debet
1039 3675 1097 3713 se
1117 3659 1315 3714 audere
1340 3676 1675 3729 praeponere,
1705 3663 1827 3730 quia
1854 3665 2132 3718 universa-

548 3743 615 3801 lis
658 3747 873 3802 concilii
911 3748 1217 3805 admonitus
1257 3750 1537 3815 ﬁrmitate,
1577 3751 1720 3805 videt
1748 3752 1944 3821 aliquid
1990 3754 2131 3822 quod

548 3837 639 3892 ille
669 3852 774 3891 non
816 3839 976 3901 vidit,
1009 3840 1135 3910 quia
1175 3840 1469 3909 plenarium
1511 3841 1579 3897 de
1622 3842 1723 3897 hac
1750 3859 1808 3898 re
1848 3844 2129 3900 concilium

548 3929 785 3985 nondum
835 3930 1063 3987 habebat
1090 3932 1347 3988 Ecclesia.
1396 3935 1544 3989 Sicut
1577 3950 1677 3990 nec
1722 3936 1862 3990 Petri
1903 3938 2129 4007 apostoli

549 4023 754 4076 meritis
799 4025 1077 4094 quisquam
1134 4034 1238 4080 tam
1284 4026 1501 4080 insanus
1530 4036 1615 4081 est
1652 4037 1709 4081 ut
1751 4043 1808 4083 se
1837 4039 2127 4098 prmponat,

548 4114 670 4182 quia
721 4115 869 4169 Pauli
909 4119 1133 4185 apostoli
1175 4118 1395 4174 edoctus
1429 4119 1679 4185 Litteris,
1731 4128 1786 4175 et
1830 4121 1995 4189 ipsius
2020 4121 2130 4190 jam

549 4206 808 4262 Ecclesia:
846 4210 1230 4265 consuetudine
1271 4212 1548 4266 roboratus
1571 4252 1587 4278 ,
1619 4230 1725 4267 non
1753 4215 1894 4284 cogit
1934 4215 2131 4271 Gentes

544 4300 833 4370 judaizare,
887 4302 1028 4372 quod
1080 4303 1268 4358 Petrus
1316 4304 1599 4374 aliquando
1648 4316 1895 4378 coegerat
1934 4306 2126 4382 (Galal.

548 4407 608 4457 ιι,
635 4391 744 4461 ιι).

621 4484 675 4539 9.
696 4483 807 4539 Νοιι
820 4500 948 4555 ergo
960 4485 1236 4540 inveninms
1248 4486 1310 4539 ab
1337 4486 1590 4557 Apostolis
1600 4487 1837 4558 aliquem,
1852 4505 1965 4542 cum
1989 4491 2129 4559 apud

546 4578 805 4632 liwreticos
833 4578 1114 4647 baptizatus
1138 4589 1281 4642 esset,
1312 4580 1361 4633 in
1390 4579 1560 4633 eodem
1579 4579 1837 4650 Baptismo
1853 4581 2128 4636 admissum

544 4684 653 4723 esse
678 4678 725 4721 et
764 4670 1177 4723 communicasse.
1223 4669 1327 4725 Sed
1375 4687 1548 4740 neque
1578 4671 1680 4725 hoc
1710 4670 2031 4737 invenimus,
2058 4672 2127 4747 a‘b

548 4758 813 4813 lncreticis
847 4761 1075 4830 aliquem
1120 4763 1424 4816 venientem
1447 4805 1462 4828 ,
1494 4764 1585 4833 qui
1626 4763 1765 4833 apud
1794 4764 1915 4817 illos
1969 4764 2128 4819 fuerit

546 4849 864 4918 baptizatus,
890 4851 956 4904 ab
993 4852 1258 4920 Apostolis
1305 4852 1480 4907 denuo
1520 4853 1863 4921 baptizatum.
1908 4854 2011 4909 Sed
2037 4854 2124 4908 illa

543 4941 892 5007 consuetudo,
921 4957 1077 5011 quam
1099 4944 1257 4997 etiam
1288 4952 1414 4999 tunc
1442 4943 1686 4999 homines
1708 4960 1915 4999 sursum
1940 4960 2125 5000 versus

544 5033 892 5101 respicientes
918 5049 1022 5088 non
1052 5034 1297 5089 videbant
1324 5052 1352 5088 a
1381 5039 1765 5107 posterioribus
1806 5039 2122 5105 institutam,

544 5134 692 5179 recte
734 5125 802 5177 ab
850 5127 1119 5194 Apostolis
1160 5128 1347 5181 tradita
1390 5128 1646 5182 creditur.
1675 5128 1743 5183 Et
1787 5131 1914 5183 talia
1959 5131 2125 5184 multa

544 5224 688 5281 sunt,
717 5231 836 5285 quce
883 5217 1096 5286 longum
1139 5228 1221 5272 est
1267 5229 1532 5286 repetere.
1581 5219 1918 5289 Quapropter
1946 5222 1989 5274 si
2017 5237 2123 5275 non

545 5307 678 5362 nihil
723 5308 1005 5375 dicebant,
1040 5310 1229 5376 quibus
1265 5311 1315 5365 id
1343 5310 1484 5381 quod
1513 5312 1558 5365 ei
1588 5313 1759 5365 visum
1800 5325 1880 5365 est
1902 5354 1915 5377 ,
1945 5314 2127 5368 volens

544 5399 870 5468 persuadere
897 5401 1195 5470 Cyprianus
1215 5442 1229 5462 ,
1259 5402 1351 5467 ait,
1379 5401 1458 5455 Nc
1487 5404 1746 5472 quisquam
1774 5404 1905 5456 dicat
1930 5444 1943 5467 ,
1977 5404 2127 5468 Quod

544 5492 829 5561 accepimus
868 5492 930 5545 ab
972 5493 1225 5562 Apostolis
1243 5533 1258 5558 ,
1287 5494 1380 5545 hoc
1401 5494 1657 5562 sequimur
1685 5508 1705 5546 :
1732 5502 1931 5561 quanto
1961 5492 2125 5547 robu-

544 5583 679 5643 stius
700 5598 842 5637 nunc
864 5583 1087 5638 dicimus
1108 5624 1121 5648 ,
1152 5582 1304 5651 Quod
1334 5583 1586 5638 Ecclesia:
1620 5582 1952 5637 consuetudo
1978 5596 2125 5637 sem-

543 5689 643 5748 per
671 5677 856 5743 tenuit,
881 5677 1028 5748 quod
1061 5673 1176 5732 lucc
1208 5676 1497 5746 disputatio
1538 5674 1847 5731 dissuadere
1888 5690 1994 5729 non
2028 5689 2125 5746 po-

544 5770 681 5839 tuit,
712 5777 765 5828 et
790 5769 930 5843 quod
953 5769 1245 5842 plenarium
1297 5768 1579 5825 concilium
1622 5766 1987 5838 conﬁrmavit,
2022 5766 2125 5837 hoc

1328 335 1418 391 DE
1460 334 1793 391 BAPTISMO
1830 333 2102 391 CONTRA
2147 333 2586 399 DONATISTAS,
2628 338 2682 391 S.
2727 337 3097 397 AUCUSTINI

3742 342 3849 401 ιω

2259 453 2566 521 sequimur?
2612 453 2723 509 lluc
2766 455 3006 519 accedit,
3051 456 3193 528 quod
3250 456 3387 514 bene
3424 461 3735 529 perspectis
3777 476 3838 516 ex

2259 556 2482 615 utroque
2525 548 2688 601 lati-re
2728 549 3101 618 disputationis
3137 550 3433 606 rationibus
3458 560 3511 606 et
3538 551 3840 622 Scriptura-

2256 655 2372 692 ru-n
2403 640 2740 707 testimoniis,
2774 651 2948 711 potest
2982 647 3141 697 etiam
3167 641 3301 707 dici,
3327 641 3479 710 Quod
3518 644 3716 698 veritas
3746 644 3843 697 de-

2254 732 2494 795 claravit,
2529 733 2629 785 hoc
2657 734 2950 802 sequimur.

2325 822 2549 877 CAPUT
2576 823 2683 876 Vll.
2712 854 2781 863 -—
2811 826 2897 878 10.
2925 825 3053 879 Nam
3084 842 3267 881 revera
3300 826 3424 881 illud
3455 827 3596 897 quod
3622 828 3835 899 quidam

2252 912 2499 983 Cypriani
2528 914 2971 985 disputationibus
3000 921 3357 987 apponebant,
3382 919 3523 989 quod
3552 922 3838 990 Apostolus

2251 1004 2344 1068 ait,
2386 1003 2739 1059 Verumtamen
2768 1009 2904 1061 omni
2932 1009 3079 1061 modo
3099 1051 3114 1075 ,
3142 1010 3244 1063 sive
3268 1028 3356 1079 per
3374 1011 3709 1075 occasionem,
3740 1014 3840 1067 sive

2251 1113 2341 1165 per
2386 1097 2637 1151 veritatem
2689 1096 2917 1154 Christus
2968 1102 3291 1154 annuntietur
3334 1101 3592 1172 (Philipp.
3632 1119 3668 1168 I,
3719 1103 3828 1173 18),

2250 1199 2395 1245 recte
2423 1190 2718 1262 Cyprianus
2747 1192 2971 1256 refellit,
3000 1194 3289 1249 ostendens
3318 1195 3382 1249 ad
3416 1211 3629 1250 causam
3658 1195 3835 1251 hmre~

2250 1281 2473 1335 ticorum
2500 1298 2605 1335 non
2634 1283 2934 1351 pertinere;
2963 1285 3212 1352 quoniam
3244 1285 3310 1339 de
3339 1286 3419 1341 his
3446 1286 3656 1341 dicebat
3685 1288 3834 1356 Apo-

2248 1372 2445 1436 stolus,
2480 1372 2570 1441 qui
2595 1389 2714 1426 cum
2743 1374 3001 1428 malevola
3035 1376 3226 1429 invidia
3248 1416 3264 1440 ,
3291 1392 3383 1431 sua
3415 1388 3719 1446 quaerentes
3748 1379 3834 1433 in-

2249 1463 2414 1517 terius
2442 1465 2790 1519 versabantur
2819 1483 2832 1523 :
2862 1464 3130 1520 Christum
3160 1468 3371 1536 quidem
3400 1470 3789 1525 annuntiabant
3813 1511 3834 1537 ,

2247 1556 2385 1609 sicut
2409 1571 2467 1609 se
2497 1555 2655 1610 habet
2680 1558 2876 1611 veritas
2905 1574 3007 1628 qua
3033 1557 3247 1613 Christo
3270 1560 3538 1614 credimus
3558 1603 3575 1627 ,
3599 1561 3692 1616 sed
3723 1577 3830 1617 non

2247 1662 2312 1701 eo
2351 1648 2532 1701 animo
2578 1664 2685 1717 quo
2719 1665 2747 1702 a
2797 1650 2953 1704 bonis
2999 1652 3341 1719 evangelistis
3388 1653 3527 1706 illius
3568 1654 3841 1708 columba:

2246 1738 2371 1791 ﬁliis
2396 1740 2824 1793 annuntiabatur.
2860 1739 3037 1810 Neque
3060 1742 3191 1795 enim
3223 1741 3287 1795 de
3314 1742 3581 1808 ha'retiris,
3616 1744 3791 1813 inquit
3815 1784 3832 1806 ,

2244 1838 2334 1880 aut
2359 1829 2422 1881 de
2448 1846 2618 1883 eorum
2644 1829 2902 1899 Baptismo
2924 1832 3215 1901 loquebatur
3231 1833 3280 1886 in
3312 1831 3542 1903 Ep’stola
3564 1851 3658 1887 sua
3684 1834 3837 1887 Pau-
3926 1900 3929 1903 Α

2245 1918 2324 1972 lus
2348 1961 2362 1984 ,
2396 1930 2450 1972 ut
2490 1920 2682 1991 aliquid
2723 1921 2856 1991 quod
2904 1922 2972 1975 ad
3009 1923 3139 1975 hanc
3182 1940 3287 1977 rem
3333 1925 3575 1991 pertineat
3609 1927 3837 1995 posuisse

2243 2009 2556 2065 Ostendatur.
2614 2010 2933 2081 Loquebatur
2985 2013 3048 2066 de
3095 2013 3333 2082 fratribus
3386 2015 3488 2067 sive
3543 2015 3837 2070 inordinate

2244 2110 2293 2155 et
2315 2112 2492 2155 contra
2521 2104 2906 2157 ecclesiasticam
2931 2104 3252 2175 disciplinam
3286 2104 3657 2160 ambulantibus
3682 2148 3697 2172 ,
3728 2108 3836 2161 sive

2242 2193 2577 2264 evangelicum
2643 2197 2894 2248 veritatem
2964 2196 3027 2249 de
3090 2194 3189 2250 Dei
3254 2197 3432 2250 timore
3493 2198 3832 2253 sementibus.

2243 2281 2310 2336 Et
2349 2285 2590 2353 quosdam
2624 2301 2688 2339 ea;
2725 2286 2796 2339 eis
2838 2287 3004 2355 posuit
3044 2286 3245 2340 verbum
3291 2286 3384 2341 Dei
3415 2297 3699 2341 constanter
3752 2300 3840 2342 at-

2240 2356 2338 2441 que
2382 2374 2629 2445 intrepide
2676 2375 2867 2429 locutos
2899 2417 2915 2443 ,
2957 2376 3203 2446 quosdam
3254 2393 3372 2432 vero
3427 2379 3482 2432 in
3537 2380 3730 2434 invidia
3781 2390 3842 2435 es

2241 2464 2552 2520 dissensione
2632 2476 2898 2530 versatos;
2957 2467 3203 2533 quosdam
3277 2485 3499 2523 servasse
3566 2472 3703 2523 circa
3777 2488 3836 2526 se

2241 2554 2528 2610 benevolum
2586 2558 2881 2612 rharitatem
2920 2598 2936 2625 ,
2999 2560 3128 2614 alios
3182 2577 3297 2614 vero
3364 2561 3596 2617 habuisse
3663 2564 3835 2617 male.

2241 2646 2409 2699 volam
2435 2647 2791 2702 dissensionem
2815 2666 2833 2703 :
2858 2649 2947 2704 sed
2983 2660 3149 2704 tamen
3171 2653 3341 2705 omnia
3366 2668 3421 2706 se
3448 2654 3693 2722 patienter
3711 2672 3841 2708 sus-

2242 2736 2428 2802 linere,
2474 2737 2748 2792 dummodo
2786 2740 2888 2793 sive
2923 2740 2975 2793 in
3002 2742 3235 2806 veritate,
3268 2743 3371 2796 sive
3396 2760 3487 2812 per
3513 2746 3835 2801 occasionem

2241 2846 2419 2883 nomen
2439 2830 2641 2895 Christi,
2665 2832 2798 2900 quod
2824 2831 3016 2886 Paulus
3044 2833 3369 2903 prtedicabat,
3396 2835 3464 2888 ad
3490 2836 3835 2905 plurimorum

2241 2920 2471 2973 notitiam
2494 2923 2792 2992 perveniret,
2817 2933 2861 2977 et
2888 2941 3014 2977 nova
3038 2926 3205 2978 adhuc
3229 2942 3290 2979 ac
3309 2926 3450 2981 rudis
3474 2929 3720 2982 sermonis
3745 2947 3833 2984 se-

2241 3011 2449 3065 minatio
2504 3012 2812 3083 loquentium
2856 3016 3221 3084 prtedicatione
3262 3017 3609 3072 crebresceret.
3658 3018 3833 3075 Porro

2240 3103 2382 3156 aliud
2406 3114 2478 3156 est
2502 3121 2586 3157 eos
2608 3105 2691 3173 qui
2717 3106 2851 3159 intus
2876 3107 2927 3159 in
2953 3105 3182 3160 Ecclesia
3209 3119 3348 3173 sunt,
3369 3109 3422 3161 in
3451 3111 3653 3165 nomine
3668 3110 3833 3167 Chri-

2238 3198 2303 3250 sti
2330 3198 2467 3267 loqui
2498 3214 2517 3252 :
2544 3198 2689 3251 aliud
2716 3216 2800 3254 eos
2828 3201 2913 3263 qui
2941 3200 3066 3271 foris
3090 3210 3245 3267 sunt,
3277 3212 3322 3255 et
3347 3213 3523 3255 contra
3542 3202 3836 3260 Ecclesium

2241 3288 2456 3359 faciunt,
2484 3289 2537 3342 in
2566 3290 2769 3343 nomine
2789 3290 2975 3344 Christi
2996 3290 3254 3359 baptizare
3281 3292 3477 3362 (Epist.
3504 3295 3574 3350 75
3591 3336 3606 3360 ,
3635 3296 3704 3348 ad
3727 3296 3836 3351 Juo

2239 3379 2519 3450 baianum).
2549 3379 2676 3435 Harc
2710 3381 2869 3435 verba
2903 3382 3157 3453 Cypriani
3192 3382 3485 3439 admonere
3513 3400 3612 3440 nos
3640 3387 3835 3444 viden-

2240 3479 2344 3534 tur,
2375 3480 2431 3524 ut
2455 3470 2842 3542 distinguamus
2872 3473 3010 3528 inter
3038 3489 3132 3529 eos
3159 3474 3248 3545 qui
3274 3476 3398 3529 mali
3429 3476 3558 3532 foris
3591 3488 3749 3543 sunt.
3777 3490 3836 3536 et

2238 3576 2332 3615 eos
2357 3561 2447 3630 qui
2475 3562 2616 3617 intus
2646 3563 2770 3617 mali
2797 3573 2939 3617 sunt.
2972 3565 3039 3619 Et
3072 3566 3191 3620 illos
3216 3566 3283 3621 de
3310 3568 3502 3637 quibus
3526 3568 3657 3624 dicit
3680 3572 3835 3641 Apo-

2238 3653 2406 3706 stolus
2430 3693 2445 3719 ,
2475 3653 2615 3723 quod
2642 3653 2988 3725 Evangelium
3019 3672 3124 3711 non
3152 3668 3298 3714 caste
3340 3670 3396 3715 et
3439 3676 3534 3731 per
3572 3662 3832 3721 invidiam

2239 3744 2616 3799 annuntiarent
2639 3788 2654 3812 ,
2688 3746 2830 3801 intus
2856 3748 3017 3803 fuisse
3039 3748 3204 3817 dicit,
3232 3759 3287 3805 et
3319 3768 3503 3808 verum
3530 3753 3681 3809 dicit.
3711 3756 3832 3813 lloc

2243 3845 2421 3891 tamen
2452 3847 2580 3906 puto
2608 3854 2694 3893 me
2715 3854 2819 3893 non
2848 3849 3048 3895 temere
3073 3841 3251 3896 dicere
3274 3860 3289 3896 :
3320 3842 3375 3898 Si
3400 3842 3531 3898 foris
3553 3861 3709 3902 nemo
3731 3863 3833 3917 po-

2238 3939 2340 3985 test
2364 3930 2560 4000 aliquid
2591 3930 2787 3986 habere
2813 3932 2953 4001 quod
2985 3932 3179 3987 Christi
3204 3943 3305 3999 est,
3345 3951 3449 3991 nec
3490 3937 3629 3991 intus
3669 3940 3830 4008 quis-

2239 4038 2399 4092 quam
2442 4030 2617 4091 potest
2646 4023 2844 4092 aliquid
2872 4023 3068 4079 habere
3093 4024 3232 4094 quod
3253 4025 3446 4081 diaboli
3470 4037 3572 4083 est.
3600 4028 3656 4084 Si
3678 4032 3831 4086 enim

2238 4116 2424 4170 hortus
2463 4116 2551 4171 ille
2593 4118 2806 4172 clausus
2840 4119 3009 4187 potuit
3036 4119 3236 4175 habere
3262 4122 3440 4190 Spinas
3462 4124 3693 4192 diaboli,
3727 4143 3832 4183 cur

2236 4224 2343 4262 non
2371 4218 2425 4263 et
2454 4218 2600 4263 extra
2631 4208 2840 4263 hortum
2870 4211 3039 4278 potuit
3077 4227 3296 4268 manare
3336 4212 3455 4269 fons
3496 4216 3738 4271 Christi?
3770 4220 3833 4275 Si

2235 4310 2411 4354 autem
2445 4316 2548 4353 non
2576 4302 2783 4370 potuit,
2816 4303 2955 4355 unde
2986 4303 3037 4356 in
3072 4303 3154 4358 his
3181 4306 3268 4374 qui
3305 4306 3446 4360 intus
3478 4317 3629 4361 erant
3659 4311 3828 4366 etiam

2234 4391 2400 4460 ipsius
2439 4391 2665 4460 apostoli
2692 4392 2836 4446 Pauli
2868 4394 3195 4462 temporibus
3224 4406 3429 4451 tantum
3461 4401 3657 4453 malum
3684 4400 3836 4457 invi,

2234 4481 2368 4545 dire,
2402 4491 2456 4536 et
2481 4482 2754 4535 malevola:
2779 4482 3172 4538 dissensionis?
3202 4486 3326 4541 Hinc
3350 4490 3491 4542 enim
3518 4490 3682 4545 verba
3714 4493 3829 4564 Cy-

2235 4571 2406 4639 priani
2438 4580 2579 4624 sunt.
2618 4572 2698 4625 An
2741 4572 2876 4628 forte
2920 4574 3114 4629 invidia
3159 4584 3214 4630 et
3256 4578 3510 4633 malevola
3554 4580 3829 4639 dissensio

2237 4678 2454 4732 parvum
2484 4663 2678 4716 malum
2710 4665 2832 4718 est?
2858 4664 3135 4730 Quomodo
3157 4682 3287 4737 ergo
3326 4668 3413 4722 isti
3442 4682 3597 4724 erant
3619 4672 3671 4725 in
3701 4676 3827 4729 uni-

2238 4766 2343 4810 tate
2367 4798 2383 4822 ,
2410 4757 2498 4826 qui
2532 4773 2636 4809 non
2660 4767 2811 4811 erant
2839 4758 2889 4811 in
2922 4760 3093 4826 pace?
3134 4759 3243 4813 Vox
3272 4762 3413 4815 enim
3444 4778 3549 4816 non
3580 4779 3700 4818 mea
3731 4777 3828 4821 aut

2234 4850 2462 4917 alicujus
2484 4849 2733 4915 hominis,
2753 4850 2844 4905 sed
2869 4850 3034 4919 ipsius
3056 4851 3293 4917 Domini;
3319 4868 3415 4907 nec
3436 4869 3531 4923 per
3554 4854 3823 4924 homines,

2234 4941 2326 4994 sed
2350 4957 2443 5010 per
2460 4941 2693 5010 Angelos
2716 4941 2894 4995 sonuit
2916 4951 3040 4995 nato
3060 4941 3273 4997 Christo
3299 4961 3312 4997 :
3340 4943 3514 4997 Gloria
3538 4946 3587 4998 in
3609 4949 3826 5003 excelsis

2234 5033 2341 5087 Deo
2366 5075 2379 5096 ,
2408 5044 2452 5087 et
2490 5035 2543 5087 in
2571 5044 2705 5087 terra
2730 5050 2834 5104 pax
2861 5035 3146 5088 hominibus
3178 5037 3321 5089 bona:
3346 5038 3619 5093 voluntatis
3647 5038 3668 5110 (
3690 5039 3823 5093 Luc.

2233 5143 2269 5181 ιι
2289 5168 2304 5191 ,
2336 5128 2402 5180 Li
2421 5128 2463 5198 ).
2492 5126 2644 5194 Quod
2671 5127 2852 5196 utique
2882 5136 3006 5180 nato
3032 5128 3081 5181 in
3111 5130 3268 5183 terris
3294 5131 3505 5184 Christo
3530 5148 3637 5187 non
3665 5148 3829 5189 sona-

2235 5228 2317 5273 ret
2344 5234 2436 5271 ore
2480 5218 2719 5286 angelico
2746 5259 2760 5282 ,
2792 5217 2892 5270 nisi
2928 5217 3072 5272 Deus
3114 5218 3214 5273 hoc
3244 5221 3402 5275 vellet
3432 5221 3688 5291 intelligi,
3728 5240 3829 5279 eos

2234 5323 2355 5362 esse
2398 5307 2449 5360 in
2492 5307 2695 5362 unitate
2738 5312 2982 5377 corporis
3030 5307 3224 5364 Chrisu
3250 5353 3265 5379 ,
3310 5304 3412 5380 qni'
3432 5322 3556 5367 sunt
3593 5314 3644 5367 in
3692 5330 3829 5383 pace

2234 5398 2466 5453 Christi:
2491 5413 2584 5452 eos
2609 5410 2783 5454 autem
2809 5415 2929 5455 esse
2950 5400 3001 5453 in
3026 5415 3153 5470 pace
3170 5400 3389 5468 Christi,
3412 5406 3500 5474 qui
3522 5414 3646 5458 sunt
3668 5406 3827 5461 bona;

2234 5489 2539 5543 voluntatis.
2574 5488 2739 5543 Porro
2764 5491 2899 5544 sicut
2927 5494 2976 5544 in
3001 5493 3368 5547 benevolentia
3392 5498 3528 5549 bona
3549 5496 3825 5567 voluntas,

2233 5584 2311 5635 sic
2337 5581 2388 5634 in
2417 5580 2791 5636 malevolentia
2822 5583 2960 5636 mala
2991 5583 3237 5637 voluntas
3263 5593 3364 5640 est.

2302 5673 2529 5729 CAPUT
2569 5672 2703 5729 Vlll.
2741 5703 2815 5715 --
2854 5675 2939 5728 ll.
2972 5674 3089 5730 .lam
3120 5692 3250 5731 vero
3289 5678 3401 5748 ipsa
3435 5678 3664 5747 invidia,
3696 5682 3825 5753 ulla

2234 5781 2340 5823 non
2365 5776 2541 5839 potest
2564 5781 2684 5823 esse
2724 5765 2827 5822 nisi
2855 5767 3113 5825 malevola
3132 5810 3147 5841 ,
3179 5777 3433 5840 quantum
3475 5774 3667 5830 malum
3697 5771 3823 5829 est?
