4054 6468
190 393 286 469 tot

196 507 302 561 Non
328 518 635 576 qmcramus
660 504 790 559 alios
814 484 974 557 testes
999 520 1009 554 :
1038 500 1229 554 sufficit
1256 500 1405 553 nobis
1432 500 1543 568 ipse
1568 500 1784 569 Cypria-

194 613 287 653 nus
308 640 321 658 .
351 612 449 666 per
479 612 639 667 quem
674 608 777 651 tam
811 597 969 649 multa
1010 595 1075 649 de
1112 596 1225 649 zelo
1260 603 1313 649 et
1341 594 1504 648 livore
1535 595 1788 646 Dominus

195 691 536 745 voracissima
569 690 828 755 intonuit,
868 698 921 743 et
964 688 1193 742 salubria
1231 686 1496 756 praecepit.
1527 686 1788 756 Legamus

194 800 315 855 ergo
341 784 629 854 epistolam
650 784 896 855 Cypriani
925 782 989 837 de
1014 782 1130 835 zelo
1158 792 1209 835 ct
1232 780 1415 845 livore,
1439 789 1492 835 et
1516 779 1789 832 videamus

192 886 447 947 quantum
492 876 692 929 malum
735 875 805 929 sit
845 874 1080 928 invidere
1119 871 1461 935 melioribus,
1488 868 1640 939 cujus
1668 868 1789 922 mali

192 969 453 1038 originem
481 967 550 1021 ab
577 969 692 1038 ipso
717 966 928 1020 diabolo
953 966 1222 1020 exstitisse
1247 962 1660 1017 memorabiliter
1687 960 1787 1013 do-

194 1068 272 1114 cet
303 1077 316 1114 :
347 1056 571 1120 Zelare,
605 1058 807 1127 inquit,
857 1056 988 1125 quod
1026 1056 1207 1109 bonum
1252 1056 1418 1108 videas
1439 1096 1454 1119 ,
1485 1064 1530 1107 ct
1576 1054 1793 1105 inridere

195 1151 486 1204 melioribus
508 1192 520 1212 ,
551 1151 655 1204 leve
676 1150 815 1221 apud
838 1148 1081 1218 quosdam
1102 1191 1115 1212 ,
1144 1158 1192 1202 et
1224 1146 1473 1201 modicum
1498 1146 1687 1199 crimen
1714 1145 1791 1198 vi-

196 1244 355 1307 detur,
384 1243 571 1309 fratres
596 1242 925 1295 dilectissimi.
954 1241 1157 1294 Deinde
1186 1239 1339 1308 paulo
1371 1249 1508 1307 post,
1536 1253 1655 1291 cum
1678 1236 1793 1306 ejus

199 1332 313 1385 mali
341 1340 507 1401 caput
537 1341 696 1402 atque
722 1331 978 1403 originem
1010 1340 1271 1399 qua-reret
1308 1345 1321 1381 :
1370 1327 1504 1381 Ilinc
1540 1328 1790 1393 diabolus,

200 1424 382 1495 inquit,
408 1426 542 1477 inter
568 1426 713 1477 initia
741 1427 908 1477 statim
936 1423 1131 1487 mundi,
1160 1432 1204 1475 et
1232 1422 1375 1489 petiit
1403 1421 1591 1491 primus
1617 1429 1663 1473 et
1683 1438 1795 1491 per-

200 1516 340 1569 didit.
375 1516 446 1570 Et
476 1517 633 1587 paulo
662 1526 778 1585 post
804 1534 817 1567 :
848 1514 1010 1579 Quale
1033 1514 1220 1566 malum
1250 1521 1350 1577 est,
1381 1512 1551 1581 inquit
1571 1553 1583 1572 .
1613 1517 1795 1582 fratres

194 1607 546 1670 dilectissimi,
576 1624 677 1677 quo
718 1608 929 1677 angelus
971 1606 1181 1668 cecidit,
1226 1620 1324 1674 quo
1366 1603 1708 1656 circumveniri
1749 1611 1796 1655 et

202 1702 409 1755 subverti
434 1700 540 1753 alta
566 1700 656 1753 illa
686 1709 731 1752 et
761 1699 1007 1769 prteclara
1048 1696 1328 1750 sublimitas
1356 1695 1515 1764 potuit
1533 1734 1549 1759 ,
1580 1710 1679 1766 quo
1704 1692 1793 1747 dc-

205 1805 367 1866 ceptus
396 1803 471 1847 est
498 1795 607 1866 ipse
642 1793 730 1862 qui
756 1791 988 1861 decepit?
1014 1789 1215 1843 Exinde
1250 1788 1437 1841 invidia
1462 1798 1719 1857 grassatur
1743 1786 1796 1839 in

206 1888 361 1951 terris,
391 1886 516 1939 dum
541 1888 695 1940 livore
722 1885 971 1954 periturus
994 1883 1234 1953 magistro
1257 1879 1548 1952 perditionis
1573 1878 1799 1947 obsequi-

205 1985 307 2044 tur,
335 1976 463 2029 dum
506 1975 766 2029 diabolum
804 1974 889 2041 qui
934 1971 1062 2026 celat
1108 1972 1332 2024 imitatur
1354 2011 1370 2037 ,
1401 1970 1527 2022 sicut
1556 1969 1797 2039 scriptunt

205 2076 296 2132 est,
331 2084 349 2118 ι
385 2063 593 2119 Invidia
621 2063 811 2118 diaboli
839 2081 972 2117 mors
998 2063 1202 2116 intrarit
1241 2062 1292 2115 in
1318 2060 1486 2114 orbem
1516 2071 1797 2126 terrarum;

200 2159 462 2210 imitantur
488 2173 609 2226 ergo
635 2156 781 2209 illum
818 2155 904 2225 qui
944 2164 1059 2207 sunt
1098 2170 1161 2207 ex
1198 2163 1342 2222 parte
1364 2153 1472 2223 ejus
1500 2170 1519 2203 ι
1556 2150 1709 2221 (Sap.
1739 2167 1795 2216 tt,

202 2249 285 2316 24,
310 2250 430 2319 ‘25).
465 2250 591 2303 ιιωο
622 2248 780 2303 verba
805 2247 1053 2319 Cypriani
1087 2247 1138 2299 in
1168 2246 1391 2316 epistola
1424 2247 1629 2316 populis
1652 2240 1796 2311 nota,

202 2359 353 2413 quam
382 2357 537 2406 vera,
568 2356 728 2411 quam
758 2340 909 2394 l'ortia
936 2339 1043 2393 sint
1069 2337 1516 2407 recognoscimus.
1546 2335 1683 2391 Vere
1708 2336 1800 2389 de-

198 2435 305 2490 cuit
329 2434 660 2505 Cyprianum
700 2430 767 2486 de
805 2431 921 2485 zelo
959 2439 1011 2484 et
1046 2431 1212 2483 livore
1240 2438 1293 2482 et
1319 2443 1541 2497 arguere
1569 2427 1801 2497 graviter

204 2534 254 2579 et
276 2538 523 2587 monere,
553 2539 581 2576 a
606 2538 713 2592 quo
741 2530 849 2576 tam
876 2518 1155 2575 mortifero
1181 2519 1321 2573 malo
1342 2533 1435 2572 cor
1454 2519 1569 2588 ejus
1593 2519 1801 2586 penitus

204 2614 435 2670 alienum
491 2622 639 2668 tanta
690 2611 967 2667 cbaritatis
1018 2610 1338 2665 abundantia
1396 2609 1798 2678 comprobavit:

205 2725 299 2779 qua
328 2708 743 2780 vigilantissime
782 2705 1074 2769 custodita,
1114 2720 1236 2759 cum
1278 2703 1497 2773 collegis
1539 2703 1649 2757 suis
1695 2719 1800 2757 non

205 2801 465 2856 malevolo
493 2799 565 2855 de
596 2799 867 2869 Baptismo
903 2796 1112 2852 diversa
1143 2794 1494 2852 sentientibus
1516 2834 1530 2859 ,
1565 2810 1662 2847 nec
1690 2795 1801 2863 ipse

204 2891 461 2948 malevola
490 2890 873 2955 contentione,
904 2887 998 2943 sed
1040 2887 1269 2941 humana
1312 2884 1604 2940 tentatione
1648 2885 1802 2939 aliter

201 2983 434 3052 sapiens,
467 2980 613 3052 quod
642 2980 717 3035 illi
739 2981 755 3013 ¹
778 2979 923 3033 Deus
944 2978 993 3031 in
1018 2976 1273 3032 charitate
1298 2975 1657 3047 perseveranti
1680 2991 1799 3030 cum

199 3074 356 3130 vellet
392 3082 585 3145 postea
615 3071 877 3127 revelaret
906 3067 1165 3141 (Philipp.
1200 3083 1286 3132 ιιι,
1317 3066 1436 3137 15),
1479 3067 1531 3121 in
1557 3083 1801 3121 commu-

207 3165 375 3221 nionis
421 3166 633 3220 unitate
681 3162 1004 3235 permansit,
1049 3168 1231 3230 aperte
1278 3159 1501 3213 dicens:
1535 3158 1802 3214 Neminem

209 3256 506 3320 iudicantes,
532 3271 691 3324 neque
716 3270 748 3306 a
762 3253 885 3324 jure
906 3250 1273 3305 communionis
1299 3250 1537 3321 aliquem,
1565 3250 1607 3302 si
1634 3250 1800 3303 diver-

208 3366 311 3403 sam
333 3348 567 3412 senserit,
598 3356 900 3400 anteventes.
927 3343 1108 3415 Neque
1131 3343 1262 3396 enim
1288 3343 1551 3413 quisquam
1577 3351 1802 3394 nostrum

211 3444 495 3514 episcopum
522 3458 577 3496 se
600 3442 952 3510 episcoporum
978 3436 1269 3499 constituit,
1298 3441 1385 3487 aut
1418 3434 1677 3505 tyrannica
1703 3444 1799 3486 ter-

206 3551 313 3590 rore
360 3534 433 3588 ad
483 3532 788 3604 obsequendi
832 3531 1173 3585 necessitatem
1221 3527 1438 3599 collegas
1485 3544 1603 3581 suos
1645 3527 1804 3598 adigit

207 3625 293 3700 ('ln
314 3626 537 3681 concilio
561 3620 990 3693 Carthaginensi).
1022 3620 1090 3675 Et
1117 3621 1169 3675 in
1197 3619 1301 3674 line
1332 3618 1487 3687 hujus
1526 3618 1798 3688 epistolae:

202 3716 328 3775 Haec
354 3718 447 3772 tibi
474 3716 690 3771 breviter
712 3717 754 3780 ³,
786 3713 989 3785 inquit,
1019 3729 1110 3783 pro
1140 3720 1311 3765 nostra
1348 3710 1689 3765 mediocritate
1724 3726 1805 3763 re-

202 3809 529 3878 scripsimus,
560 3806 722 3879 frater
749 3804 1073 3870 charissitne,
1104 3801 1290 3856 nemini
1317 3799 1687 3872 prescribentcs
1715 3809 1803 3853 aut

205 3901 621 3972 prtejudicantes,
647 3897 912 3969 quominus
938 3894 1278 3964 unusquisque
1299 3894 1645 3963 episcoporum
1671 3890 1805 3962 quod

204 4002 344 4061 putat
367 3991 557 4061 faciat,
581 3988 768 4043 habens
788 3985 985 4041 arbitrii
1004 3987 1081 4040 sui
1104 3983 1313 4039 liberam
1334 3991 1644 4053 potestatem.
1671 3981 1799 4047 Nos,

205 4092 444 4154 quantum
473 4084 530 4137 in
555 4080 699 4136 nobis
723 4089 796 4136 est
817 4122 831 4146 ,
861 4087 1075 4152 propter
1092 4077 1353 4131 hcereticos
1392 4093 1506 4129 cum
1529 4076 1735 4146 collegis
1758 4085 1804 4129 et

206 4173 520 4246 coepiscopis
558 4174 745 4227 nostris
783 4187 884 4225 non
913 4167 1291 4231 contendimus,
1325 4182 1439 4219 cum
1466 4166 1643 4235 quibus
1671 4165 1803 4219 divi—

206 4281 321 4318 nam
344 4262 675 4319 concordiam
704 4270 749 4316 et
774 4261 1078 4315 dominicam
1103 4275 1279 4330 pacem
1303 4266 1561 4322 tenemus;
1590 4257 1807 4317 maxime

206 4372 318 4411 cum
343 4366 394 4411 et
420 4352 697 4426 Apostolus
723 4352 893 4416 dicat,
927 4370 945 4404 ι
976 4350 1035 4406 Si
1066 4350 1177 4420 quis
1206 4357 1372 4402 autem
1398 4348 1649 4420 putaverit
1685 4364 1806 4401 con-

208 4447 450 4503 tentiosus
490 4462 599 4503 esse
617 4487 634 4514 ,
666 4461 757 4499 nos
797 4442 949 4498 talem
979 4441 1388 4496 consuetudinem
1416 4457 1517 4494 non
1543 4441 1802 4507 habemus,

206 4556 364 4613 neque
395 4538 628 4594 Ecclesia
656 4537 751 4591 Dei
781 4556 800 4590 ι
835 4535 877 4610 (1
904 4534 1021 4589 Cor.
1048 4550 1104 4589 ιι
1125 4575 1142 4599 ,
1169 4532 1279 4605 16).
1323 4531 1567 4587 Servatur
1604 4550 1635 4585 a
1666 4533 1807 4588 nobis

206 4632 458 4702 patienter
483 4639 531 4685 et
556 4629 735 4685 leniter
767 4628 990 4682 charitas
1023 4624 1215 4689 animi,
1243 4624 1442 4694 collegii
1468 4623 1628 4677 honor
1648 4666 1663 4691 ,
1692 4624 1805 4676 vin-

210 4725 379 4779 culum
424 4721 581 4793 ﬁdei,
625 4720 896 4776 concordia
943 4704 1231 4773 sacerdotii.
1278 4715 1496 4785 PrOpter
1537 4716 1630 4770 hoc
1658 4716 1807 4770 etiam

211 4814 435 4868 libellum
462 4830 598 4868 nunc
617 4811 639 4843 ³
664 4811 727 4866 de
753 4810 897 4866 Bono
928 4810 1197 4864 Patientia:
1214 4850 1229 4875 ,
1257 4817 1500 4877 quantum
1530 4806 1688 4862 valuit
1717 4825 1807 4862 no-

209 4916 318 4959 stra
342 4904 688 4969 mediocritas,
720 4903 1032 4973 permittente
1061 4908 1107 4954 et
1132 4899 1411 4968 inspirante
1433 4896 1654 4952 Domino
1683 4916 1806 4952 con-

206 4997 537 5067 scripsimus,
564 5012 710 5068 quem
735 4994 805 5048 ad
827 5003 874 5049 te
911 5007 1003 5064 pro
1032 5001 1206 5047 mutua
1230 4991 1496 5046 dilectione
1520 4991 1807 5044 transmisi-

210 5105 323 5145 mus
350 5088 546 5163 (Epist.
574 5088 675 5153 73,
702 5085 771 5140 ad
793 5084 1150 5156 Jubaianum).

278 5181 515 5239 CAPUT
553 5179 645 5236 IX.
671 5208 747 5221 —
774 5180 861 5234 19..
892 5178 1002 5233 Hac
1032 5178 1122 5232 ille
1150 5175 1421 5232 charitatis
1450 5174 1699 5246 patientia
1732 5183 1811 5229 to-

213 5275 402 5331 leravit
427 5289 537 5329 non
558 5272 732 5328 solum
760 5272 813 5327 in
834 5270 1058 5327 obscura
1078 5268 1370 5340 quaestione
1392 5268 1560 5322 bonos
1580 5266 1811 5336 collegas

214 5384 321 5424 non
345 5365 613 5424 malevole
640 5363 783 5420 aliud
821 5362 1141 5425 sentientes,
1174 5361 1311 5415 sicut
1338 5369 1389 5414 et
1416 5359 1529 5429 ipse
1555 5358 1810 5414 toleratus

275 5546 393 5618 ξειι
435 5554 545 5595 Mss.
596 5548 652 5591 Αι
698 5550 798 5589 Am.
839 5545 893 5590 et
930 5543 1039 5598 m,
1087 5510 1212 5600 quod
1258 5538 1308 5583 ut
1353 5529 1443 5583 illi.
1490 5538 1632 5593 hom,
1680 5536 1732 5580 ut
1755 5529 1809 5580 id

213 5606 420 5719 ﬁrmo.
445 5674 520 5717 Er.
551 5674 604 5716 et
636 5673 764 5724 Mss,
792 5661 1029 5715 brevibus.
1067 5659 1171 5709 Sola
1211 5656 1315 5707 fere
1343 5656 1492 5705 editio
1532 5662 1663 5712 t-ov.,
1700 5651 1807 5703 bre-

215 5729 353 5779 riter.

278 5776 463 5854 51pm
498 5798 610 5854 Iov.
658 5794 911 5848 emuntur,
940 5797 1086 5836 nunc.
1115 5784 1329 5833 Habetin
1366 5779 1492 5842 apud
1532 5789 1627 5828 Am.
1665 5784 1716 5825 et
1761 5776 1831 5843 iu.

217 5853 574 5914 muttis.

1541 385 1741 439 LIBER
1782 382 2123 452 ouamus.

3376 384 3481 444 162

1895 507 1996 560 est,
2021 498 2190 552 donec
2213 513 2460 568 processu
2485 500 2734 571 temporis
2760 500 3103 556 saluberrima
3127 499 3477 563 consuetudo,

1895 589 2107 659 quando
2137 591 2274 645 Deus
2300 593 2481 656 voluit,
2510 594 2667 648 etiam
2696 593 2959 648 declarata
2992 594 3213 650 veritate
3244 594 3481 663 plenario

1894 682 2117 735 concilio
2147 683 2476 749 firmaretur;
2510 684 2601 739 sed
2630 686 2789 751 etiam
2819 686 2985 739 malos
3015 686 3321 739 manifeStos
3349 686 3480 739 sibi-

1895 788 1998 841 que
2030 774 2334 828 notissimos
2353 815 2367 840 ,
2397 778 2485 845 qui
2518 792 2619 829 non
2648 777 2970 832 obscuritate
2996 777 3303 846 qumstiouis
3329 780 3485 834 aliter

1896 861 2204 932 sapicbant,
2249 865 2342 919 sed
2393 865 2608 934 perdita:
2653 868 2773 922 vita:
2820 870 3051 923 moribus
3097 880 3279 924 contra
3323 886 3481 940 quam

1898 955 2283 1023 prcedicabant,
2316 957 2605 1021 faciebant,
2638 961 2773 1014 sicut
2800 961 2925 1016 dicit
2951 963 3015 1015 de
3045 963 3146 1016 illis
3174 965 3481 1033 Apostolus,

1900 1048 1999 1113 Qui
2025 1048 2270 1118 prtedicas
2299 1067 2397 1103 non
2425 1052 2719 1121 furandum,
2753 1055 2941 1125 furaris
2967 1053 3141 1123 (Rom.
3170 1072 3226 1119 tt,
3255 1054 3367 1124 2i).
3405 1056 3485 1111 De

1900 1140 2088 1193 talibus
2116 1142 2255 1195 enim
2285 1151 2336 1195 et
2364 1144 2461 1197 iste
2492 1145 2570 1197 sui
2609 1148 2860 1215 temporis
2888 1150 3153 1217 episcOpis
3181 1150 3291 1204 suis
3317 1150 3483 1206 colle—

1896 1233 1979 1302 gis
1999 1274 2012 1294 ,
2040 1243 2093 1287 ct
2119 1249 2298 1288 secum
2330 1236 2378 1289 in
2408 1239 2781 1292 connnunione
2812 1241 3145 1295 manentibus
3181 1242 3233 1296 iu
3258 1244 3484 1313 epistola

1900 1337 1991 1376 Sua
2019 1325 2143 1379 dicit
2172 1344 2183 1378 :
2218 1326 2564 1382 Esurieutibus
2592 1331 2642 1383 in
2674 1329 2894 1385 Ecclesia
2924 1334 3163 1400 fratribus
3193 1336 3371 1389 habere
3396 1355 3485 1390 ar-

1899 1425 2098 1483 gentum
2127 1416 2331 1487 largiter
2357 1420 2495 1481 velle,
2521 1421 2704 1487 fundos
2731 1421 2981 1476 insidiosis
3005 1425 3267 1493 fraudibus
3287 1444 3483 1496 rapere,

1903 1510 2066 1562 usuris
2093 1511 2536 1579 multiplicantibus
2564 1517 2709 1583 fenus
2737 1531 2921 1585 augere
2953 1516 3140 1585 (Serm.
3174 1518 3235 1570 de
3262 1516 3485 1589 Lapsis).

1903 1600 1998 1656 llic
2023 1605 2161 1656 enim
2189 1604 2327 1658 nulla
2354 1617 2436 1659 est
2460 1608 2766 1675 qtuestionis
2789 1608 3115 1674 obscuritas;
3144 1621 3324 1678 aperte
3346 1610 3489 1665 Scri-

1904 1704 2053 1763 ptura
2093 1697 2318 1763 clamat,
2355 1697 2531 1768 Neque
2568 1701 2708 1753 avari
2737 1718 2894 1771 neque
2922 1720 3129 1772 rapaces
3158 1721 3365 1774 regnum
3397 1704 3490 1760 Dei

1902 1788 2223 1856 possidebunt
2270 1789 2319 1861 (l
2346 1789 2462 1845 Cor.
2491 1807 2576 1857 νι,
2611 1792 2734 1864 lO);
2781 1805 2867 1859 et,
2903 1793 3004 1861 Qui
3045 1795 3310 1865 pecuniam
3346 1812 3493 1850 suam

1902 1882 2040 1936 dedit
2072 1885 2124 1935 in
2153 1900 2360 1937 usuram
2386 1885 2398 1915 ¹
2427 1882 2595 1955 (Psal.
2632 1901 2748 1948 XIV,
2778 1886 2865 1953 5);
2896 1896 2982 1949 et,
3015 1886 3191 1941 Omnis
3216 1888 3494 1956 fornicator

1903 1982 1948 2025 et
1974 1972 2261 2025 inmtundns
2289 1984 2335 2027 et
2361 1990 2563 2038 avarus,
2595 1976 2730 2045 quod
2758 1987 2829 2030 est
2856 1975 3107 2031 idolorum
3133 1979 3363 2044 servitus,
3390 1996 3495 2034 non

1904 2066 2049 2119 habet
2071 2066 2409 2121 [nereditatem
2436 2068 2486 2121 in
2513 2084 2665 2139 regno
2686 2067 2875 2123 Christi
2897 2081 2940 2121 et
2966 2068 3063 2123 Dei
3092 2069 3305 2141 (Ephes.
3332 2087 3385 2135 v,
3414 2072 3492 2143 5).

1905 2156 2061 2211 Tales
2087 2173 2214 2225 ergo
2242 2173 2432 2212 avaros
2464 2159 2581 2223 ille,
2615 2169 2667 2213 ιιι
2699 2175 2802 2213 non
2832 2158 3003 2213 solum
3034 2174 3127 2213 sua
3158 2162 3347 2231 cupide
3375 2164 3495 2218 the-

1904 2249 2248 2315 saurizarent,
2274 2248 2366 2304 sed
2393 2259 2445 2304 et
2465 2250 2637 2304 aliena
2660 2249 3026 2307 fraudulenter
3048 2254 3334 2322 eriperent,
3365 2254 3497 2309 tales

1905 2338 2212 2393 idololatras
2238 2340 2372 2394 sicut
2396 2349 2449 2395 et
2479 2341 2589 2411 ipse
2613 2341 2857 2412 intelligit
2882 2351 3042 2414 atque
3072 2348 3360 2413 convincit,
3391 2363 3497 2403 non

1905 2429 2087 2499 utique
2115 2440 2360 2500 argueret
2386 2432 2486 2486 nisi
2515 2443 2712 2487 nosset.
2743 2433 2925 2504 Neque
2952 2437 3093 2491 enim
3122 2437 3375 2492 adversus
3400 2454 3499 2494 co-

1904 2522 2184 2591 episcOpos
2213 2538 2337 2575 suos
2368 2522 2554 2577 falsum
2586 2525 2943 2578 testiinonium
2975 2526 3195 2582 diceret.
3225 2528 3290 2582 Et
3319 2539 3497 2585 tamen

1905 2626 1997 2666 eos
2046 2622 2259 2682 pr0ptcr
2300 2612 2567 2667 Christum
2612 2614 2702 2684 qui
2742 2630 2840 2685 pro
2870 2614 3091 2670 inﬁrmis
3119 2627 3358 2671 mortuus
3391 2628 3495 2689 est,

1907 2720 1972 2757 ne
1998 2713 2120 2757 ante
2148 2714 2353 2773 tempus
2379 2705 2661 2760 eradicatis
2700 2707 2916 2762 zizauiis
2954 2708 3111 2762 simul
3141 2710 3501 2766 eradicaretur

1905 2804 1959 2848 et
1985 2794 2214 2848 triticum
2244 2795 2457 2866 (Matth.
2482 2813 2596 2860 xm,
2619 2797 2731 2867 29),
2761 2807 2993 2868 paterna:
3021 2808 3073 2853 et
3099 2810 3349 2855 materna:
3374 2802 3501 2856 cha-

1906 2886 2078 2941 ritatis
2121 2886 2413 2943 visceribus
2461 2888 2709 2942 toleravit
2748 2907 2761 2942 :
2800 2889 3035 2944 imitatus
3065 2892 3244 2959 utique
3275 2892 3498 2948 Paulum

1905 2979 2238 3047 apostolum,
2272 2979 2360 3049 qui
2407 2979 2698 3033 malevolos
2738 2987 2790 3033 et
2834 2979 3041 3034 invidos
3091 2981 3227 3048 sibi,
3270 2981 3500 3038 eadem”

1906 3070 2046 3125 circa
2073 3071 2361 3126 Ecclesiatn
2384 3071 2643 3126 charitate
2666 3071 2917 3126 sustinuit
2944 3071 3201 3146 (Philipp.
3226 3090 3263 3141 ι,
3290 3076 3499 3147 15-18).

1980 3162 2065 3216 13.
2107 3160 2211 3217 Sed
2241 3170 2417 3217 tamen
2447 3163 2567 3233 quia
2611 3162 2800 3216 invidia
2843 3164 3031 3217 diaboli
3061 3181 3195 3219 mors
3224 3166 3423 3219 intravit
3449 3169 3503 3221 in

1906 3251 2074 3305 orbem
2096 3263 2339 3305 terrarum
2360 3294 2374 3315 ,
2404 3262 2458 3307 ct
2483 3253 2743 3306 imitantur
2763 3253 2907 3306 illum
2934 3256 3021 3322 qui
3047 3267 3161 3309 sunt
3188 3274 3251 3310 ex
3276 3270 3417 3327 parte
3437 3258 3502 3311 il-

1909 3344 2007 3398 lius
2041 3345 2193 3417 (Sap.
2223 3361 2279 3410 ιι,
2307 3345 2398 3408 24,
2428 3345 2518 3415 25)
2543 3388 2557 3411 ,
2590 3362 2695 3401 non
2724 3362 2819 3416 per
2840 3348 2965 3401 illud
2988 3349 3127 3419 quod
3155 3365 3183 3403 a
3212 3349 3317 3404 Deo
3337 3349 3503 3407 creati

1907 3446 2052 3501 sunt,
2081 3437 2172 3491 sed
2201 3452 2300 3507 per
2326 3435 2451 3490 illud
2477 3437 2616 3507 quod
2648 3454 2675 3491 a
2707 3454 2767 3493 se
2797 3440 2923 3509 ipsis
2950 3441 3187 3510 perversi
3215 3453 3372 3506 sunt;
3398 3443 3504 3499 sic-

1906 3539 1964 3583 ut
1989 3540 2376 3586 commemorat
2404 3532 2517 3602 ipse
2541 3531 2837 3605 Cyprianus
2860 3549 2873 3598 ;
2907 3535 3028 3603 quia
3058 3544 3111 3590 et
3134 3536 3375 3591 diabolus
3400 3554 3502 3593 au-

1910 3633 2120 3695 tequam
2163 3633 2309 3680 esset
2346 3625 2590 3680 diabolus
2615 3668 2630 3691 ,
2664 3626 2880 3697 angelus
2920 3627 3016 3681 fuit
3057 3636 3111 3682 et
3154 3628 3325 3684 bonus
3365 3629 3500 3686 fuit:

1909 3715 2047 3771 unde
2077 3726 2203 3769 sunt
2233 3715 2283 3769 in
2317 3717 2518 3771 unitate
2545 3716 2741 3772 Christi
2768 3758 2781 3781 ,
2815 3718 2901 3786 qui
2942 3729 3064 3772 sunt
3104 3735 3166 3773 ex
3210 3731 3355 3788 parte
3384 3721 3502 3774 dia-

1910 3804 2052 3859 boli?
2083 3806 2266 3860 Procul
2297 3807 2459 3860 dubio
2481 3807 2527 3873 ³,
2556 3808 2691 3861 sicut
2719 3808 2829 3875 ipse
2857 3809 3105 3862 Dominus
3131 3810 3221 3869 ait,
3255 3808 3505 3865 Inimicus

1907 3899 2055 3951 homo
2083 3898 2176 3950 hoc
2202 3898 2339 3967 fecit,
2368 3897 2457 3967 qui
2481 3898 2893 3968 superseminavit
2921 3898 3118 3951 zizania
3148 3898 3363 3967 (Matth.
3388 3916 3499 3963 sui,

1906 3987 1977 4042 23
1997 4028 2011 4053 ,
2040 3986 2155 4057 25).
2191 3988 2341 4042 Sicut
2366 4003 2494 4058 ergo
2532 3999 2585 4043 et
2613 3988 2752 4041 intus
2776 3987 2916 4057 quod
2944 3987 3135 4043 diaboli
3165 3998 3247 4044 est
3272 4006 3495 4061 arguen-

1908 4080 2031 4138 dnm
2056 4088 2159 4143 est,
2186 4080 2263 4135 sic
2287 4088 2340 4133 et
2366 4078 2492 4134 loris
2517 4079 2656 4150 qttod
2674 4078 2869 4134 ChriSti
2886 4081 3375 4151 estaguoscentlutn
3397 4092 3502 4140 est.

1909 4173 1991 4241 An
2019 4181 2165 4226 extra
2198 4170 2451 4228 unitatem
2483 4171 2731 4225 Ecclesiae
2769 4185 2874 4224 non
2914 4170 3075 4225 habet
3115 4187 3209 4225 sua
3238 4171 3501 4240 Christus,

1909 4274 1963 4319 et
1993 4264 2044 4317 in
2078 4265 2275 4318 unitate
2309 4262 2558 4318 Ecclesia:
2603 4263 2761 4317 habet
2798 4278 2893 4318 sua
2940 4263 3220 4319 diabolus?
3256 4265 3365 4321 lloc
3397 4267 3505 4321 lor-

1910 4365 2050 4412 tasse
2080 4356 2146 4411 de
2177 4356 2478 4411 hominibus
2506 4355 2609 4410 dici
2642 4364 2848 4425 potest,
2880 4364 2938 4409 ut
2974 4356 3051 4409 sic
3083 4365 3229 4411 extra
3260 4372 3507 4412 commu-

1911 4452 2124 4505 nionem
2153 4449 2408 4505 Ecclesia:
2455 4464 2557 4503 non
2607 4449 2796 4503 habeat
2837 4449 2973 4503 Deus
3002 4450 3231 4518 aliquem
3262 4465 3504 4515 suorum,

1911 4543 2046 4597 sicut
2069 4544 2204 4596 inter
2224 4541 2452 4610 Angelos
2474 4550 2686 4595 sanctos
2708 4555 2811 4595 non
2834 4538 2992 4595 habet
3014 4540 3255 4597 diabolus
3275 4542 3506 4613 aliquem

1911 4648 2150 4688 suorum.
2182 4633 2432 4688 Ecclesia:
2461 4648 2587 4687 vero
2623 4630 2749 4688 huic
2787 4648 2905 4702 qua:
2944 4632 3117 4686 adhuc
3144 4634 3320 4688 carnis
3360 4651 3508 4689 mor-

1913 4726 2166 4781 talitatem
2213 4733 2424 4795 portat,
2470 4724 2719 4795 quamdiu
2771 4724 3138 4793 peregrinatur
3182 4740 3212 4779 a
3260 4725 3508 4791 Domino,

1913 4820 2113 4874 licuerit
2147 4819 2359 4874 diabolo
2386 4821 2611 4873 miscere
2638 4802 2858 4881 zim’uia,
2893 4817 2993 4872 hoc
3022 4826 3105 4873 est
3133 4820 3302 4874 malos
3329 4820 3506 4873 homi-

1913 4926 2041 4973 nes;
2072 4921 2124 4965 et
2154 4911 2441 4978 permissus
2468 4909 2536 4962 sit
2568 4918 2783 4979 propter
2808 4908 2974 4977 ipsius
2996 4910 3247 4965 Ecclesia:
3276 4911 3507 4980 pcregri-

1912 4988 2215 5064 nationem,
2249 5008 2307 5053 ut
2337 4998 2548 5069 requies
2580 4999 2719 5052 illius
2760 5000 2942 5067 patria:
2977 5015 3079 5068 qua
3119 5000 3287 5053 sancti
3331 5000 3503 5068 angeli

1917 5091 2261 5163 perfruuntur
2287 5090 2683 5146 desideraretur
2710 5088 2985 5145 ardentius
3016 5107 3029 5144 :
3058 5089 3124 5144 de
3149 5090 3509 5145 Sacramentis

1915 5192 2090 5238 autem
2119 5181 2223 5237 hoc
2248 5180 2349 5236 dici
2383 5196 2485 5235 non
2518 5188 2713 5249 potest.
2741 5180 2888 5236 Sicut
2916 5180 3060 5235 enim
3083 5197 3143 5234 ea
3171 5187 3391 5248 possunt
3416 5180 3425 5230 Ι
3450 5194 3507 5230 a-

1916 5277 2044 5331 bere
2068 5284 2226 5345 atque
2254 5280 2502 5336 tractare.
2527 5289 2632 5326 non
2654 5272 2718 5327 ad
2741 5273 2985 5337 salutem,
3012 5272 3104 5326 sed
3130 5271 3194 5326 ad
3222 5270 3506 5340 perniciem

1917 5382 2087 5432 suam,
2120 5367 2169 5420 in
2199 5381 2298 5436 qua
2328 5365 2430 5436 igni
2458 5364 2720 5419 destinata
2745 5373 2867 5419 sunt
2893 5362 3140 5418 interiora
3167 5359 3363 5414 zizania
3390 5376 3405 5414 :
3430 5362 3509 5417 sie

1983 5529 1997 5558 ¹
2025 5531 2099 5575 Er.
2125 5524 2273 5587 Lugd.
2293 5530 2431 5572 ven.:
2460 5521 2549 5583 oui
2570 5518 2823 5589 pectmiam
2855 5529 2992 5589 suam
3022 5530 3115 5565 non
3146 5516 3281 5589 dedit
3304 5518 3370 5589 qd
3394 5532 3505 5569 usu-

1918 5600 2042 5637 ram.
2067 5594 2174 5636 ων.
2192 5579 2254 5634 Et
2276 5598 2445 5634 eorum
2469 5579 2594 5633 Iussi:
2614 5582 2699 5644 oui
2722 5579 2974 5645 pecsau’am
3006 5592 3145 5630 suam
3168 5582 3250 5630 dat
3301 5579 3351 5629 in
3394 5595 3509 5631 usu-

1919 5661 2114 5757 malim
2139 5655 2223 5767 flet
2240 5706 2292 5758 in
2314 5705 2515 5765 invidos,
2535 5703 2620 5755 sub
2637 5702 2824 5771 eadem.
3048 5768 3049 5771 η
3181 5762 3191 5771 _

1983 5772 2005 5804 ³
2028 5762 2204 5831 Belgici
2237 5771 2431 5832 quidam
2468 5762 2591 5832 uss,
2618 5762 2744 5814 unde
2778 5772 3011 5832 pansum
3036 5768 3085 5814 in
3110 5762 3287 5816 unitate
3314 5764 3505 5827 (luisti,

1923 5833 2003 5895 qui
2024 5824 2210 5881 suntex
2225 5824 2360 5895 parte
2379 5827 2555 5878 diaboli
2578 5840 2594 5876 :
2620 5824 2789 5891 procul
2811 5825 2971 5877 dubio.
