4008 6476
542 436 649 495 163

539 560 593 605 et
618 545 882 604 exteriora
909 536 1106 599 zizania
1135 557 1254 612 qua:
1282 541 1350 597 ab
1387 542 1723 598 interioribus
1753 542 2126 598 recedentibus

538 648 891 709 acceperunt;
914 636 1034 707 quia
1056 633 1360 691 recedentia
1381 648 1485 689 non
1506 634 1818 690 amiserunt.
1837 633 1988 702 Quod
2010 635 2126 689 sine

538 733 702 787 dubio
730 730 1097 785 manifestatur
1120 743 1240 783 cum
1282 725 1623 781 redeuntibus
1663 742 1766 781 non
1808 726 2124 789 restituitur,

539 820 753 893 quando
780 820 914 874 forte
938 816 1096 887 aliqui
1122 832 1186 871 ex
1214 817 1293 872 eis
1318 816 1445 886 ipsis
1470 816 1557 885 qui
1588 824 1921 871 recesserant
1948 830 2126 870 rever-

541 922 740 967 tuntur.
762 910 871 965 Nec
895 909 1172 978 quisquam
1200 906 1413 972 dixerit,
1440 906 1575 974 Quid
1602 907 1744 961 enim
1767 905 2012 960 frumenti
2037 906 2129 959 ba-

540 1004 667 1058 bent
690 1001 927 1056 zizania?
954 999 1009 1056 Si
1035 1000 1176 1055 enim
1205 999 1309 1054 hoc
1334 999 1404 1053 ita
1431 1010 1539 1063 est,
1572 1009 1626 1054 et
1656 999 1793 1052 intus
1823 1006 1877 1053 et
1906 997 2034 1052 furis
2059 997 2127 1051 ad

539 1095 640 1149 hoc
667 1094 923 1147 duntaxat
951 1107 1045 1161 par
1070 1090 1305 1144 conditio
1325 1098 1428 1144 est.
1455 1087 1636 1158 Neque
1660 1089 1801 1143 enim
1831 1088 1881 1141 in
1910 1087 2127 1142 zizaniis

538 1184 893 1240 exterioribus
929 1197 1036 1237 non
1074 1181 1414 1235 inveniuntur
1449 1194 1613 1250 grana
1654 1178 1939 1244 frumenti,
1978 1187 2033 1232 et
2071 1179 2125 1232 in

536 1276 879 1332 interioribus
923 1274 1280 1329 inveniuntur.
1320 1273 1393 1327 De
1422 1272 1768 1327 Sacramenta
1793 1282 1970 1325 autem
2001 1284 2123 1324 cum

534 1368 811 1441 qum-ritur,
842 1383 949 1421 non
973 1376 1149 1420 utrum
1173 1365 1402 1419 habeant
1425 1363 1621 1434 aliquid
1646 1362 1895 1416 frumenti
1924 1362 2123 1416 zizania

534 1462 810 1531 quaeritur,
837 1459 931 1515 sed
958 1468 1135 1513 utrum
1160 1458 1390 1514 habeant
1413 1457 1608 1527 aliquid
1635 1457 1755 1512 coeli
1783 1474 1795 1509 :
1820 1466 1873 1511 et
1892 1456 2126 1511 exterio-

534 1553 681 1607 ribus
719 1554 862 1607 enim
892 1562 947 1607 et
975 1551 1315 1606 interioribus
1362 1550 1577 1605 zizaniis
1622 1565 1742 1604 cum
1789 1549 1904 1618 ipso
1949 1548 2123 1602 tritico

533 1652 616 1697 est
643 1644 816 1712 pluvia
842 1642 1141 1697 communis
1161 1684 1176 1707 ,
1209 1657 1327 1711 quae
1351 1640 1583 1696 caelestis
1608 1648 1663 1694 et
1685 1638 1853 1693 dulcis
1879 1647 1960 1693 est
1987 1638 2119 1707 ipsa,

533 1732 695 1786 etiam
721 1732 766 1786 si
792 1747 857 1786 ex
883 1747 947 1786 ea
973 1732 1172 1786 zizania
1198 1732 1450 1785 sterilitcr
1472 1737 1757 1785 crescunt:
1781 1729 1861 1784 sic
1883 1739 1937 1783 et
1955 1744 2120 1782 evan-

531 1822 759 1892 gelicum
786 1821 980 1876 Christi
1009 1821 1409 1876 Sacramentum
1448 1821 1686 1875 divinum
1722 1828 1777 1874 et
1813 1833 1976 1873 suave
2016 1826 2115 1883 est,

532 1926 705 1981 neque
745 1923 959 1982 preptcr
998 1928 1182 1967 eorum
1229 1911 1565 1968 sterilitatem
1609 1926 1743 1982 quos
1785 1915 1943 1965 etiam
1993 1910 2120 1965 foris

532 2003 788 2072 compluit
804 2042 819 2069 ,
853 2002 1280 2072 improbaudum.
1843 2022 1852 2027 ·

602 2092 827 2149 CAPUT
867 2094 934 2148 Χ.
957 2124 1028 2134 ——
1053 2094 1140 2148 14.
1175 2093 1375 2148 Dixerit
1400 2092 1611 2163 aliquis,
1641 2090 1889 2146 interiora
1919 2089 2118 2144 zizauia

530 2184 737 2240 facilius
763 2186 817 2239 in
843 2184 1167 2239 frumentum
1192 2183 1451 2239 converti.
1480 2182 1728 2239 Concedo
1754 2183 1823 2236 ita
1844 2195 1999 2237 esse:
2023 2180 2118 2234 sed

528 2277 654 2348 quid
676 2276 779 2331 hoc
803 2277 1032 2347 pertinet
1054 2277 1119 2331 ad
1143 2277 1467 2347 Baptismum
1495 2276 1829 2331 iterandum?
1854 2274 2115 2345 Numquid

529 2368 577 2424 si
604 2369 741 2425 forte
768 2370 957 2439 aliquis
993 2370 1060 2424 ab
1100 2368 1362 2425 haereticis
1399 2383 1690 2423 conversus
1710 2411 1723 2435 ,
1754 2367 2117 2423 conversionis

527 2476 639 2515 sute
670 2469 908 2531 tempore
934 2476 996 2514 ac
1024 2459 1277 2515 facilitate
1303 2460 1618 2531 prarvenerit
1647 2475 1768 2515 eum
1795 2460 1882 2530 qui
1915 2459 2116 2513 tardius

527 2553 673 2607 intus
700 2567 729 2605 a
761 2551 961 2606 malitia
992 2553 1275 2622 corrigitur
1301 2560 1355 2606 et
1382 2561 1616 2606 mutatur
1636 2593 1652 2618 ,
1693 2551 1740 2606 ci
1769 2568 1874 2606 non
1904 2560 1987 2606 est
2012 2551 2114 2607 ite-

525 2645 748 2700 randum
776 2646 1076 2715 Baptisma;
1106 2654 1160 2700 et
1186 2645 1259 2700 illi
1285 2646 1374 2716 qui
1400 2655 1699 2716 praeventus
1728 2654 1807 2700 est
1836 2645 1904 2700 ab
1930 2661 1995 2700 eo
2024 2645 2114 2714 qui

526 2753 593 2790 ex
618 2735 883 2790 hazreticis
910 2736 1073 2796 venit.
1102 2737 1227 2806 quia
1256 2735 1458 2791 tardius
1486 2746 1758 2790 correctus
1780 2745 1879 2799 est,
1913 2735 2112 2790 iterau-

526 2826 651 2880 dnm
682 2826 800 2880 est?
840 2826 981 2880 Nihil
1023 2842 1151 2896 ergo
1188 2826 1253 2880 ad
1296 2842 1408 2881 rem
1456 2829 1714 2897 pertinet,
1747 2826 1814 2881 dc
1842 2842 1943 2898 qua
1975 2842 2113 2882 nunc
2146 2856 2151 2861 ~

524 2917 749 2986 qnzestio
777 2926 857 2971 est
877 2957 893 2983 ,
919 2917 1037 2983 quis
1062 2917 1233 2971 serius
1257 2932 1313 2971 se
1341 2918 1606 2971 tardiusve
1630 2927 1903 2972 convertat
1932 2934 1959 2971 a
1992 2934 2114 2988 pro-

525 3009 640 3078 pria
670 3009 1016 3079 perversitate
1057 3008 1123 3062 ad
1161 3008 1531 3063 rectitudiuent
1558 3008 1681 3063 fidei
1700 3052 1717 3075 ,
1742 3009 1824 3063 vel
1853 3009 2000 3079 spei,
2028 3011 2111 3065 vel

524 3097 818 3153 charitatis.
862 3098 974 3153 Etsi
1013 3098 1155 3153 enim
1198 3099 1476 3152 interiores
1505 3099 1629 3153 mali
1660 3098 1864 3153 facilius
1890 3109 2111 3169 possunt

522 3188 648 3243 boui
678 3188 827 3256 ﬁeri;
858 3187 1140 3259 aliquando
1166 3198 1342 3243 tamen
1370 3198 1425 3243 et
1450 3188 1518 3243 de
1544 3205 1764 3244 numero
1787 3191 2108 3247 exteriorum

523 3279 739 3350 quidam
769 3279 1026 3351 quosdam
1073 3268 1354 3335 interiores
1380 3282 1727 3337 conversione
1757 3285 2106 3353 praeveniunt,

521 3378 578 3425 et
605 3371 711 3426 illis
750 3371 803 3425 in
848 3372 1125 3426 sterilitate
1169 3374 1505 3427 manentibus
1534 3373 1721 3427 unitati
1757 3375 2104 3442 reconciliati,

518 3459 750 3515 fructum
775 3460 1001 3516 all'eruut
1030 3476 1152 3516 cum
1181 3462 1458 3517 tolerantia
1480 3504 1495 3528 ,
1533 3463 1649 3517 sive
1681 3465 1965 3528 triceuum,‘
1988 3466 2105 3523 sive

518 3565 873 3621 sexagenum,
905 3552 1018 3607 sive
1045 3562 1327 3607 centenum
1358 3551 1569 3626 (Matth.
1598 3571 1729 3619 xm,
1770 3553 1859 3619 25,
1900 3565 1945 3610 et
1973 3555 2101 3611 Luc.

520 3638 651 3709 vm,
682 3646 797 3715 l5).
826 3646 935 3700 Aut
958 3645 1003 3699 si
1032 3645 1231 3701 zizania
1271 3661 1331 3701 ea
1371 3646 1483 3700 sola
1527 3647 1750 3702 dicenda
1792 3656 1949 3714 sunt,
1985 3666 2103 3721 ane

522 3751 690 3807 usque
725 3738 776 3792 in
809 3738 967 3793 finem
994 3739 1044 3793 in
1076 3738 1308 3809 maligno
1336 3754 1519 3794 errore
1549 3740 1871 3810 perdurant;
1897 3752 1951 3797 et
1972 3742 2103 3799 foris

516 3826 681 3881 multa
708 3826 970 3883 frumenta
995 3838 1139 3895 sunt,
1171 3839 1225 3884 et
1254 3830 1395 3885 intus
1420 3831 1579 3886 multa
1608 3834 1829 3887 zizania.

587 3919 676 3975 15.
716 3920 785 3973 At
825 3921 966 3975 enim
1012 3921 1220 3991 pejores
1259 3930 1382 3976 sunt
1419 3924 1712 3979 exteriores
1750 3940 1907 3995 quam
1956 3926 2097 3980 inte-

513 4008 685 4063 tiores
712 4008 874 4063 mali?
904 4009 1085 4080 Magna
1108 4010 1321 4080 quidem
1349 4013 1572 4081 qumstio
1613 4023 1714 4079 est,
1746 4025 1919 4069 utrum
1950 4017 2098 4085 pejor

510 4097 673 4152 fuerit
707 4096 954 4153 Nicolaus
981 4101 1214 4154 exterior
1237 4101 1345 4169 jam
1378 4100 1570 4172 (Apoc.
1602 4118 1658 4169 ιι,
1689 4104 1793 4173 6),
1828 4120 1985 4174 quam
2009 4106 2095 4159 Si-

513 4205 638 4244 mon
665 4188 836 4244 adhuc
862 4191 1081 4245 interior
1110 4190 1258 4262 (Act.
1287 4207 1396 4255 vm,
1429 4192 1558 4247 9-24
1578 4193 1619 4261 ),
1651 4194 1772 4263 quia
1800 4194 1888 4248 ille
1918 4195 2093 4251 bsere—

511 4281 649 4334 tieus
671 4322 687 4347 ,
715 4280 813 4335 iste
839 4296 1041 4350 magus.
1069 4281 1222 4348 Quod
1247 4283 1291 4336 si
1325 4283 1437 4352 ipsa
1476 4282 1666 4338 divisio
1689 4325 1705 4349 ,
1736 4286 1855 4354 quia
1886 4286 2094 4342 violate

508 4370 783 4425 charitatis
816 4371 1170 4425 certissimum
1208 4372 1459 4426 indicium
1484 4384 1602 4438 est,
1632 4376 1845 4445 gravius
1872 4376 2094 4432 habetur

509 4463 706 4517 malum
730 4504 746 4529 ,
772 4463 1004 4517 concedo
1035 4463 1104 4517 ita
1132 4479 1273 4519 esse.
1299 4465 1403 4520 Sed
1433 4466 1581 4520 multi
1610 4466 1803 4521 amissa
1832 4467 2090 4525 charitate

508 4563 787 4623 propterea
813 4571 917 4609 nou
943 4566 1143 4611 exeunt
1167 4556 1328 4621 foras,
1359 4558 1479 4628 quia
1509 4559 1850 4614 smcularibus
1879 4562 2087 4615 emolu-

509 4647 703 4700 mentis
734 4655 1017 4715 teuentur,
1049 4657 1103 4703 et
1146 4664 1239 4703 sua
1278 4659 1607 4719 quairentes,
1650 4664 1755 4705 non
1799 4667 1916 4722 quae
1957 4652 2086 4708 Jesu

503 4736 702 4791 Christi
732 4737 1005 4810 (Philipp.
1036 4755 1091 4805 ιι,
1123 4740 1185 4793 2|
1214 4740 1273 4811 ),
1308 4756 1412 4795 non
1438 4758 1467 4796 a
1493 4740 1687 4796 Christi
1718 4746 1919 4798 uuiutte
1943 4786 1957 4810 ,
1988 4745 2083 4799 sed

504 4843 533 4881 a
562 4829 672 4882 suis
695 4830 988 4885 commodis
1014 4832 1198 4888 uolunt
1225 4835 1492 4889 recedere.
1521 4834 1674 4891 Unde
1700 4836 1898 4891 dictum
1921 4848 2000 4891 est
2028 4839 2081 4893 in

503 4918 659 4974 laude
685 4920 993 4989 charitatis,
1048 4921 1168 4977 Non
1210 4924 1388 4993 quaerit
1434 4941 1548 4996 qua:
1587 4944 1679 4981 sua
1719 4938 1835 4983 sunt
1866 4927 2078 5000 (llCor.

504 5026 617 5073 xm,
650 5011 738 5081 5).

577 5102 664 5156 l6.
702 5102 852 5158 Nunc
871 5118 997 5174 ergo
1015 5105 1284 5175 quarritur,
1299 5106 1563 5175 quomodo
1578 5116 1820 5177 poterant
1837 5108 2079 5164 homines

499 5206 568 5245 ex
594 5202 741 5261 parte
767 5193 983 5261 diaboli,
1013 5195 1277 5264 pertinere
1303 5196 1369 5250 ad
1399 5195 1715 5264 Ecclesiam,
1748 5214 1850 5252 non
1881 5199 2079 5254 haben-

498 5289 604 5336 tem
625 5284 881 5337 maculam
906 5293 996 5339 aut
1016 5301 1217 5355 rugam,
1242 5295 1332 5340 aut
1351 5287 1546 5357 aliquid
1573 5288 1831 5356 ejusmodi
1856 5288 2074 5355 (Ep/tes.

499 5387 553 5437 ν,
579 5374 684 5443 27)
712 5373 803 5447 (α),
835 5377 903 5431 de
927 5394 1028 5447 qua
1056 5379 1214 5433 etiam
1240 5379 1441 5434 dictum
1468 5389 1569 5445 est,
1601 5379 1717 5435 Una
1746 5392 1818 5436 est
1847 5381 2076 5435 columba

498 5480 608 5517 mea
635 5463 814 5535 (Cant.
844 5483 917 5534 VI,
944 5469 1035 5539 8).
1058 5468 1207 5538 Quod
1237 5471 1280 5525 si
1313 5486 1416 5525 non
1446 5480 1701 5540 possunt,
1736 5470 2071 5527 manifestum

496 5563 576 5606 est
604 5570 719 5607 eam
748 5556 885 5610 inter
909 5559 1111 5613 alienos
1139 5577 1371 5630 gemere,
1400 5572 1454 5616 et
1476 5563 1792 5618 intrinsecus
1821 5562 2074 5617 tusidian—

494 5650 608 5709 tes,
649 5652 703 5698 et
742 5647 1070 5705 extrinsecus
1111 5651 1453 5707 oblatrantes.
1502 5652 1657 5707 Tales
1698 5661 1873 5708 tamen
1912 5654 2069 5708 etiam

496 5734 638 5791 intus
663 5746 717 5792 et
740 5740 1003 5812 accipiunt
1040 5743 1364 5813 Baptismum
1386 5788 1401 5811 ,
1431 5756 1485 5802 et
1513 5744 1748 5814 habent,
1775 5755 1829 5801 et
1856 5745 2070 5802 tradunt

547 5869 621 5936 to)
645 5876 679 5920 ιι
701 5878 926 5935 neu-act,
945 5887 1049 5937 cap.
1070 5875 1143 5923 ts.

1284 424 1380 486 ne
1420 428 1760 488 mansne
1795 428 2068 487 comm
2111 383 2560 501 DONATISTAS,
2599 433 2658 490 s.
2700 434 3067 494 AUGUSTINI

3718 442 3817 499 164

2233 555 2473 600 Sanctum
2506 562 2601 617 per
2629 563 2686 604 sc
2713 551 2905 619 ipsum,
2934 566 3032 605 nec
3059 550 3164 604 ulla
3189 566 3255 605 ex
3282 562 3431 623 parte
3458 554 3670 611 illorum
3700 571 3816 611 ma-

2234 634 2470 705 lignitate
2498 639 2756 706 violatur,
2792 642 2842 695 in
2869 657 2969 709 qua
3009 642 3061 696 in
3108 642 3267 697 linem
3295 660 3462 714 usque
3499 647 3813 717 perdurant.

2232 726 2488 792 Quocirca
2524 745 2620 784 nos
2661 731 2799 788 idem
2847 734 3031 788 beatus
3070 734 3367 805 Cyprianus
3412 736 3602 806 docet,
3636 755 3733 810 per
3758 756 3817 796 se

2233 819 2402 888 ipsqu
2425 823 2867 877 considerandum
2896 840 3014 880 esse
3034 825 3359 896 Baptismum
3386 829 3559 884 verbis
3584 848 3816 904 evange-

2233 910 2345 967 licis
2368 954 2381 976 ,
2413 914 2548 968 sicut
2589 917 2790 985 accepit
2834 916 3071 972 Ecclesia
3095 961 3109 985 ,
3136 930 3539 989 consecratum,
3570 939 3675 979 non
3720 925 3814 981 ad-

2226 1002 2407 1072 juncta
2430 1022 2600 1075 neque
2624 1009 2882 1076 permixta
2906 1010 3008 1064 ulla
3035 1013 3383 1079 perversitate
3405 1025 3564 1085 atque
3590 1018 3807 1082 malitia,

2231 1096 2341 1147 sive
2383 1096 2748 1164 accipientium
2792 1098 2904 1153 sive
2946 1099 3261 1156 tradentium
3315 1123 3327 1156 :
3378 1106 3808 1176 quandoquidem

2232 1192 2509 1254 utrumque
2535 1201 2631 1239 nos
2659 1185 2771 1255 ipse
2798 1187 3048 1243 admonet
3067 1231 3082 1255 ,
3112 1200 3165 1243 et
3192 1192 3330 1247 intus
3359 1193 3521 1250 fuisse
3550 1197 3809 1265 quosdam

2230 1288 2334 1327 non
2366 1286 2639 1331 servantes
2677 1277 2985 1333 benevolam
3028 1280 3337 1337 charitatem
3362 1325 3377 1349 ,
3409 1287 3501 1341 sed
3533 1288 3587 1341 in
3616 1289 3811 1346 invidia

2228 1376 2284 1420 et
2314 1367 2570 1422 malevola
2612 1368 2943 1426 dissensione
2982 1384 3220 1429 versatos
3245 1419 3258 1441 ,
3298 1376 3364 1431 de
3394 1380 3585 1447 quibus
3615 1382 3812 1439 Paulus

2228 1462 2496 1527 apostolus
2528 1462 2733 1518 locutus
2761 1474 2876 1529 est;
2908 1475 2961 1519 et
2987 1482 3052 1521 ex
3089 1478 3237 1536 parte
3280 1469 3474 1524 diaboli
3519 1488 3640 1528 esse
3670 1474 3809 1529 iuvi-

2227 1549 2345 1616 dos,
2377 1552 2513 1605 sicut
2542 1552 2592 1605 in
2623 1555 2841 1623 epistola
2872 1571 3026 1625 quam
3057 1558 3123 1613 de
3153 1561 3268 1613 zelo
3297 1572 3350 1616 et
3378 1562 3545 1618 livore
3572 1566 3807 1636 scripsit,

2225 1643 2557 1710 apertissima
2584 1660 2712 1700 voce
2745 1655 2985 1703 testatur.
3013 1649 3367 1717 Quamobrem
3390 1696 3404 1717 ,
3432 1672 3551 1710 cum
3580 1661 3809 1717 manife-

2225 1745 2364 1786 stum
2393 1734 2461 1787 sit
2488 1736 2599 1790 fieri
2629 1752 2782 1805 posse
2809 1749 2865 1792 ut
2886 1740 2936 1793 in
2967 1742 3046 1795 eis
3072 1742 3157 1811 qui
3185 1754 3391 1798 suntex
3415 1758 3563 1817 parte
3585 1749 3807 1814 diaboli.

2224 1834 2467 1879 sanctum
2500 1836 2674 1882 tamen
2700 1830 2770 1884 sit
2796 1830 3194 1887 Sacramcntum
3222 1834 3418 1891 Christi
3444 1880 3459 1904 ,
3489 1855 3594 1894 non
3621 1841 3688 1896 ad
3715 1858 3804 1897 sa-

2224 1913 2387 1968 lutem
2411 1957 2425 1979 ,
2454 1916 2547 1971 sed
2587 1918 2651 1972 ad
2690 1918 2946 1989 judicium
2984 1938 3167 1977 eorum
3194 1966 3208 1989 ,
3250 1942 3354 1981 non
3402 1930 3573 1984 solum
3605 1934 3651 1987 si
3687 1945 3808 2002 post

2222 2017 2495 2076 acceptum
2521 2008 2847 2077 Baptismum
2881 2024 3267 2082 pervertuntur,
3298 2017 3390 2072 sed
3417 2021 3574 2074 etiam
3602 2023 3646 2076 si
3670 2027 3807 2081 tales

2220 2097 2505 2166 accipiunt,
2530 2100 2666 2153 sicut
2695 2100 2833 2156 idem
2863 2102 3157 2174 Cyprianus
3181 2108 3429 2175 ostendit,
3459 2112 3657 2166 saeculo
3677 2131 3805 2170 ver-

2220 2186 2303 2240 bis
2325 2188 2453 2243 solis
2480 2199 2535 2244 et
2565 2206 2667 2244 nou
2692 2191 2843 2246 factis
2867 2196 3230 2252 renuntiantes
3256 2196 3447 2269 (Epist.
3482 2202 3568 2265 ll,
3597 2205 3667 2257 ad
3692 2206 3809 2261 Cle-

2220 2274 2421 2349 ricos);
2456 2296 2553 2335 nec
2581 2280 2699 2336 ideo
2730 2283 2772 2336 si
2800 2286 3023 2339 correcti
3055 2296 3236 2355 postea
3263 2287 3476 2357 fuerint,
3506 2293 3631 2347 illud
3658 2297 3804 2364 quod

2221 2370 2452 2438 perversi
2497 2382 2849 2441 acceperant,
2891 2375 3186 2430 iterandum
3226 2387 3309 2433 est
3337 2397 3350 2433 :
3380 2392 3633 2451 quantum
3658 2386 3806 2442 arbi-

2219 2467 2331 2513 tror
2354 2502 2369 2525 ,
2396 2460 2505 2530 jam
2542 2461 2708 2517 claret
2735 2474 2789 2517 et
2829 2464 3027 2535 liquet,
3060 2466 3111 2521 in
3151 2468 3248 2523 ista
3278 2472 3570 2540 qutestinne
3598 2474 3667 2531 de
3696 2476 3804 2533 Ba-

2219 2552 2413 2621 ptismo
2446 2568 2549 2608 non
2579 2570 2698 2609 esse
2726 2557 3062 2626 cogitandum
3093 2562 3209 2629 quis
3238 2560 3329 2617 det
3349 2604 3363 2627 ,
3395 2565 3487 2620 sed
3516 2567 3640 2635 quid
3668 2568 3802 2636 det;

2216 2651 2303 2696 aut
2326 2643 2444 2713 quis
2469 2646 2692 2715 accipiat
2717 2687 2732 2712 ,
2766 2648 2858 2703 sed
2888 2650 3013 2719 quid
3041 2652 3294 2721 accipiat;
3323 2663 3413 2708 aut
3441 2658 3560 2725 quis
3580 2656 3801 2729 habeat,

2216 2733 2309 2788 sed
2341 2735 2466 2804 quid
2507 2736 2717 2820 habeat.
2746 2738 2800 2795 Si
2842 2742 2982 2794 enim
3014 2741 3256 2799 homines
3281 2762 3344 2799 ex
3378 2757 3526 2816 parte
3555 2749 3800 2820 diaboli,

2216 2839 2267 2882 et
2294 2827 2413 2883 ideo
2439 2815 2765 2900 nequaquam
2793 2832 2859 2887 ad
2887 2834 3184 2889 columbam
3213 2836 3421 2892 unicam
3446 2842 3799 2908 pertinentes.

2216 2931 2437 2990 possunt
2466 2931 2638 2977 tamen
2679 2925 2920 2995 accipere
2960 2935 3014 2981 et
3060 2928 3255 2984 habere
3299 2939 3353 2985 et
3381 2931 3508 2986 dare
3534 2932 3800 3005 Baptismi

2214 3012 2581 3079 sanctitatem,
2617 3015 2764 3069 nullo
2792 3016 2952 3071 modo
2992 3034 3087 3074 sua
3132 3022 3478 3089 perversitate
3506 3026 3795 3093 violatam,

2213 3103 2349 3158 sicut
2373 3120 2437 3160 ex
2469 3106 2636 3175 ipsius
2664 3105 2911 3179 Cypriani
2945 3108 3138 3165 litteris
3181 3111 3564 3182 admonemur;
3608 3119 3799 3190 utquid

2214 3196 2492 3251 tribuimus
2536 3199 2801 3254 lneretieis
2844 3201 3061 3256 aliena?
3109 3205 3292 3274 utquid
3338 3206 3561 3264 dicimus
3607 3224 3798 3268 eorum

2211 3301 2331 3342 esse
2359 3287 2497 3359 quod
2527 3288 2723 3344 Christi
2752 3300 2862 3358 est;
2904 3308 2967 3346 ac
2996 3309 3103 3348 non
3130 3298 3305 3365 potius
3334 3297 3383 3351 iu
3415 3299 3495 3354 eis
3537 3310 3592 3356 et
3622 3302 3804 3375 Impe-

2210 3382 2402 3433 ratoris
2427 3382 2593 3435 nostri
2617 3383 2765 3453 signa
2795 3386 3184 3454 cognoscimus,
3212 3397 3266 3442 et
3291 3388 3625 3447 desertorum
3653 3392 3795 3450 facta

2209 3471 2589 3528 emendamus?
2612 3474 2944 3545 Quapropter
2965 3477 3106 3532 aliud
3133 3489 3214 3533 est
3233 3480 3471 3550 quidem,
3500 3485 3640 3539 sicut
3663 3484 3803 3543 dicit

2207 3574 2421 3619 sanctus
2448 3563 2740 3637 Cyprianus
2763 3610 2779 3633 ,
2806 3585 2889 3621 eos
2929 3570 3014 3638 qui
3043 3570 3177 3626 intus
3206 3573 3258 3625 in
3299 3572 3528 3629 Ecclesia
3556 3589 3708 3643 sunt,
3739 3581 3801 3637 in

2207 3659 2406 3712 nomine
2427 3656 2614 3713 Christi
2642 3661 2812 3732 loqui;
2836 3660 2982 3715 aliud
3010 3680 3091 3719 eos
3119 3666 3205 3733 qui
3233 3666 3357 3737 [oris
3382 3678 3517 3736 sunt,
3546 3679 3593 3723 et
3613 3681 3800 3727 contra

2208 3750 2485 3806 Ecclesiam
2511 3754 2735 3824 faciunt,
2767 3755 2817 3808 in
2845 3757 3044 3810 nomine
3081 3756 3271 3811 Christi
3294 3758 3550 3825 baptizare
3580 3760 3795 3836 (Epist.

2206 3843 2292 3903 73.
2316 3843 2382 3895 ad
2403 3842 2765 3917 Jubaianum).
2790 3846 2893 3900 Sed
2917 3856 2970 3901 et
2992 3849 3137 3902 multi
3161 3850 3249 3920 qui
3276 3851 3416 3905 intus
3435 3862 3576 3919 sunt,
3596 3864 3795 3912 contra

2204 3934 2493 3989 Ecclesiam
2540 3935 2737 3990 faciunt
2777 3938 2915 3993 male
2952 3937 3216 4008 vivendo,
3248 3949 3302 3995 et
3344 3942 3395 3996 in
3435 3957 3583 3999 suam
3623 3940 3792 4001 vitam

2202 4028 2441 4081 infirmas
2483 4029 2689 4083 animas
2734 4029 3094 4103 traducendo;
3143 4040 3197 4087 et
3237 4035 3476 4090 nonnulli
3526 4037 3613 4107 qui
3656 4036 3795 4093 loris

2202 4129 2344 4179 sunt.
2380 4120 2431 4173 in
2461 4120 2657 4176 Christi
2698 4122 2914 4177 nomine
2950 4123 3269 4193 loquuntur,
3302 4142 3402 4181 nec
3427 4129 3636 4196 Oper-ari
3666 4146 3794 4201 qua:

2198 4209 2393 4265 Christi
2414 4219 2557 4275 sunt,
2581 4211 2673 4266 sed
2696 4210 2826 4266 foris
2850 4227 2971 4268 esse
2998 4215 3367 4283 prohibentur,
3387 4219 3599 4288 quando
3614 4236 3712 4276 eos
3729 4232 3794 4278 ut

2197 4311 2454 4355 sanentur
2472 4302 2554 4356 vel
2576 4303 2892 4371 corripimus
2911 4344 2926 4370 ,
2951 4305 3035 4359 vel
3056 4306 3329 4375 arguimus
3346 4348 3361 4374 ,
3381 4309 3463 4363 vel
3479 4309 3788 4368 hortamur.

2195 4390 2325 4444 Nam
2343 4401 2396 4446 et
2413 4393 2501 4447 ille
2519 4393 2643 4447 foris
2660 4402 2793 4461 erat,
2814 4395 3036 4464 quicum
3057 4395 3325 4467 discipulis
3342 4415 3444 4453 non
3459 4401 3790 4469 sequebatur

2193 4482 2460 4536 Christum
2484 4525 2498 4549 ,
2532 4493 2584 4537 et
2612 4485 2663 4537 in
2692 4484 2907 4539 nomine
2934 4484 3130 4540 Christi
3157 4488 3457 4557 expellebat
3483 4488 3781 4561 daemonia,

2191 4573 2329 4642 quod
2355 4574 2605 4627 Dominus
2631 4590 2697 4628 ne
2719 4576 3091 4644 prohiberetur
3111 4576 3385 4632 admonuit
3402 4579 3561 4649 (Luc.
3590 4598 3667 4649 Ix,
3685 4584 3782 4651 l9,

2190 4663 2295 4734 50)
2329 4681 2342 4717 :
2375 4665 2614 4733 quamvis
2644 4666 2824 4735 utique
2864 4667 2914 4720 iu
2956 4683 3060 4738 quo
3106 4669 3315 4724 saucius
3358 4679 3473 4725 erat
3506 4675 3786 4730 curandus

2188 4764 2331 4808 esset
2352 4754 2454 4807 illis
2484 4754 2656 4809 verbis
2690 4755 2917 4819 Domini,
2948 4757 3039 4810 ubi
3070 4758 3162 4824 ait,
3198 4757 3299 4823 Qui
3328 4777 3429 4814 non
3457 4772 3530 4816 est
3556 4780 3781 4834 mecum,

2187 4845 2451 4899 adversum
2482 4864 2559 4899 me
2583 4858 2692 4912 est;
2733 4857 2779 4901 et
2825 4849 2912 4920 qui
2954 4866 3145 4903 mecum
3190 4869 3290 4905 non
3319 4854 3532 4925 colligit,
3577 4860 3782 4930 spargit

2187 4935 2398 5006 (Matth.
2429 4954 2521 5001 xu,
2552 4939 2675 5010 '50).
2704 4939 2773 4994 Et
2800 4940 2926 4994 foris
2955 4956 3080 5011 ergo
3111 4941 3239 4996 fiunt
3269 4943 3443 5014 aliqua
3472 4944 3525 5000 in
3552 4949 3780 5005 nomine

2185 5026 2398 5092 Christi,
2430 5044 2533 5082 non
2565 5040 2750 5083 contra
2778 5029 3103 5099 Ecclesiam;
3130 5042 3183 5086 et
3211 5032 3353 5087 intus
3376 5050 3439 5089 ex
3474 5047 3625 5106 parte
3649 5038 3776 5093 dia-

2184 5117 2288 5173 boli
2316 5130 2497 5173 contra
2529 5119 2844 5176 Ecclesium.

2253 5230 2478 5287 CAPUT
2516 5233 2610 5288 XI.
2633 5264 2703 5275 -—
2732 5236 2816 5290 l7.
2854 5235 2990 5304 Quid
3010 5279 3027 5305 ,
3061 5238 3197 5308 quod
3230 5240 3390 5295 etiam
3418 5242 3614 5299 mirum
3644 5257 3730 5301 est
3752 5289 3771 5313 ,

2182 5324 2321 5391 quod
2347 5324 2588 5379 accidere
2617 5342 2774 5396 posse
2817 5326 3021 5384 invenit
3062 5332 3152 5400 qui
3182 5331 3464 5401 diligenter
3492 5336 3724 5401 advertit
3749 5380 3771 5407 ,

2180 5415 2437 5483 quosdam
2464 5417 2610 5470 salva
2649 5416 2906 5474 cbaritate
2933 5420 3126 5476 docere
3155 5423 3353 5493 aliquid
3384 5425 3591 5494 inutile,
3625 5431 3787 5487 sicut

2180 5505 2370 5560 Petrus
2392 5506 2589 5561 Gentes
2613 5510 2833 5579 cogebat
2852 5500 3128 5579 judaizare
3152 5512 3357 5585 (Colat.
3388 5533 3443 5582 ιι,
3476 5519 3543 5572 14
3559 5519 3599 5590 ),
3623 5522 3769 5578 sicut

2178 5595 2292 5666 ipse
2314 5595 2613 5667 Cyprianus
2646 5598 2924 5655 haereticos
2950 5602 3125 5657 denuo
3156 5606 3406 5673 baptizari
3429 5624 3448 5663 :
3472 5610 3614 5665 unde
3639 5614 3769 5669 tali-

2176 5689 2277 5743 bus
2301 5688 2455 5743 bOnis
2478 5692 2732 5747 membris
2764 5694 2814 5747 in
2841 5695 3101 5751 ebaritate
3126 5699 3393 5766 radicatis,
3419 5711 3474 5757 et
3498 5704 3549 5757 iu
3578 5707 3765 5777 aliquo

2175 5798 2281 5838 nou
2303 5792 2448 5838 recte
2468 5784 2883 5852 ingredientibus
2903 5788 3029 5844 dicit
3050 5792 3355 5860 Apostolus,
3386 5795 3446 5849 Si
3469 5797 3590 5868 quid
3608 5801 3765 5856 aliter

2177 5875 2371 5945 sapitis,
2396 5872 2449 5927 id
2468 5891 2659 5946 quoque
2677 5878 2811 5932 vobis
2832 5878 2968 5934 Deus
2994 5882 3226 5936 reuelabit
3249 5882 3503 5957 (Philipp.
3527 5904 3604 5957 tn,
3629 5890 3718 5962 l5)
3737 5909 3757 5948 :
