4008 6470
197 403 292 458 165

192 524 240 568 et
264 512 524 583 quosdam
571 529 756 569 rursus
783 516 899 570 sine
937 514 1195 572 rharitate
1224 517 1417 571 docere
1454 518 1651 589 aliquid
1681 536 1767 571 sa-

193 607 336 658 labre
354 644 369 667 ,
397 603 470 659 de
498 606 744 674 qualibus
790 607 1047 661 Dominus
1086 607 1247 671 dicit,
1275 606 1577 663 Cathedram
1607 609 1774 678 Moysi

189 696 374 747 sedent.
407 696 538 760 ρυω
564 696 774 762 dicunt,
800 698 981 768 facite;
1021 714 1135 767 quo:
1161 710 1325 752 autem
1365 701 1586 768 faciunt,
1618 700 1773 753 nolite

189 792 353 858 facere
382 804 403 842 :
429 788 605 841 dicunt
647 790 797 856 enim,
838 799 887 844 et
926 807 1027 844 non
1070 791 1261 862 faciunt
1291 790 1493 858 (Matth.
1533 806 1683 855 χχιιι,
1712 791 1768 856 2,

186 878 291 949 3)?
317 875 477 933 Unde
506 888 561 933 et
594 880 875 947 Apostolus
900 881 965 935 de
1009 881 1114 935 illis
1158 880 1347 934 invidis
1375 890 1429 935 et
1457 882 1617 935 malet
1630 882 1729 935 olis
1749 921 1765 945 ,

188 970 532 1023 christianum
557 980 734 1024 tamen
756 971 977 1025 salutem
1006 972 1461 1035 annuntiantihus,
1488 971 1605 1025 Sive
1625 988 1770 1024 occa-

186 1060 341 1125 sione,
362 1060 556 1126 inm-it,
574 1062 679 1114 sive
698 1062 901 1116 veritate
923 1061 1149 1117 Christus
1170 1064 1491 1116 annuntietur
1506 1062 1764 1135 (Philipp.

187 1167 224 1215 ι,
249 1150 371 1220 15).
400 1153 741 1221 Quapropter
763 1161 819 1207 et
846 1153 987 1207 intus
1011 1162 1065 1209 et
1090 1153 1219 1208 foris
1248 1154 1566 1223 perversitas
1596 1154 1768 1208 homi-

188 1257 306 1295 nutu
334 1243 653 1310 corrigenda
682 1252 764 1296 est
786 1283 801 1304 ,
829 1242 1005 1298 divina
1035 1260 1160 1297 vero
1187 1245 1530 1300 Sacramenta
1571 1255 1625 1300 et
1652 1247 1767 1299 elo-

187 1334 307 1402 quia
334 1348 441 1386 non
471 1333 773 1388 hominibus
799 1334 1094 1389 tribuenda.
1125 1333 1241 1389 Non
1274 1336 1448 1404 itaque
1473 1337 1766 1405 patrocina-

188 1434 261 1477 tur
282 1424 557 1490 Itcreticis,
588 1425 678 1494 qui
708 1441 812 1479 non
842 1426 922 1479 eis
953 1426 1135 1479 tribuit
1162 1426 1302 1496 quod
1333 1428 1376 1481 si
1404 1436 1457 1481 et
1485 1426 1622 1495 apud
1648 1442 1762 1492 eos,

186 1530 285 1569 non
313 1523 497 1568 tamen
524 1515 761 1583 ipsorum
789 1530 908 1570 esse
936 1517 1227 1585 cognoscit.
1262 1515 1374 1571 Non
1412 1531 1510 1571 nos
1531 1518 1765 1570 concedi-

185 1622 290 1660 mus
316 1607 559 1660 heretico
588 1605 904 1678 Baptismum
928 1624 943 1673 ;
986 1609 1078 1663 sed
1126 1609 1264 1663 illius
1307 1609 1628 1677 Baptismum
1654 1650 1668 1671 .
1698 1609 1765 1664 de

184 1709 281 1764 quo
306 1695 509 1749 dictum
541 1706 661 1761 est,
703 1696 803 1751 Hic
831 1708 903 1752 est
938 1700 1024 1770 qui
1067 1697 1287 1767 baptiut
1320 1697 1507 1769 (Joan.
1549 1714 1586 1763 ι,
1614 1699 1759 1768 55),

185 1785 500 1858 ubicumque
526 1788 907 1852 invenerimus.
936 1792 1290 1861 agnoscimus.
1324 1790 1563 1861 Perﬁdus
1587 1801 1761 1847 autem

182 1889 224 1931 et
244 1878 571 1949 blasphemus
595 1881 639 1934 si
668 1881 721 1935 in
749 1880 968 1949 perfidia
998 1891 1054 1936 et
1095 1882 1421 1952 blasphemia
1454 1898 1764 1953 permanse-

182 1968 262 2034 rit,
284 1985 387 2025 nec
407 1980 552 2024 extra
574 1970 873 2036 Ecclesium,
900 1987 1001 2026 nec
1026 1972 1161 2027 intra
1190 1973 1482 2028 Ecclesiam
1509 1975 1763 2028 remissio-

181 2076 286 2112 nem
313 2060 507 2128 accipit
547 2072 867 2131 peccatorum
909 2077 929 2116 :
968 2071 1060 2117 aut
1095 2062 1139 2116 si
1189 2072 1407 2132 prOpter
1430 2063 1534 2117 vim
1572 2062 1763 2119 Sacra-

181 2153 338 2205 menti
366 2152 436 2206 ad
462 2163 723 2222 punctum
754 2154 1007 2224 temporis
1051 2154 1282 2223 accipit,
1307 2164 1363 2210 et
1389 2153 1517 2209 foris
1541 2163 1593 2210 et
1623 2155 1763 2211 intus

179 2243 359 2297 eadem
388 2243 472 2298 vis
500 2255 753 2314 operatur
775 2286 792 2313 ,
821 2246 957 2299 sicut
982 2246 1060 2299 vis
1086 2247 1318 2301 nominis
1344 2245 1540 2302 Christi
1569 2246 1759 2317 expul-

178 2334 380 2390 sionem
411 2335 803 2390 daemoniorum
834 2335 963 2392 foris
992 2336 1151 2392 etiam
1174 2337 1512 2406 operabatur.

242 2426 473 2484 CAPUT
503 2425 617 2482 XII.
644 2457 716 2469 —
744 2428 831 2483 I8.
870 2430 938 2483 At
962 2427 1103 2483 enim
1125 2428 1400 2482 invenimus
1425 2428 1690 2498 Apostolos
1709 2429 1761 2483 in

178 2517 405 2573 omnibus
428 2517 675 2589 Epistolis
694 2518 801 2573 suis
825 2519 1071 2573 exsecrari
1094 2528 1141 2573 et
1161 2518 1396 2572 detestari
1416 2518 1761 2573 hwreticorum

180 2612 471 2683 sacrilegam
500 2612 821 2682 prauitatem,
852 2611 923 2664 ita
963 2618 1016 2663 ut
1061 2609 1231 2663 dicant
1268 2625 1545 2663 sermonem
1588 2625 1761 2662 eorum

180 2703 299 2756 sicut
319 2718 507 2755 cancer
525 2702 541 2733 ⁸
568 2718 787 2772 serpere.
810 2700 944 2770 Quid
962 2700 1141 2757 enim?
1161 2709 1215 2755 et
1240 2701 1357 2755 illos
1375 2700 1462 2772 qui
1490 2699 1756 2767 dicebant,

186 2789 547 2845 Handucemus
576 2802 622 2845 et
646 2792 870 2845 bibamus
894 2833 908 2858 ,
940 2807 1053 2845 cras
1080 2791 1213 2845 enim
1238 2791 1509 2845 moriemur
1534 2832 1549 2857 ,
1582 2804 1759 2846 nonne

184 2894 520 2954 corruptores
572 2898 781 2938 morum
847 2883 1108 2938 bonorum
1162 2896 1259 2953 per
1309 2881 1446 2936 mala
1497 2882 1756 2952 colloquia

186 2973 369 3029 Paulus
385 2990 510 3030 esse
531 2976 852 3041 manifestat,
875 2975 1129 3028 continuo
1154 2972 1496 3043 subjungens,
1516 2971 1757 3026 Corrum-

187 3076 299 3135 punt
322 3083 489 3120 mores
515 3065 672 3119 bonos
710 3065 959 3133 colloquia
988 3064 1157 3129 mala;
1183 3073 1237 3119 et
1279 3072 1454 3117 tamen
1495 3078 1588 3119 eos
1619 3063 1759 3118 intus

188 3155 335 3212 fuisse
359 3156 696 3227 signiﬁcavit,
720 3172 839 3211 cum
864 3156 956 3221 ait,
987 3155 1252 3220 Quomodo
1280 3154 1450 3208 dicunt
1476 3155 1679 3225 quidam
1704 3155 1758 3207 in

189 3249 309 3302 vobis
350 3251 470 3320 quia
511 3249 806 3303 resurrectio
844 3259 1156 3302 mortuorum
1198 3265 1297 3303 non
1337 3259 1409 3302 est
1436 3248 1484 3319 (ll
1513 3247 1629 3302 Cor.
1660 3264 1752 3314 xv,

191 3338 269 3403 32,
294 3340 382 3406 3'5,
410 3338 555 3410 12)?
592 3341 796 3394 Avaros
819 3348 995 3393 autem
1037 3338 1127 3394 ubi
1158 3354 1262 3394 non
1291 3339 1625 3393 detestatur?
1650 3339 1757 3393 Aut

189 3442 301 3484 vero
320 3428 611 3500 quidquam
636 3427 740 3483 dici
766 3429 935 3499 potuit
957 3428 1342 3495 vehementius,
1373 3444 1530 3499 quam
1558 3438 1615 3483 nt
1644 3429 1758 3485 ido-

190 3521 342 3577 lorum
364 3523 597 3577 servitus
617 3520 834 3576 avaritia
861 3521 1145 3588 diceretur,
1165 3520 1302 3576 sicut
1322 3520 1460 3576 idem
1482 3519 1754 3591 apostolus

189 3614 348 3682 posuit
367 3612 387 3685 (
406 3612 603 3682 Ephes.
633 3626 689 3679 v,
714 3611 777 3684 5)
810 3630 823 3666 :
849 3628 946 3668 nec
970 3612 1268 3684 Cyprianus
1295 3612 1453 3668 aliter
1473 3612 1751 3677 intellexit,

189 3715 236 3760 et
259 3706 442 3761 litteris
471 3705 588 3761 suis
612 3701 700 3760 ubi
728 3721 863 3775 opus
884 3716 999 3761 erat
1021 3707 1273 3772 inseruit;
1303 3706 1390 3776 qui
1421 3716 1596 3761 tamen
1625 3721 1755 3761 con-

190 3796 351 3851 ﬁtetur
368 3796 484 3851 suis
510 3795 838 3865 temporibus
868 3796 921 3851 in
952 3796 1191 3853 Ecclesia
1222 3796 1382 3851 fuisse
1408 3812 1513 3851 non
1538 3797 1753 3867 quales-

187 3901 396 3958 cumque
444 3900 673 3945 avaros.
720 3884 817 3941 sed
865 3894 1103 3956 raptores
1149 3895 1204 3942 et
1245 3886 1606 3953 feneratores;
1655 3902 1754 3943 nec

187 3982 435 4051 quoslibet
460 3979 728 4047 homines,
756 3978 849 4034 sed
875 3980 1172 4049 episcopos.
1204 3977 1515 4050 Quanquam
1544 3987 1600 4034 et
1623 3980 1753 4034 istos

186 4073 242 4128 de
264 4074 452 4142 quibus
496 4072 574 4126 ait
613 4070 939 4141 Apostolus,
970 4070 1149 4125 Sermo
1193 4086 1363 4124 eorum
1405 4071 1531 4125 sicut
1573 4085 1754 4125 cancer

182 4165 340 4234 serpit,
371 4162 569 4218 vellem
601 4160 899 4231 intelligere
927 4158 1056 4215 foris
1097 4158 1292 4226 fuisse;
1335 4159 1431 4214 sed
1456 4158 1754 4232 Cyprianus

181 4254 282 4322 ipse
301 4269 387 4308 me
407 4268 518 4308 non
545 4252 693 4307 sinit.
725 4251 857 4307 Cum
883 4251 1025 4307 enim
1049 4250 1116 4306 ad
1137 4252 1494 4306 Antonianum
1514 4252 1753 4307 scribens

179 4346 476 4402 ostenderet
501 4352 626 4401 ante
654 4352 863 4415 tempus
892 4342 1091 4399 ultima:
1114 4344 1466 4412 separationis
1486 4344 1753 4414 justorum

179 4444 227 4490 ct
247 4436 549 4509 iniquorum
574 4435 723 4492 nullo
749 4435 907 4492 modo
935 4450 1055 4491 esse
1083 4444 1300 4507 propter
1319 4436 1752 4491 commixtionem

181 4528 433 4584 malorum
462 4527 532 4583 ab
576 4526 830 4583 Ecclesia:
868 4527 1069 4582 unitate
1110 4525 1467 4582 recedendum
1491 4569 1507 4595 ,
1538 4526 1629 4581 ubi
1655 4526 1752 4582 de-

181 4621 333 4677 clarat
350 4637 515 4693 quam
545 4622 616 4676 sit
642 4629 859 4677 sanctus
880 4660 896 4687 ,
920 4630 977 4676 et
1000 4621 1085 4675 illa
1111 4636 1269 4691 quam
1296 4621 1489 4676 meruit
1514 4620 1753 4692 martyrii

181 4715 407 4772 claritate
449 4714 795 4785 dignissimus
819 4756 833 4779 ,
877 4714 951 4769 ait
991 4729 1006 4767 :
1052 4713 1282 4781 Quantus
1323 4714 1632 4784 arrogantia:
1672 4724 1755 4769 tu-

182 4822 278 4861 mor
303 4818 395 4876 est,
427 4818 621 4879 quanta
658 4808 956 4862 humilitatis
984 4816 1032 4861 et
1061 4806 1279 4861 lenitatis
1314 4807 1515 4874 oblivio,
1544 4817 1590 4862 et
1611 4824 1754 4862 arro-

181 4900 354 4965 gantia:
372 4914 484 4954 sua:
508 4908 697 4971 quanta
712 4899 947 4970 jactatio,
975 4907 1028 4951 ut
1056 4898 1169 4968 quis
1192 4898 1376 4951 audeat
1406 4906 1492 4951 aut
1518 4900 1684 4969 facere
1702 4915 1755 4955 se

184 5004 316 5055 posse
340 4991 536 5056 credat,
566 4990 700 5061 quod
733 5006 823 5044 nec
846 4988 1100 5061 Apostolis
1128 4989 1369 5043 concessit
1392 4988 1637 5044 Dominus
1654 5032 1670 5058 ,
1698 4999 1754 5044 ut

182 5080 366 5134 sisania
390 5097 421 5134 a
451 5084 703 5152 frumento
743 5088 881 5151 putet
910 5095 969 5150 se,
987 5095 1131 5150 posse
1156 5078 1435 5133 discernere
1454 5119 1468 5144 ,
1500 5088 1587 5132 aut
1610 5079 1753 5147 quasi

182 5167 270 5235 ipsi
296 5173 469 5239 palam
491 5172 625 5243 ferre
648 5177 693 5223 et
717 5185 888 5223 aream
915 5185 1131 5241 purgare
1155 5185 1445 5223 concessum
1466 5170 1550 5236 sit,
1582 5170 1753 5240 paleas

183 5273 377 5318 conetur
414 5280 447 5315 a
486 5260 650 5315 tritico
692 5276 930 5332 separare
968 5276 987 5315 :
1029 5276 1241 5327 cumque
1269 5259 1540 5329 Apostolus
1577 5262 1749 5330 dicat,

189 5371 205 5402 ι
247 5352 313 5408 In
340 5353 493 5407 domo
534 5362 705 5406 autem
746 5368 963 5423 magna,
1000 5368 1101 5405 non
1126 5352 1289 5406 solum
1315 5362 1430 5406 sunt
1454 5368 1573 5407 vasa
1598 5370 1755 5408 aurea

183 5457 226 5499 et
244 5459 500 5518 argentea,
523 5446 613 5501 sed
634 5455 677 5500 et
698 5446 865 5517 lignea
889 5453 936 5498 et
957 5445 1172 5514 ﬁctilia;
1216 5463 1236 5497 ι
1280 5461 1433 5498 aurea
1456 5454 1501 5498 et
1521 5456 1755 5515 argentea

185 5556 295 5591 casa
318 5540 547 5593 videatur
574 5539 754 5610 eligere
778 5576 793 5604 ,
824 5536 988 5608 lignea
1024 5552 1136 5590 vero
1163 5545 1210 5590 et
1249 5536 1423 5603 ﬁctilia
1447 5545 1759 5591 contemnere

186 5638 228 5680 et
252 5630 462 5701 ubjicere
489 5640 537 5683 et
568 5630 842 5693 damnare,
882 5627 1083 5697 quando
1113 5643 1213 5680 non
1241 5627 1338 5679 nisi
1362 5626 1412 5678 in
1443 5628 1523 5679 die
1552 5625 1757 5680 Domini

186 5733 295 5773 rasa
324 5722 489 5792 lignea
515 5720 673 5774 divini
711 5720 908 5773 ardoris
938 5720 1166 5773 incendio
1192 5727 1586 5786 concrementur,
1615 5730 1661 5773 et
1688 5720 1756 5789 [i-

245 5850 267 5884 ‘
279 5854 379 5905 sola
403 5855 555 5905 editio
577 5859 712 5917 ιον..
733 5850 856 5905 sicut
882 5864 1129 5903 cancrum.

1499 406 1697 461 uasa
1736 406 2073 476 QUARTUS.

3346 427 3447 486 166

1883 522 2021 573 ctilia
2047 523 2109 574 ab
2139 539 2195 576 co
2219 525 2301 577 cui
2327 525 2447 580 data
2471 538 2541 581 est
2570 530 2731 601 ferrea
2763 530 2899 601 virga
2932 531 3097 604 (Psal.
3128 551 3185 600 ιι,
3215 536 3284 611 9)
3313 543 3451 613 [run-

1877 622 2063 681 guntur
2091 613 2291 684 (Epist.
2321 617 2457 689 55)?
2482 618 2571 674 Sic
2600 621 2757 690 igitur
2785 638 3011 693 arguens
3038 624 3333 699 Cyprianus
3352 649 3448 688 eos

1878 702 1964 770 qui
1996 712 2241 773 tanquam
2275 708 2531 775 malorum
2571 714 2900 769 consortium
2925 716 3221 775 devitantes
3242 763 3258 787 ,
3288 737 3348 778 se
3380 726 3450 779 ab

1877 792 2076 847 unitate
2112 795 2448 866 disruperant
2470 841 2485 864 ,
2512 803 2744 859 ostendit
2770 822 3014 877 ttiagnam
3044 809 3259 865 domum
3289 828 3448 884 quam

1875 881 2007 936 dixit
2031 884 2313 953 Apostolus
2337 928 2352 953 ,
2387 889 2474 944 ubi
2517 904 2696 947 essent
2723 910 2829 950 non
2859 898 3032 952 solum
3061 914 3187 956 vasa
3211 881 3370 958 aurea
3394 915 3450 961 et

1874 985 2144 1041 argentea,
2176 977 2269 1030 sed
2296 987 2351 1032 et
2379 979 2550 1048 lignea
2576 992 2630 1037 et
2657 983 2834 1040 ﬁctilia
2859 1028 2873 1051 ,
2906 1004 3011 1043 non
3037 1004 3097 1046 se
3122 993 3447 1051 intellexisse

1873 1066 1974 1119 nisi
2002 1065 2318 1135 Ecclesiam,
2350 1072 2438 1125 ubi
2463 1083 2645 1129 essent
2667 1075 2791 1131 boni
2818 1088 2872 1133 et
2898 1081 3041 1147 mali,
3067 1084 3237 1140 duncc
3260 1087 3310 1139 in
3342 1088 3448 1143 lino

1873 1157 2010 1210 sicut
2032 1173 2189 1213 aurea
2213 1163 2463 1218 ventilata
2487 1176 2758 1236 purgetur.
2786 1168 2936 1236 Quod
2966 1173 3011 1227 si
3039 1174 3109 1229 ita
3130 1186 3230 1241 est,
3258 1178 3307 1232 in
3330 1179 3442 1247 ipsa

1872 1244 2111 1303 Ecclesia
2138 1290 2154 1315 ,
2184 1250 2236 1304 id
2266 1260 2388 1317 est,
2420 1252 2472 1307 in
2502 1255 2613 1324 ipsa
2643 1257 2803 1313 domo
2832 1276 3019 1331 magna
3057 1277 3210 1320 erant
3240 1244 3363 1323 vasa
3392 1271 3445 1324 in

1870 1339 2262 1407 contumeliam,
2286 1358 2509 1410 quorum
2535 1361 2713 1401 sermo
2736 1358 2791 1404 ut
2814 1366 3003 1407 cancer
3023 1357 3287 1423 serpebat.
3310 1359 3443 1414 Nam

1870 1442 1990 1482 cum
2029 1429 2098 1485 de
2144 1431 2247 1487 illis
2288 1435 2579 1504 Apostolus
2620 1439 2957 1509 loqueretur,
2991 1448 3092 1501 hoc
3119 1448 3298 1504 docuit
3329 1468 3343 1505 :
3376 1451 3445 1505 Et

1866 1534 2050 1585 sermo,
2078 1521 2267 1592 inquit,
2296 1541 2466 1579 eorum
2494 1528 2622 1582 sicut
2654 1546 2837 1585 cancer
2859 1536 3058 1604 serpit;
3086 1555 3146 1591 ea:
3168 1542 3344 1607 quibus
3371 1553 3445 1597 est

1871 1608 2179 1680 Hymeeneus
2220 1624 2265 1668 et
2310 1614 2568 1684 Philetas,
2599 1620 2687 1688 qui
2732 1622 2866 1676 circa
2903 1626 3157 1680 veritatem
3183 1631 3445 1685 aberrare-

1867 1710 2004 1766 runt,
2035 1702 2252 1758 dicentes
2275 1710 2687 1762 resurrectionem
2713 1711 2828 1781 jam
2853 1714 3043 1783 [actam
3071 1732 3196 1783 esse,
3227 1729 3271 1771 et
3291 1720 3445 1787 ﬁdem

1866 1792 2199 1858 quorumdam
2236 1795 2542 1852 subvertant.
2583 1798 2817 1855 Firmum
2862 1813 3030 1858 autem
3064 1808 3446 1877 fundemtentum

1868 1882 1963 1937 Dei
1989 1893 2088 1938 stat
2114 1886 2300 1942 habens
2326 1890 2642 1959 signaculum
2684 1893 2777 1947 hoc
2813 1911 2832 1950 :
2882 1894 3039 1951 Novit
3068 1898 3313 1955 Dominus
3354 1904 3444 1972 qui

1866 1985 1984 2028 sunt
2015 1976 2158 2044 ejus;
2196 1989 2241 2032 ct
2268 1982 2464 2035 recedat
2503 1982 2565 2036 ab
2608 1985 2871 2056 iniquitate
2897 1991 3059 2043 omnis
3093 1994 3179 2061 qui
3217 1996 3444 2050 nominat

1869 2081 2050 2120 nomen
2075 2066 2304 2124 Domini.
2328 2070 2396 2126 In
2416 2090 2601 2145 magna
2628 2086 2797 2131 autem
2825 2079 2995 2146 domo,
3016 2098 3115 2136 non
3140 2084 3303 2139 solum
3324 2101 3445 2141 uasa

1864 2172 2019 2210 aurea
2050 2167 2167 2211 sunt
2193 2168 2239 2213 et
2265 2172 2519 2231 argentea,
2543 2164 2633 2218 sed
2652 2175 2699 2219 et
2725 2166 2891 2238 lignea
2907 2179 2953 2223 et
2975 2170 3153 2239 ﬁctilia
3181 2174 3199 2244 (
3225 2173 3265 2226 ll
3298 2173 3438 2231 Tim.

1865 2262 1924 2313 ιι,
1956 2249 2169 2320 17-20).
2199 2250 2256 2307 Si
2298 2269 2426 2324 ergo
2464 2265 2519 2310 et
2558 2257 2645 2313 isti
2692 2274 2917 2329 quorum
2962 2277 3143 2319 sermo
3170 2274 3225 2320 ut
3248 2281 3444 2325 cancer

1864 2342 2153 2411 serpebat,
2193 2354 2442 2415 tanquam
2483 2364 2607 2404 vasa
2658 2352 2711 2407 in
2762 2358 3134 2412 contumeliam
3187 2360 3241 2415 in
3282 2362 3445 2418 domo

1864 2445 2052 2502 magna
2077 2442 2231 2488 erant
2252 2474 2268 2499 ,
2292 2451 2450 2505 quam
2478 2438 2696 2494 domum
2722 2457 2965 2513 magnam
2995 2446 3247 2504 Ecclesia
3276 2452 3443 2521 ipsius

1865 2520 2117 2577 unitatem
2138 2523 2435 2595 Cyprianus
2452 2528 2714 2601 intelligit,
2735 2537 2989 2604 numquid
3006 2538 3230 2595 istorum
3245 2520 3443 2599 cancer

1864 2610 2193 2682 Baptismum
2221 2614 2415 2672 Christi
2445 2619 2711 2676 violabat?
2737 2621 2813 2677 Ita
2842 2639 2971 2695 ergo
2996 2642 3095 2683 tiec
3118 2628 3268 2695 foris,
3301 2633 3442 2690 sicut

1862 2720 1961 2760 nec
1985 2706 2161 2777 intus,
2186 2709 2464 2779 quisquam
2500 2713 2589 2784 qui
2616 2728 2683 2769 ex
2721 2726 2871 2785 parte
2892 2718 3087 2775 diaboli
3113 2731 3197 2777 est
3217 2764 3235 2788 ,
3263 2734 3447 2793 potest

1837 2795 1945 2879 .vel
1967 2796 2018 2849 in
2042 2810 2102 2851 se
2121 2799 2204 2852 vel
2226 2800 2278 2852 in
2305 2815 2568 2871 quoquam
2590 2806 2856 2862 maculare
2876 2807 3275 2867 Sacr-amentum
3294 2816 3441 2884 quod

1861 2884 2058 2941 Christi
2075 2898 2177 2943 est.
2204 2889 2321 2945 Non
2344 2891 2521 2963 itaque
2541 2894 2629 2948 dat
2655 2898 2915 2952 remissam
2940 2912 3256 2970 peccatorum
3274 2921 3440 2961 sermo

1859 2978 1947 3046 qui
1975 2987 2029 3031 ut
2056 2994 2235 3033 cancer
2261 2983 2418 3053 serpit
2454 2984 2523 3037 ad
2568 3001 2719 3040 aures
2761 2989 3072 3044 audientium
3102 2991 3304 3063 (Epist.
3333 2996 3437 3065 75,

1859 3069 1928 3121 ad
1953 3068 2235 3143 Jubaian.)
2268 3091 2283 3127 :
2316 3076 2411 3131 sed
2448 3092 2569 3132 cum
2611 3080 2877 3149 Baptisma
2918 3085 3091 3140 verbis
3119 3090 3437 3161 evangelici:

1859 3162 2051 3231 datur,
2101 3166 2336 3236 qualibet
2391 3183 2454 3223 ea
2504 3173 2854 3241 perversitate
2900 3175 3159 3248 intelligat
3203 3181 3292 3236 ille
3343 3200 3430 3254 pet

1859 3269 2016 3325 quem
2041 3255 2217 3323 datur,
2246 3260 2331 3314 vel
2360 3260 2449 3316 ille
2474 3263 2558 3317 cui
2587 3263 2762 3330 datur,
2791 3267 2961 3335 ipsum
2990 3284 3086 3339 per
3110 3286 3167 3327 se
3188 3286 3434 3332 sanctum

1858 3352 1942 3399 est
1979 3355 2193 3416 propter
2231 3348 2377 3404 illum
2406 3351 2560 3421 cujus
2588 3362 2690 3408 est.
2722 3354 2789 3409 Et
2829 3357 2872 3410 si
2902 3359 3022 3427 quis
3050 3375 3144 3429 per
3167 3362 3436 3422 hominem

1858 3448 2166 3504 perversum
2192 3436 2245 3491 id
2270 3438 2538 3509 accipiens
2561 3481 2577 3505 ,
2606 3457 2713 3498 non
2737 3443 2961 3514 accipiat
2992 3456 3166 3504 tamen
3206 3453 3438 3510 ministri

1858 3526 2295 3594 perversitatem,
2339 3529 2433 3584 sed
2478 3531 2643 3586 solam
2689 3537 2925 3605 mysterii
2971 3543 3345 3611 sanctitatem,
3377 3547 3437 3601 in

1857 3613 1996 3669 bona
2036 3615 2142 3672 lide
2183 3625 2238 3672 et
2264 3632 2360 3687 spe
2401 3628 2457 3674 et
2494 3620 2754 3679 charitate
2803 3625 2991 3681 unitati
3034 3633 3436 3701 compaginatus

1857 3705 2110 3762 Ecclesia:
2131 3749 2148 3774 ,
2181 3711 2548 3767 remissionem
2576 3715 2769 3784 accipit
2796 3728 3132 3785 peccatorum
3157 3738 3172 3787 ;
3206 3740 3309 3778 non
3337 3741 3435 3794 per

1857 3796 2020 3852 verba
2046 3799 2183 3853 sicut
2204 3816 2399 3857 cancer
2425 3806 2714 3873 serpentia,
2746 3808 2838 3862 sed
2869 3824 2964 3877 per
2989 3814 3297 3882 evangelica
3328 3816 3431 3872 Sa-

1856 3898 2127 3943 cramenta
2152 3889 2219 3945 de
2246 3891 2453 3948 cmlesti
2496 3893 2641 3949 lonte
2681 3900 2968 3952 manantia.
3015 3900 3072 3955 Si
3108 3912 3282 3959 autem
3316 3906 3437 3975 ipse

1856 3978 1947 4049 qui
1973 3980 2168 4050 accipit
2201 3995 2482 4050 perversos
2520 3994 2641 4051 est,
2673 4001 2772 4040 nec
2818 4002 3072 4056 perverso
3110 3992 3176 4046 ad
3205 3993 3433 4051 salutem

1857 4068 2074 4138 prodest
2108 4070 2252 4139 quod
2296 4071 2480 4139 datur;
2519 4083 2573 4129 et
2614 4085 2857 4132 sanctum
2900 4087 3074 4135 tamen
3116 4080 3170 4135 in
3209 4098 3275 4139 eo
3305 4100 3429 4153 pcr-

1854 4171 2036 4215 manet
2059 4162 2201 4232 quod
2228 4163 2486 4233 accipitur
2507 4205 2524 4232 ,
2552 4180 2651 4221 nec
2694 4166 2745 4221 ei
2772 4168 2821 4222 si
2848 4180 3121 4225 correctus
3147 4171 3306 4230 fuerit
3334 4178 3432 4231 ite-

1855 4262 2020 4308 ratur.

1924 4342 2150 4399 CAPUT
2186 4343 2325 4400 XIII.
2367 4376 2440 4387 —
2472 4345 2559 4403 l9.
2587 4347 2742 4404 Nulla
2774 4350 2951 4421 itaque
2995 4354 3314 4427 participatio
3352 4368 3427 4414 est

1845 4435 2063 4505 justitice
2081 4446 2128 4490 et
2155 4437 2405 4508 iniquitati
2427 4455 2445 4503 ;
2484 4455 2592 4494 non
2626 4441 2798 4496 solum
2826 4459 2945 4512 quas
2974 4444 3123 4513 loris,
3148 4449 3241 4503 sed
3270 4452 3433 4506 etiam

1854 4542 1973 4596 qua
1998 4528 2139 4582 intus
2166 4537 2267 4584 est.
2298 4529 2453 4585 Novit
2490 4534 2631 4588 enim
2674 4534 2921 4590 Dominus
2943 4539 3029 4607 qui
3061 4552 3178 4594 sunt
3202 4543 3351 4612 ejus;
3381 4558 3431 4600 et

1854 4620 2050 4673 recedat
2078 4620 2141 4674 ab
2165 4621 2424 4691 iniquitate
2458 4626 2618 4679 omnis
2649 4627 2737 4698 qui
2770 4629 2964 4683 invocat
2989 4647 3169 4686 nomen
3202 4633 3435 4693 Domini.

1853 4710 2008 4766 Nulla
2036 4713 2196 4768 etiam
2237 4719 2518 4771 communio
2544 4728 2615 4772 est
2655 4720 2757 4774 luci
2789 4732 2835 4775 et
2876 4724 3087 4778 tenebris
3118 4726 3181 4799 (Il
3209 4728 3328 4783 Cor.
3354 4747 3439 4799 vr,

1856 4802 1945 4875 14)
1975 4819 1991 4869 ;
2023 4820 2128 4859 non
2156 4806 2327 4861 solum
2353 4823 2471 4878 qua:
2496 4808 2647 4877 loris,
2673 4812 2765 4867 sed
2794 4814 2952 4869 etiam
2982 4834 3099 4887 qua:
3124 4821 3266 4875 intus
3285 4836 3438 4880 sunt.

1859 4894 1957 4961 Qui
1981 4897 2122 4951 enim
2158 4897 2263 4950 odit
2292 4898 2499 4967 fratrem
2536 4916 2715 4967 suum,
2745 4905 2820 4959 ait
2857 4905 3107 4975 Joannes,
3140 4912 3193 4965 in
3222 4914 3441 4970 tenebris

1856 4989 2101 5055 estusque
2122 4989 2290 5043 adhuc
2329 4988 2385 5060 (I
2408 4990 2563 5045 Joan.
2595 5008 2652 5060 ιι,
2684 4994 2775 5064 9).
2805 4995 2874 5051 Et
2911 5000 3089 5071 utique
3115 5003 3189 5057 illi
3212 5004 3439 5059 oderant

1856 5075 2076 5131 Paulum
2096 5118 2111 5143 ,
2152 5078 2240 5148 qui
2281 5080 2481 5136 invidia
2509 5091 2565 5137 et
2587 5084 2841 5141 malevola
2880 5088 3242 5149 dissensione‘
3272 5095 3433 5148 Chri-

1856 5176 1995 5221 stum
2013 5169 2409 5237 annuntiantes,
2423 5173 2818 5231 arbitrabantur
2837 5193 2897 5233 se
2922 5182 3312 5237 tribulationem
3340 5200 3439 5238 es-

1856 5262 2022 5315 citare
2045 5260 2268 5317 vinculis
2312 5264 2428 5332 ejus
2453 5263 2713 5336 (Philipp.
2742 5283 2781 5335 l,
2812 5270 2901 5336 15,
2933 5272 3022 5341 17)
3055 5291 3071 5327 :
3097 5288 3237 5343 quos
3256 5285 3437 5331 tamen

1858 5352 2002 5408 intus
2042 5352 2205 5408 fuisse
2240 5353 2383 5409 idem
2413 5354 2709 5427 Cyprianus
2735 5360 2999 5431 intelligit.
3032 5362 3155 5417 Cum
3188 5379 3304 5434 ergo
3331 5383 3438 5422 non

1859 5446 2051 5514 possint
2099 5446 2314 5500 tenebrat
2340 5447 2663 5516 illuminare,
2710 5461 2800 5505 aut
2838 5454 3075 5517 iniquitas
3125 5456 3435 5526 iusti/icore,

1859 5536 1996 5591 sicut
2037 5536 2176 5592 idem
2200 5537 2362 5605 dicit,
2389 5555 2572 5608 qumro
2596 5541 3040 5611 quemadmodum
3069 5554 3310 5614 poterant
3348 5550 3437 5607 isti

1925 5732 1940 5762 ¹
1962 5740 2061 5801 Am.
2088 5738 2232 5803 Eget
2260 5735 2473 5803 nonnulli
2512 5744 2636 5803 Mss,
2662 5736 2859 5803 incidite
2895 5743 3222 5799 malevolentia
3250 5758 3298 5802 et
3335 5755 3435 5803 (Iis-

2113 5794 2198 5843 Alii
2216 5796 2407 5857 quidam
2445 5807 2568 5859 Mss,
2592 5792 2792 5863 invidia,
2816 5810 2861 5853 ct
2896 5792 3311 5872 "maeonii:

1930 5872 1967 5901 to
2080 5891 2092 5901 .

1930 5872 2073 5901 towns
2080 5891 2092 5901 .
