4008 6476
538 419 641 481 ‘67

540 535 593 590 in
622 535 733 604 ipsa
773 531 912 585 intus
942 525 1175 583 Ecclesia
1207 520 1512 592 baptizare?
1549 518 1741 587 Quer
1768 511 2115 584 quemadmo-

537 624 663 678 dum
695 637 816 676 vasa
845 620 957 679 illa,
985 632 1103 687 qua:
1130 630 1233 669 non
1258 614 1308 666 in
1339 612 1618 669 honorem.
1641 607 1734 662 sed
1761 606 1812 659 in
1842 612 2124 659 contume-

539 716 661 769 liam
687 713 877 768 domus
903 724 1089 779 magna
1121 706 1376 769 continet,
1410 704 1546 755 intra
1577 702 1743 769 ipsam
1768 697 1987 751 domum
2009 707 2121 745 ma-

540 820 696 876 gnam
750 803 955 872 possint
1011 795 1403 853 sanctilicandis
1455 790 1756 846 horninibus
1818 786 2121 839 ministrare

537 896 675 967 quod
704 902 942 949 sanctum
983 899 1086 956 est,
1120 890 1215 943 nisi
1244 888 1365 957 quia
1397 886 1487 940 illa
1516 883 1768 937 sanctitas
1792 876 2120 934 Sacraincnti

549 1004 646 1043 nec
662 987 727 1041 ab
746 984 1029 1039 immundis
1052 982 1211 1051 pollui
1234 986 1425 1049 potest,
1445 977 1553 1031 sive
1568 989 1686 1028 cum
1704 987 1796 1040 per
1822 984 1916 1023 eos
1944 967 2120 1029 datur,

537 1081 651 1134 sive
677 1094 798 1133 cum
823 1077 890 1130 ab
914 1076 992 1129 eis
1018 1073 1106 1143 qui
1135 1072 1297 1126 corde
1323 1078 1376 1124 et
1406 1069 1510 1121 vita
1539 1066 1588 1119 in
1623 1063 1812 1117 melius
1843 1075 1945 1112 non
1979 1072 2123 1109 coms

538 1177 807 1222 mutantur
835 1164 1131 1234 accipitur?
1174 1162 1251 1215 De
1276 1159 1467 1230 quibus
1503 1158 1643 1209 intus
1671 1152 1873 1221 positis,
1904 1151 2016 1218 ipse
2042 1147 2123 1199 di-

537 1262 631 1326 cit,
662 1258 863 1313 chulo
888 1256 1046 1309 verbis
1068 1254 1187 1308 solis
1207 1261 1252 1305 et
1278 1267 1377 1304 non
1403 1248 1550 1320 factis
1571 1244 1908 1299 renuntiantes
1929 1238 2119 1310 (Epist.

538 1352 625 1413 11,
659 1351 725 1401 ad
760 1345 1024 1414 Clericos).

607 1439 697 1495 20.
737 1439 870 1494 Snnt
896 1452 1023 1506 ergo
1052 1443 1100 1490 ct
1130 1436 1269 1488 intus
1299 1432 1461 1485 hostes
1490 1428 1602 1493 Dei,
1632 1435 1676 1480 et
1712 1439 1924 1495 quorum
1956 1430 2123 1491 pecto-

534 1547 593 1582 ra
621 1530 865 1583 obsederit
895 1527 1102 1596 spiritus
1128 1521 1423 1576 Antichristi
1447 1534 1465 1573 :
1489 1528 1543 1572 et
1574 1526 1746 1571 tamen
1774 1521 1950 1585 gerunt
1975 1512 2127 1581 spiri-

546 1622 705 1675 tualia
727 1633 772 1673 et
796 1620 964 1673 divina
998 1618 1184 1690 (Epist.
1211 1616 1298 1678 73,
1326 1613 1394 1665 ad
1413 1611 1443 1664 .l
1452 1610 1704 1675 nimiam),
1727 1622 1847 1677 qua:
1869 1620 1967 1659 nec
1995 1603 2123 1673 ipsis

545 1721 765 1783 possunt
788 1709 1037 1781 quamdiu
1061 1708 1192 1761 tales
1226 1712 1348 1759 sunt
1367 1701 1434 1757 ad
1462 1702 1685 1755 salutem
1718 1696 1989 1767 prodesse,
2022 1707 2122 1747 nec

543 1804 640 1871 ipsi
669 1818 730 1855 ea
756 1808 977 1870 possunt
1015 1814 1108 1852 sua
1139 1793 1471 1850 immunditia
1513 1790 1803 1844 maculare.
1840 1784 1993 1852 Quod
2019 1784 2121 1837 ita-

539 1908 641 1961 que
666 1892 812 1957 dicit,
844 1890 971 1943 nihil
997 1889 1066 1942 eis
1093 1888 1160 1940 ad
1185 1888 1404 1957 gratiam
1434 1881 1819 1936 ecclesiasticam
1858 1886 1904 1931 et
1930 1876 2125 1930 saluta-

539 1999 644 2036 rem
676 1981 853 2045 licere,
882 1980 968 2049 qui
992 1986 1304 2049 spargentes,
1329 1976 1347 2006 ί
1381 1983 1530 2041 atque
1565 1973 1915 2041 impugnantes
1940 1965 2121 2019 Eccle-

540 2074 669 2127 siam
694 2071 901 2135 Christi,
929 2088 960 2122 a
979 2069 1177 2123 Christo
1200 2069 1311 2136 ipso
1332 2063 1627 2126 adversarii,
1650 2061 1710 2113 ab
1732 2058 1986 2130 Apostolis
2011 2059 2121 2126 ejus

538 2163 818 2217 antichristi
858 2160 1208 2223 nominentur;
1249 2158 1325 2209 sic
1354 2152 1715 2224 accipiendum
1760 2158 1874 2213 est,
1918 2148 2039 2218 quia
2067 2156 2122 2201 et

539 2252 666 2307 foris
692 2260 747 2306 et
775 2252 915 2305 intus
941 2248 1277 2303 inveniuntur
1315 2246 1445 2298 tales
1478 2260 1491 2295 :
1520 2243 1908 2311 separationein
1936 2247 2113 2292 tamen

538 2357 723 2397 eorum
752 2341 842 2414 qui
874 2341 1018 2400 intus
1054 2344 1174 2396 sunt
1196 2378 1212 2405 ,
1240 2335 1307 2394 ab
1345 2335 1487 2393 illius
1514 2330 1772 2387 columbae
1797 2328 2121 2399 perfectione

536 2444 697 2505 atque
719 2432 954 2499 unitate,
995 2445 1100 2486 non
1140 2429 1312 2483 solum
1344 2427 1486 2481 Deus
1518 2423 1667 2479 novit
1699 2421 1753 2476 in
1780 2416 2118 2492 quibusdam,

534 2524 629 2579 sed
658 2525 819 2579 etiam
865 2523 1105 2576 homines
1135 2520 1186 2574 in
1210 2516 1521 2589 quibusdam
1547 2531 1562 2579 ;
1592 2528 1818 2585 quorum
1858 2513 1909 2566 in
1941 2511 2117 2566 mani—

538 2618 671 2671 festo
700 2616 985 2685 pessimam
1025 2613 1182 2668 vitam
1208 2610 1680 2676 conﬁrmatamque
1710 2603 1998 2674 nequitiam
2030 2604 2118 2657 in-

538 2716 767 2772 tuentes,
794 2714 848 2760 et
870 2720 987 2759 eam
1016 2710 1399 2773 prazceptorum
1426 2698 1724 2754 divinorum
1749 2694 1945 2764 regulis
1965 2709 2116 2749 com-

535 2805 803 2865 parantes,
827 2794 1124 2862 intelligunt
1142 2806 1299 2862 quam
1319 2788 1500 2843 multis
1520 2786 1735 2841 zizaniis
1750 2793 1804 2839 et
1826 2784 1989 2853 paleis
2004 2784 2155 2864 sivo.

535 2887 665 2941 foris
691 2886 803 2941 sive
832 2886 972 2939 intus
1003 2884 1185 2953 positis
1204 2923 1221 2949 ,
1249 2882 1343 2937 sed
1370 2889 1548 2935 tamen
1578 2879 1630 2933 in
1662 2878 1763 2932 line
1784 2877 2117 2947 apertissime

534 2974 842 3047 separandis
884 2973 1122 3029 dicturus
1149 2982 1232 3027 est
1273 2971 1527 3026 Dominus
1546 3013 1560 3036 ,
1591 2969 1826 3024 Recedite
1849 2983 1882 3020 a
1906 2982 2000 3029 me,
2029 2967 2116 3038 qui

533 3068 810 3137 operamini
835 3066 1149 3134 iniquitatem
1183 3062 1394 3134 (Matth.
1420 3078 1508 3127 vn,
1530 3061 1621 3131 23)
1644 3077 1659 3125 ;
1685 3069 1757 3125 et,
1785 3058 1862 3112 Ite
1882 3059 1933 3111 in
1949 3059 2116 3127 ignem

532 3168 774 3212 internum
794 3196 808 3221 ,
847 3157 931 3227 qui
961 3165 1166 3226 paratus
1192 3161 1263 3209 est
1301 3152 1501 3206 diabolo
1537 3160 1586 3205 et
1627 3150 1817 3221 augetis
1843 3150 1949 3220 ejus
1979 3146 2107 3221 (Id.

532 3268 662 3317 xxv,
688 3250 801 3321 il).

600 3345 824 3401 CAPUT
864 3343 1001 3398 XIV.
1027 3372 1099 3382 —
1121 3342 1209 3395 21.
1242 3341 1316 3395 De
1340 3338 1693 3395 conversione
1716 3344 1891 3390 autem
1919 3334 2112 3389 nullius

531 3437 918 3506 «imperandum
935 3445 1036 3499 est,
1058 3435 1171 3487 sive
1188 3432 1314 3486 loris
1332 3433 1443 3485 sive
1464 3431 1603 3483 intus
1620 3427 1913 3490 constituti,
1935 3441 2114 3496 quam-

531 3529 621 3582 diu
652 3527 901 3596 patientia
933 3525 1025 3578 Dei
1050 3524 1116 3578 ad
1146 3522 1512 3593 paenitentiam
1540 3535 1661 3574 eum
1688 3518 1903 3572 adducit
1933 3517 2106 3589 (Rom.

533 3633 590 3682 n,
618 3616 693 3688 4).
722 3625 776 3671 ct
804 3616 979 3669 visitat
1008 3614 1061 3667 in
1089 3615 1234 3682 virga
1266 3611 1497 3664 facinora
1525 3624 1709 3665 eorum
1735 3650 1750 3674 ,
1779 3617 1832 3661 et
1855 3608 1905 3661 in
1935 3607 2113 3677 ﬂagel-

532 3710 601 3763 lis
632 3717 841 3779 peccata
891 3720 1095 3760 eorum.
1140 3704 1252 3758 lloc
1297 3704 1438 3758 enim
1491 3700 1649 3755 modo
1693 3699 2109 3754 misericordiam

531 3816 681 3854 suam
710 3814 813 3853 non
853 3797 1106 3868 dispergit
1134 3797 1200 3851 ab
1238 3795 1316 3849 eis
1347 3795 1364 3867 (
1391 3793 1532 3848 Psal.
1566 3808 1832 3858 Lxxxvnt,
1860 3792 1948 3855 55,
1976 3792 2044 3846 54
2063 3791 2106 3863 ),

528 3891 573 3945 si
598 3898 653 3945 et
681 3890 779 3959 ipsi
806 3888 1088 3959 aliquando
1118 3889 1468 3942 misereantur
1495 3886 1687 3939 animae
1714 3900 1823 3938 suae
1847 3926 1861 3951 ,
1894 3884 2109 3952 placen-

531 3992 611 4036 tes
640 3982 747 4033 Deo
772 3978 955 4051 (Eccli.
979 3994 1113 4041 xxx,
1140 3978 1253 4047 ει).
1278 3976 1426 4032 Sicut
1455 3977 1595 4031 enim
1624 3976 1793 4029 bonus
1815 3975 1903 4045 qui
1928 3989 2110 4044 perse-

528 4072 790 4126 veraverit
813 4085 977 4140 usque
1002 4071 1055 4123 in
1073 4069 1252 4135 linem,
1278 4069 1363 4123 hic
1388 4069 1563 4121 salvus
1585 4067 1685 4121 erit
1713 4066 1924 4138 (Matth.
1955 4081 2103 4132 xxiv,

529 4162 654 4235 l3);
683 4162 760 4215 sic
788 4172 839 4215 et
866 4161 1034 4215 malus
1058 4161 1170 4215 sive
1196 4162 1323 4214 loris
1351 4161 1461 4214 sive
1488 4160 1652 4223 intus,
1684 4160 1773 4228 qui
1797 4174 2107 4228 persevcra-

529 4253 663 4307 verit
688 4266 851 4321 usque
877 4252 926 4303 in
956 4251 1113 4303 linem
1142 4251 1318 4303 salvus
1346 4264 1452 4303 non
1494 4250 1613 4303 erit.
1649 4249 1831 4317 Neque
1854 4249 1950 4301 nos
1975 4248 2123 4303 dici-

528 4357 650 4397 mus
673 4341 812 4412 quod
842 4342 1143 4410 ubicumque
1171 4351 1216 4394 et
1244 4340 1705 4409 quomodocumque
1728 4339 1966 4410 baptismi
1984 4356 2104 4409 gra-

528 4436 649 4489 tiam
674 4433 919 4504 Baptismi
939 4442 1329 4500 consequuntur,
1356 4431 1401 4486 si
1429 4432 1595 4501 gratia
1633 4431 1883 4500 Baptismi
1914 4434 1962 4484 in
1993 4433 2104 4500 ipsa

525 4525 696 4579 salute
720 4523 1047 4593 intelligitur,
1077 4537 1196 4592 qua:
1222 4536 1318 4591 per
1338 4521 1748 4577 celebrationem
1777 4520 2105 4577 Sacramenti

525 4613 834 4669 confertur:
865 4613 959 4667 sed
996 4613 1133 4666 hanc
1172 4613 1396 4667 salutem
1436 4612 1587 4665 multi
1630 4627 1728 4667 nec
1754 4614 1895 4667 intus
1916 4628 2105 4668 conse.

524 4713 779 4775 quantur,
804 4705 1044 4775 quamvis
1068 4704 1467 4759 Sacramentum
1493 4703 1633 4773 quod
1663 4719 1760 4774 per
1784 4719 1840 4758 se
1861 4714 2102 4760 sanctum

525 4805 627 4861 est,
659 4811 752 4849 eos
783 4796 978 4850 habere
1008 4794 1345 4849 manifestum
1371 4796 1458 4850 sit.
1506 4794 1669 4849 Recte
1698 4795 1892 4864 itaque,
1924 4794 2106 4850 Domi-

526 4904 621 4942 nus
654 4905 745 4942 nos
780 4890 1014 4942 admonet
1052 4889 1107 4941 in
1142 4887 1449 4959 Evangelia,
1483 4904 1543 4941 ne
1570 4889 1940 4943 consentiamus
1973 4890 2105 4943 male

521 4979 844 5033 suadentibus
874 4979 1071 5051 (Marc.
1100 4996 1190 5033 xm
1211 5020 1225 5044 ,
1254 4979 1353 5050 21)
1382 5022 1397 5046 ,
1436 4980 1525 5033 sed
1558 4980 1647 5035 sub
1691 4979 1875 5035 Christi
1903 4984 2104 5037 nomine

521 5069 894 5124 ambulantibus
931 5085 950 5124 :
976 5071 1068 5124 scd
1110 5070 1162 5123 hi
1207 5079 1261 5125 ct
1290 5071 1428 5125 intus
1473 5080 1527 5126 et
1573 5071 1701 5127 foris
1741 5074 2098 5141 inveniuntur,

521 5164 643 5233 quia
675 5178 774 5218 nec
796 5162 936 5218 foras
955 5172 1153 5218 exeunt
1179 5164 1277 5218 nisi
1311 5165 1454 5233 prius
1482 5164 1623 5219 intus
1653 5165 1776 5218 mali
1800 5165 1992 5221 fuerint
2012 5182 2026 5232 ;
2050 5176 2101 5221 et

522 5256 700 5325 utique
725 5255 794 5311 de
835 5256 978 5310 vasis
1008 5257 1058 5309 in
1086 5255 1246 5309 domo
1287 5271 1473 5326 magna
1507 5258 1689 5326 positis
1717 5256 1928 5312 dicebat
1954 5260 2101 5327 Apo-

520 5348 707 5414 stolus,
738 5347 800 5403 Si
822 5350 934 5419 quis
952 5357 1119 5402 autem
1149 5349 1457 5404 mandaverit
1487 5352 1807 5420 semetipsum
1844 5353 1907 5405 ab
1930 5353 2102 5407 istius-

521 5439 674 5504 modi,
701 5441 792 5493 erit
823 5456 909 5494 vas
928 5441 979 5494 in
1005 5443 1193 5495 honore
1212 5443 1604 5511 sanctiﬁcatum,
1628 5444 1750 5496 utile
1771 5442 2007 5510 Domino,
2033 5445 2101 5498 ad

519 5546 664 5582 mune
707 5546 835 5601 Opus
863 5531 1045 5587 bonum
1087 5550 1280 5603 semper
1308 5543 1564 5611 paratum.
1607 5533 1885 5599 Quomodo
1923 5542 2098 5590 autem

744 5667 824 5737 iEr.
851 5670 903 5737 et
924 5663 1107 5737 aliquot
1128 5673 1256 5737 uss”
1290 5674 1337 5737 et
1370 5667 1443 5737 ad_
1458 5667 1661 5737 salutem
1684 5670 1846 5731 licere,
1874 5687 2102 5737 spernen-

516 5722 711 5797 σεβί-ΑΜ
734 5736 845 5797 cum
871 5722 1083 5789 Cypriani
1108 5722 1401 5797 editionibus
1431 5731 1629 5797 habent,
1658 5722 1949 5797 spargente?
1960 5722 2099 5789 1-Star

516 5784 1047 5863 prqpte'riota:
1073 5803 1175 5853 pro,
1193 5798 1238 5842 et
1261 5790 1522 5843 salutarem
1560 5784 1737 5859 licere;
1762 5784 1939 5863 t‘érunt',
1964 5784 2100 5854 eiad

516 5846 776 5897 salutarem
801 5846 962 5899 licere.

1284 409 1373 464 DE
1410 399 1743 463 BAPTISMO
1780 398 2052 456 CONTRA
2100 396 2541 468 DONATISTAS,
2584 399 2643 455 S.
2689 398 3054 457 AUGUSTINI

3714 398 3813 457 l68

2228 524 2286 563 sc
2314 512 2537 582 quisque
2566 514 2635 567 ab
2658 513 2917 583 ejusmodi
2947 513 3203 569 mundare
3226 512 3438 580 debeat,
3468 512 3627 586 paulo
3654 528 3809 584 snpe-

2229 600 2336 653 rius
2363 602 2595 656 ostendit
2633 604 2846 667 dicens,
2891 604 3111 658 Recedat
3151 604 3212 657 ab
3243 605 3506 675 iniquitate
3533 606 3698 659 omnis
3727 605 3812 675 qui

2227 694 2449 744 nominat
2494 708 2671 747 nomen
2716 694 2916 748 Domini
2980 696 3045 766 (ll
3078 695 3210 749 Tim.
3243 713 3301 762 n,
3340 696 3439 761 2P,
3470 696 3593 766 l9);
3625 713 3693 751 ne
3718 713 3811 749 au-

2225 783 2335 837 diat
2364 786 2413 837 in
2438 786 2539 838 line
2565 802 2683 838 cum
2712 788 2882 855 palea,
2913 790 3026 844 sive
3052 805 3169 859 qua:
3202 798 3325 844 ante
3346 790 3412 843 de
3437 805 3558 843 area
3587 790 3805 853 volavit,

2227 876 2339 930 sive
2361 893 2477 944 qua:
2505 878 2556 929 in
2586 878 2773 931 ultimo
2793 879 3087 947 separanda
3117 886 3217 945 est,
3253 879 3482 933 Recedite
3506 897 3537 932 ιι
3563 897 3661 943 me,
3696 897 3806 933 omo

2226 982 2312 1018 nes
2342 968 2426 1033 qui
2464 969 2743 1036 operamini
2769 969 3083 1039 iniquitatem
3121 969 3342 1040 (Matth.
3372 986 3468 1033 vn,
3495 970 3624 1039 25).
3655 970 3806 1025 Unde

2224 1070 2442 1128 apparet
2472 1062 2703 1129 quidem,
2743 1063 2881 1115 sicut
2905 1062 3031 1116 dicit
3059 1061 3352 1132 Cyprianus
3372 1102 3387 1128 ,
3429 1079 3527 1115 non
3553 1078 3614 1115 ea
3638 1065 3805 1115 statim

2224 1152 2544 1221 sucispienda
2564 1162 2607 1203 et
2633 1153 2931 1206 assumenda
2957 1168 3069 1223 qua:
3094 1154 3355 1221 jactantur
3391 1155 3442 1206 in
3484 1153 3671 1227 Christi
3711 1172 3806 1208 no-

2224 1247 2355 1294 mine
2375 1283 2389 1305 ,
2414 1243 2499 1295 sed
2518 1258 2630 1312 qua!
2649 1253 2888 1313 geruntur
2911 1245 2963 1297 in
2986 1244 3173 1297 Christi
3196 1246 3417 1298 veritate.
3440 1244 3543 1299 Sed
3573 1262 3677 1299 non
3704 1246 3806 1299 uti-

2223 1346 2326 1401 que
2353 1332 2402 1384 in
2431 1331 2625 1385 Christi
2659 1335 2880 1387 veritate
2900 1336 3119 1403 geritur,
3151 1335 3339 1387 fundos
3363 1336 3631 1390 insidiosis
3657 1338 3803 1389 irauc

2224 1423 2379 1476 dibus
2424 1439 2642 1491 rapere,
2692 1425 2865 1479 usuris
2908 1425 3376 1495 multiplicantibus
3421 1426 3572 1481 fenus
3610 1442 3807 1496 angere

2224 1512 2438 1583 (Serm.
2482 1513 2544 1566 de
2586 1512 2763 1584 Lopsis
2792 1515 2831 1586 ),
2879 1515 3076 1568 sacculo
3120 1516 3248 1569 solis
3296 1515 3472 1569 verbis
3501 1519 3810 1571 renuntiare

2228 1601 2416 1672 (Epist.
2448 1604 2531 1667 ll,
2562 1605 2629 1656 ad
2659 1605 2932 1675 Clericos);
2964 1620 3081 1675 qua:
3104 1606 3281 1659 omnia
3312 1605 3470 1660 ctiam
3502 1606 3645 1661 intus
3668 1608 3805 1679 geri,

2222 1696 2350 1749 satis
2381 1696 2600 1750 idoneus
2627 1699 2775 1751 testis
2802 1700 2912 1767 ipse
2942 1700 3197 1754 declarat.

2293 1808 2516 1864 CAPUT
2561 1810 2674 1866 XV.
2701 1843 2771 1852 —
2795 1813 2882 1867 Ἡ..
2925 1813 3040 1867 Jam
3082 1830 3205 1869 vero
3245 1813 3384 1884 quod
3418 1815 3597 1871 multis
3627 1815 3806 1870 verbis

2224 1900 2579 1967 prosequitur,
2607 1918 2707 1954 non
2735 1919 2880 1971 posse
2902 1905 2952 1957 in
2978 1903 3174 1958 Christo
3200 1904 3443 1975 baptizari
3468 1923 3551 1959 cos
3584 1907 3675 1976 qui
3699 1905 3806 1960 Pa-

2223 2001 2347 2043 trem
2377 1992 2562 2045 Christi
2585 1994 2930 2063 blasphemant
2956 1996 2971 2061 (
2995 1996 3160 2067 Epist.
3186 1998 3253 2051 75
3278 2040 3291 2064 ,
3320 1998 3387 2050 ad
3411 1997 3725 2052 Jubaianum
3745 2000 3763 2070 )
3787 2014 3803 2063 ;

2222 2098 2341 2135 cum
2359 2098 2451 2136 eos
2471 2099 2652 2138 errore
2670 2084 3039 2153 blasphemare
3061 2088 3392 2141 manifestum
3412 2091 3480 2144 sit
3505 2089 3634 2161 (non
3657 2090 3806 2145 enim

2221 2174 2311 2244 qui
2339 2175 2543 2230 accedit
2570 2177 2634 2230 ad
2670 2176 2992 2246 Baptismum
3035 2178 3229 2234 Christi
3258 2192 3439 2250 aperte
3470 2182 3811 2253 blasphemat

2220 2262 2431 2319 Patrem
2462 2266 2655 2321 Christi
2678 2310 2693 2333 ,
2722 2268 2815 2322 sed
2846 2270 2986 2323 aliud
3011 2286 3167 2340 quam
3194 2272 3390 2327 veritas
3416 2272 3572 2328 docet
3598 2274 3669 2329 de
3698 2275 3809 2329 Pa-

2222 2366 2303 2412 tre
2326 2357 2519 2413 Christi
2559 2360 2835 2415 sentiendo
2868 2362 3237 2432 hlaSphcmarc
3265 2366 3659 2439 convincitur);
3690 2368 3807 2438 jam

2220 2449 2348 2504 satis
2382 2449 2713 2506 ostendimus
2753 2451 2820 2505 ad
2852 2452 3174 2521 Baptismum
3203 2456 3289 2524 qui
3332 2456 3507 2511 verbis
3533 2460 3810 2528 evangeli-

2217 2544 2296 2598 cis
2321 2554 2685 2611 consecratur,
2731 2558 2836 2601 non
2868 2544 3133 2616 pertinere
3160 2546 3470 2621 cujusquam
3513 2548 3595 2603 vel
3624 2548 3812 2610 dantis

2220 2635 2305 2689 vel
2334 2635 2640 2703 accipientis
2662 2651 2900 2691 errorem
2921 2677 2936 2701 ,
2966 2638 3079 2694 sive
3102 2639 3169 2694 de
3205 2640 3382 2708 Patre,
3409 2642 3521 2697 sive
3546 2640 3615 2698 de
3637 2642 3808 2709 Filio.

2217 2726 2330 2781 sive
2357 2726 2423 2781 de
2452 2726 2649 2795 Spiritu
2691 2739 2877 2782 sancto
2906 2730 3059 2784 aliter
3101 2732 3326 2795 sentiat,
3369 2748 3526 2802 quam
3565 2735 3812 2791 caelestis

2217 2802 2457 2872 doctrina
2502 2820 2751 2873 insinuat.
2794 2819 2942 2874 Multi
2985 2822 3126 2876 enim
3165 2824 3408 2878 carnales
3445 2835 3498 2879 et
3539 2826 3811 2883 animales

2217 2910 2376 2963 etiam
2408 2910 2547 2963 intus
2572 2910 2924 2979 baptizantur,
2955 2928 3073 2967 cum
3112 2925 3295 2981 aperte
3322 2914 3463 2969 dicat
3490 2918 3806 2985 Apostolus.

2214 3001 2466 3057 Animalis
2493 3012 2661 3057 autem
2701 3004 2849 3058 homo
2892 3023 2993 3059 non
3032 3008 3241 3076 percipit
3269 3024 3381 3075 qua:
3418 3019 3531 3060 sunt
3572 3007 3809 3078 Spiritus

2217 3090 2313 3147 Dei
2334 3092 2375 3165 (l
2406 3093 2521 3148 Cor.
2550 3110 2605 3160 n,
2635 3094 2716 3162 li)
2741 3112 2755 3159 ;
2783 3105 2837 3149 et
2863 3098 3109 3165 percepto
3130 3096 3238 3165 jam
3262 3097 3531 3167 Baptismo
3556 3100 3683 3153 dicit
3706 3117 3811 3156 eos

2217 3184 2391 3239 adhuc
2426 3186 2684 3241 animales
2710 3203 2828 3243 esse
2859 3185 2969 3258 (Id.
3002 3203 3076 3253 nt,
3115 3188 3208 3258 Ξ).
3247 3188 3547 3244 Secundum
3577 3206 3808 3247 sensum

2215 3286 2393 3331 autem
2418 3277 2688 3332 carnalem
2717 3294 2820 3332 non
2849 3289 3021 3348 potest
3051 3280 3150 3334 nisi
3178 3280 3245 3335 de
3270 3280 3379 3336 Deo
3398 3283 3686 3337 carnaliter
3710 3299 3809 3338 sa-

2214 3383 2342 3438 pere
2384 3371 2559 3424 anima
2605 3371 2880 3440 corporeis
2929 3373 3174 3426 Sensibus
3213 3373 3409 3427 dedita.
3445 3373 3596 3429 Unde
3643 3376 3808 3430 multi

2213 3468 2336 3530 post
2365 3461 2688 3531 Baptismum
2718 3462 3075 3532 proﬁcientes,
3108 3472 3163 3517 et
3188 3465 3417 3520 maxime
3445 3467 3533 3535 qui
3564 3464 3809 3533 infantes

2212 3552 2296 3605 vel
2326 3554 2471 3621 pueri
2499 3553 2747 3623 baptizati
2778 3564 2920 3620 sunt,
2947 3564 3145 3624 quanto
3176 3557 3345 3625 magis
3372 3556 3674 3611 intellectus
3701 3574 3809 3614 eo-

2211 3658 2328 3696 rum
2352 3652 2632 3697 serenatur
2659 3654 2714 3697 et
2734 3644 3081 3711 illuminatur,
3110 3646 3236 3701 dum
3262 3647 3483 3701 interior
3514 3648 3675 3702 homo
3708 3665 3805 3705 rc-

2213 3743 2436 3787 novatur
2461 3732 2527 3787 de
2553 3734 2639 3788 die
2668 3734 2719 3788 in
2751 3735 2889 3789 diem
2919 3735 2998 3808 (ll
3026 3734 3143 3790 Cor.
3171 3753 3247 3803 tv,
3283 3738 3407 3807 16),
3435 3740 3640 3807 priores
3673 3756 3807 3797 suas

2211 3825 2488 3894 opiniones
2509 3867 2522 3891 ,
2568 3842 2699 3897 quas
2738 3827 2805 3881 de
2848 3828 2954 3882 Deo
2984 3828 3247 3883 habebant
3276 3846 3395 3883 cum
3423 3831 3534 3884 suis
3562 3830 3804 3901 phanta-

2209 3918 2465 3971 smatibus
2496 3918 2917 3983 ludilicarentur,
2954 3919 3235 3975 irridentes
3261 3930 3314 3976 et
3352 3922 3683 3976 detestantes
3721 3935 3807 3978 at-

2210 4023 2311 4078 que
2338 4009 2654 4064 confitentes
2694 4010 2966 4078 abjiciunt.
3007 4011 3117 4065 Nec
3147 4024 3322 4066 tamen
3352 4012 3471 4068 ideo
3502 4030 3608 4068 non
3638 4031 3805 4070 accc-

2209 4100 2347 4169 pisse
2374 4099 2699 4169 Baptismum
2727 4101 3118 4168 existimantur,
3155 4112 3246 4156 aut
3278 4104 3436 4158 talem
3466 4104 3803 4174 baptismum

2207 4193 2475 4264 accepisse
2503 4193 2770 4261 dicuntur,
2798 4195 2968 4264 qualis
2998 4194 3095 4249 fuit
3123 4211 3274 4250 error
3303 4198 3535 4266 ipSorum
3568 4214 3582 4249 :
3618 4200 3720 4252 sed
3748 4202 3801 4254 in

2207 4284 2285 4338 cis
2309 4284 2708 4339 ctSacramenti
2735 4287 3007 4356 integritas
3043 4287 3353 4354 honoratur,
3390 4298 3445 4343 et
3471 4291 3667 4344 mentis
3700 4308 3801 4347 va-

2207 4376 2344 4430 nitas
2364 4376 2677 4430 emendatur
2698 4393 2713 4443 ;
2737 4379 2895 4432 etiam
2917 4378 2961 4432 si
2984 4378 3315 4446 confirmata,
3340 4390 3393 4434 et
3416 4379 3643 4435 fortasse
3661 4383 3803 4439 ntul-

2209 4466 2274 4520 tis
2291 4467 2717 4522 contentionibus
2741 4469 2955 4524 defensa
2977 4471 3245 4526 calluerat.
3272 4474 3606 4543 Quapropter
3626 4480 3799 4531 etiam

2207 4558 2487 4615 lureticus
2512 4560 2600 4629 qui
2628 4560 2905 4630 pchpicue
2934 4560 3067 4616 foris
3096 4572 3177 4618 est
3196 4606 3209 4627 ,
3241 4565 3283 4618 si
3326 4565 3651 4634 Raptisrnum
3689 4570 3803 4623 illic

2205 4651 2566 4720 evangelicum
2590 4653 2813 4721 accepit,
2834 4668 2938 4708 non
2963 4655 3121 4709 talem
3152 4656 3332 4726 utique
3357 4657 3679 4727 baptismum
3708 4676 3803 4715 ac-

2204 4743 2345 4811 cepit
2383 4742 2525 4812 quali
2562 4759 2747 4799 errore
2781 4754 3031 4801 caecatur.
3065 4747 3132 4801 Et
3176 4759 3453 4817 propterea
3496 4752 3540 4804 si
3597 4753 3801 4823 resipi-

2205 4847 2363 4888 scens
2390 4834 2581 4889 viderit
2618 4837 3024 4908 relinquendum
3051 4855 3170 4894 esse
3191 4840 3331 4910 quod
3361 4842 3498 4896 male
3523 4844 3797 4913 tenuerat,

2206 4944 2309 4980 non
2337 4927 2492 4980 simul
2521 4928 2567 4981 ei
2597 4928 3003 4999 relinquendum
3033 4940 3113 4985 est
3152 4931 3347 4986 bonum
3380 4933 3520 5004 quod
3567 4951 3802 5006 accepe-

2206 5031 2288 5075 rat
2314 5037 2327 5073 :
2355 5036 2452 5075 nec
2477 5022 2599 5092 quia
2621 5038 2773 5077 error
2802 5023 2940 5077 illius
2967 5024 3345 5094 improbandus
3373 5036 3474 5093 est,
3505 5039 3799 5098 propterea

2206 5112 2506 5182 Baptismus
2534 5114 2731 5169 Christi
2772 5116 2824 5169 in
2866 5117 2953 5170 illo
2980 5116 3341 5173 exsul‘llandus
3368 5129 3467 5175 cst.
3495 5121 3613 5177 Jam
3646 5123 3800 5179 enim

2205 5219 2271 5257 ex
2301 5206 2366 5258 iis
2389 5220 2522 5274 quos
2547 5205 2690 5260 intus
2718 5207 2975 5278 contingit
3000 5208 3066 5264 de
3093 5209 3206 5265 Deo
3233 5210 3365 5266 l‘alsa
3386 5213 3669 5281 opinantes
3696 5216 3803 5272 ba-

2207 5296 2425 5363 ptizari,
2453 5297 2582 5351 satis
2625 5298 2800 5353 elucet
2841 5299 3247 5356 discernendam
3293 5318 3415 5358 esse
3456 5304 3800 5363 Sacramenti

2206 5388 2479 5444 veritatem
2509 5405 2539 5443 a
2570 5391 2706 5445 male
2746 5391 3013 5446 credentis
3038 5398 3533 5466 errorehquamvis
3578 5407 3799 5451 utrum-

2204 5498 2307 5552 que
2333 5483 2385 5536 in
2414 5482 2629 5539 homine
2649 5500 2752 5538 uno
2773 5484 2941 5540 valeat
2961 5485 3187 5542 inveniri
3210 5505 3224 5552 ;
3247 5498 3301 5542 et
3330 5489 3447 5545 ideo
3471 5504 3592 5544 cum
3625 5491 3798 5547 etiam

2206 5575 2333 5631 foris
2363 5577 2415 5631 in
2442 5593 2623 5633 errore
2646 5578 2822 5650 aliquo
2851 5582 3191 5647 constitutus,
3224 5599 3352 5639 vero
3376 5593 3552 5638 tamen
3588 5585 3794 5642 Sacra-

2204 5677 2382 5722 mento
2409 5666 2566 5723 fuerit
2604 5669 2931 5740 baptizatus,
2970 5688 3090 5727 cum
3119 5673 3374 5731 Ecclesia:
3403 5677 3645 5732 redditur
3672 5681 3799 5734 uni--

2205 5760 2317 5826 tati,
2345 5761 2483 5815 sicut
2529 5760 2675 5817 falsm
2701 5762 2823 5819 ﬁdei
2864 5780 2989 5820 vera
3037 5769 3304 5835 succedit,
3346 5786 3453 5824 non
3490 5772 3568 5825 sic
3611 5752 3805 5842 potest

2203 5852 2362 5909 etiam
2410 5868 2537 5911 vero
2583 5854 2853 5925 Baptismo
2888 5875 3052 5920 verus
3090 5862 3391 5934 Baptismus
3438 5865 3794 5925 succedere:
