  <div class='ocr_page' id='page_1' title='image "/cluster/home/n/w/nwhite01/storage/ocr_20150623/43/hvd.32044012717385/090.png"; bbox 0 0 4008 6490; ppageno 0'>
   <div class='ocr_carea' id='block_1_1' title="bbox 232 372 2146 455">
    <p class='ocr_par' dir='ltr' id='par_1_1' title="bbox 232 372 2146 455">
     <span class='ocr_line' id='line_1_1' title="bbox 232 372 2146 455; baseline 0.002 -23"><span class='ocrx_word' id='word_1_1' title='bbox 232 397 322 455; x_wconf 64' lang='lat'><strong>“,9</strong></span> <span class='ocrx_word' id='word_1_2' title='bbox 744 372 745 379; x_wconf 78' lang='lat'>‘</span> <span class='ocrx_word' id='word_1_3' title='bbox 1562 378 1765 435; x_wconf 78' lang='lat' dir='ltr'><strong>LIBER</strong></span> <span class='ocrx_word' id='word_1_4' title='bbox 1803 377 2146 444; x_wconf 76' lang='lat' dir='ltr'><strong>QUARTUS.</strong></span> 
     </span>
    </p>
   </div>
   <div class='ocr_carea' id='block_1_2' title="bbox 229 505 1807 583">
    <p class='ocr_par' dir='ltr' id='par_1_2' title="bbox 229 505 1807 583">
     <span class='ocr_line' id='line_1_2' title="bbox 229 505 1807 583; baseline -0.006 -15"><span class='ocrx_word' id='word_1_5' title='bbox 229 514 341 583; x_wconf 99' lang='lat' dir='ltr'><strong>quia</strong></span> <span class='ocrx_word' id='word_1_6' title='bbox 381 509 522 567; x_wconf 89' lang='lat' dir='ltr'><strong>idem</strong></span> <span class='ocrx_word' id='word_1_7' title='bbox 572 511 685 580; x_wconf 83' lang='lat' dir='ltr'><strong>ipse</strong></span> <span class='ocrx_word' id='word_1_8' title='bbox 725 510 822 564; x_wconf 83' lang='lat' dir='ltr'><strong>sibi</strong></span> <span class='ocrx_word' id='word_1_9' title='bbox 858 508 1143 564; x_wconf 82' lang='lat' dir='ltr'><strong>succedere</strong></span> <span class='ocrx_word' id='word_1_10' title='bbox 1180 522 1282 565; x_wconf 91' lang='lat' dir='ltr'><strong>non</strong></span> <span class='ocrx_word' id='word_1_11' title='bbox 1314 514 1519 577; x_wconf 77' lang='lat' dir='ltr'><strong>potest;</strong></span> <span class='ocrx_word' id='word_1_12' title='bbox 1550 505 1670 577; x_wconf 91' lang='lat' dir='ltr'><strong>quia</strong></span> <span class='ocrx_word' id='word_1_13' title='bbox 1706 518 1807 560; x_wconf 92' lang='lat' dir='ltr'><strong>nec</strong></span> 
     </span>
    </p>
   </div>
   <div class='ocr_carea' id='block_1_3' title="bbox 228 597 1812 679">
    <p class='ocr_par' dir='ltr' id='par_1_3' title="bbox 228 597 1812 679">
     <span class='ocr_line' id='line_1_3' title="bbox 228 597 1812 679; baseline -0.007 -19"><span class='ocrx_word' id='word_1_14' title='bbox 228 604 484 679; x_wconf 74' lang='lat' dir='ltr'><strong>decedere</strong></span> <span class='ocrx_word' id='word_1_15' title='bbox 532 612 727 673; x_wconf 94' lang='lat' dir='ltr'><strong>potest.</strong></span> <span class='ocrx_word' id='word_1_16' title='bbox 772 602 852 656; x_wconf 91' lang='lat' dir='ltr'><strong>Ad</strong></span> <span class='ocrx_word' id='word_1_17' title='bbox 894 601 994 656; x_wconf 90' lang='lat' dir='ltr'><strong>hoc</strong></span> <span class='ocrx_word' id='word_1_18' title='bbox 1023 615 1151 671; x_wconf 86' lang='lat' dir='ltr'><strong>ergo</strong></span> <span class='ocrx_word' id='word_1_19' title='bbox 1180 599 1415 655; x_wconf 81' lang='lat' dir='ltr'><strong>haeretici</strong></span> <span class='ocrx_word' id='word_1_20' title='bbox 1468 598 1533 652; x_wconf 89' lang='lat' dir='ltr'><strong>ad</strong></span> <span class='ocrx_word' id='word_1_21' title='bbox 1575 597 1812 652; x_wconf 84' lang='lat' dir='ltr'><strong>Catholi-</strong></span> 
     </span>
    </p>
   </div>
   <div class='ocr_carea' id='block_1_4' title="bbox 226 690 1809 762">
    <p class='ocr_par' dir='ltr' id='par_1_4' title="bbox 226 690 1809 762">
     <span class='ocr_line' id='line_1_4' title="bbox 226 690 1809 762; baseline -0.009 -8"><span class='ocrx_word' id='word_1_22' title='bbox 226 713 339 754; x_wconf 88' lang='lat' dir='ltr'><strong>cam</strong></span> <span class='ocrx_word' id='word_1_23' title='bbox 368 696 627 762; x_wconf 89' lang='lat' dir='ltr'><strong>veniunt,</strong></span> <span class='ocrx_word' id='word_1_24' title='bbox 659 703 716 749; x_wconf 94' lang='lat' dir='ltr'><strong>ut</strong></span> <span class='ocrx_word' id='word_1_25' title='bbox 742 694 883 762; x_wconf 90' lang='lat' dir='ltr'><strong>quod</strong></span> <span class='ocrx_word' id='word_1_26' title='bbox 920 708 1107 749; x_wconf 90' lang='lat' dir='ltr'><strong>eorum</strong></span> <span class='ocrx_word' id='word_1_27' title='bbox 1150 691 1348 746; x_wconf 89' lang='lat' dir='ltr'><strong>malum</strong></span> <span class='ocrx_word' id='word_1_28' title='bbox 1374 699 1455 746; x_wconf 90' lang='lat' dir='ltr'><strong>est</strong></span> <span class='ocrx_word' id='word_1_29' title='bbox 1492 690 1809 759; x_wconf 73' lang='lat' dir='ltr'><strong>corrigatur,</strong></span> 
     </span>
    </p>
   </div>
   <div class='ocr_carea' id='block_1_5' title="bbox 227 785 1251 858">
    <p class='ocr_par' dir='ltr' id='par_1_5' title="bbox 227 785 1251 858">
     <span class='ocr_line' id='line_1_5' title="bbox 227 785 1251 858; baseline -0.007 -14"><span class='ocrx_word' id='word_1_30' title='bbox 227 805 328 845; x_wconf 91' lang='lat' dir='ltr'><strong>non</strong></span> <span class='ocrx_word' id='word_1_31' title='bbox 350 788 495 858; x_wconf 87' lang='lat' dir='ltr'><strong>quod</strong></span> <span class='ocrx_word' id='word_1_32' title='bbox 521 788 715 841; x_wconf 88' lang='lat' dir='ltr'><strong>bonum</strong></span> <span class='ocrx_word' id='word_1_33' title='bbox 739 785 833 840; x_wconf 87' lang='lat' dir='ltr'><strong>Dei</strong></span> <span class='ocrx_word' id='word_1_34' title='bbox 857 795 939 840; x_wconf 90' lang='lat' dir='ltr'><strong>est</strong></span> <span class='ocrx_word' id='word_1_35' title='bbox 961 792 1251 854; x_wconf 90' lang='lat' dir='ltr'><strong>repetatur.</strong></span> 
     </span>
    </p>
   </div>
   <div class='ocr_carea' id='block_1_6' title="bbox 292 873 1814 945">
    <p class='ocr_par' dir='ltr' id='par_1_6' title="bbox 292 873 1814 945">
     <span class='ocr_line' id='line_1_6' title="bbox 292 873 1814 945; baseline -0.007 -9"><span class='ocrx_word' id='word_1_36' title='bbox 292 879 523 936; x_wconf 84' lang='lat' dir='ltr'><strong>CAPUT</strong></span> <span class='ocrx_word' id='word_1_37' title='bbox 561 878 909 933; x_wconf 73' lang='lat' dir='ltr'><strong>XVl.——25.</strong></span> <span class='ocrx_word' id='word_1_38' title='bbox 960 876 1094 931; x_wconf 90' lang='lat' dir='ltr'><strong>Dicit</strong></span> <span class='ocrx_word' id='word_1_39' title='bbox 1137 875 1332 945; x_wconf 85' lang='lat' dir='ltr'><strong>aliquis</strong></span> <span class='ocrx_word' id='word_1_40' title='bbox 1370 892 1384 928; x_wconf 93' lang='lat'><strong>:</strong></span> <span class='ocrx_word' id='word_1_41' title='bbox 1426 873 1637 928; x_wconf 87' lang='lat' dir='ltr'><strong>Nihilne</strong></span> <span class='ocrx_word' id='word_1_42' title='bbox 1686 887 1814 943; x_wconf 77' lang='lat' dir='ltr'><strong>ergo</strong></span> 
     </span>
    </p>
   </div>
   <div class='ocr_carea' id='block_1_7' title="bbox 228 958 1814 1038">
    <p class='ocr_par' dir='ltr' id='par_1_7' title="bbox 228 958 1814 1038">
     <span class='ocr_line' id='line_1_7' title="bbox 228 958 1814 1038; baseline -0.008 -9"><span class='ocrx_word' id='word_1_43' title='bbox 228 975 471 1037; x_wconf 80' lang='lat' dir='ltr'><strong>interest,</strong></span> <span class='ocrx_word' id='word_1_44' title='bbox 494 971 541 1024; x_wconf 87' lang='lat' dir='ltr'><strong>si</strong></span> <span class='ocrx_word' id='word_1_45' title='bbox 562 958 668 1025; x_wconf 89' lang='lat' dir='ltr'><strong>duo</strong></span> <span class='ocrx_word' id='word_1_46' title='bbox 696 969 746 1024; x_wconf 93' lang='lat' dir='ltr'><strong>in</strong></span> <span class='ocrx_word' id='word_1_47' title='bbox 775 983 959 1023; x_wconf 90' lang='lat' dir='ltr'><strong>errore</strong></span> <span class='ocrx_word' id='word_1_48' title='bbox 984 968 1097 1038; x_wconf 90' lang='lat' dir='ltr'><strong>pari</strong></span> <span class='ocrx_word' id='word_1_49' title='bbox 1129 974 1287 1035; x_wconf 88' lang='lat' dir='ltr'><strong>atque</strong></span> <span class='ocrx_word' id='word_1_50' title='bbox 1313 964 1512 1019; x_wconf 89' lang='lat' dir='ltr'><strong>malitia</strong></span> <span class='ocrx_word' id='word_1_51' title='bbox 1539 963 1814 1017; x_wconf 83' lang='lat' dir='ltr'><strong>constituti</strong></span> 
     </span>
    </p>
   </div>
   <div class='ocr_carea' id='block_1_8' title="bbox 226 1054 1811 1130">
    <p class='ocr_par' dir='ltr' id='par_1_8' title="bbox 226 1054 1811 1130">
     <span class='ocr_line' id='line_1_8' title="bbox 226 1054 1811 1130; baseline -0.008 -9"><span class='ocrx_word' id='word_1_52' title='bbox 226 1062 332 1121; x_wconf 84' lang='lat' dir='ltr'><strong>sint</strong></span> <span class='ocrx_word' id='word_1_53' title='bbox 351 1106 368 1130; x_wconf 93' lang='lat'><strong>,</strong></span> <span class='ocrx_word' id='word_1_54' title='bbox 395 1078 500 1118; x_wconf 88' lang='lat' dir='ltr'><strong>nec</strong></span> <span class='ocrx_word' id='word_1_55' title='bbox 526 1062 632 1115; x_wconf 87' lang='lat' dir='ltr'><strong>vita</strong></span> <span class='ocrx_word' id='word_1_56' title='bbox 659 1076 759 1116; x_wconf 91' lang='lat' dir='ltr'><strong>nec</strong></span> <span class='ocrx_word' id='word_1_57' title='bbox 800 1060 961 1115; x_wconf 91' lang='lat' dir='ltr'><strong>corde</strong></span> <span class='ocrx_word' id='word_1_58' title='bbox 990 1067 1193 1114; x_wconf 90' lang='lat' dir='ltr'><strong>mutato</strong></span> <span class='ocrx_word' id='word_1_59' title='bbox 1212 1098 1226 1121; x_wconf 93' lang='lat'><strong>,</strong></span> <span class='ocrx_word' id='word_1_60' title='bbox 1258 1057 1393 1111; x_wconf 88' lang='lat' dir='ltr'><strong>alius</strong></span> <span class='ocrx_word' id='word_1_61' title='bbox 1417 1070 1601 1111; x_wconf 85' lang='lat' dir='ltr'><strong>eorum</strong></span> <span class='ocrx_word' id='word_1_62' title='bbox 1647 1054 1778 1109; x_wconf 84' lang='lat' dir='ltr'><strong>toris</strong></span> <span class='ocrx_word' id='word_1_63' title='bbox 1796 1095 1811 1117; x_wconf 93' lang='lat'><strong>,</strong></span> 
     </span>
    </p>
   </div>
   <div class='ocr_carea' id='block_1_9' title="bbox 226 1147 1814 1223">
    <p class='ocr_par' dir='ltr' id='par_1_9' title="bbox 226 1147 1814 1223">
     <span class='ocr_line' id='line_1_9' title="bbox 226 1147 1814 1223; baseline -0.006 -15"><span class='ocrx_word' id='word_1_64' title='bbox 226 1156 358 1211; x_wconf 87' lang='lat' dir='ltr'><strong>alius</strong></span> <span class='ocrx_word' id='word_1_65' title='bbox 405 1155 551 1209; x_wconf 90' lang='lat' dir='ltr'><strong>intus</strong></span> <span class='ocrx_word' id='word_1_66' title='bbox 576 1152 917 1223; x_wconf 85' lang='lat' dir='ltr'><strong>baptizetur?</strong></span> <span class='ocrx_word' id='word_1_67' title='bbox 962 1151 1157 1205; x_wconf 85' lang='lat' dir='ltr'><strong>Fateor</strong></span> <span class='ocrx_word' id='word_1_68' title='bbox 1186 1150 1446 1204; x_wconf 82' lang='lat' dir='ltr'><strong>interesse</strong></span> <span class='ocrx_word' id='word_1_69' title='bbox 1491 1166 1505 1203; x_wconf 90' lang='lat'><strong>:</strong></span> <span class='ocrx_word' id='word_1_70' title='bbox 1548 1148 1634 1202; x_wconf 93' lang='lat' dir='ltr'><strong>ille</strong></span> <span class='ocrx_word' id='word_1_71' title='bbox 1672 1147 1814 1201; x_wconf 92' lang='lat' dir='ltr'><strong>enim</strong></span> 
     </span>
    </p>
   </div>
   <div class='ocr_carea' id='block_1_10' title="bbox 226 1238 1813 1317">
    <p class='ocr_par' dir='ltr' id='par_1_10' title="bbox 226 1238 1813 1317">
     <span class='ocr_line' id='line_1_10' title="bbox 226 1238 1813 1317; baseline -0.006 -16"><span class='ocrx_word' id='word_1_72' title='bbox 226 1248 374 1317; x_wconf 82' lang='lat' dir='ltr'><strong>pejor</strong></span> <span class='ocrx_word' id='word_1_73' title='bbox 398 1254 486 1300; x_wconf 90' lang='lat' dir='ltr'><strong>est</strong></span> <span class='ocrx_word' id='word_1_74' title='bbox 508 1244 602 1315; x_wconf 94' lang='lat' dir='ltr'><strong>qui</strong></span> <span class='ocrx_word' id='word_1_75' title='bbox 629 1245 787 1299; x_wconf 90' lang='lat' dir='ltr'><strong>etiam</strong></span> <span class='ocrx_word' id='word_1_76' title='bbox 818 1243 950 1297; x_wconf 77' lang='lat' dir='ltr'><strong>foris</strong></span> <span class='ocrx_word' id='word_1_77' title='bbox 978 1242 1295 1309; x_wconf 80' lang='lat' dir='ltr'><strong>baptizatur,</strong></span> <span class='ocrx_word' id='word_1_78' title='bbox 1322 1255 1428 1294; x_wconf 92' lang='lat' dir='ltr'><strong>non</strong></span> <span class='ocrx_word' id='word_1_79' title='bbox 1454 1253 1519 1293; x_wconf 88' lang='lat' dir='ltr'><strong>eo</strong></span> <span class='ocrx_word' id='word_1_80' title='bbox 1548 1238 1688 1309; x_wconf 89' lang='lat' dir='ltr'><strong>quod</strong></span> <span class='ocrx_word' id='word_1_81' title='bbox 1715 1239 1813 1292; x_wconf 85' lang='lat' dir='ltr'><strong>ba-</strong></span> 
     </span>
    </p>
   </div>
   <div class='ocr_carea' id='block_1_11' title="bbox 227 1330 1816 1404">
    <p class='ocr_par' dir='ltr' id='par_1_11' title="bbox 227 1330 1816 1404">
     <span class='ocr_line' id='line_1_11' title="bbox 227 1330 1816 1404; baseline -0.005 -13"><span class='ocrx_word' id='word_1_82' title='bbox 227 1338 474 1404; x_wconf 82' lang='lat' dir='ltr'><strong>ptizatur,</strong></span> <span class='ocrx_word' id='word_1_83' title='bbox 498 1336 593 1390; x_wconf 91' lang='lat' dir='ltr'><strong>sed</strong></span> <span class='ocrx_word' id='word_1_84' title='bbox 616 1350 680 1389; x_wconf 91' lang='lat' dir='ltr'><strong>eo</strong></span> <span class='ocrx_word' id='word_1_85' title='bbox 706 1334 843 1403; x_wconf 90' lang='lat' dir='ltr'><strong>quod</strong></span> <span class='ocrx_word' id='word_1_86' title='bbox 873 1333 1001 1387; x_wconf 84' lang='lat' dir='ltr'><strong>foris</strong></span> <span class='ocrx_word' id='word_1_87' title='bbox 1035 1340 1156 1397; x_wconf 79' lang='lat' dir='ltr'><strong>est;</strong></span> <span class='ocrx_word' id='word_1_88' title='bbox 1187 1339 1269 1386; x_wconf 83' lang='lat' dir='ltr'><strong>est</strong></span> <span class='ocrx_word' id='word_1_89' title='bbox 1294 1331 1435 1385; x_wconf 83' lang='lat' dir='ltr'><strong>enim</strong></span> <span class='ocrx_word' id='word_1_90' title='bbox 1464 1331 1622 1386; x_wconf 89' lang='lat' dir='ltr'><strong>etiam</strong></span> <span class='ocrx_word' id='word_1_91' title='bbox 1655 1330 1816 1398; x_wconf 86' lang='lat' dir='ltr'><strong>ipsius</strong></span> 
     </span>
    </p>
   </div>
   <div class='ocr_carea' id='block_1_12' title="bbox 225 1423 1810 1493">
    <p class='ocr_par' dir='ltr' id='par_1_12' title="bbox 225 1423 1810 1493">
     <span class='ocr_line' id='line_1_12' title="bbox 225 1423 1810 1493; baseline -0.004 -10"><span class='ocrx_word' id='word_1_92' title='bbox 225 1427 511 1483; x_wconf 75' lang='lat' dir='ltr'><strong>divisionis</strong></span> <span class='ocrx_word' id='word_1_93' title='bbox 543 1441 645 1482; x_wconf 85' lang='lat' dir='ltr'><strong>nec</strong></span> <span class='ocrx_word' id='word_1_94' title='bbox 674 1426 875 1480; x_wconf 90' lang='lat' dir='ltr'><strong>nullum</strong></span> <span class='ocrx_word' id='word_1_95' title='bbox 904 1440 1002 1480; x_wconf 94' lang='lat' dir='ltr'><strong>nec</strong></span> <span class='ocrx_word' id='word_1_96' title='bbox 1034 1440 1250 1493; x_wconf 87' lang='lat' dir='ltr'><strong>parvum</strong></span> <span class='ocrx_word' id='word_1_97' title='bbox 1280 1424 1476 1477; x_wconf 90' lang='lat' dir='ltr'><strong>malum</strong></span> <span class='ocrx_word' id='word_1_98' title='bbox 1513 1440 1525 1479; x_wconf 91' lang='lat'><strong>:</strong></span> <span class='ocrx_word' id='word_1_99' title='bbox 1559 1423 1604 1476; x_wconf 89' lang='lat' dir='ltr'><strong>si</strong></span> <span class='ocrx_word' id='word_1_100' title='bbox 1636 1433 1810 1477; x_wconf 90' lang='lat' dir='ltr'><strong>tamen</strong></span> 
     </span>
    </p>
   </div>
   <div class='ocr_carea' id='block_1_13' title="bbox 226 1515 1816 1589">
    <p class='ocr_par' dir='ltr' id='par_1_13' title="bbox 226 1515 1816 1589">
     <span class='ocr_line' id='line_1_13' title="bbox 226 1515 1816 1589; baseline -0.002 -16"><span class='ocrx_word' id='word_1_101' title='bbox 226 1522 311 1581; x_wconf 89' lang='lat' dir='ltr'><strong>ille</strong></span> <span class='ocrx_word' id='word_1_102' title='bbox 334 1521 428 1589; x_wconf 91' lang='lat' dir='ltr'><strong>qui</strong></span> <span class='ocrx_word' id='word_1_103' title='bbox 475 1520 620 1573; x_wconf 89' lang='lat' dir='ltr'><strong>intus</strong></span> <span class='ocrx_word' id='word_1_104' title='bbox 658 1518 986 1588; x_wconf 83' lang='lat' dir='ltr'><strong>baptizatur,</strong></span> <span class='ocrx_word' id='word_1_105' title='bbox 1021 1532 1123 1571; x_wconf 92' lang='lat' dir='ltr'><strong>non</strong></span> <span class='ocrx_word' id='word_1_106' title='bbox 1157 1526 1374 1586; x_wconf 86' lang='lat' dir='ltr'><strong>propter</strong></span> <span class='ocrx_word' id='word_1_107' title='bbox 1400 1515 1613 1585; x_wconf 86' lang='lat' dir='ltr'><strong>aliquod</strong></span> <span class='ocrx_word' id='word_1_108' title='bbox 1647 1524 1816 1570; x_wconf 81' lang='lat' dir='ltr'><strong>terre-</strong></span> 
     </span>
    </p>
   </div>
   <div class='ocr_carea' id='block_1_14' title="bbox 226 1606 1815 1679">
    <p class='ocr_par' dir='ltr' id='par_1_14' title="bbox 226 1606 1815 1679">
     <span class='ocr_line' id='line_1_14' title="bbox 226 1606 1815 1679; baseline -0.003 -14"><span class='ocrx_word' id='word_1_109' title='bbox 226 1624 349 1665; x_wconf 83' lang='lat' dir='ltr'><strong>num</strong></span> <span class='ocrx_word' id='word_1_110' title='bbox 380 1620 476 1664; x_wconf 90' lang='lat' dir='ltr'><strong>aut</strong></span> <span class='ocrx_word' id='word_1_111' title='bbox 506 1609 800 1679; x_wconf 81' lang='lat' dir='ltr'><strong>temporale</strong></span> <span class='ocrx_word' id='word_1_112' title='bbox 821 1607 1158 1662; x_wconf 91' lang='lat' dir='ltr'><strong>commodum</strong></span> <span class='ocrx_word' id='word_1_113' title='bbox 1200 1608 1340 1661; x_wconf 88' lang='lat' dir='ltr'><strong>intus</strong></span> <span class='ocrx_word' id='word_1_114' title='bbox 1366 1621 1484 1662; x_wconf 87' lang='lat' dir='ltr'><strong>esse</strong></span> <span class='ocrx_word' id='word_1_115' title='bbox 1508 1606 1692 1670; x_wconf 89' lang='lat' dir='ltr'><strong>voluit,</strong></span> <span class='ocrx_word' id='word_1_116' title='bbox 1721 1606 1815 1660; x_wconf 90' lang='lat' dir='ltr'><strong>sed</strong></span> 
     </span>
    </p>
   </div>
   <div class='ocr_carea' id='block_1_15' title="bbox 226 1696 1811 1771">
    <p class='ocr_par' dir='ltr' id='par_1_15' title="bbox 226 1696 1811 1771">
     <span class='ocr_line' id='line_1_15' title="bbox 226 1696 1811 1771; baseline -0.002 -18"><span class='ocrx_word' id='word_1_117' title='bbox 226 1699 362 1771; x_wconf 88' lang='lat' dir='ltr'><strong>quod</strong></span> <span class='ocrx_word' id='word_1_118' title='bbox 392 1700 653 1754; x_wconf 87' lang='lat' dir='ltr'><strong>unitatem</strong></span> <span class='ocrx_word' id='word_1_119' title='bbox 676 1698 928 1753; x_wconf 75' lang='lat' dir='ltr'><strong>Ecclesia:</strong></span> <span class='ocrx_word' id='word_1_120' title='bbox 949 1705 1058 1752; x_wconf 92' lang='lat' dir='ltr'><strong>toto</strong></span> <span class='ocrx_word' id='word_1_121' title='bbox 1083 1698 1211 1752; x_wconf 87' lang='lat' dir='ltr'><strong>orbe</strong></span> <span class='ocrx_word' id='word_1_122' title='bbox 1231 1696 1435 1751; x_wconf 74' lang='lat' dir='ltr'><strong>diﬂ&#39;usre</strong></span> <span class='ocrx_word' id='word_1_123' title='bbox 1463 1697 1811 1752; x_wconf 90' lang='lat' dir='ltr'><strong>schismatum</strong></span> 
     </span>
    </p>
   </div>
   <div class='ocr_carea' id='block_1_16' title="bbox 227 1790 1817 1860">
    <p class='ocr_par' dir='ltr' id='par_1_16' title="bbox 227 1790 1817 1860">
     <span class='ocr_line' id='line_1_16' title="bbox 227 1790 1817 1860; baseline 0.001 -16"><span class='ocrx_word' id='word_1_124' title='bbox 227 1791 625 1853; x_wconf 83' lang='lat' dir='ltr'><strong>concisionibus</strong></span> <span class='ocrx_word' id='word_1_125' title='bbox 646 1791 909 1860; x_wconf 77' lang='lat' dir='ltr'><strong>prmtulit;</strong></span> <span class='ocrx_word' id='word_1_126' title='bbox 943 1790 1173 1860; x_wconf 83' lang='lat' dir='ltr'><strong>alioquin</strong></span> <span class='ocrx_word' id='word_1_127' title='bbox 1199 1790 1359 1844; x_wconf 90' lang='lat' dir='ltr'><strong>etiam</strong></span> <span class='ocrx_word' id='word_1_128' title='bbox 1390 1792 1504 1858; x_wconf 90' lang='lat' dir='ltr'><strong>ipse</strong></span> <span class='ocrx_word' id='word_1_129' title='bbox 1531 1791 1668 1845; x_wconf 89' lang='lat' dir='ltr'><strong>inter</strong></span> <span class='ocrx_word' id='word_1_130' title='bbox 1697 1790 1817 1845; x_wconf 91' lang='lat' dir='ltr'><strong>illos</strong></span> 
     </span>
    </p>
   </div>
   <div class='ocr_carea' id='block_1_17' title="bbox 228 1879 1818 1952">
    <p class='ocr_par' dir='ltr' id='par_1_17' title="bbox 228 1879 1818 1952">
     <span class='ocr_line' id='line_1_17' title="bbox 228 1879 1818 1952; baseline 0 -15"><span class='ocrx_word' id='word_1_131' title='bbox 228 1884 313 1952; x_wconf 88' lang='lat' dir='ltr'><strong>qui</strong></span> <span class='ocrx_word' id='word_1_132' title='bbox 358 1883 495 1937; x_wconf 85' lang='lat' dir='ltr'><strong>l&#39;oris</strong></span> <span class='ocrx_word' id='word_1_133' title='bbox 546 1892 672 1937; x_wconf 88' lang='lat' dir='ltr'><strong>sunt</strong></span> <span class='ocrx_word' id='word_1_134' title='bbox 718 1881 1052 1951; x_wconf 89' lang='lat' dir='ltr'><strong>deputandus</strong></span> <span class='ocrx_word' id='word_1_135' title='bbox 1102 1890 1205 1937; x_wconf 90' lang='lat' dir='ltr'><strong>est.</strong></span> <span class='ocrx_word' id='word_1_136' title='bbox 1259 1879 1653 1936; x_wconf 85' lang='lat' dir='ltr'><strong>Constituamus</strong></span> <span class='ocrx_word' id='word_1_137' title='bbox 1691 1897 1818 1951; x_wconf 85' lang='lat' dir='ltr'><strong>ergo</strong></span> 
     </span>
    </p>
   </div>
   <div class='ocr_carea' id='block_1_18' title="bbox 228 1973 1815 2044">
    <p class='ocr_par' dir='ltr' id='par_1_18' title="bbox 228 1973 1815 2044">
     <span class='ocr_line' id='line_1_18' title="bbox 228 1973 1815 2044; baseline -0.001 -15"><span class='ocrx_word' id='word_1_138' title='bbox 228 1974 359 2029; x_wconf 90' lang='lat' dir='ltr'><strong>duos</strong></span> <span class='ocrx_word' id='word_1_139' title='bbox 386 1975 599 2043; x_wconf 86' lang='lat' dir='ltr'><strong>aliquos</strong></span> <span class='ocrx_word' id='word_1_140' title='bbox 627 1974 729 2029; x_wconf 91' lang='lat' dir='ltr'><strong>isto</strong></span> <span class='ocrx_word' id='word_1_141' title='bbox 757 1973 916 2029; x_wconf 91' lang='lat' dir='ltr'><strong>modo</strong></span> <span class='ocrx_word' id='word_1_142' title='bbox 950 1991 963 2029; x_wconf 90' lang='lat'><strong>:</strong></span> <span class='ocrx_word' id='word_1_143' title='bbox 997 1988 1160 2028; x_wconf 91' lang='lat' dir='ltr'><strong>unum</strong></span> <span class='ocrx_word' id='word_1_144' title='bbox 1190 1988 1374 2028; x_wconf 88' lang='lat' dir='ltr'><strong>eorum</strong></span> <span class='ocrx_word' id='word_1_145' title='bbox 1396 2016 1410 2040; x_wconf 94' lang='lat'><strong>,</strong></span> <span class='ocrx_word' id='word_1_146' title='bbox 1440 1974 1583 2028; x_wconf 69' lang='lat' dir='ltr'><strong>verbi</strong></span> <span class='ocrx_word' id='word_1_147' title='bbox 1626 1975 1815 2044; x_wconf 80' lang='lat' dir='ltr'><strong>gratia,</strong></span> 
     </span>
    </p>
   </div>
   <div class='ocr_carea' id='block_1_19' title="bbox 232 2063 1820 2133">
    <p class='ocr_par' dir='ltr' id='par_1_19' title="bbox 232 2063 1820 2133">
     <span class='ocr_line' id='line_1_19' title="bbox 232 2063 1820 2133; baseline 0.001 -15"><span class='ocrx_word' id='word_1_148' title='bbox 232 2064 281 2118; x_wconf 87' lang='lat' dir='ltr'><strong>id</strong></span> <span class='ocrx_word' id='word_1_149' title='bbox 311 2066 521 2120; x_wconf 89' lang='lat' dir='ltr'><strong>sentire</strong></span> <span class='ocrx_word' id='word_1_150' title='bbox 548 2064 617 2118; x_wconf 90' lang='lat' dir='ltr'><strong>de</strong></span> <span class='ocrx_word' id='word_1_151' title='bbox 644 2063 860 2118; x_wconf 83' lang='lat' dir='ltr'><strong>Christo</strong></span> <span class='ocrx_word' id='word_1_152' title='bbox 883 2063 1023 2133; x_wconf 88' lang='lat' dir='ltr'><strong>quod</strong></span> <span class='ocrx_word' id='word_1_153' title='bbox 1056 2063 1313 2118; x_wconf 85' lang='lat' dir='ltr'><strong>Photinus</strong></span> <span class='ocrx_word' id='word_1_154' title='bbox 1351 2063 1598 2131; x_wconf 81' lang='lat' dir='ltr'><strong>opinatus</strong></span> <span class='ocrx_word' id='word_1_155' title='bbox 1619 2073 1701 2118; x_wconf 90' lang='lat' dir='ltr'><strong>est</strong></span> <span class='ocrx_word' id='word_1_156' title='bbox 1720 2106 1736 2128; x_wconf 92' lang='lat'><strong>,</strong></span> <span class='ocrx_word' id='word_1_157' title='bbox 1765 2074 1820 2121; x_wconf 90' lang='lat' dir='ltr'><strong>et</strong></span> 
     </span>
    </p>
   </div>
   <div class='ocr_carea' id='block_1_20' title="bbox 230 2155 1819 2225">
    <p class='ocr_par' dir='ltr' id='par_1_20' title="bbox 230 2155 1819 2225">
     <span class='ocr_line' id='line_1_20' title="bbox 230 2155 1819 2225; baseline 0 -15"><span class='ocrx_word' id='word_1_158' title='bbox 230 2157 278 2210; x_wconf 91' lang='lat' dir='ltr'><strong>iu</strong></span> <span class='ocrx_word' id='word_1_159' title='bbox 314 2156 434 2225; x_wconf 85' lang='lat' dir='ltr'><strong>ejus</strong></span> <span class='ocrx_word' id='word_1_160' title='bbox 476 2156 669 2211; x_wconf 80' lang='lat' dir='ltr'><strong>haeresi</strong></span> <span class='ocrx_word' id='word_1_161' title='bbox 743 2155 996 2224; x_wconf 82' lang='lat' dir='ltr'><strong>baptizari</strong></span> <span class='ocrx_word' id='word_1_162' title='bbox 1050 2164 1199 2211; x_wconf 78' lang='lat' dir='ltr'><strong>extra</strong></span> <span class='ocrx_word' id='word_1_163' title='bbox 1244 2155 1494 2211; x_wconf 72' lang='lat' dir='ltr'><strong>Ecclesia:</strong></span> <span class='ocrx_word' id='word_1_164' title='bbox 1543 2155 1819 2210; x_wconf 79' lang='lat' dir='ltr'><strong>catholicae</strong></span> 
     </span>
    </p>
   </div>
   <div class='ocr_carea' id='block_1_21' title="bbox 228 2246 1818 2312">
    <p class='ocr_par' dir='ltr' id='par_1_21' title="bbox 228 2246 1818 2312">
     <span class='ocr_line' id='line_1_21' title="bbox 228 2246 1818 2312; baseline 0.001 -12"><span class='ocrx_word' id='word_1_165' title='bbox 228 2247 700 2311; x_wconf 84' lang='lat' dir='ltr'><strong>communionem;</strong></span> <span class='ocrx_word' id='word_1_166' title='bbox 727 2246 888 2299; x_wconf 91' lang='lat' dir='ltr'><strong>alium</strong></span> <span class='ocrx_word' id='word_1_167' title='bbox 920 2261 1045 2301; x_wconf 86' lang='lat' dir='ltr'><strong>vero</strong></span> <span class='ocrx_word' id='word_1_168' title='bbox 1075 2246 1175 2301; x_wconf 91' lang='lat' dir='ltr'><strong>hoc</strong></span> <span class='ocrx_word' id='word_1_169' title='bbox 1204 2246 1342 2301; x_wconf 89' lang='lat' dir='ltr'><strong>idem</strong></span> <span class='ocrx_word' id='word_1_170' title='bbox 1374 2246 1595 2312; x_wconf 89' lang='lat' dir='ltr'><strong>sentire,</strong></span> <span class='ocrx_word' id='word_1_171' title='bbox 1628 2246 1723 2301; x_wconf 89' lang='lat' dir='ltr'><strong>sed</strong></span> <span class='ocrx_word' id='word_1_172' title='bbox 1766 2247 1818 2302; x_wconf 91' lang='lat' dir='ltr'><strong>in</strong></span> 
     </span>
    </p>
   </div>
   <div class='ocr_carea' id='block_1_22' title="bbox 230 2339 1822 2409">
    <p class='ocr_par' dir='ltr' id='par_1_22' title="bbox 230 2339 1822 2409">
     <span class='ocr_line' id='line_1_22' title="bbox 230 2339 1822 2409; baseline -0.001 -15"><span class='ocrx_word' id='word_1_173' title='bbox 230 2339 507 2394; x_wconf 85' lang='lat' dir='ltr'><strong>Catholica</strong></span> <span class='ocrx_word' id='word_1_174' title='bbox 535 2339 814 2409; x_wconf 85' lang='lat' dir='ltr'><strong>baptizari,</strong></span> <span class='ocrx_word' id='word_1_175' title='bbox 847 2339 1238 2394; x_wconf 86' lang='lat' dir='ltr'><strong>existimantem</strong></span> <span class='ocrx_word' id='word_1_176' title='bbox 1272 2340 1437 2409; x_wconf 85' lang='lat' dir='ltr'><strong>ipsam</strong></span> <span class='ocrx_word' id='word_1_177' title='bbox 1480 2354 1599 2395; x_wconf 89' lang='lat' dir='ltr'><strong>esse</strong></span> <span class='ocrx_word' id='word_1_178' title='bbox 1636 2340 1822 2394; x_wconf 84' lang='lat' dir='ltr'><strong>catho-</strong></span> 
     </span>
    </p>
   </div>
   <div class='ocr_carea' id='block_1_23' title="bbox 230 2428 1822 2497">
    <p class='ocr_par' dir='ltr' id='par_1_23' title="bbox 230 2428 1822 2497">
     <span class='ocr_line' id='line_1_23' title="bbox 230 2428 1822 2497; baseline 0.001 -12"><span class='ocrx_word' id='word_1_179' title='bbox 230 2430 383 2485; x_wconf 79' lang='lat' dir='ltr'><strong>licam</strong></span> <span class='ocrx_word' id='word_1_180' title='bbox 409 2428 596 2485; x_wconf 75' lang='lat' dir='ltr'><strong>(idem.</strong></span> <span class='ocrx_word' id='word_1_181' title='bbox 630 2430 789 2484; x_wconf 92' lang='lat' dir='ltr'><strong>Istum</strong></span> <span class='ocrx_word' id='word_1_182' title='bbox 816 2430 1049 2485; x_wconf 88' lang='lat' dir='ltr'><strong>nondum</strong></span> <span class='ocrx_word' id='word_1_183' title='bbox 1075 2429 1383 2485; x_wconf 71' lang='lat' dir='ltr'><strong>hmreticum</strong></span> <span class='ocrx_word' id='word_1_184' title='bbox 1408 2430 1549 2497; x_wconf 90' lang='lat' dir='ltr'><strong>dico,</strong></span> <span class='ocrx_word' id='word_1_185' title='bbox 1580 2431 1678 2486; x_wconf 86' lang='lat' dir='ltr'><strong>nisi</strong></span> <span class='ocrx_word' id='word_1_186' title='bbox 1710 2447 1822 2487; x_wconf 87' lang='lat' dir='ltr'><strong>ma-</strong></span> 
     </span>
    </p>
   </div>
   <div class='ocr_carea' id='block_1_24' title="bbox 232 2521 1822 2580">
    <p class='ocr_par' dir='ltr' id='par_1_24' title="bbox 232 2521 1822 2580">
     <span class='ocr_line' id='line_1_24' title="bbox 232 2521 1822 2580; baseline 0 -1"><span class='ocrx_word' id='word_1_187' title='bbox 232 2522 482 2579; x_wconf 70' lang='lat' dir='ltr'><strong>nifestata</strong></span> <span class='ocrx_word' id='word_1_188' title='bbox 503 2522 605 2577; x_wconf 91' lang='lat' dir='ltr'><strong>sibi</strong></span> <span class='ocrx_word' id='word_1_189' title='bbox 633 2521 875 2577; x_wconf 88' lang='lat' dir='ltr'><strong>doctrina</strong></span> <span class='ocrx_word' id='word_1_190' title='bbox 894 2522 1179 2578; x_wconf 66' lang='lat' dir='ltr'><strong>catholicae</strong></span> <span class='ocrx_word' id='word_1_191' title='bbox 1201 2522 1319 2580; x_wconf 86' lang='lat' dir='ltr'><strong>ﬁdei</strong></span> <span class='ocrx_word' id='word_1_192' title='bbox 1347 2524 1596 2580; x_wconf 88' lang='lat' dir='ltr'><strong>resistere</strong></span> <span class='ocrx_word' id='word_1_193' title='bbox 1622 2527 1822 2580; x_wconf 84' lang='lat' dir='ltr'><strong>malue-</strong></span> 
     </span>
    </p>
   </div>
   <div class='ocr_carea' id='block_1_25' title="bbox 233 2614 1819 2686">
    <p class='ocr_par' dir='ltr' id='par_1_25' title="bbox 233 2614 1819 2686">
     <span class='ocr_line' id='line_1_25' title="bbox 233 2614 1819 2686; baseline 0.003 -18"><span class='ocrx_word' id='word_1_194' title='bbox 233 2615 336 2679; x_wconf 78' lang='lat' dir='ltr'><strong>rit,</strong></span> <span class='ocrx_word' id='word_1_195' title='bbox 378 2624 438 2671; x_wconf 91' lang='lat' dir='ltr'><strong>et</strong></span> <span class='ocrx_word' id='word_1_196' title='bbox 480 2614 612 2670; x_wconf 91' lang='lat' dir='ltr'><strong>illud</strong></span> <span class='ocrx_word' id='word_1_197' title='bbox 641 2615 780 2684; x_wconf 91' lang='lat' dir='ltr'><strong>quod</strong></span> <span class='ocrx_word' id='word_1_198' title='bbox 830 2614 1034 2670; x_wconf 88' lang='lat' dir='ltr'><strong>tenebat</strong></span> <span class='ocrx_word' id='word_1_199' title='bbox 1074 2615 1327 2686; x_wconf 79' lang='lat' dir='ltr'><strong>elegerit:</strong></span> <span class='ocrx_word' id='word_1_200' title='bbox 1355 2615 1496 2684; x_wconf 88' lang='lat' dir='ltr'><strong>quod</strong></span> <span class='ocrx_word' id='word_1_201' title='bbox 1539 2626 1819 2686; x_wconf 86' lang='lat' dir='ltr'><strong>antequam</strong></span> 
     </span>
    </p>
   </div>
   <div class='ocr_carea' id='block_1_26' title="bbox 233 2704 1818 2776">
    <p class='ocr_par' dir='ltr' id='par_1_26' title="bbox 233 2704 1818 2776">
     <span class='ocr_line' id='line_1_26' title="bbox 233 2704 1818 2776; baseline 0.004 -18"><span class='ocrx_word' id='word_1_202' title='bbox 233 2704 356 2769; x_wconf 77' lang='lat' dir='ltr'><strong>fiat,</strong></span> <span class='ocrx_word' id='word_1_203' title='bbox 382 2704 730 2761; x_wconf 79' lang='lat' dir='ltr'><strong>manifestum</strong></span> <span class='ocrx_word' id='word_1_204' title='bbox 772 2715 855 2759; x_wconf 86' lang='lat' dir='ltr'><strong>est</strong></span> <span class='ocrx_word' id='word_1_205' title='bbox 893 2706 1040 2761; x_wconf 90' lang='lat' dir='ltr'><strong>illum</strong></span> <span class='ocrx_word' id='word_1_206' title='bbox 1072 2707 1162 2776; x_wconf 91' lang='lat' dir='ltr'><strong>qui</strong></span> <span class='ocrx_word' id='word_1_207' title='bbox 1211 2705 1341 2761; x_wconf 82' lang='lat' dir='ltr'><strong>foris</strong></span> <span class='ocrx_word' id='word_1_208' title='bbox 1382 2707 1674 2776; x_wconf 83' lang='lat' dir='ltr'><strong>baptizatus</strong></span> <span class='ocrx_word' id='word_1_209' title='bbox 1704 2711 1818 2764; x_wconf 76' lang='lat' dir='ltr'><strong>est‘</strong></span> 
     </span>
    </p>
   </div>
   <div class='ocr_carea' id='block_1_27' title="bbox 232 2795 1821 2868">
    <p class='ocr_par' dir='ltr' id='par_1_27' title="bbox 232 2795 1821 2868">
     <span class='ocr_line' id='line_1_27' title="bbox 232 2795 1821 2868; baseline 0.001 -17"><span class='ocrx_word' id='word_1_210' title='bbox 232 2810 346 2851; x_wconf 86' lang='lat' dir='ltr'><strong>esse</strong></span> <span class='ocrx_word' id='word_1_211' title='bbox 374 2796 642 2868; x_wconf 82' lang='lat' dir='ltr'><strong>pejorem.</strong></span> <span class='ocrx_word' id='word_1_212' title='bbox 692 2795 869 2866; x_wconf 87' lang='lat' dir='ltr'><strong>Itaque</strong></span> <span class='ocrx_word' id='word_1_213' title='bbox 908 2797 960 2850; x_wconf 93' lang='lat' dir='ltr'><strong>in</strong></span> <span class='ocrx_word' id='word_1_214' title='bbox 990 2796 1089 2851; x_wconf 90' lang='lat' dir='ltr'><strong>hoc</strong></span> <span class='ocrx_word' id='word_1_215' title='bbox 1118 2797 1227 2851; x_wconf 87' lang='lat' dir='ltr'><strong>sola</strong></span> <span class='ocrx_word' id='word_1_216' title='bbox 1257 2796 1384 2851; x_wconf 80' lang='lat' dir='ltr'><strong>falsa</strong></span> <span class='ocrx_word' id='word_1_217' title='bbox 1409 2798 1615 2867; x_wconf 87' lang='lat' dir='ltr'><strong>opinio,</strong></span> <span class='ocrx_word' id='word_1_218' title='bbox 1649 2800 1700 2852; x_wconf 92' lang='lat' dir='ltr'><strong>in</strong></span> <span class='ocrx_word' id='word_1_219' title='bbox 1731 2800 1821 2853; x_wconf 89' lang='lat' dir='ltr'><strong>illo</strong></span> 
     </span>
    </p>
   </div>
   <div class='ocr_carea' id='block_1_28' title="bbox 233 2887 1824 2958">
    <p class='ocr_par' dir='ltr' id='par_1_28' title="bbox 233 2887 1824 2958">
     <span class='ocr_line' id='line_1_28' title="bbox 233 2887 1824 2958; baseline 0.001 -18"><span class='ocrx_word' id='word_1_220' title='bbox 233 2896 406 2942; x_wconf 85' lang='lat' dir='ltr'><strong>autem</strong></span> <span class='ocrx_word' id='word_1_221' title='bbox 433 2888 600 2942; x_wconf 89' lang='lat' dir='ltr'><strong>etiam</strong></span> <span class='ocrx_word' id='word_1_222' title='bbox 634 2887 744 2955; x_wconf 89' lang='lat' dir='ltr'><strong>ipsa</strong></span> <span class='ocrx_word' id='word_1_223' title='bbox 783 2887 975 2941; x_wconf 81' lang='lat' dir='ltr'><strong>divisio</strong></span> <span class='ocrx_word' id='word_1_224' title='bbox 1013 2887 1320 2958; x_wconf 86' lang='lat' dir='ltr'><strong>corrigenda</strong></span> <span class='ocrx_word' id='word_1_225' title='bbox 1350 2896 1460 2945; x_wconf 90' lang='lat' dir='ltr'><strong>est:</strong></span> <span class='ocrx_word' id='word_1_226' title='bbox 1494 2887 1586 2941; x_wconf 91' lang='lat' dir='ltr'><strong>scd</strong></span> <span class='ocrx_word' id='word_1_227' title='bbox 1614 2888 1663 2942; x_wconf 92' lang='lat' dir='ltr'><strong>in</strong></span> <span class='ocrx_word' id='word_1_228' title='bbox 1696 2904 1824 2943; x_wconf 86' lang='lat' dir='ltr'><strong>neu-</strong></span> 
     </span>
    </p>
   </div>
   <div class='ocr_carea' id='block_1_29' title="bbox 236 2977 1820 3050">
    <p class='ocr_par' dir='ltr' id='par_1_29' title="bbox 236 2977 1820 3050">
     <span class='ocr_line' id='line_1_29' title="bbox 236 2977 1820 3050; baseline -0.001 -16"><span class='ocrx_word' id='word_1_229' title='bbox 236 2988 314 3034; x_wconf 86' lang='lat' dir='ltr'><strong>tro</strong></span> <span class='ocrx_word' id='word_1_230' title='bbox 356 2980 603 3050; x_wconf 89' lang='lat' dir='ltr'><strong>ipsorum</strong></span> <span class='ocrx_word' id='word_1_231' title='bbox 641 2978 973 3035; x_wconf 86' lang='lat' dir='ltr'><strong>Sacramenti</strong></span> <span class='ocrx_word' id='word_1_232' title='bbox 1018 2978 1213 3033; x_wconf 91' lang='lat' dir='ltr'><strong>veritas</strong></span> <span class='ocrx_word' id='word_1_233' title='bbox 1255 2977 1561 3047; x_wconf 86' lang='lat' dir='ltr'><strong>repetenda.</strong></span> <span class='ocrx_word' id='word_1_234' title='bbox 1602 2978 1752 3045; x_wconf 86' lang='lat' dir='ltr'><strong>Quod</strong></span> <span class='ocrx_word' id='word_1_235' title='bbox 1778 2980 1820 3033; x_wconf 89' lang='lat' dir='ltr'><strong>si</strong></span> 
     </span>
    </p>
   </div>
   <div class='ocr_carea' id='block_1_30' title="bbox 234 3068 1823 3139">
    <p class='ocr_par' dir='ltr' id='par_1_30' title="bbox 234 3068 1823 3139">
     <span class='ocr_line' id='line_1_30' title="bbox 234 3068 1823 3139; baseline 0.001 -16"><span class='ocrx_word' id='word_1_236' title='bbox 234 3069 512 3139; x_wconf 85' lang='lat' dir='ltr'><strong>quisquam</strong></span> <span class='ocrx_word' id='word_1_237' title='bbox 544 3068 685 3123; x_wconf 90' lang='lat' dir='ltr'><strong>idem</strong></span> <span class='ocrx_word' id='word_1_238' title='bbox 712 3069 906 3124; x_wconf 89' lang='lat' dir='ltr'><strong>sentiat</strong></span> <span class='ocrx_word' id='word_1_239' title='bbox 933 3068 1074 3139; x_wconf 89' lang='lat' dir='ltr'><strong>quod</strong></span> <span class='ocrx_word' id='word_1_240' title='bbox 1112 3068 1209 3133; x_wconf 91' lang='lat' dir='ltr'><strong>illi,</strong></span> <span class='ocrx_word' id='word_1_241' title='bbox 1241 3077 1293 3122; x_wconf 93' lang='lat' dir='ltr'><strong>et</strong></span> <span class='ocrx_word' id='word_1_242' title='bbox 1320 3082 1443 3124; x_wconf 87' lang='lat' dir='ltr'><strong>esse</strong></span> <span class='ocrx_word' id='word_1_243' title='bbox 1482 3070 1688 3125; x_wconf 88' lang='lat' dir='ltr'><strong>noverit</strong></span> <span class='ocrx_word' id='word_1_244' title='bbox 1714 3070 1823 3124; x_wconf 71' lang='lat' dir='ltr'><strong>hm-</strong></span> 
     </span>
    </p>
   </div>
   <div class='ocr_carea' id='block_1_31' title="bbox 236 3160 1823 3230">
    <p class='ocr_par' dir='ltr' id='par_1_31' title="bbox 236 3160 1823 3230">
     <span class='ocr_line' id='line_1_31' title="bbox 236 3160 1823 3230; baseline 0 -13"><span class='ocrx_word' id='word_1_245' title='bbox 236 3163 390 3217; x_wconf 89' lang='lat' dir='ltr'><strong>resim</strong></span> <span class='ocrx_word' id='word_1_246' title='bbox 413 3160 485 3215; x_wconf 88' lang='lat' dir='ltr'><strong>ab</strong></span> <span class='ocrx_word' id='word_1_247' title='bbox 512 3162 715 3216; x_wconf 89' lang='lat' dir='ltr'><strong>unitate</strong></span> <span class='ocrx_word' id='word_1_248' title='bbox 740 3160 1001 3216; x_wconf 86' lang='lat' dir='ltr'><strong>catholica</strong></span> <span class='ocrx_word' id='word_1_249' title='bbox 1031 3169 1328 3230; x_wconf 86' lang='lat' dir='ltr'><strong>separatam</strong></span> <span class='ocrx_word' id='word_1_250' title='bbox 1357 3161 1445 3215; x_wconf 92' lang='lat' dir='ltr'><strong>ubi</strong></span> <span class='ocrx_word' id='word_1_251' title='bbox 1476 3161 1577 3217; x_wconf 89' lang='lat' dir='ltr'><strong>hoc</strong></span> <span class='ocrx_word' id='word_1_252' title='bbox 1605 3162 1823 3218; x_wconf 89' lang='lat' dir='ltr'><strong>docetur</strong></span> 
     </span>
    </p>
   </div>
   <div class='ocr_carea' id='block_1_32' title="bbox 236 3250 1822 3321">
    <p class='ocr_par' dir='ltr' id='par_1_32' title="bbox 236 3250 1822 3321">
     <span class='ocr_line' id='line_1_32' title="bbox 236 3250 1822 3321; baseline 0.002 -13"><span class='ocrx_word' id='word_1_253' title='bbox 236 3261 285 3308; x_wconf 87' lang='lat' dir='ltr'><strong>et</strong></span> <span class='ocrx_word' id='word_1_254' title='bbox 324 3252 578 3318; x_wconf 88' lang='lat' dir='ltr'><strong>discitur,</strong></span> <span class='ocrx_word' id='word_1_255' title='bbox 612 3250 705 3307; x_wconf 88' lang='lat' dir='ltr'><strong>sed</strong></span> <span class='ocrx_word' id='word_1_256' title='bbox 734 3252 956 3321; x_wconf 86' lang='lat' dir='ltr'><strong>alicujus</strong></span> <span class='ocrx_word' id='word_1_257' title='bbox 985 3252 1256 3307; x_wconf 72' lang='lat' dir='ltr'><strong>smcularis</strong></span> <span class='ocrx_word' id='word_1_258' title='bbox 1285 3255 1631 3309; x_wconf 88' lang='lat' dir='ltr'><strong>emolumenti</strong></span> <span class='ocrx_word' id='word_1_259' title='bbox 1663 3271 1822 3311; x_wconf 88' lang='lat' dir='ltr'><strong>causa</strong></span> 
     </span>
    </p>
   </div>
   <div class='ocr_carea' id='block_1_33' title="bbox 238 3344 1824 3413">
    <p class='ocr_par' dir='ltr' id='par_1_33' title="bbox 238 3344 1824 3413">
     <span class='ocr_line' id='line_1_33' title="bbox 238 3344 1824 3413; baseline 0.003 -17"><span class='ocrx_word' id='word_1_260' title='bbox 238 3344 286 3397; x_wconf 91' lang='lat' dir='ltr'><strong>in</strong></span> <span class='ocrx_word' id='word_1_261' title='bbox 322 3344 593 3399; x_wconf 88' lang='lat' dir='ltr'><strong>catholica</strong></span> <span class='ocrx_word' id='word_1_262' title='bbox 640 3344 841 3398; x_wconf 90' lang='lat' dir='ltr'><strong>unitate</strong></span> <span class='ocrx_word' id='word_1_263' title='bbox 878 3344 1130 3413; x_wconf 84' lang='lat' dir='ltr'><strong>baptizari</strong></span> <span class='ocrx_word' id='word_1_264' title='bbox 1157 3345 1403 3407; x_wconf 88' lang='lat' dir='ltr'><strong>voluerit,</strong></span> <span class='ocrx_word' id='word_1_265' title='bbox 1446 3346 1528 3401; x_wconf 90' lang='lat' dir='ltr'><strong>vel</strong></span> <span class='ocrx_word' id='word_1_266' title='bbox 1560 3348 1611 3401; x_wconf 93' lang='lat' dir='ltr'><strong>in</strong></span> <span class='ocrx_word' id='word_1_267' title='bbox 1637 3362 1698 3403; x_wconf 87' lang='lat' dir='ltr'><strong>ea</strong></span> <span class='ocrx_word' id='word_1_268' title='bbox 1729 3348 1824 3402; x_wconf 88' lang='lat' dir='ltr'><strong>ba-</strong></span> 
     </span>
    </p>
   </div>
   <div class='ocr_carea' id='block_1_34' title="bbox 238 3433 1821 3510">
    <p class='ocr_par' dir='ltr' id='par_1_34' title="bbox 238 3433 1821 3510">
     <span class='ocr_line' id='line_1_34' title="bbox 238 3433 1821 3510; baseline 0.006 -26"><span class='ocrx_word' id='word_1_269' title='bbox 238 3436 459 3510; x_wconf 81' lang='lat' dir='ltr'><strong>ptizatus</strong></span> <span class='ocrx_word' id='word_1_270' title='bbox 502 3443 723 3504; x_wconf 89' lang='lat' dir='ltr'><strong>propter</strong></span> <span class='ocrx_word' id='word_1_271' title='bbox 766 3434 867 3489; x_wconf 90' lang='lat' dir='ltr'><strong>hoc</strong></span> <span class='ocrx_word' id='word_1_272' title='bbox 896 3433 1043 3490; x_wconf 82' lang='lat' dir='ltr'><strong>exire</strong></span> <span class='ocrx_word' id='word_1_273' title='bbox 1069 3433 1192 3489; x_wconf 90' lang='lat' dir='ltr'><strong>inde</strong></span> <span class='ocrx_word' id='word_1_274' title='bbox 1234 3436 1490 3501; x_wconf 88' lang='lat' dir='ltr'><strong>noluerit;</strong></span> <span class='ocrx_word' id='word_1_275' title='bbox 1519 3453 1624 3493; x_wconf 92' lang='lat' dir='ltr'><strong>non</strong></span> <span class='ocrx_word' id='word_1_276' title='bbox 1651 3439 1821 3494; x_wconf 89' lang='lat' dir='ltr'><strong>solum</strong></span> 
     </span>
    </p>
   </div>
   <div class='ocr_carea' id='block_1_35' title="bbox 236 3524 1824 3600">
    <p class='ocr_par' dir='ltr' id='par_1_35' title="bbox 236 3524 1824 3600">
     <span class='ocr_line' id='line_1_35' title="bbox 236 3524 1824 3600; baseline 0.003 -20"><span class='ocrx_word' id='word_1_277' title='bbox 236 3536 513 3600; x_wconf 82' lang='lat' dir='ltr'><strong>separatus</strong></span> <span class='ocrx_word' id='word_1_278' title='bbox 549 3524 827 3581; x_wconf 87' lang='lat' dir='ltr'><strong>habendus</strong></span> <span class='ocrx_word' id='word_1_279' title='bbox 854 3533 969 3591; x_wconf 91' lang='lat' dir='ltr'><strong>est,</strong></span> <span class='ocrx_word' id='word_1_280' title='bbox 998 3540 1182 3580; x_wconf 86' lang='lat' dir='ltr'><strong>verum</strong></span> <span class='ocrx_word' id='word_1_281' title='bbox 1223 3526 1383 3581; x_wconf 88' lang='lat' dir='ltr'><strong>etiam</strong></span> <span class='ocrx_word' id='word_1_282' title='bbox 1412 3536 1558 3583; x_wconf 87' lang='lat' dir='ltr'><strong>tanto</strong></span> <span class='ocrx_word' id='word_1_283' title='bbox 1594 3529 1824 3584; x_wconf 87' lang='lat' dir='ltr'><strong>scelera-</strong></span> 
     </span>
    </p>
   </div>
   <div class='ocr_carea' id='block_1_36' title="bbox 238 3615 1823 3687">
    <p class='ocr_par' dir='ltr' id='par_1_36' title="bbox 238 3615 1823 3687">
     <span class='ocr_line' id='line_1_36' title="bbox 238 3615 1823 3687; baseline 0.003 -16"><span class='ocrx_word' id='word_1_284' title='bbox 238 3615 355 3682; x_wconf 85' lang='lat' dir='ltr'><strong>tius,</strong></span> <span class='ocrx_word' id='word_1_285' title='bbox 399 3625 606 3687; x_wconf 88' lang='lat' dir='ltr'><strong>quanto</strong></span> <span class='ocrx_word' id='word_1_286' title='bbox 634 3617 799 3687; x_wconf 82' lang='lat' dir='ltr'><strong>magis</strong></span> <span class='ocrx_word' id='word_1_287' title='bbox 835 3617 1003 3671; x_wconf 89' lang='lat' dir='ltr'><strong>errori</strong></span> <span class='ocrx_word' id='word_1_288' title='bbox 1034 3615 1253 3673; x_wconf 62' lang='lat' dir='ltr'><strong>haeresis</strong></span> <span class='ocrx_word' id='word_1_289' title='bbox 1294 3627 1347 3671; x_wconf 90' lang='lat' dir='ltr'><strong>ct</strong></span> <span class='ocrx_word' id='word_1_290' title='bbox 1372 3617 1621 3675; x_wconf 78' lang='lat' dir='ltr'><strong>divisioni</strong></span> <span class='ocrx_word' id='word_1_291' title='bbox 1650 3622 1823 3675; x_wconf 90' lang='lat' dir='ltr'><strong>unita-</strong></span> 
     </span>
    </p>
   </div>
   <div class='ocr_carea' id='block_1_37' title="bbox 239 3708 1820 3780">
    <p class='ocr_par' dir='ltr' id='par_1_37' title="bbox 239 3708 1820 3780">
     <span class='ocr_line' id='line_1_37' title="bbox 239 3708 1820 3780; baseline 0.003 -17"><span class='ocrx_word' id='word_1_292' title='bbox 239 3709 300 3763; x_wconf 88' lang='lat' dir='ltr'><strong>tis</strong></span> <span class='ocrx_word' id='word_1_293' title='bbox 325 3710 595 3765; x_wconf 82' lang='lat' dir='ltr'><strong>fallaciam</strong></span> <span class='ocrx_word' id='word_1_294' title='bbox 634 3709 983 3765; x_wconf 89' lang='lat' dir='ltr'><strong>simulationis</strong></span> <span class='ocrx_word' id='word_1_295' title='bbox 1022 3708 1278 3780; x_wconf 83' lang='lat' dir='ltr'><strong>adjungit.</strong></span> <span class='ocrx_word' id='word_1_296' title='bbox 1322 3709 1677 3777; x_wconf 87' lang='lat' dir='ltr'><strong>Quamobrem</strong></span> <span class='ocrx_word' id='word_1_297' title='bbox 1721 3727 1820 3768; x_wconf 90' lang='lat' dir='ltr'><strong>cu-</strong></span> 
     </span>
    </p>
   </div>
   <div class='ocr_carea' id='block_1_38' title="bbox 234 3799 1822 3871">
    <p class='ocr_par' dir='ltr' id='par_1_38' title="bbox 234 3799 1822 3871">
     <span class='ocr_line' id='line_1_38' title="bbox 234 3799 1822 3871; baseline 0.001 -16"><span class='ocrx_word' id='word_1_298' title='bbox 234 3799 415 3871; x_wconf 84' lang='lat' dir='ltr'><strong>jusque</strong></span> <span class='ocrx_word' id='word_1_299' title='bbox 458 3800 696 3855; x_wconf 89' lang='lat' dir='ltr'><strong>hominis</strong></span> <span class='ocrx_word' id='word_1_300' title='bbox 722 3801 952 3870; x_wconf 80' lang='lat' dir='ltr'><strong>pravitas</strong></span> <span class='ocrx_word' id='word_1_301' title='bbox 971 3840 987 3867; x_wconf 94' lang='lat'><strong>,</strong></span> <span class='ocrx_word' id='word_1_302' title='bbox 1021 3808 1219 3871; x_wconf 90' lang='lat' dir='ltr'><strong>quanto</strong></span> <span class='ocrx_word' id='word_1_303' title='bbox 1248 3802 1597 3870; x_wconf 83' lang='lat' dir='ltr'><strong>periculosior</strong></span> <span class='ocrx_word' id='word_1_304' title='bbox 1626 3813 1679 3856; x_wconf 90' lang='lat' dir='ltr'><strong>et</strong></span> <span class='ocrx_word' id='word_1_305' title='bbox 1709 3810 1822 3857; x_wconf 90' lang='lat' dir='ltr'><strong>tor-</strong></span> 
     </span>
    </p>
   </div>
   <div class='ocr_carea' id='block_1_39' title="bbox 239 3892 1820 3962">
    <p class='ocr_par' dir='ltr' id='par_1_39' title="bbox 239 3892 1820 3962">
     <span class='ocr_line' id='line_1_39' title="bbox 239 3892 1820 3962; baseline 0.001 -16"><span class='ocrx_word' id='word_1_306' title='bbox 239 3895 435 3949; x_wconf 87' lang='lat' dir='ltr'><strong>tuosior</strong></span> <span class='ocrx_word' id='word_1_307' title='bbox 466 3902 584 3955; x_wconf 90' lang='lat' dir='ltr'><strong>est,</strong></span> <span class='ocrx_word' id='word_1_308' title='bbox 620 3901 765 3946; x_wconf 83' lang='lat' dir='ltr'><strong>tanto</strong></span> <span class='ocrx_word' id='word_1_309' title='bbox 802 3892 1085 3948; x_wconf 86' lang='lat' dir='ltr'><strong>instantius</strong></span> <span class='ocrx_word' id='word_1_310' title='bbox 1120 3901 1173 3946; x_wconf 88' lang='lat' dir='ltr'><strong>et</strong></span> <span class='ocrx_word' id='word_1_311' title='bbox 1203 3893 1480 3961; x_wconf 89' lang='lat' dir='ltr'><strong>operosius</strong></span> <span class='ocrx_word' id='word_1_312' title='bbox 1508 3893 1820 3962; x_wconf 77' lang='lat' dir='ltr'><strong>corrigenda</strong></span> 
     </span>
    </p>
   </div>
   <div class='ocr_carea' id='block_1_40' title="bbox 237 3982 1825 4053">
    <p class='ocr_par' dir='ltr' id='par_1_40' title="bbox 237 3982 1825 4053">
     <span class='ocr_line' id='line_1_40' title="bbox 237 3982 1825 4053; baseline -0.001 -13"><span class='ocrx_word' id='word_1_313' title='bbox 237 3993 344 4040; x_wconf 86' lang='lat' dir='ltr'><strong>est:</strong></span> <span class='ocrx_word' id='word_1_314' title='bbox 378 3999 482 4039; x_wconf 91' lang='lat' dir='ltr'><strong>nec</strong></span> <span class='ocrx_word' id='word_1_315' title='bbox 511 3983 631 4037; x_wconf 88' lang='lat' dir='ltr'><strong>ideo</strong></span> <span class='ocrx_word' id='word_1_316' title='bbox 658 3992 831 4039; x_wconf 86' lang='lat' dir='ltr'><strong>tamen</strong></span> <span class='ocrx_word' id='word_1_317' title='bbox 862 3984 905 4038; x_wconf 89' lang='lat' dir='ltr'><strong>si</strong></span> <span class='ocrx_word' id='word_1_318' title='bbox 934 3983 1056 4053; x_wconf 89' lang='lat' dir='ltr'><strong>quid</strong></span> <span class='ocrx_word' id='word_1_319' title='bbox 1087 3982 1243 4036; x_wconf 89' lang='lat' dir='ltr'><strong>habet</strong></span> <span class='ocrx_word' id='word_1_320' title='bbox 1273 3984 1554 4052; x_wconf 87' lang='lat' dir='ltr'><strong>integrum,</strong></span> <span class='ocrx_word' id='word_1_321' title='bbox 1592 4000 1825 4052; x_wconf 52' lang='lat' dir='ltr'><strong>praeser-</strong></span> 
     </span>
    </p>
   </div>
   <div class='ocr_carea' id='block_1_41' title="bbox 239 4072 1821 4144">
    <p class='ocr_par' dir='ltr' id='par_1_41' title="bbox 239 4072 1821 4144">
     <span class='ocr_line' id='line_1_41' title="bbox 239 4072 1821 4144; baseline 0.003 -17"><span class='ocrx_word' id='word_1_322' title='bbox 239 4074 325 4134; x_wconf 87' lang='lat' dir='ltr'><strong>tim</strong></span> <span class='ocrx_word' id='word_1_323' title='bbox 357 4090 464 4128; x_wconf 89' lang='lat' dir='ltr'><strong>non</strong></span> <span class='ocrx_word' id='word_1_324' title='bbox 500 4088 656 4128; x_wconf 90' lang='lat' dir='ltr'><strong>suum</strong></span> <span class='ocrx_word' id='word_1_325' title='bbox 677 4115 690 4137; x_wconf 93' lang='lat'><strong>,</strong></span> <span class='ocrx_word' id='word_1_326' title='bbox 728 4072 822 4128; x_wconf 90' lang='lat' dir='ltr'><strong>sed</strong></span> <span class='ocrx_word' id='word_1_327' title='bbox 854 4074 971 4140; x_wconf 87' lang='lat' dir='ltr'><strong>Dei,</strong></span> <span class='ocrx_word' id='word_1_328' title='bbox 1005 4081 1221 4143; x_wconf 87' lang='lat' dir='ltr'><strong>propter</strong></span> <span class='ocrx_word' id='word_1_329' title='bbox 1249 4073 1560 4143; x_wconf 83' lang='lat' dir='ltr'><strong>pravitatem</strong></span> <span class='ocrx_word' id='word_1_330' title='bbox 1592 4074 1709 4144; x_wconf 87' lang='lat' dir='ltr'><strong>ejus</strong></span> <span class='ocrx_word' id='word_1_331' title='bbox 1740 4077 1821 4131; x_wconf 86' lang='lat' dir='ltr'><strong>vel</strong></span> 
     </span>
    </p>
   </div>
   <div class='ocr_carea' id='block_1_42' title="bbox 238 4163 1817 4235">
    <p class='ocr_par' dir='ltr' id='par_1_42' title="bbox 238 4163 1817 4235">
     <span class='ocr_line' id='line_1_42' title="bbox 238 4163 1817 4235; baseline 0 -16"><span class='ocrx_word' id='word_1_332' title='bbox 238 4166 433 4225; x_wconf 80' lang='lat' dir='ltr'><strong>nullum</strong></span> <span class='ocrx_word' id='word_1_333' title='bbox 456 4163 748 4235; x_wconf 90' lang='lat' dir='ltr'><strong>putandum</strong></span> <span class='ocrx_word' id='word_1_334' title='bbox 775 4173 877 4229; x_wconf 88' lang='lat' dir='ltr'><strong>est,</strong></span> <span class='ocrx_word' id='word_1_335' title='bbox 900 4164 979 4218; x_wconf 86' lang='lat' dir='ltr'><strong>vel</strong></span> <span class='ocrx_word' id='word_1_336' title='bbox 997 4163 1185 4219; x_wconf 89' lang='lat' dir='ltr'><strong>eodem</strong></span> <span class='ocrx_word' id='word_1_337' title='bbox 1216 4163 1371 4217; x_wconf 89' lang='lat' dir='ltr'><strong>modo</strong></span> <span class='ocrx_word' id='word_1_338' title='bbox 1393 4165 1817 4233; x_wconf 89' lang='lat' dir='ltr'><strong>vituperandum,</strong></span> 
     </span>
    </p>
   </div>
   <div class='ocr_carea' id='block_1_43' title="bbox 238 4254 1819 4327">
    <p class='ocr_par' dir='ltr' id='par_1_43' title="bbox 238 4254 1819 4327">
     <span class='ocr_line' id='line_1_43' title="bbox 238 4254 1819 4327; baseline -0.001 -16"><span class='ocrx_word' id='word_1_339' title='bbox 238 4258 314 4313; x_wconf 87' lang='lat' dir='ltr'><strong>vel</strong></span> <span class='ocrx_word' id='word_1_340' title='bbox 343 4258 462 4327; x_wconf 90' lang='lat' dir='ltr'><strong>ejus</strong></span> <span class='ocrx_word' id='word_1_341' title='bbox 490 4255 735 4326; x_wconf 84' lang='lat' dir='ltr'><strong>pravitati</strong></span> <span class='ocrx_word' id='word_1_342' title='bbox 776 4255 1142 4317; x_wconf 88' lang='lat' dir='ltr'><strong>tribuendum,</strong></span> <span class='ocrx_word' id='word_1_343' title='bbox 1174 4268 1235 4308; x_wconf 91' lang='lat' dir='ltr'><strong>ac</strong></span> <span class='ocrx_word' id='word_1_344' title='bbox 1267 4268 1371 4309; x_wconf 90' lang='lat' dir='ltr'><strong>non</strong></span> <span class='ocrx_word' id='word_1_345' title='bbox 1402 4254 1539 4309; x_wconf 85' lang='lat' dir='ltr'><strong>illius</strong></span> <span class='ocrx_word' id='word_1_346' title='bbox 1572 4255 1819 4325; x_wconf 82' lang='lat' dir='ltr'><strong>largitati,</strong></span> 
     </span>
    </p>
   </div>
   <div class='ocr_carea' id='block_1_44' title="bbox 238 4346 1821 4421">
    <p class='ocr_par' dir='ltr' id='par_1_44' title="bbox 238 4346 1821 4421">
     <span class='ocr_line' id='line_1_44' title="bbox 238 4346 1821 4421; baseline -0.002 -16"><span class='ocrx_word' id='word_1_347' title='bbox 238 4351 322 4421; x_wconf 90' lang='lat' dir='ltr'><strong>qui</strong></span> <span class='ocrx_word' id='word_1_348' title='bbox 346 4351 510 4406; x_wconf 90' lang='lat' dir='ltr'><strong>etiam</strong></span> <span class='ocrx_word' id='word_1_349' title='bbox 540 4347 821 4402; x_wconf 75' lang='lat' dir='ltr'><strong>foruicauti</strong></span> <span class='ocrx_word' id='word_1_350' title='bbox 842 4363 870 4401; x_wconf 90' lang='lat' dir='ltr'><strong>a</strong></span> <span class='ocrx_word' id='word_1_351' title='bbox 895 4362 952 4401; x_wconf 91' lang='lat' dir='ltr'><strong>se</strong></span> <span class='ocrx_word' id='word_1_352' title='bbox 972 4348 1184 4412; x_wconf 75' lang='lat' dir='ltr'><strong>animm,</strong></span> <span class='ocrx_word' id='word_1_353' title='bbox 1213 4353 1267 4401; x_wconf 93' lang='lat' dir='ltr'><strong>et</strong></span> <span class='ocrx_word' id='word_1_354' title='bbox 1296 4346 1441 4401; x_wconf 90' lang='lat' dir='ltr'><strong>eunti</strong></span> <span class='ocrx_word' id='word_1_355' title='bbox 1472 4356 1589 4415; x_wconf 91' lang='lat' dir='ltr'><strong>post</strong></span> <span class='ocrx_word' id='word_1_356' title='bbox 1617 4358 1821 4402; x_wconf 86' lang='lat' dir='ltr'><strong>amato—</strong></span> 
     </span>
    </p>
   </div>
   <div class='ocr_carea' id='block_1_45' title="bbox 240 4438 1820 4509">
    <p class='ocr_par' dir='ltr' id='par_1_45' title="bbox 240 4438 1820 4509">
     <span class='ocr_line' id='line_1_45' title="bbox 240 4438 1820 4509; baseline -0.002 -11"><span class='ocrx_word' id='word_1_357' title='bbox 240 4458 319 4498; x_wconf 85' lang='lat' dir='ltr'><strong>res</strong></span> <span class='ocrx_word' id='word_1_358' title='bbox 344 4457 475 4498; x_wconf 92' lang='lat' dir='ltr'><strong>suos</strong></span> <span class='ocrx_word' id='word_1_359' title='bbox 497 4440 645 4495; x_wconf 89' lang='lat' dir='ltr'><strong>dedit</strong></span> <span class='ocrx_word' id='word_1_360' title='bbox 672 4455 861 4509; x_wconf 89' lang='lat' dir='ltr'><strong>panem</strong></span> <span class='ocrx_word' id='word_1_361' title='bbox 884 4455 1058 4503; x_wconf 86' lang='lat' dir='ltr'><strong>smtm,</strong></span> <span class='ocrx_word' id='word_1_362' title='bbox 1088 4447 1141 4493; x_wconf 90' lang='lat' dir='ltr'><strong>ct</strong></span> <span class='ocrx_word' id='word_1_363' title='bbox 1164 4438 1343 4493; x_wconf 89' lang='lat' dir='ltr'><strong>vinum</strong></span> <span class='ocrx_word' id='word_1_364' title='bbox 1365 4454 1541 4502; x_wconf 85' lang='lat' dir='ltr'><strong>suum,</strong></span> <span class='ocrx_word' id='word_1_365' title='bbox 1570 4448 1624 4495; x_wconf 91' lang='lat' dir='ltr'><strong>et</strong></span> <span class='ocrx_word' id='word_1_366' title='bbox 1646 4440 1820 4495; x_wconf 90' lang='lat' dir='ltr'><strong>oleum</strong></span> 
     </span>
    </p>
   </div>
   <div class='ocr_carea' id='block_1_46' title="bbox 240 4528 1820 4605">
    <p class='ocr_par' dir='ltr' id='par_1_46' title="bbox 240 4528 1820 4605">
     <span class='ocr_line' id='line_1_46' title="bbox 240 4528 1820 4605; baseline 0 -18"><span class='ocrx_word' id='word_1_367' title='bbox 240 4546 409 4605; x_wconf 80' lang='lat' dir='ltr'><strong>suum,</strong></span> <span class='ocrx_word' id='word_1_368' title='bbox 439 4540 497 4587; x_wconf 88' lang='lat' dir='ltr'><strong>et</strong></span> <span class='ocrx_word' id='word_1_369' title='bbox 521 4530 625 4584; x_wconf 86' lang='lat' dir='ltr'><strong>alia</strong></span> <span class='ocrx_word' id='word_1_370' title='bbox 656 4530 735 4585; x_wconf 87' lang='lat' dir='ltr'><strong>vel</strong></span> <span class='ocrx_word' id='word_1_371' title='bbox 762 4529 1009 4583; x_wconf 87' lang='lat' dir='ltr'><strong>alimenta</strong></span> <span class='ocrx_word' id='word_1_372' title='bbox 1050 4528 1130 4581; x_wconf 87' lang='lat' dir='ltr'><strong>vel</strong></span> <span class='ocrx_word' id='word_1_373' title='bbox 1159 4536 1490 4593; x_wconf 89' lang='lat' dir='ltr'><strong>ornamenta,</strong></span> <span class='ocrx_word' id='word_1_374' title='bbox 1515 4545 1633 4599; x_wconf 74' lang='lat' dir='ltr'><strong>qua:</strong></span> <span class='ocrx_word' id='word_1_375' title='bbox 1665 4546 1761 4585; x_wconf 89' lang='lat' dir='ltr'><strong>nec</strong></span> <span class='ocrx_word' id='word_1_376' title='bbox 1790 4547 1820 4587; x_wconf 90' lang='lat' dir='ltr'><strong>a</strong></span> 
     </span>
    </p>
   </div>
   <div class='ocr_carea' id='block_1_47' title="bbox 242 4619 1815 4694">
    <p class='ocr_par' dir='ltr' id='par_1_47' title="bbox 242 4619 1815 4694">
     <span class='ocr_line' id='line_1_47' title="bbox 242 4619 1815 4694; baseline -0.003 -15"><span class='ocrx_word' id='word_1_377' title='bbox 242 4637 294 4679; x_wconf 88' lang='lat' dir='ltr'><strong>se</strong></span> <span class='ocrx_word' id='word_1_378' title='bbox 319 4624 461 4694; x_wconf 89' lang='lat' dir='ltr'><strong>ipsa,</strong></span> <span class='ocrx_word' id='word_1_379' title='bbox 497 4636 598 4676; x_wconf 90' lang='lat' dir='ltr'><strong>nec</strong></span> <span class='ocrx_word' id='word_1_380' title='bbox 627 4620 694 4675; x_wconf 90' lang='lat' dir='ltr'><strong>ab</strong></span> <span class='ocrx_word' id='word_1_381' title='bbox 720 4620 833 4689; x_wconf 90' lang='lat' dir='ltr'><strong>ejus</strong></span> <span class='ocrx_word' id='word_1_382' title='bbox 860 4619 1184 4674; x_wconf 90' lang='lat' dir='ltr'><strong>amatoribus</strong></span> <span class='ocrx_word' id='word_1_383' title='bbox 1222 4620 1269 4672; x_wconf 90' lang='lat' dir='ltr'><strong>ei</strong></span> <span class='ocrx_word' id='word_1_384' title='bbox 1309 4629 1451 4685; x_wconf 91' lang='lat' dir='ltr'><strong>sunt,</strong></span> <span class='ocrx_word' id='word_1_385' title='bbox 1484 4621 1576 4674; x_wconf 88' lang='lat' dir='ltr'><strong>sed</strong></span> <span class='ocrx_word' id='word_1_386' title='bbox 1616 4622 1683 4675; x_wconf 88' lang='lat' dir='ltr'><strong>ab</strong></span> <span class='ocrx_word' id='word_1_387' title='bbox 1722 4623 1815 4677; x_wconf 92' lang='lat' dir='ltr'><strong>illo</strong></span> 
     </span>
    </p>
   </div>
   <div class='ocr_carea' id='block_1_48' title="bbox 242 4710 1821 4791">
    <p class='ocr_par' dir='ltr' id='par_1_48' title="bbox 242 4710 1821 4791">
     <span class='ocr_line' id='line_1_48' title="bbox 242 4710 1821 4791; baseline -0.001 -25"><span class='ocrx_word' id='word_1_388' title='bbox 242 4717 320 4791; x_wconf 85' lang='lat' dir='ltr'><strong>qui</strong></span> <span class='ocrx_word' id='word_1_389' title='bbox 348 4730 468 4770; x_wconf 90' lang='lat' dir='ltr'><strong>eam</strong></span> <span class='ocrx_word' id='word_1_390' title='bbox 500 4714 762 4767; x_wconf 87' lang='lat' dir='ltr'><strong>miserans</strong></span> <span class='ocrx_word' id='word_1_391' title='bbox 800 4711 995 4780; x_wconf 89' lang='lat' dir='ltr'><strong>ubique</strong></span> <span class='ocrx_word' id='word_1_392' title='bbox 1041 4711 1203 4764; x_wconf 88' lang='lat' dir='ltr'><strong>voluit</strong></span> <span class='ocrx_word' id='word_1_393' title='bbox 1232 4710 1297 4764; x_wconf 84' lang='lat' dir='ltr'><strong>ad</strong></span> <span class='ocrx_word' id='word_1_394' title='bbox 1326 4727 1480 4781; x_wconf 84' lang='lat' dir='ltr'><strong>quem</strong></span> <span class='ocrx_word' id='word_1_395' title='bbox 1515 4711 1696 4767; x_wconf 90' lang='lat' dir='ltr'><strong>redeat</strong></span> <span class='ocrx_word' id='word_1_396' title='bbox 1725 4714 1821 4765; x_wconf 84' lang='lat' dir='ltr'><strong>ad-</strong></span> 
     </span>
    </p>
   </div>
   <div class='ocr_carea' id='block_1_49' title="bbox 244 4803 888 4874">
    <p class='ocr_par' dir='ltr' id='par_1_49' title="bbox 244 4803 888 4874">
     <span class='ocr_line' id='line_1_49' title="bbox 244 4803 888 4874; baseline -0.005 -16"><span class='ocrx_word' id='word_1_397' title='bbox 244 4821 453 4860; x_wconf 86' lang='lat' dir='ltr'><strong>monere</strong></span> <span class='ocrx_word' id='word_1_398' title='bbox 483 4804 639 4874; x_wconf 79' lang='lat' dir='ltr'><strong>(Osee</strong></span> <span class='ocrx_word' id='word_1_399' title='bbox 666 4819 724 4868; x_wconf 88' lang='lat' dir='ltr'><strong>ll,</strong></span> <span class='ocrx_word' id='word_1_400' title='bbox 753 4803 888 4874; x_wconf 84' lang='lat'><strong>5-7).</strong></span> 
     </span>
    </p>
   </div>
   <div class='ocr_carea' id='block_1_50' title="bbox 262 4894 1823 4967">
    <p class='ocr_par' dir='ltr' id='par_1_50' title="bbox 262 4894 1823 4967">
     <span class='ocr_line' id='line_1_50' title="bbox 262 4894 1823 4967; baseline -0.001 -14"><span class='ocrx_word' id='word_1_401' title='bbox 262 4962 265 4963; x_wconf 20' lang='grc' dir='ltr'><em>ν</em></span> <span class='ocrx_word' id='word_1_402' title='bbox 306 4898 534 4953; x_wconf 82' lang='lat' dir='ltr'><strong>CAPUT</strong></span> <span class='ocrx_word' id='word_1_403' title='bbox 573 4895 736 4950; x_wconf 74' lang='lat' dir='ltr'><strong>XVII.</strong></span> <span class='ocrx_word' id='word_1_404' title='bbox 768 4896 941 4949; x_wconf 62' lang='grc' dir='ltr'><strong>-Ξίι</strong></span> <span class='ocrx_word' id='word_1_405' title='bbox 990 4894 1249 4965; x_wconf 79' lang='lat' dir='ltr'><strong>Numquid</strong></span> <span class='ocrx_word' id='word_1_406' title='bbox 1274 4905 1463 4964; x_wconf 80' lang='lat' dir='ltr'><strong>potest,</strong></span> <span class='ocrx_word' id='word_1_407' title='bbox 1500 4898 1699 4967; x_wconf 88' lang='lat' dir='ltr'><strong>inquit,</strong></span> <span class='ocrx_word' id='word_1_408' title='bbox 1754 4899 1823 4952; x_wconf 85' lang='lat' dir='ltr'><strong>vis</strong></span> 
     </span>
    </p>
   </div>
   <div class='ocr_carea' id='block_1_51' title="bbox 246 4988 1823 5060">
    <p class='ocr_par' dir='ltr' id='par_1_51' title="bbox 246 4988 1823 5060">
     <span class='ocr_line' id='line_1_51' title="bbox 246 4988 1823 5060; baseline 0.001 -19"><span class='ocrx_word' id='word_1_409' title='bbox 246 4988 484 5060; x_wconf 84' lang='lat' dir='ltr'><strong>Baptismi</strong></span> <span class='ocrx_word' id='word_1_410' title='bbox 513 4988 679 5058; x_wconf 88' lang='lat' dir='ltr'><strong>major</strong></span> <span class='ocrx_word' id='word_1_411' title='bbox 698 5003 802 5041; x_wconf 84' lang='lat' dir='ltr'><strong>esse</strong></span> <span class='ocrx_word' id='word_1_412' title='bbox 834 4997 919 5039; x_wconf 86' lang='lat' dir='ltr'><strong>aut</strong></span> <span class='ocrx_word' id='word_1_413' title='bbox 950 4988 1113 5057; x_wconf 85' lang='lat' dir='ltr'><strong>potior</strong></span> <span class='ocrx_word' id='word_1_414' title='bbox 1152 5003 1303 5056; x_wconf 86' lang='lat' dir='ltr'><strong>quam</strong></span> <span class='ocrx_word' id='word_1_415' title='bbox 1341 4989 1631 5058; x_wconf 79' lang='lat' dir='ltr'><strong>confessio?</strong></span> <span class='ocrx_word' id='word_1_416' title='bbox 1671 5006 1823 5059; x_wconf 87' lang='lat' dir='ltr'><strong>quam</strong></span> 
     </span>
    </p>
   </div>
   <div class='ocr_carea' id='block_1_52' title="bbox 245 5079 1818 5151">
    <p class='ocr_par' dir='ltr' id='par_1_52' title="bbox 245 5079 1818 5151">
     <span class='ocr_line' id='line_1_52' title="bbox 245 5079 1818 5151; baseline 0.002 -19"><span class='ocrx_word' id='word_1_417' title='bbox 245 5084 439 5149; x_wconf 81' lang='lat' dir='ltr'><strong>passio?</strong></span> <span class='ocrx_word' id='word_1_418' title='bbox 468 5092 523 5136; x_wconf 86' lang='lat' dir='ltr'><strong>ut</strong></span> <span class='ocrx_word' id='word_1_419' title='bbox 544 5081 656 5151; x_wconf 84' lang='lat' dir='ltr'><strong>quis</strong></span> <span class='ocrx_word' id='word_1_420' title='bbox 684 5098 855 5135; x_wconf 86' lang='lat' dir='ltr'><strong>coram</strong></span> <span class='ocrx_word' id='word_1_421' title='bbox 885 5080 1167 5133; x_wconf 82' lang='lat' dir='ltr'><strong>hominibus</strong></span> <span class='ocrx_word' id='word_1_422' title='bbox 1211 5079 1465 5134; x_wconf 78' lang='lat' dir='ltr'><strong>Christum</strong></span> <span class='ocrx_word' id='word_1_423' title='bbox 1504 5082 1818 5149; x_wconf 79' lang='lat' dir='ltr'><strong>conﬁteatur,</strong></span> 
     </span>
    </p>
   </div>
   <div class='ocr_carea' id='block_1_53' title="bbox 241 5170 1822 5243">
    <p class='ocr_par' dir='ltr' id='par_1_53' title="bbox 241 5170 1822 5243">
     <span class='ocr_line' id='line_1_53' title="bbox 241 5170 1822 5243; baseline 0.003 -20"><span class='ocrx_word' id='word_1_424' title='bbox 241 5183 281 5224; x_wconf 84' lang='lat' dir='ltr'><strong>et</strong></span> <span class='ocrx_word' id='word_1_425' title='bbox 312 5173 561 5243; x_wconf 74' lang='lat' dir='ltr'><strong>sanguine</strong></span> <span class='ocrx_word' id='word_1_426' title='bbox 579 5188 672 5226; x_wconf 87' lang='lat' dir='ltr'><strong>suo</strong></span> <span class='ocrx_word' id='word_1_427' title='bbox 696 5171 1013 5242; x_wconf 73' lang='lat' dir='ltr'><strong>baptisetur?</strong></span> <span class='ocrx_word' id='word_1_428' title='bbox 1036 5170 1099 5223; x_wconf 87' lang='lat' dir='ltr'><strong>Et</strong></span> <span class='ocrx_word' id='word_1_429' title='bbox 1121 5180 1306 5235; x_wconf 90' lang='lat' dir='ltr'><strong>tamen,</strong></span> <span class='ocrx_word' id='word_1_430' title='bbox 1339 5170 1527 5240; x_wconf 88' lang='lat' dir='ltr'><strong>inquit,</strong></span> <span class='ocrx_word' id='word_1_431' title='bbox 1556 5189 1708 5240; x_wconf 87' lang='lat' dir='ltr'><strong>neque</strong></span> <span class='ocrx_word' id='word_1_432' title='bbox 1729 5173 1822 5227; x_wconf 86' lang='lat' dir='ltr'><strong>hoc</strong></span> 
     </span>
    </p>
   </div>
   <div class='ocr_carea' id='block_1_54' title="bbox 245 5260 1823 5333">
    <p class='ocr_par' dir='ltr' id='par_1_54' title="bbox 245 5260 1823 5333">
     <span class='ocr_line' id='line_1_54' title="bbox 245 5260 1823 5333; baseline 0.002 -19"><span class='ocrx_word' id='word_1_433' title='bbox 245 5262 502 5332; x_wconf 78' lang='lat' dir='ltr'><strong>Bnptisma</strong></span> <span class='ocrx_word' id='word_1_434' title='bbox 528 5263 763 5316; x_wconf 75' lang='lat' dir='ltr'><strong>Itwretiro</strong></span> <span class='ocrx_word' id='word_1_435' title='bbox 788 5262 1010 5330; x_wconf 81' lang='lat' dir='ltr'><strong>prodest,</strong></span> <span class='ocrx_word' id='word_1_436' title='bbox 1040 5260 1265 5329; x_wconf 84' lang='lat' dir='ltr'><strong>quamvis</strong></span> <span class='ocrx_word' id='word_1_437' title='bbox 1291 5260 1543 5315; x_wconf 83' lang='lat' dir='ltr'><strong>Christum</strong></span> <span class='ocrx_word' id='word_1_438' title='bbox 1567 5265 1823 5333; x_wconf 76' lang='lat' dir='ltr'><strong>confessus</strong></span> 
     </span>
    </p>
   </div>
   <div class='ocr_carea' id='block_1_55' title="bbox 241 5351 1819 5422">
    <p class='ocr_par' dir='ltr' id='par_1_55' title="bbox 241 5351 1819 5422">
     <span class='ocr_line' id='line_1_55' title="bbox 241 5351 1819 5422; baseline 0.004 -18"><span class='ocrx_word' id='word_1_439' title='bbox 241 5363 375 5406; x_wconf 77' lang='lat' dir='ltr'><strong>extra</strong></span> <span class='ocrx_word' id='word_1_440' title='bbox 410 5353 692 5407; x_wconf 81' lang='lat' dir='ltr'><strong>Ecclesiam</strong></span> <span class='ocrx_word' id='word_1_441' title='bbox 727 5352 875 5422; x_wconf 76' lang='lat' dir='ltr'><strong>fuerit</strong></span> <span class='ocrx_word' id='word_1_442' title='bbox 914 5352 1126 5405; x_wconf 85' lang='lat' dir='ltr'><strong>occisus.</strong></span> <span class='ocrx_word' id='word_1_443' title='bbox 1169 5351 1279 5406; x_wconf 87' lang='lat' dir='ltr'><strong>lloc</strong></span> <span class='ocrx_word' id='word_1_444' title='bbox 1313 5353 1647 5407; x_wconf 88' lang='lat' dir='ltr'><strong>verissimum</strong></span> <span class='ocrx_word' id='word_1_445' title='bbox 1700 5362 1819 5412; x_wconf 87' lang='lat' dir='ltr'><strong>est:</strong></span> 
     </span>
    </p>
   </div>
   <div class='ocr_carea' id='block_1_56' title="bbox 240 5442 1820 5513">
    <p class='ocr_par' dir='ltr' id='par_1_56' title="bbox 240 5442 1820 5513">
     <span class='ocr_line' id='line_1_56' title="bbox 240 5442 1820 5513; baseline 0 -17"><span class='ocrx_word' id='word_1_446' title='bbox 240 5454 383 5498; x_wconf 77' lang='lat' dir='ltr'><strong>extra</strong></span> <span class='ocrx_word' id='word_1_447' title='bbox 412 5443 714 5499; x_wconf 75' lang='lat' dir='ltr'><strong>Ecclesium</strong></span> <span class='ocrx_word' id='word_1_448' title='bbox 738 5443 932 5513; x_wconf 88' lang='lat' dir='ltr'><strong>quippe</strong></span> <span class='ocrx_word' id='word_1_449' title='bbox 974 5443 1199 5505; x_wconf 88' lang='lat' dir='ltr'><strong>occisus,</strong></span> <span class='ocrx_word' id='word_1_450' title='bbox 1228 5442 1541 5498; x_wconf 88' lang='lat' dir='ltr'><strong>eharitatcm</strong></span> <span class='ocrx_word' id='word_1_451' title='bbox 1571 5459 1675 5498; x_wconf 91' lang='lat' dir='ltr'><strong>non</strong></span> <span class='ocrx_word' id='word_1_452' title='bbox 1725 5446 1820 5497; x_wconf 84' lang='lat' dir='ltr'><strong>ha-</strong></span> 
     </span>
    </p>
   </div>
   <div class='ocr_carea' id='block_1_57' title="bbox 243 5533 1821 5603">
    <p class='ocr_par' dir='ltr' id='par_1_57' title="bbox 243 5533 1821 5603">
     <span class='ocr_line' id='line_1_57' title="bbox 243 5533 1821 5603; baseline 0 -14"><span class='ocrx_word' id='word_1_453' title='bbox 243 5536 416 5593; x_wconf 87' lang='lat' dir='ltr'><strong>buisse</strong></span> <span class='ocrx_word' id='word_1_454' title='bbox 446 5534 799 5598; x_wconf 83' lang='lat' dir='ltr'><strong>convincitur,</strong></span> <span class='ocrx_word' id='word_1_455' title='bbox 827 5533 894 5589; x_wconf 90' lang='lat' dir='ltr'><strong>de</strong></span> <span class='ocrx_word' id='word_1_456' title='bbox 920 5549 1019 5603; x_wconf 91' lang='lat' dir='ltr'><strong>qua</strong></span> <span class='ocrx_word' id='word_1_457' title='bbox 1043 5534 1327 5603; x_wconf 82' lang='lat' dir='ltr'><strong>Apostolus</strong></span> <span class='ocrx_word' id='word_1_458' title='bbox 1356 5533 1500 5595; x_wconf 85' lang='lat' dir='ltr'><strong>dicit,</strong></span> <span class='ocrx_word' id='word_1_459' title='bbox 1537 5534 1600 5587; x_wconf 79' lang='lat' dir='ltr'><strong>Et</strong></span> <span class='ocrx_word' id='word_1_460' title='bbox 1635 5537 1679 5588; x_wconf 91' lang='lat' dir='ltr'><strong>si</strong></span> <span class='ocrx_word' id='word_1_461' title='bbox 1714 5546 1821 5589; x_wconf 76' lang='lat' dir='ltr'><strong>tra~</strong></span> 
     </span>
    </p>
   </div>
   <div class='ocr_carea' id='block_1_58' title="bbox 243 5623 1819 5697">
    <p class='ocr_par' dir='ltr' id='par_1_58' title="bbox 243 5623 1819 5697">
     <span class='ocr_line' id='line_1_58' title="bbox 243 5623 1819 5697; baseline 0 -20"><span class='ocrx_word' id='word_1_462' title='bbox 243 5624 413 5681; x_wconf 81' lang='lat' dir='ltr'><strong>didere</strong></span> <span class='ocrx_word' id='word_1_463' title='bbox 442 5642 626 5697; x_wconf 81' lang='lat' dir='ltr'><strong>corpus</strong></span> <span class='ocrx_word' id='word_1_464' title='bbox 651 5641 816 5678; x_wconf 86' lang='lat' dir='ltr'><strong>meum</strong></span> <span class='ocrx_word' id='word_1_465' title='bbox 858 5633 912 5676; x_wconf 86' lang='lat' dir='ltr'><strong>ut</strong></span> <span class='ocrx_word' id='word_1_466' title='bbox 947 5624 1172 5687; x_wconf 86' lang='lat' dir='ltr'><strong>ardeam,</strong></span> <span class='ocrx_word' id='word_1_467' title='bbox 1203 5623 1494 5675; x_wconf 85' lang='lat' dir='ltr'><strong>rharitatem</strong></span> <span class='ocrx_word' id='word_1_468' title='bbox 1523 5632 1688 5675; x_wconf 87' lang='lat' dir='ltr'><strong>autem</strong></span> <span class='ocrx_word' id='word_1_469' title='bbox 1721 5640 1819 5677; x_wconf 90' lang='lat' dir='ltr'><strong>non</strong></span> 
     </span>
    </p>
   </div>
   <div class='ocr_carea' id='block_1_59' title="bbox 266 5826 1491 5907">
    <p class='ocr_par' dir='ltr' id='par_1_59' title="bbox 266 5826 1491 5907">
     <span class='ocr_line' id='line_1_59' title="bbox 266 5826 1491 5907; baseline -0.007 -11"><span class='ocrx_word' id='word_1_470' title='bbox 266 5826 271 5831; x_wconf 19' lang='lat' dir='ltr'><strong>l</strong></span> <span class='ocrx_word' id='word_1_471' title='bbox 309 5849 326 5881; x_wconf 76' lang='grc' dir='ltr'>ί</span> <span class='ocrx_word' id='word_1_472' title='bbox 348 5848 583 5904; x_wconf 72' lang='lat' dir='ltr'><strong>verbum,</strong></span> <span class='ocrx_word' id='word_1_473' title='bbox 624 5842 903 5907; x_wconf 72' lang='lat' dir='ltr'><strong>baptizatus,</strong></span> <span class='ocrx_word' id='word_1_474' title='bbox 931 5840 1070 5891; x_wconf 84' lang='lat' dir='ltr'><strong>abest</strong></span> <span class='ocrx_word' id='word_1_475' title='bbox 1101 5842 1162 5889; x_wconf 85' lang='lat' dir='ltr'><strong>ab</strong></span> <span class='ocrx_word' id='word_1_476' title='bbox 1185 5840 1365 5902; x_wconf 86' lang='lat' dir='ltr'><strong>aliquot</strong></span> <span class='ocrx_word' id='word_1_477' title='bbox 1386 5846 1491 5889; x_wconf 73' lang='lat' dir='ltr'><strong>Mss.</strong></span> 
     </span>
    </p>
   </div>
   <div class='ocr_carea' id='block_1_60' title="bbox 520 5925 1221 5992">
    <p class='ocr_par' dir='ltr' id='par_1_60' title="bbox 520 5925 1221 5992">
     <span class='ocr_line' id='line_1_60' title="bbox 520 5925 1221 5992; baseline -0.01 0"><span class='ocrx_word' id='word_1_478' title='bbox 520 5930 742 5992; x_wconf 71' lang='lat' dir='ltr'><strong>Saucr.</strong></span> <span class='ocrx_word' id='word_1_479' title='bbox 794 5928 1069 5991; x_wconf 73' lang='lat' dir='ltr'><strong>Accusr.</strong></span> <span class='ocrx_word' id='word_1_480' title='bbox 1109 5925 1221 5987; x_wconf 78' lang='lat' dir='ltr'><strong>IX.</strong></span> 
     </span>
    </p>
   </div>
   <div class='ocr_carea' id='block_1_61' title="bbox 3402 396 3501 453">
    <p class='ocr_par' dir='ltr' id='par_1_61' title="bbox 3402 396 3501 453">
     <span class='ocr_line' id='line_1_61' title="bbox 3402 396 3501 453; baseline 0.01 -1"><span class='ocrx_word' id='word_1_481' title='bbox 3402 396 3501 453; x_wconf 80' lang='lat' dir='ltr'><strong>l70</strong></span> 
     </span>
    </p>
   </div>
   <div class='ocr_carea' id='block_1_62' title="bbox 1922 488 3503 582">
    <p class='ocr_par' dir='ltr' id='par_1_62' title="bbox 1922 488 3503 582">
     <span class='ocr_line' id='line_1_62' title="bbox 1922 488 3503 582; baseline 0.009 -26"><span class='ocrx_word' id='word_1_482' title='bbox 1922 505 2147 571; x_wconf 78' lang='lat' dir='ltr'><strong>habeam,</strong></span> <span class='ocrx_word' id='word_1_483' title='bbox 2174 507 2298 559; x_wconf 84' lang='lat' dir='ltr'><strong>nihil</strong></span> <span class='ocrx_word' id='word_1_484' title='bbox 2333 508 2453 562; x_wconf 85' lang='lat' dir='ltr'><strong>mihi</strong></span> <span class='ocrx_word' id='word_1_485' title='bbox 2488 510 2689 577; x_wconf 78' lang='lat' dir='ltr'><strong>prodest</strong></span> <span class='ocrx_word' id='word_1_486' title='bbox 2718 509 2758 581; x_wconf 91' lang='grc'><strong>(1</strong></span> <span class='ocrx_word' id='word_1_487' title='bbox 2810 509 2926 565; x_wconf 87' lang='lat' dir='ltr'><strong>Cor.</strong></span> <span class='ocrx_word' id='word_1_488' title='bbox 2984 526 3097 575; x_wconf 78' lang='lat' dir='ltr'><strong>xttt,</strong></span> <span class='ocrx_word' id='word_1_489' title='bbox 3153 512 3230 582; x_wconf 79' lang='lat'><strong>5).</strong></span> <span class='ocrx_word' id='word_1_490' title='bbox 3263 488 3415 581; x_wconf 81' lang='lat' dir='ltr'><strong>Quod</strong></span> <span class='ocrx_word' id='word_1_491' title='bbox 3454 517 3503 571; x_wconf 78' lang='lat' dir='ltr'><strong>si</strong></span> 
     </span>
    </p>
   </div>
   <div class='ocr_carea' id='block_1_63' title="bbox 1922 599 3500 677">
    <p class='ocr_par' dir='ltr' id='par_1_63' title="bbox 1922 599 3500 677">
     <span class='ocr_line' id='line_1_63' title="bbox 1922 599 3500 677; baseline 0.008 -26"><span class='ocrx_word' id='word_1_492' title='bbox 1922 607 2137 668; x_wconf 83' lang='lat' dir='ltr'><strong>propter</strong></span> <span class='ocrx_word' id='word_1_493' title='bbox 2158 599 2258 654; x_wconf 93' lang='lat' dir='ltr'><strong>hoc</strong></span> <span class='ocrx_word' id='word_1_494' title='bbox 2277 602 2397 670; x_wconf 87' lang='lat' dir='ltr'><strong>quia</strong></span> <span class='ocrx_word' id='word_1_495' title='bbox 2424 602 2653 657; x_wconf 87' lang='lat' dir='ltr'><strong>charitas</strong></span> <span class='ocrx_word' id='word_1_496' title='bbox 2687 603 2855 667; x_wconf 87' lang='lat' dir='ltr'><strong>deest,</strong></span> <span class='ocrx_word' id='word_1_497' title='bbox 2891 606 3064 673; x_wconf 89' lang='lat' dir='ltr'><strong>passio</strong></span> <span class='ocrx_word' id='word_1_498' title='bbox 3085 606 3212 660; x_wconf 89' lang='lat' dir='ltr'><strong>nihil</strong></span> <span class='ocrx_word' id='word_1_499' title='bbox 3245 609 3500 677; x_wconf 83' lang='lat' dir='ltr'><strong>prodest;</strong></span> 
     </span>
    </p>
   </div>
   <div class='ocr_carea' id='block_1_64' title="bbox 1922 690 3503 762">
    <p class='ocr_par' dir='ltr' id='par_1_64' title="bbox 1922 690 3503 762">
     <span class='ocr_line' id='line_1_64' title="bbox 1922 690 3503 762; baseline 0.008 -18"><span class='ocrx_word' id='word_1_500' title='bbox 1922 704 2017 744; x_wconf 90' lang='lat' dir='ltr'><strong>nec</strong></span> <span class='ocrx_word' id='word_1_501' title='bbox 2045 690 2148 749; x_wconf 76' lang='lat' dir='ltr'><strong>illis</strong></span> <span class='ocrx_word' id='word_1_502' title='bbox 2172 691 2386 759; x_wconf 88' lang='lat' dir='ltr'><strong>prodest</strong></span> <span class='ocrx_word' id='word_1_503' title='bbox 2406 707 2537 762; x_wconf 89' lang='lat' dir='ltr'><strong>quos</strong></span> <span class='ocrx_word' id='word_1_504' title='bbox 2568 695 2617 747; x_wconf 86' lang='lat' dir='ltr'><strong>in</strong></span> <span class='ocrx_word' id='word_1_505' title='bbox 2650 695 2841 749; x_wconf 89' lang='lat' dir='ltr'><strong>invidia</strong></span> <span class='ocrx_word' id='word_1_506' title='bbox 2872 697 3013 752; x_wconf 94' lang='lat' dir='ltr'><strong>intus</strong></span> <span class='ocrx_word' id='word_1_507' title='bbox 3039 706 3093 753; x_wconf 91' lang='lat' dir='ltr'><strong>et</strong></span> <span class='ocrx_word' id='word_1_508' title='bbox 3133 700 3503 757; x_wconf 88' lang='lat' dir='ltr'><strong>malevolentia</strong></span> 
     </span>
    </p>
   </div>
   <div class='ocr_carea' id='block_1_65' title="bbox 1920 779 3500 861">
    <p class='ocr_par' dir='ltr' id='par_1_65' title="bbox 1920 779 3500 861">
     <span class='ocr_line' id='line_1_65' title="bbox 1920 779 3500 861; baseline 0.009 -29"><span class='ocrx_word' id='word_1_509' title='bbox 1920 779 2034 833; x_wconf 89' lang='lat' dir='ltr'><strong>sine</strong></span> <span class='ocrx_word' id='word_1_510' title='bbox 2057 779 2313 835; x_wconf 86' lang='lat' dir='ltr'><strong>eharitate</strong></span> <span class='ocrx_word' id='word_1_511' title='bbox 2335 782 2509 836; x_wconf 87' lang='lat' dir='ltr'><strong>vivere</strong></span> <span class='ocrx_word' id='word_1_512' title='bbox 2530 783 2720 839; x_wconf 86' lang='lat' dir='ltr'><strong>Paulus</strong></span> <span class='ocrx_word' id='word_1_513' title='bbox 2742 786 2890 852; x_wconf 89' lang='lat' dir='ltr'><strong>dicit,</strong></span> <span class='ocrx_word' id='word_1_514' title='bbox 2914 787 3211 858; x_wconf 86' lang='lat' dir='ltr'><strong>Cyprianus</strong></span> <span class='ocrx_word' id='word_1_515' title='bbox 3238 792 3455 861; x_wconf 85' lang='lat' dir='ltr'><strong>exponit</strong></span> <span class='ocrx_word' id='word_1_516' title='bbox 3484 808 3500 846; x_wconf 90' lang='lat'><strong>:</strong></span> 
     </span>
    </p>
   </div>
   <div class='ocr_carea' id='block_1_66' title="bbox 1920 874 3507 950">
    <p class='ocr_par' dir='ltr' id='par_1_66' title="bbox 1920 874 3507 950">
     <span class='ocr_line' id='line_1_66' title="bbox 1920 874 3507 950; baseline 0.009 -26"><span class='ocrx_word' id='word_1_517' title='bbox 1920 881 1973 925; x_wconf 91' lang='lat' dir='ltr'><strong>et</strong></span> <span class='ocrx_word' id='word_1_518' title='bbox 2026 879 2201 926; x_wconf 90' lang='lat' dir='ltr'><strong>tamen</strong></span> <span class='ocrx_word' id='word_1_519' title='bbox 2256 888 2436 927; x_wconf 90' lang='lat' dir='ltr'><strong>verum</strong></span> <span class='ocrx_word' id='word_1_520' title='bbox 2485 874 2742 943; x_wconf 84' lang='lat' dir='ltr'><strong>baptisma</strong></span> <span class='ocrx_word' id='word_1_521' title='bbox 2791 888 3013 945; x_wconf 88' lang='lat' dir='ltr'><strong>possunt</strong></span> <span class='ocrx_word' id='word_1_522' title='bbox 3057 889 3113 934; x_wconf 91' lang='lat' dir='ltr'><strong>et</strong></span> <span class='ocrx_word' id='word_1_523' title='bbox 3153 882 3397 950; x_wconf 89' lang='lat' dir='ltr'><strong>accipere</strong></span> <span class='ocrx_word' id='word_1_524' title='bbox 3450 893 3507 939; x_wconf 88' lang='lat' dir='ltr'><strong>et</strong></span> 
     </span>
    </p>
   </div>
   <div class='ocr_carea' id='block_1_67' title="bbox 1922 961 3507 1040">
    <p class='ocr_par' dir='ltr' id='par_1_67' title="bbox 1922 961 3507 1040">
     <span class='ocr_line' id='line_1_67' title="bbox 1922 961 3507 1040; baseline 0.009 -26"><span class='ocrx_word' id='word_1_525' title='bbox 1922 961 2147 1016; x_wconf 86' lang='lat' dir='ltr'><strong>tradere.</strong></span> <span class='ocrx_word' id='word_1_526' title='bbox 2183 962 2373 1027; x_wconf 83' lang='lat' dir='ltr'><strong>Salus,</strong></span> <span class='ocrx_word' id='word_1_527' title='bbox 2407 964 2595 1032; x_wconf 82' lang='lat' dir='ltr'><strong>inquit,</strong></span> <span class='ocrx_word' id='word_1_528' title='bbox 2630 977 2773 1021; x_wconf 73' lang='lat' dir='ltr'><strong>extra</strong></span> <span class='ocrx_word' id='word_1_529' title='bbox 2813 967 3097 1023; x_wconf 78' lang='lat' dir='ltr'><strong>Ecclesium</strong></span> <span class='ocrx_word' id='word_1_530' title='bbox 3118 988 3218 1026; x_wconf 89' lang='lat' dir='ltr'><strong>non</strong></span> <span class='ocrx_word' id='word_1_531' title='bbox 3244 982 3337 1027; x_wconf 85' lang='lat' dir='ltr'><strong>est.</strong></span> <span class='ocrx_word' id='word_1_532' title='bbox 3376 972 3507 1040; x_wconf 85' lang='lat' dir='ltr'><strong>Quis</strong></span> 
     </span>
    </p>
   </div>
   <div class='ocr_carea' id='block_1_68' title="bbox 1921 1054 3503 1129">
    <p class='ocr_par' dir='ltr' id='par_1_68' title="bbox 1921 1054 3503 1129">
     <span class='ocr_line' id='line_1_68' title="bbox 1921 1054 3503 1129; baseline 0.008 -22"><span class='ocrx_word' id='word_1_533' title='bbox 1921 1054 2110 1122; x_wconf 82' lang='lat' dir='ltr'><strong>negat?</strong></span> <span class='ocrx_word' id='word_1_534' title='bbox 2135 1054 2198 1108; x_wconf 83' lang='lat' dir='ltr'><strong>Et</strong></span> <span class='ocrx_word' id='word_1_535' title='bbox 2224 1055 2343 1109; x_wconf 88' lang='lat' dir='ltr'><strong>ideo</strong></span> <span class='ocrx_word' id='word_1_536' title='bbox 2368 1072 2715 1127; x_wconf 64' lang='lat' dir='ltr'><strong>quaecumque</strong></span> <span class='ocrx_word' id='word_1_537' title='bbox 2745 1059 2909 1129; x_wconf 85' lang='lat' dir='ltr'><strong>ipsius</strong></span> <span class='ocrx_word' id='word_1_538' title='bbox 2939 1061 3190 1117; x_wconf 76' lang='lat' dir='ltr'><strong>Ecclesim</strong></span> <span class='ocrx_word' id='word_1_539' title='bbox 3220 1064 3503 1129; x_wconf 81' lang='lat' dir='ltr'><strong>habentur,</strong></span> 
     </span>
    </p>
   </div>
   <div class='ocr_carea' id='block_1_69' title="bbox 1921 1145 3507 1212">
    <p class='ocr_par' dir='ltr' id='par_1_69' title="bbox 1921 1145 3507 1212">
     <span class='ocr_line' id='line_1_69' title="bbox 1921 1145 3507 1212; baseline 0.009 -15"><span class='ocrx_word' id='word_1_540' title='bbox 1921 1154 2065 1198; x_wconf 80' lang='lat' dir='ltr'><strong>extra</strong></span> <span class='ocrx_word' id='word_1_541' title='bbox 2090 1145 2379 1200; x_wconf 87' lang='lat' dir='ltr'><strong>Ecclesiam</strong></span> <span class='ocrx_word' id='word_1_542' title='bbox 2405 1162 2508 1201; x_wconf 92' lang='lat' dir='ltr'><strong>non</strong></span> <span class='ocrx_word' id='word_1_543' title='bbox 2540 1148 2716 1203; x_wconf 89' lang='lat' dir='ltr'><strong>valent</strong></span> <span class='ocrx_word' id='word_1_544' title='bbox 2740 1150 2804 1204; x_wconf 91' lang='lat' dir='ltr'><strong>ad</strong></span> <span class='ocrx_word' id='word_1_545' title='bbox 2844 1153 3089 1208; x_wconf 91' lang='lat' dir='ltr'><strong>salutem.</strong></span> <span class='ocrx_word' id='word_1_546' title='bbox 3117 1153 3221 1209; x_wconf 88' lang='lat' dir='ltr'><strong>Sed</strong></span> <span class='ocrx_word' id='word_1_547' title='bbox 3250 1155 3391 1210; x_wconf 91' lang='lat' dir='ltr'><strong>aliud</strong></span> <span class='ocrx_word' id='word_1_548' title='bbox 3423 1167 3507 1212; x_wconf 87' lang='lat' dir='ltr'><strong>est</strong></span> 
     </span>
    </p>
   </div>
   <div class='ocr_carea' id='block_1_70' title="bbox 1922 1236 3503 1314">
    <p class='ocr_par' dir='ltr' id='par_1_70' title="bbox 1922 1236 3503 1314">
     <span class='ocr_line' id='line_1_70' title="bbox 1922 1236 3503 1314; baseline 0.009 -25"><span class='ocrx_word' id='word_1_549' title='bbox 1922 1249 2024 1289; x_wconf 89' lang='lat' dir='ltr'><strong>non</strong></span> <span class='ocrx_word' id='word_1_550' title='bbox 2055 1236 2270 1303; x_wconf 87' lang='lat' dir='ltr'><strong>habere,</strong></span> <span class='ocrx_word' id='word_1_551' title='bbox 2293 1238 2432 1291; x_wconf 90' lang='lat' dir='ltr'><strong>aliud</strong></span> <span class='ocrx_word' id='word_1_552' title='bbox 2461 1254 2566 1294; x_wconf 90' lang='lat' dir='ltr'><strong>non</strong></span> <span class='ocrx_word' id='word_1_553' title='bbox 2591 1241 2790 1295; x_wconf 86' lang='lat' dir='ltr'><strong>utiliter</strong></span> <span class='ocrx_word' id='word_1_554' title='bbox 2815 1242 3030 1301; x_wconf 86' lang='lat' dir='ltr'><strong>habere.</strong></span> <span class='ocrx_word' id='word_1_555' title='bbox 3061 1244 3162 1314; x_wconf 89' lang='lat' dir='ltr'><strong>Qui</strong></span> <span class='ocrx_word' id='word_1_556' title='bbox 3190 1262 3295 1301; x_wconf 91' lang='lat' dir='ltr'><strong>non</strong></span> <span class='ocrx_word' id='word_1_557' title='bbox 3325 1248 3503 1313; x_wconf 87' lang='lat' dir='ltr'><strong>habet,</strong></span> 
     </span>
    </p>
   </div>
   <div class='ocr_carea' id='block_1_71' title="bbox 1921 1327 3508 1403">
    <p class='ocr_par' dir='ltr' id='par_1_71' title="bbox 1921 1327 3508 1403">
     <span class='ocr_line' id='line_1_71' title="bbox 1921 1327 3508 1403; baseline 0.008 -20"><span class='ocrx_word' id='word_1_558' title='bbox 1921 1335 2002 1383; x_wconf 84' lang='lat' dir='ltr'><strong>est</strong></span> <span class='ocrx_word' id='word_1_559' title='bbox 2044 1327 2387 1396; x_wconf 88' lang='lat' dir='ltr'><strong>baptizandus</strong></span> <span class='ocrx_word' id='word_1_560' title='bbox 2416 1338 2474 1383; x_wconf 94' lang='lat' dir='ltr'><strong>ut</strong></span> <span class='ocrx_word' id='word_1_561' title='bbox 2513 1330 2705 1386; x_wconf 90' lang='lat' dir='ltr'><strong>habeat</strong></span> <span class='ocrx_word' id='word_1_562' title='bbox 2734 1348 2749 1386; x_wconf 94' lang='lat'><strong>:</strong></span> <span class='ocrx_word' id='word_1_563' title='bbox 2778 1335 2866 1403; x_wconf 90' lang='lat' dir='ltr'><strong>qui</strong></span> <span class='ocrx_word' id='word_1_564' title='bbox 2927 1344 3101 1390; x_wconf 89' lang='lat' dir='ltr'><strong>autem</strong></span> <span class='ocrx_word' id='word_1_565' title='bbox 3152 1352 3259 1392; x_wconf 88' lang='lat' dir='ltr'><strong>non</strong></span> <span class='ocrx_word' id='word_1_566' title='bbox 3307 1339 3508 1396; x_wconf 88' lang='lat' dir='ltr'><strong>utiliter</strong></span> 
     </span>
    </p>
   </div>
   <div class='ocr_carea' id='block_1_72' title="bbox 1922 1417 3507 1495">
    <p class='ocr_par' dir='ltr' id='par_1_72' title="bbox 1922 1417 3507 1495">
     <span class='ocr_line' id='line_1_72' title="bbox 1922 1417 3507 1495; baseline 0.011 -24"><span class='ocrx_word' id='word_1_567' title='bbox 1922 1417 2100 1484; x_wconf 91' lang='lat' dir='ltr'><strong>habet,</strong></span> <span class='ocrx_word' id='word_1_568' title='bbox 2154 1429 2209 1475; x_wconf 93' lang='lat' dir='ltr'><strong>ut</strong></span> <span class='ocrx_word' id='word_1_569' title='bbox 2248 1422 2447 1477; x_wconf 88' lang='lat' dir='ltr'><strong>utiliter</strong></span> <span class='ocrx_word' id='word_1_570' title='bbox 2484 1422 2677 1478; x_wconf 88' lang='lat' dir='ltr'><strong>haheat</strong></span> <span class='ocrx_word' id='word_1_571' title='bbox 2712 1426 3075 1495; x_wconf 79' lang='lat' dir='ltr'><strong>corrigendos.</strong></span> <span class='ocrx_word' id='word_1_572' title='bbox 3122 1429 3231 1487; x_wconf 86' lang='lat' dir='ltr'><strong>Nec</strong></span> <span class='ocrx_word' id='word_1_573' title='bbox 3276 1432 3507 1488; x_wconf 78' lang='lat' dir='ltr'><strong>adultera</strong></span> 
     </span>
    </p>
   </div>
   <div class='ocr_carea' id='block_1_73' title="bbox 1920 1512 3508 1595">
    <p class='ocr_par' dir='ltr' id='par_1_73' title="bbox 1920 1512 3508 1595">
     <span class='ocr_line' id='line_1_73' title="bbox 1920 1512 3508 1595; baseline 0.011 -32"><span class='ocrx_word' id='word_1_574' title='bbox 1920 1519 1992 1564; x_wconf 86' lang='lat' dir='ltr'><strong>est</strong></span> <span class='ocrx_word' id='word_1_575' title='bbox 2016 1528 2147 1578; x_wconf 86' lang='lat' dir='ltr'><strong>aqua</strong></span> <span class='ocrx_word' id='word_1_576' title='bbox 2172 1514 2225 1565; x_wconf 87' lang='lat' dir='ltr'><strong>in</strong></span> <span class='ocrx_word' id='word_1_577' title='bbox 2247 1512 2505 1583; x_wconf 87' lang='lat' dir='ltr'><strong>Baptismo</strong></span> <span class='ocrx_word' id='word_1_578' title='bbox 2532 1515 2916 1573; x_wconf 66' lang='lat' dir='ltr'><strong>haereticorum:</strong></span> <span class='ocrx_word' id='word_1_579' title='bbox 2938 1521 3058 1589; x_wconf 90' lang='lat' dir='ltr'><strong>quia</strong></span> <span class='ocrx_word' id='word_1_580' title='bbox 3086 1538 3183 1579; x_wconf 89' lang='lat' dir='ltr'><strong>nec</strong></span> <span class='ocrx_word' id='word_1_581' title='bbox 3209 1523 3322 1595; x_wconf 90' lang='lat' dir='ltr'><strong>ipsa</strong></span> <span class='ocrx_word' id='word_1_582' title='bbox 3350 1541 3508 1581; x_wconf 79' lang='lat' dir='ltr'><strong>erea-</strong></span> 
     </span>
    </p>
   </div>
   <div class='ocr_carea' id='block_1_74' title="bbox 1922 1603 3509 1675">
    <p class='ocr_par' dir='ltr' id='par_1_74' title="bbox 1922 1603 3509 1675">
     <span class='ocr_line' id='line_1_74' title="bbox 1922 1603 3509 1675; baseline 0.01 -18"><span class='ocrx_word' id='word_1_583' title='bbox 1922 1608 2035 1657; x_wconf 90' lang='lat' dir='ltr'><strong>tnra</strong></span> <span class='ocrx_word' id='word_1_584' title='bbox 2062 1616 2219 1671; x_wconf 88' lang='lat' dir='ltr'><strong>quam</strong></span> <span class='ocrx_word' id='word_1_585' title='bbox 2266 1603 2405 1659; x_wconf 91' lang='lat' dir='ltr'><strong>Deus</strong></span> <span class='ocrx_word' id='word_1_586' title='bbox 2443 1606 2698 1673; x_wconf 90' lang='lat' dir='ltr'><strong>condidit,</strong></span> <span class='ocrx_word' id='word_1_587' title='bbox 2731 1608 2868 1662; x_wconf 89' lang='lat' dir='ltr'><strong>mala</strong></span> <span class='ocrx_word' id='word_1_588' title='bbox 2892 1618 2995 1675; x_wconf 88' lang='lat' dir='ltr'><strong>est,</strong></span> <span class='ocrx_word' id='word_1_589' title='bbox 3026 1626 3124 1666; x_wconf 88' lang='lat' dir='ltr'><strong>nec</strong></span> <span class='ocrx_word' id='word_1_590' title='bbox 3158 1614 3315 1668; x_wconf 89' lang='lat' dir='ltr'><strong>verba</strong></span> <span class='ocrx_word' id='word_1_591' title='bbox 3345 1631 3509 1672; x_wconf 86' lang='lat' dir='ltr'><strong>evan-</strong></span> 
     </span>
    </p>
   </div>
   <div class='ocr_carea' id='block_1_75' title="bbox 1922 1693 3505 1774">
    <p class='ocr_par' dir='ltr' id='par_1_75' title="bbox 1922 1693 3505 1774">
     <span class='ocr_line' id='line_1_75' title="bbox 1922 1693 3505 1774; baseline 0.009 -28"><span class='ocrx_word' id='word_1_592' title='bbox 1922 1693 2090 1762; x_wconf 76' lang='lat' dir='ltr'><strong>gelica</strong></span> <span class='ocrx_word' id='word_1_593' title='bbox 2122 1693 2172 1748; x_wconf 90' lang='lat' dir='ltr'><strong>in</strong></span> <span class='ocrx_word' id='word_1_594' title='bbox 2199 1695 2522 1764; x_wconf 90' lang='lat' dir='ltr'><strong>quibuslibet</strong></span> <span class='ocrx_word' id='word_1_595' title='bbox 2548 1698 2849 1753; x_wconf 86' lang='lat' dir='ltr'><strong>errantibus</strong></span> <span class='ocrx_word' id='word_1_596' title='bbox 2888 1700 3319 1769; x_wconf 84' lang='lat' dir='ltr'><strong>reprehendenda</strong></span> <span class='ocrx_word' id='word_1_597' title='bbox 3360 1717 3505 1774; x_wconf 89' lang='lat' dir='ltr'><strong>sunt,</strong></span> 
     </span>
    </p>
   </div>
   <div class='ocr_carea' id='block_1_76' title="bbox 1923 1782 3509 1858">
    <p class='ocr_par' dir='ltr' id='par_1_76' title="bbox 1923 1782 3509 1858">
     <span class='ocr_line' id='line_1_76' title="bbox 1923 1782 3509 1858; baseline 0.008 -19"><span class='ocrx_word' id='word_1_598' title='bbox 1923 1782 2016 1839; x_wconf 85' lang='lat' dir='ltr'><strong>sed</strong></span> <span class='ocrx_word' id='word_1_599' title='bbox 2040 1799 2189 1838; x_wconf 89' lang='lat' dir='ltr'><strong>error</strong></span> <span class='ocrx_word' id='word_1_600' title='bbox 2211 1785 2421 1840; x_wconf 90' lang='lat' dir='ltr'><strong>illorum</strong></span> <span class='ocrx_word' id='word_1_601' title='bbox 2444 1787 2497 1841; x_wconf 91' lang='lat' dir='ltr'><strong>in</strong></span> <span class='ocrx_word' id='word_1_602' title='bbox 2525 1803 2633 1858; x_wconf 89' lang='lat' dir='ltr'><strong>quo</strong></span> <span class='ocrx_word' id='word_1_603' title='bbox 2660 1788 2897 1844; x_wconf 89' lang='lat' dir='ltr'><strong>adultera</strong></span> <span class='ocrx_word' id='word_1_604' title='bbox 2944 1799 3029 1847; x_wconf 88' lang='lat' dir='ltr'><strong>est</strong></span> <span class='ocrx_word' id='word_1_605' title='bbox 3074 1794 3270 1853; x_wconf 88' lang='lat' dir='ltr'><strong>anima,</strong></span> <span class='ocrx_word' id='word_1_606' title='bbox 3326 1796 3428 1850; x_wconf 91' lang='lat' dir='ltr'><strong>etsi</strong></span> <span class='ocrx_word' id='word_1_607' title='bbox 3474 1811 3509 1852; x_wconf 81' lang='lat' dir='ltr'><strong>a</strong></span> 
     </span>
    </p>
   </div>
   <div class='ocr_carea' id='block_1_77' title="bbox 1924 1876 3511 1946">
    <p class='ocr_par' dir='ltr' id='par_1_77' title="bbox 1924 1876 3511 1946">
     <span class='ocr_line' id='line_1_77' title="bbox 1924 1876 3511 1946; baseline 0.009 -17"><span class='ocrx_word' id='word_1_608' title='bbox 1924 1876 2160 1946; x_wconf 82' lang='lat' dir='ltr'><strong>legitimo</strong></span> <span class='ocrx_word' id='word_1_609' title='bbox 2189 1878 2302 1933; x_wconf 89' lang='lat' dir='ltr'><strong>viro</strong></span> <span class='ocrx_word' id='word_1_610' title='bbox 2326 1878 2656 1936; x_wconf 89' lang='lat' dir='ltr'><strong>Sacramenti</strong></span> <span class='ocrx_word' id='word_1_611' title='bbox 2689 1881 2880 1937; x_wconf 89' lang='lat' dir='ltr'><strong>habeat</strong></span> <span class='ocrx_word' id='word_1_612' title='bbox 2904 1895 3295 1940; x_wconf 87' lang='lat' dir='ltr'><strong>ornamentum.</strong></span> <span class='ocrx_word' id='word_1_613' title='bbox 3327 1887 3511 1944; x_wconf 79' lang='lat' dir='ltr'><strong>Potest</strong></span> 
     </span>
    </p>
   </div>
   <div class='ocr_carea' id='block_1_78' title="bbox 1922 1969 3509 2047">
    <p class='ocr_par' dir='ltr' id='par_1_78' title="bbox 1922 1969 3509 2047">
     <span class='ocr_line' id='line_1_78' title="bbox 1922 1969 3509 2047; baseline 0.013 -28"><span class='ocrx_word' id='word_1_614' title='bbox 1922 1969 2075 2037; x_wconf 82' lang='lat' dir='ltr'><strong>igitur</strong></span> <span class='ocrx_word' id='word_1_615' title='bbox 2098 1970 2239 2023; x_wconf 85' lang='lat' dir='ltr'><strong>nobis</strong></span> <span class='ocrx_word' id='word_1_616' title='bbox 2265 1980 2312 2023; x_wconf 87' lang='lat' dir='ltr'><strong>et</strong></span> <span class='ocrx_word' id='word_1_617' title='bbox 2354 1971 2603 2026; x_wconf 66' lang='lat' dir='ltr'><strong>haueticis</strong></span> <span class='ocrx_word' id='word_1_618' title='bbox 2645 1972 2906 2043; x_wconf 84' lang='lat' dir='ltr'><strong>Baptisma</strong></span> <span class='ocrx_word' id='word_1_619' title='bbox 2944 1992 3049 2031; x_wconf 84' lang='lat' dir='ltr'><strong>esse</strong></span> <span class='ocrx_word' id='word_1_620' title='bbox 3080 1994 3359 2047; x_wconf 82' lang='lat' dir='ltr'><strong>commune,</strong></span> <span class='ocrx_word' id='word_1_621' title='bbox 3384 1994 3509 2039; x_wconf 88' lang='lat' dir='ltr'><strong>cum</strong></span> 
     </span>
    </p>
   </div>
   <div class='ocr_carea' id='block_1_79' title="bbox 1923 2059 3512 2139">
    <p class='ocr_par' dir='ltr' id='par_1_79' title="bbox 1923 2059 3512 2139">
     <span class='ocr_line' id='line_1_79' title="bbox 1923 2059 3512 2139; baseline 0.009 -28"><span class='ocrx_word' id='word_1_622' title='bbox 1923 2059 2110 2126; x_wconf 84' lang='lat' dir='ltr'><strong>quibus</strong></span> <span class='ocrx_word' id='word_1_623' title='bbox 2133 2070 2307 2129; x_wconf 80' lang='lat' dir='ltr'><strong>petest</strong></span> <span class='ocrx_word' id='word_1_624' title='bbox 2339 2063 2353 2092; x_wconf 83' lang='grc'>¹</span> <span class='ocrx_word' id='word_1_625' title='bbox 2385 2070 2439 2116; x_wconf 92' lang='lat' dir='ltr'><strong>et</strong></span> <span class='ocrx_word' id='word_1_626' title='bbox 2462 2063 2803 2133; x_wconf 84' lang='lat' dir='ltr'><strong>Evangelium</strong></span> <span class='ocrx_word' id='word_1_627' title='bbox 2830 2079 2949 2122; x_wconf 89' lang='lat' dir='ltr'><strong>esse</strong></span> <span class='ocrx_word' id='word_1_628' title='bbox 2977 2080 3260 2123; x_wconf 86' lang='lat' dir='ltr'><strong>commune</strong></span> <span class='ocrx_word' id='word_1_629' title='bbox 3283 2110 3296 2131; x_wconf 93' lang='lat'><strong>,</strong></span> <span class='ocrx_word' id='word_1_630' title='bbox 3324 2085 3512 2139; x_wconf 81' lang='lat' dir='ltr'><strong>quam-</strong></span> 
     </span>
    </p>
   </div>
   <div class='ocr_carea' id='block_1_80' title="bbox 1924 2150 3512 2218">
    <p class='ocr_par' dir='ltr' id='par_1_80' title="bbox 1924 2150 3512 2218">
     <span class='ocr_line' id='line_1_80' title="bbox 1924 2150 3512 2218; baseline 0.011 -17"><span class='ocrx_word' id='word_1_631' title='bbox 1924 2150 2004 2203; x_wconf 89' lang='lat' dir='ltr'><strong>vis</strong></span> <span class='ocrx_word' id='word_1_632' title='bbox 2026 2166 2054 2203; x_wconf 90' lang='lat' dir='ltr'><strong>a</strong></span> <span class='ocrx_word' id='word_1_633' title='bbox 2085 2150 2188 2205; x_wconf 74' lang='lat' dir='ltr'><strong>title</strong></span> <span class='ocrx_word' id='word_1_634' title='bbox 2217 2161 2396 2207; x_wconf 90' lang='lat' dir='ltr'><strong>nostra</strong></span> <span class='ocrx_word' id='word_1_635' title='bbox 2423 2168 2576 2209; x_wconf 87' lang='lat' dir='ltr'><strong>error</strong></span> <span class='ocrx_word' id='word_1_636' title='bbox 2614 2154 2777 2210; x_wconf 90' lang='lat' dir='ltr'><strong>distet</strong></span> <span class='ocrx_word' id='word_1_637' title='bbox 2820 2156 3034 2211; x_wconf 89' lang='lat' dir='ltr'><strong>illorum</strong></span> <span class='ocrx_word' id='word_1_638' title='bbox 3060 2176 3074 2212; x_wconf 89' lang='lat'><strong>:</strong></span> <span class='ocrx_word' id='word_1_639' title='bbox 3096 2160 3208 2214; x_wconf 83' lang='lat' dir='ltr'><strong>sive</strong></span> <span class='ocrx_word' id='word_1_640' title='bbox 3255 2160 3397 2215; x_wconf 85' lang='lat' dir='ltr'><strong>aliud</strong></span> <span class='ocrx_word' id='word_1_641' title='bbox 3439 2161 3512 2218; x_wconf 83' lang='lat' dir='ltr'><strong>do</strong></span> 
     </span>
    </p>
   </div>
   <div class='ocr_carea' id='block_1_81' title="bbox 1928 2240 3511 2321">
    <p class='ocr_par' dir='ltr' id='par_1_81' title="bbox 1928 2240 3511 2321">
     <span class='ocr_line' id='line_1_81' title="bbox 1928 2240 3511 2321; baseline 0.008 -26"><span class='ocrx_word' id='word_1_642' title='bbox 1928 2240 2082 2296; x_wconf 86' lang='lat' dir='ltr'><strong>Patre</strong></span> <span class='ocrx_word' id='word_1_643' title='bbox 2111 2241 2191 2295; x_wconf 85' lang='lat' dir='ltr'><strong>vel</strong></span> <span class='ocrx_word' id='word_1_644' title='bbox 2221 2242 2289 2297; x_wconf 88' lang='lat' dir='ltr'><strong>de</strong></span> <span class='ocrx_word' id='word_1_645' title='bbox 2318 2243 2453 2298; x_wconf 86' lang='lat' dir='ltr'><strong>Filio</strong></span> <span class='ocrx_word' id='word_1_646' title='bbox 2480 2245 2564 2298; x_wconf 89' lang='lat' dir='ltr'><strong>vel</strong></span> <span class='ocrx_word' id='word_1_647' title='bbox 2586 2244 2654 2301; x_wconf 92' lang='lat' dir='ltr'><strong>de</strong></span> <span class='ocrx_word' id='word_1_648' title='bbox 2674 2244 2870 2316; x_wconf 87' lang='lat' dir='ltr'><strong>Spiritu</strong></span> <span class='ocrx_word' id='word_1_649' title='bbox 2893 2257 3076 2303; x_wconf 92' lang='lat' dir='ltr'><strong>sancto</strong></span> <span class='ocrx_word' id='word_1_650' title='bbox 3102 2250 3511 2321; x_wconf 84' lang='lat' dir='ltr'><strong>seutiantquam</strong></span> 
     </span>
    </p>
   </div>
   <div class='ocr_carea' id='block_1_82' title="bbox 1927 2331 3514 2415">
    <p class='ocr_par' dir='ltr' id='par_1_82' title="bbox 1927 2331 3514 2415">
     <span class='ocr_line' id='line_1_82' title="bbox 1927 2331 3514 2415; baseline 0.011 -32"><span class='ocrx_word' id='word_1_651' title='bbox 1927 2331 2124 2387; x_wconf 86' lang='lat' dir='ltr'><strong>veritas</strong></span> <span class='ocrx_word' id='word_1_652' title='bbox 2150 2332 2327 2394; x_wconf 87' lang='lat' dir='ltr'><strong>habet,</strong></span> <span class='ocrx_word' id='word_1_653' title='bbox 2357 2335 2469 2389; x_wconf 86' lang='lat' dir='ltr'><strong>sive</strong></span> <span class='ocrx_word' id='word_1_654' title='bbox 2504 2335 2574 2391; x_wconf 87' lang='lat' dir='ltr'><strong>ab</strong></span> <span class='ocrx_word' id='word_1_655' title='bbox 2618 2337 2819 2393; x_wconf 90' lang='lat' dir='ltr'><strong>unitate</strong></span> <span class='ocrx_word' id='word_1_656' title='bbox 2861 2340 3066 2407; x_wconf 75' lang='lat' dir='ltr'><strong>pmisi</strong></span> <span class='ocrx_word' id='word_1_657' title='bbox 3111 2357 3216 2396; x_wconf 91' lang='lat' dir='ltr'><strong>non</strong></span> <span class='ocrx_word' id='word_1_658' title='bbox 3260 2344 3514 2415; x_wconf 78' lang='lat' dir='ltr'><strong>colligant</strong></span> 
     </span>
    </p>
   </div>
   <div class='ocr_carea' id='block_1_83' title="bbox 1932 2421 3511 2505">
    <p class='ocr_par' dir='ltr' id='par_1_83' title="bbox 1932 2421 3511 2505">
     <span class='ocr_line' id='line_1_83' title="bbox 1932 2421 3511 2505; baseline 0.011 -32"><span class='ocrx_word' id='word_1_659' title='bbox 1932 2435 2051 2475; x_wconf 90' lang='lat' dir='ltr'><strong>cum</strong></span> <span class='ocrx_word' id='word_1_660' title='bbox 2104 2421 2337 2489; x_wconf 90' lang='lat' dir='ltr'><strong>Christo,</strong></span> <span class='ocrx_word' id='word_1_661' title='bbox 2382 2424 2475 2479; x_wconf 86' lang='lat' dir='ltr'><strong>sed</strong></span> <span class='ocrx_word' id='word_1_662' title='bbox 2513 2437 2764 2497; x_wconf 79' lang='lat' dir='ltr'><strong>Spargant</strong></span> <span class='ocrx_word' id='word_1_663' title='bbox 2810 2429 3021 2497; x_wconf 72' lang='lat' dir='ltr'><strong>(Hatth.</strong></span> <span class='ocrx_word' id='word_1_664' title='bbox 3075 2448 3169 2498; x_wconf 77' lang='lat' dir='ltr'><strong>xu,</strong></span> <span class='ocrx_word' id='word_1_665' title='bbox 3226 2434 3317 2503; x_wconf 77' lang='lat'><strong>&#39;50)</strong></span> <span class='ocrx_word' id='word_1_666' title='bbox 3347 2453 3359 2489; x_wconf 93' lang='lat'><strong>:</strong></span> <span class='ocrx_word' id='word_1_667' title='bbox 3387 2436 3511 2505; x_wconf 86' lang='lat' dir='ltr'><strong>quia</strong></span> 
     </span>
    </p>
   </div>
   <div class='ocr_carea' id='block_1_84' title="bbox 1928 2515 3513 2591">
    <p class='ocr_par' dir='ltr' id='par_1_84' title="bbox 1928 2515 3513 2591">
     <span class='ocr_line' id='line_1_84' title="bbox 1928 2515 3513 2591; baseline 0.009 -24"><span class='ocrx_word' id='word_1_668' title='bbox 1928 2522 2099 2582; x_wconf 86' lang='lat' dir='ltr'><strong>potest</strong></span> <span class='ocrx_word' id='word_1_669' title='bbox 2125 2515 2297 2581; x_wconf 87' lang='lat' dir='ltr'><strong>nobis,</strong></span> <span class='ocrx_word' id='word_1_670' title='bbox 2331 2518 2375 2571; x_wconf 84' lang='lat' dir='ltr'><strong>si</strong></span> <span class='ocrx_word' id='word_1_671' title='bbox 2407 2516 2671 2574; x_wconf 75' lang='lat' dir='ltr'><strong>frumenta</strong></span> <span class='ocrx_word' id='word_1_672' title='bbox 2701 2519 2964 2576; x_wconf 87' lang='lat' dir='ltr'><strong>dominica</strong></span> <span class='ocrx_word' id='word_1_673' title='bbox 3006 2538 3209 2591; x_wconf 90' lang='lat' dir='ltr'><strong>sumus,</strong></span> <span class='ocrx_word' id='word_1_674' title='bbox 3241 2526 3400 2580; x_wconf 91' lang='lat' dir='ltr'><strong>etiam</strong></span> <span class='ocrx_word' id='word_1_675' title='bbox 3430 2528 3513 2582; x_wconf 59' lang='lat' dir='ltr'><strong>in.</strong></span> 
     </span>
    </p>
   </div>
   <div class='ocr_carea' id='block_1_85' title="bbox 1928 2608 3512 2679">
    <p class='ocr_par' dir='ltr' id='par_1_85' title="bbox 1928 2608 3512 2679">
     <span class='ocr_line' id='line_1_85' title="bbox 1928 2608 3512 2679; baseline 0.009 -20"><span class='ocrx_word' id='word_1_676' title='bbox 1928 2612 2010 2659; x_wconf 88' lang='lat' dir='ltr'><strong>tus</strong></span> <span class='ocrx_word' id='word_1_677' title='bbox 2029 2619 2148 2660; x_wconf 91' lang='lat' dir='ltr'><strong>cum</strong></span> <span class='ocrx_word' id='word_1_678' title='bbox 2174 2608 2369 2673; x_wconf 84' lang='lat' dir='ltr'><strong>avaris,</strong></span> <span class='ocrx_word' id='word_1_679' title='bbox 2392 2622 2510 2662; x_wconf 90' lang='lat' dir='ltr'><strong>cum</strong></span> <span class='ocrx_word' id='word_1_680' title='bbox 2547 2610 2866 2679; x_wconf 80' lang='lat' dir='ltr'><strong>raptoribus,</strong></span> <span class='ocrx_word' id='word_1_681' title='bbox 2891 2626 3015 2668; x_wconf 88' lang='lat' dir='ltr'><strong>cum</strong></span> <span class='ocrx_word' id='word_1_682' title='bbox 3044 2614 3290 2679; x_wconf 89' lang='lat' dir='ltr'><strong>ebriosis,</strong></span> <span class='ocrx_word' id='word_1_683' title='bbox 3324 2624 3378 2671; x_wconf 91' lang='lat' dir='ltr'><strong>et</strong></span> <span class='ocrx_word' id='word_1_684' title='bbox 3401 2631 3512 2673; x_wconf 69' lang='lat' dir='ltr'><strong>ctu-</strong></span> 
     </span>
    </p>
   </div>
   <div class='ocr_carea' id='block_1_86' title="bbox 1929 2697 3514 2780">
    <p class='ocr_par' dir='ltr' id='par_1_86' title="bbox 1929 2697 3514 2780">
     <span class='ocr_line' id='line_1_86' title="bbox 1929 2697 3514 2780; baseline 0.008 -29"><span class='ocrx_word' id='word_1_685' title='bbox 1929 2697 2055 2751; x_wconf 89' lang='lat' dir='ltr'><strong>teris</strong></span> <span class='ocrx_word' id='word_1_686' title='bbox 2095 2697 2356 2766; x_wconf 91' lang='lat' dir='ltr'><strong>ejusmodi</strong></span> <span class='ocrx_word' id='word_1_687' title='bbox 2384 2700 2639 2768; x_wconf 89' lang='lat' dir='ltr'><strong>pestibus,</strong></span> <span class='ocrx_word' id='word_1_688' title='bbox 2680 2702 2747 2757; x_wconf 88' lang='lat' dir='ltr'><strong>de</strong></span> <span class='ocrx_word' id='word_1_689' title='bbox 2797 2703 2991 2771; x_wconf 88' lang='lat' dir='ltr'><strong>quibus</strong></span> <span class='ocrx_word' id='word_1_690' title='bbox 3032 2704 3242 2771; x_wconf 90' lang='lat' dir='ltr'><strong>dicitur,</strong></span> <span class='ocrx_word' id='word_1_691' title='bbox 3277 2706 3514 2780; x_wconf 80' lang='lat' dir='ltr'><strong>Regnum</strong></span> 
     </span>
    </p>
   </div>
   <div class='ocr_carea' id='block_1_87' title="bbox 1926 2785 3514 2867">
    <p class='ocr_par' dir='ltr' id='par_1_87' title="bbox 1926 2785 3514 2867">
     <span class='ocr_line' id='line_1_87' title="bbox 1926 2785 3514 2867; baseline 0.01 -28"><span class='ocrx_word' id='word_1_692' title='bbox 1926 2785 2021 2841; x_wconf 88' lang='lat' dir='ltr'><strong>Dei</strong></span> <span class='ocrx_word' id='word_1_693' title='bbox 2059 2804 2160 2842; x_wconf 89' lang='lat' dir='ltr'><strong>non</strong></span> <span class='ocrx_word' id='word_1_694' title='bbox 2199 2789 2523 2856; x_wconf 83' lang='lat' dir='ltr'><strong>possidebunt</strong></span> <span class='ocrx_word' id='word_1_695' title='bbox 2570 2790 2609 2860; x_wconf 93' lang='grc' dir='ltr'>(Ι</span> <span class='ocrx_word' id='word_1_696' title='bbox 2652 2791 2769 2846; x_wconf 82' lang='lat' dir='ltr'><strong>Cor.</strong></span> <span class='ocrx_word' id='word_1_697' title='bbox 2806 2809 2876 2860; x_wconf 77' lang='lat' dir='ltr'><strong>vr,</strong></span> <span class='ocrx_word' id='word_1_698' title='bbox 2910 2794 3021 2863; x_wconf 80' lang='lat' dir='ltr'><strong>ID),</strong></span> <span class='ocrx_word' id='word_1_699' title='bbox 3077 2805 3132 2850; x_wconf 89' lang='lat' dir='ltr'><strong>et</strong></span> <span class='ocrx_word' id='word_1_700' title='bbox 3175 2796 3514 2867; x_wconf 77' lang='lat' dir='ltr'><strong>Baptismatis</strong></span> 
     </span>
    </p>
   </div>
   <div class='ocr_carea' id='block_1_88' title="bbox 1926 2887 3514 2959">
    <p class='ocr_par' dir='ltr' id='par_1_88' title="bbox 1926 2887 3514 2959">
     <span class='ocr_line' id='line_1_88' title="bbox 1926 2887 3514 2959; baseline 0.011 -28"><span class='ocrx_word' id='word_1_701' title='bbox 1926 2888 2317 2933; x_wconf 87' lang='lat' dir='ltr'><strong>sacramentum</strong></span> <span class='ocrx_word' id='word_1_702' title='bbox 2344 2895 2462 2937; x_wconf 89' lang='lat' dir='ltr'><strong>esse</strong></span> <span class='ocrx_word' id='word_1_703' title='bbox 2489 2896 2793 2950; x_wconf 87' lang='lat' dir='ltr'><strong>commune,</strong></span> <span class='ocrx_word' id='word_1_704' title='bbox 2824 2894 2879 2939; x_wconf 92' lang='lat' dir='ltr'><strong>et</strong></span> <span class='ocrx_word' id='word_1_705' title='bbox 2909 2894 3083 2941; x_wconf 90' lang='lat' dir='ltr'><strong>tamen</strong></span> <span class='ocrx_word' id='word_1_706' title='bbox 3116 2887 3238 2941; x_wconf 85' lang='lat' dir='ltr'><strong>vitia</strong></span> <span class='ocrx_word' id='word_1_707' title='bbox 3265 2888 3456 2959; x_wconf 87' lang='lat' dir='ltr'><strong>quibus</strong></span> <span class='ocrx_word' id='word_1_708' title='bbox 3479 2907 3514 2948; x_wconf 84' lang='lat' dir='ltr'><strong>a</strong></span> 
     </span>
    </p>
   </div>
   <div class='ocr_carea' id='block_1_89' title="bbox 1928 2970 3191 3041">
    <p class='ocr_par' dir='ltr' id='par_1_89' title="bbox 1928 2970 3191 3041">
     <span class='ocr_line' id='line_1_89' title="bbox 1928 2970 3191 3041; baseline 0.011 -20"><span class='ocrx_word' id='word_1_709' title='bbox 1928 2984 2092 3039; x_wconf 89' lang='lat' dir='ltr'><strong>regno</strong></span> <span class='ocrx_word' id='word_1_710' title='bbox 2120 2970 2213 3025; x_wconf 92' lang='lat' dir='ltr'><strong>Dei</strong></span> <span class='ocrx_word' id='word_1_711' title='bbox 2239 2983 2556 3041; x_wconf 76' lang='lat' dir='ltr'><strong>separantur</strong></span> <span class='ocrx_word' id='word_1_712' title='bbox 2587 2991 2694 3029; x_wconf 88' lang='lat' dir='ltr'><strong>non</strong></span> <span class='ocrx_word' id='word_1_713' title='bbox 2722 2992 2840 3033; x_wconf 88' lang='lat' dir='ltr'><strong>esse</strong></span> <span class='ocrx_word' id='word_1_714' title='bbox 2870 2980 3191 3036; x_wconf 89' lang='lat' dir='ltr'><strong>communia.</strong></span> 
     </span>
    </p>
   </div>
   <div class='ocr_carea' id='block_1_90' title="bbox 1996 3058 3513 3135">
    <p class='ocr_par' dir='ltr' id='par_1_90' title="bbox 1996 3058 3513 3135">
     <span class='ocr_line' id='line_1_90' title="bbox 1996 3058 3513 3135; baseline 0.01 -21"><span class='ocrx_word' id='word_1_715' title='bbox 1996 3058 2222 3116; x_wconf 83' lang='lat' dir='ltr'><strong>CAPUT</strong></span> <span class='ocrx_word' id='word_1_716' title='bbox 2263 3062 2304 3115; x_wconf 78' lang='grc' dir='ltr'>Χ</span> <span class='ocrx_word' id='word_1_717' title='bbox 2319 3062 2609 3119; x_wconf 54' lang='grc' dir='ltr'><strong>ηιμ-25.</strong></span> <span class='ocrx_word' id='word_1_718' title='bbox 2631 3065 2811 3135; x_wconf 84' lang='lat' dir='ltr'><strong>Neque</strong></span> <span class='ocrx_word' id='word_1_719' title='bbox 2828 3068 2969 3122; x_wconf 89' lang='lat' dir='ltr'><strong>enim</strong></span> <span class='ocrx_word' id='word_1_720' title='bbox 2986 3068 3052 3124; x_wconf 90' lang='lat' dir='ltr'><strong>de</strong></span> <span class='ocrx_word' id='word_1_721' title='bbox 3072 3070 3200 3126; x_wconf 90' lang='lat' dir='ltr'><strong>solis</strong></span> <span class='ocrx_word' id='word_1_722' title='bbox 3222 3070 3513 3129; x_wconf 60' lang='lat' dir='ltr'><strong>hauesibns</strong></span> 
     </span>
    </p>
   </div>
   <div class='ocr_carea' id='block_1_91' title="bbox 1927 3153 3513 3236">
    <p class='ocr_par' dir='ltr' id='par_1_91' title="bbox 1927 3153 3513 3236">
     <span class='ocr_line' id='line_1_91' title="bbox 1927 3153 3513 3236; baseline 0.01 -28"><span class='ocrx_word' id='word_1_723' title='bbox 1927 3153 2055 3209; x_wconf 87' lang='lat' dir='ltr'><strong>dicit</strong></span> <span class='ocrx_word' id='word_1_724' title='bbox 2083 3156 2365 3226; x_wconf 85' lang='lat' dir='ltr'><strong>Apostolus</strong></span> <span class='ocrx_word' id='word_1_725' title='bbox 2390 3199 2403 3220; x_wconf 92' lang='lat'><strong>,</strong></span> <span class='ocrx_word' id='word_1_726' title='bbox 2436 3159 2687 3223; x_wconf 85' lang='lat' dir='ltr'><strong>Quoniam</strong></span> <span class='ocrx_word' id='word_1_727' title='bbox 2708 3163 2795 3232; x_wconf 86' lang='lat' dir='ltr'><strong>qui</strong></span> <span class='ocrx_word' id='word_1_728' title='bbox 2816 3162 2940 3217; x_wconf 88' lang='lat' dir='ltr'><strong>talia</strong></span> <span class='ocrx_word' id='word_1_729' title='bbox 2965 3175 3123 3235; x_wconf 87' lang='lat' dir='ltr'><strong>agunt</strong></span> <span class='ocrx_word' id='word_1_730' title='bbox 3140 3207 3153 3229; x_wconf 91' lang='lat'><strong>,</strong></span> <span class='ocrx_word' id='word_1_731' title='bbox 3181 3183 3389 3236; x_wconf 85' lang='lat' dir='ltr'><strong>regnum</strong></span> <span class='ocrx_word' id='word_1_732' title='bbox 3418 3168 3513 3224; x_wconf 82' lang='lat' dir='ltr'><strong>Dei</strong></span> 
     </span>
    </p>
   </div>
   <div class='ocr_carea' id='block_1_92' title="bbox 1927 3248 3513 3324">
    <p class='ocr_par' dir='ltr' id='par_1_92' title="bbox 1927 3248 3513 3324">
     <span class='ocr_line' id='line_1_92' title="bbox 1927 3248 3513 3324; baseline 0.011 -26"><span class='ocrx_word' id='word_1_733' title='bbox 1927 3262 2027 3299; x_wconf 88' lang='lat' dir='ltr'><strong>non</strong></span> <span class='ocrx_word' id='word_1_734' title='bbox 2056 3248 2396 3316; x_wconf 78' lang='lat' dir='ltr'><strong>possidebunt.</strong></span> <span class='ocrx_word' id='word_1_735' title='bbox 2419 3250 2525 3305; x_wconf 91' lang='lat' dir='ltr'><strong>Sed</strong></span> <span class='ocrx_word' id='word_1_736' title='bbox 2571 3268 2673 3306; x_wconf 91' lang='lat' dir='ltr'><strong>non</strong></span> <span class='ocrx_word' id='word_1_737' title='bbox 2718 3253 2892 3324; x_wconf 82' lang='lat' dir='ltr'><strong>pigeat</strong></span> <span class='ocrx_word' id='word_1_738' title='bbox 2926 3256 3198 3324; x_wconf 90' lang='lat' dir='ltr'><strong>paululum</strong></span> <span class='ocrx_word' id='word_1_739' title='bbox 3234 3258 3513 3316; x_wconf 85' lang='lat' dir='ltr'><strong>advertere</strong></span> 
     </span>
    </p>
   </div>
   <div class='ocr_carea' id='block_1_93' title="bbox 1926 3340 3513 3421">
    <p class='ocr_par' dir='ltr' id='par_1_93' title="bbox 1926 3340 3513 3421">
     <span class='ocr_line' id='line_1_93' title="bbox 1926 3340 3513 3421; baseline 0.01 -31"><span class='ocrx_word' id='word_1_740' title='bbox 1926 3354 2044 3408; x_wconf 78' lang='lat' dir='ltr'><strong>qua:</strong></span> <span class='ocrx_word' id='word_1_741' title='bbox 2086 3340 2240 3395; x_wconf 90' lang='lat' dir='ltr'><strong>simul</strong></span> <span class='ocrx_word' id='word_1_742' title='bbox 2279 3352 2550 3398; x_wconf 88' lang='lat' dir='ltr'><strong>enumeret</strong></span> <span class='ocrx_word' id='word_1_743' title='bbox 2591 3344 2927 3415; x_wconf 81' lang='lat' dir='ltr'><strong>:Manifesta,</strong></span> <span class='ocrx_word' id='word_1_744' title='bbox 2981 3347 3170 3418; x_wconf 91' lang='lat' dir='ltr'><strong>inquit,</strong></span> <span class='ocrx_word' id='word_1_745' title='bbox 3200 3360 3316 3404; x_wconf 80' lang='lat' dir='ltr'><strong>sunt</strong></span> <span class='ocrx_word' id='word_1_746' title='bbox 3356 3368 3513 3421; x_wconf 85' lang='lat' dir='ltr'><strong>opera</strong></span> 
     </span>
    </p>
   </div>
   <div class='ocr_carea' id='block_1_94' title="bbox 1926 3432 3509 3508">
    <p class='ocr_par' dir='ltr' id='par_1_94' title="bbox 1926 3432 3509 3508">
     <span class='ocr_line' id='line_1_94' title="bbox 1926 3432 3509 3508; baseline 0.009 -24"><span class='ocrx_word' id='word_1_747' title='bbox 1926 3432 2110 3497; x_wconf 82' lang='lat' dir='ltr'><strong>carnis,</strong></span> <span class='ocrx_word' id='word_1_748' title='bbox 2138 3448 2250 3501; x_wconf 72' lang='lat' dir='ltr'><strong>qua:</strong></span> <span class='ocrx_word' id='word_1_749' title='bbox 2271 3444 2388 3487; x_wconf 84' lang='lat' dir='ltr'><strong>sunt</strong></span> <span class='ocrx_word' id='word_1_750' title='bbox 2439 3436 2817 3504; x_wconf 78' lang='lat' dir='ltr'><strong>fornicationes,</strong></span> <span class='ocrx_word' id='word_1_751' title='bbox 2859 3439 3206 3506; x_wconf 77' lang='lat' dir='ltr'><strong>immunditiw,</strong></span> <span class='ocrx_word' id='word_1_752' title='bbox 3266 3443 3509 3508; x_wconf 67' lang='lat' dir='ltr'><strong>luxuries,</strong></span> 
     </span>
    </p>
   </div>
   <div class='ocr_carea' id='block_1_95' title="bbox 1926 3513 3587 3597">
    <p class='ocr_par' dir='ltr' id='par_1_95' title="bbox 1926 3513 3587 3597">
     <span class='ocr_line' id='line_1_95' title="bbox 1926 3513 3587 3597; baseline 0.01 -23"><span class='ocrx_word' id='word_1_753' title='bbox 1926 3521 2178 3576; x_wconf 84' lang='lat' dir='ltr'><strong>idolorum</strong></span> <span class='ocrx_word' id='word_1_754' title='bbox 2219 3525 2448 3590; x_wconf 84' lang='lat' dir='ltr'><strong>servitus,</strong></span> <span class='ocrx_word' id='word_1_755' title='bbox 2490 3528 2730 3596; x_wconf 83' lang='lat' dir='ltr'><strong>veneﬁcia</strong></span> <span class='ocrx_word' id='word_1_756' title='bbox 2754 3570 2768 3591; x_wconf 93' lang='lat'><strong>,</strong></span> <span class='ocrx_word' id='word_1_757' title='bbox 2805 3530 3097 3591; x_wconf 76' lang='lat' dir='ltr'><strong>inimicitite,</strong></span> <span class='ocrx_word' id='word_1_758' title='bbox 3148 3534 3508 3597; x_wconf 84' lang='lat' dir='ltr'><strong>contentiones,</strong></span> <span class='ocrx_word' id='word_1_759' title='bbox 3578 3513 3587 3521; x_wconf 42' lang='grc'><em>’</em></span> 
     </span>
    </p>
   </div>
   <div class='ocr_carea' id='block_1_96' title="bbox 1926 3616 3513 3692">
    <p class='ocr_par' dir='ltr' id='par_1_96' title="bbox 1926 3616 3513 3692">
     <span class='ocr_line' id='line_1_96' title="bbox 1926 3616 3513 3692; baseline 0.009 -25"><span class='ocrx_word' id='word_1_760' title='bbox 1926 3616 2271 3671; x_wconf 63' lang='lat' dir='ltr'><strong>aemulationes</strong></span> <span class='ocrx_word' id='word_1_761' title='bbox 2289 3660 2305 3683; x_wconf 93' lang='lat'><strong>,</strong></span> <span class='ocrx_word' id='word_1_762' title='bbox 2334 3619 2704 3687; x_wconf 82' lang='lat' dir='ltr'><strong>animositates,</strong></span> <span class='ocrx_word' id='word_1_763' title='bbox 2734 3622 3089 3688; x_wconf 78' lang='lat' dir='ltr'><strong>dissensiones,</strong></span> <span class='ocrx_word' id='word_1_764' title='bbox 3122 3624 3356 3692; x_wconf 60' lang='lat' dir='ltr'><strong>hereses,</strong></span> <span class='ocrx_word' id='word_1_765' title='bbox 3383 3627 3513 3681; x_wconf 71' lang='lat' dir='ltr'><strong>invi-</strong></span> 
     </span>
    </p>
   </div>
   <div class='ocr_carea' id='block_1_97' title="bbox 1927 3705 3512 3783">
    <p class='ocr_par' dir='ltr' id='par_1_97' title="bbox 1927 3705 3512 3783">
     <span class='ocr_line' id='line_1_97' title="bbox 1927 3705 3512 3783; baseline 0.008 -24"><span class='ocrx_word' id='word_1_766' title='bbox 1927 3705 2045 3769; x_wconf 74' lang='grc' dir='ltr'><strong>ὀίω,</strong></span> <span class='ocrx_word' id='word_1_767' title='bbox 2072 3707 2349 3769; x_wconf 86' lang='lat' dir='ltr'><strong>ebrietates,</strong></span> <span class='ocrx_word' id='word_1_768' title='bbox 2378 3711 2780 3776; x_wconf 79' lang='lat' dir='ltr'><strong>rontessationes,</strong></span> <span class='ocrx_word' id='word_1_769' title='bbox 2810 3721 2855 3765; x_wconf 88' lang='lat' dir='ltr'><strong>et</strong></span> <span class='ocrx_word' id='word_1_770' title='bbox 2881 3712 2960 3766; x_wconf 87' lang='lat' dir='ltr'><strong>his</strong></span> <span class='ocrx_word' id='word_1_771' title='bbox 2987 3712 3213 3777; x_wconf 82' lang='lat' dir='ltr'><strong>similia;</strong></span> <span class='ocrx_word' id='word_1_772' title='bbox 3239 3730 3352 3783; x_wconf 70' lang='lat' dir='ltr'><strong>qua:</strong></span> <span class='ocrx_word' id='word_1_773' title='bbox 3381 3732 3512 3783; x_wconf 72' lang='lat' dir='ltr'><strong>pra!-</strong></span> 
     </span>
    </p>
   </div>
   <div class='ocr_carea' id='block_1_98' title="bbox 1928 3797 3510 3875">
    <p class='ocr_par' dir='ltr' id='par_1_98' title="bbox 1928 3797 3510 3875">
     <span class='ocr_line' id='line_1_98' title="bbox 1928 3797 3510 3875; baseline 0.006 -25"><span class='ocrx_word' id='word_1_774' title='bbox 1928 3797 2042 3851; x_wconf 84' lang='lat' dir='ltr'><strong>dico</strong></span> <span class='ocrx_word' id='word_1_775' title='bbox 2092 3798 2251 3864; x_wconf 83' lang='lat' dir='ltr'><strong>vobis,</strong></span> <span class='ocrx_word' id='word_1_776' title='bbox 2301 3800 2427 3854; x_wconf 87' lang='lat' dir='ltr'><strong>sicut</strong></span> <span class='ocrx_word' id='word_1_777' title='bbox 2476 3802 2709 3869; x_wconf 73' lang='lat' dir='ltr'><strong>prtedixi,</strong></span> <span class='ocrx_word' id='word_1_778' title='bbox 2748 3803 2986 3870; x_wconf 87' lang='lat' dir='ltr'><strong>quoniam</strong></span> <span class='ocrx_word' id='word_1_779' title='bbox 3028 3804 3114 3872; x_wconf 83' lang='lat' dir='ltr'><strong>qui</strong></span> <span class='ocrx_word' id='word_1_780' title='bbox 3156 3805 3281 3858; x_wconf 82' lang='lat' dir='ltr'><strong>talia</strong></span> <span class='ocrx_word' id='word_1_781' title='bbox 3327 3816 3510 3875; x_wconf 79' lang='lat' dir='ltr'><strong>agunt,</strong></span> 
     </span>
    </p>
   </div>
   <div class='ocr_carea' id='block_1_99' title="bbox 1926 3888 3512 3962">
    <p class='ocr_par' dir='ltr' id='par_1_99' title="bbox 1926 3888 3512 3962">
     <span class='ocr_line' id='line_1_99' title="bbox 1926 3888 3512 3962; baseline 0.008 -23"><span class='ocrx_word' id='word_1_782' title='bbox 1926 3904 2139 3957; x_wconf 86' lang='lat' dir='ltr'><strong>regnum</strong></span> <span class='ocrx_word' id='word_1_783' title='bbox 2159 3888 2251 3943; x_wconf 84' lang='lat' dir='ltr'><strong>Dei</strong></span> <span class='ocrx_word' id='word_1_784' title='bbox 2277 3906 2375 3943; x_wconf 89' lang='lat' dir='ltr'><strong>non</strong></span> <span class='ocrx_word' id='word_1_785' title='bbox 2404 3890 2721 3958; x_wconf 74' lang='lat' dir='ltr'><strong>possidebunt</strong></span> <span class='ocrx_word' id='word_1_786' title='bbox 2753 3891 2948 3962; x_wconf 81' lang='lat' dir='ltr'><strong>(Colat.</strong></span> <span class='ocrx_word' id='word_1_787' title='bbox 2985 3909 3033 3954; x_wconf 72' lang='grc' dir='ltr'><strong>γ,</strong></span> <span class='ocrx_word' id='word_1_788' title='bbox 3062 3893 3271 3962; x_wconf 66' lang='grc'><strong>19-21).</strong></span> <span class='ocrx_word' id='word_1_789' title='bbox 3297 3894 3512 3951; x_wconf 84' lang='lat' dir='ltr'><strong>Consti-</strong></span> 
     </span>
    </p>
   </div>
   <div class='ocr_carea' id='block_1_100' title="bbox 1927 3983 3510 4053">
    <p class='ocr_par' dir='ltr' id='par_1_100' title="bbox 1927 3983 3510 4053">
     <span class='ocr_line' id='line_1_100' title="bbox 1927 3983 3510 4053; baseline 0.005 -18"><span class='ocrx_word' id='word_1_790' title='bbox 1927 3991 2139 4041; x_wconf 89' lang='lat' dir='ltr'><strong>tuamus</strong></span> <span class='ocrx_word' id='word_1_791' title='bbox 2191 3997 2320 4052; x_wconf 81' lang='lat' dir='ltr'><strong>ergo</strong></span> <span class='ocrx_word' id='word_1_792' title='bbox 2371 3983 2597 4053; x_wconf 91' lang='lat' dir='ltr'><strong>aliquem</strong></span> <span class='ocrx_word' id='word_1_793' title='bbox 2648 3993 2891 4049; x_wconf 91' lang='lat' dir='ltr'><strong>castum,</strong></span> <span class='ocrx_word' id='word_1_794' title='bbox 2942 3985 3303 4041; x_wconf 88' lang='lat' dir='ltr'><strong>continentem</strong></span> <span class='ocrx_word' id='word_1_795' title='bbox 3334 4026 3348 4049; x_wconf 90' lang='lat'><strong>,</strong></span> <span class='ocrx_word' id='word_1_796' title='bbox 3400 4002 3510 4043; x_wconf 79' lang='lat' dir='ltr'><strong>non</strong></span> 
     </span>
    </p>
   </div>
   <div class='ocr_carea' id='block_1_101' title="bbox 1927 4074 3508 4149">
    <p class='ocr_par' dir='ltr' id='par_1_101' title="bbox 1927 4074 3508 4149">
     <span class='ocr_line' id='line_1_101' title="bbox 1927 4074 3508 4149; baseline 0.006 -23"><span class='ocrx_word' id='word_1_797' title='bbox 1927 4088 2164 4137; x_wconf 88' lang='lat' dir='ltr'><strong>avarum,</strong></span> <span class='ocrx_word' id='word_1_798' title='bbox 2187 4089 2291 4128; x_wconf 91' lang='lat' dir='ltr'><strong>non</strong></span> <span class='ocrx_word' id='word_1_799' title='bbox 2323 4074 2479 4128; x_wconf 90' lang='lat' dir='ltr'><strong>idolis</strong></span> <span class='ocrx_word' id='word_1_800' title='bbox 2503 4075 2847 4141; x_wconf 85' lang='lat' dir='ltr'><strong>servientem,</strong></span> <span class='ocrx_word' id='word_1_801' title='bbox 2880 4075 3191 4146; x_wconf 89' lang='lat' dir='ltr'><strong>hospitalem</strong></span> <span class='ocrx_word' id='word_1_802' title='bbox 3217 4119 3232 4142; x_wconf 91' lang='lat'><strong>,</strong></span> <span class='ocrx_word' id='word_1_803' title='bbox 3263 4078 3508 4149; x_wconf 55' lang='lat' dir='ltr'><strong>indigenv</strong></span> 
     </span>
    </p>
   </div>
   <div class='ocr_carea' id='block_1_102' title="bbox 1929 4165 3509 4237">
    <p class='ocr_par' dir='ltr' id='par_1_102' title="bbox 1929 4165 3509 4237">
     <span class='ocr_line' id='line_1_102' title="bbox 1929 4165 3509 4237; baseline 0.005 -19"><span class='ocrx_word' id='word_1_804' title='bbox 1929 4165 2069 4219; x_wconf 92' lang='lat' dir='ltr'><strong>tibus</strong></span> <span class='ocrx_word' id='word_1_805' title='bbox 2107 4165 2518 4229; x_wconf 83' lang='lat' dir='ltr'><strong>ministrantem,</strong></span> <span class='ocrx_word' id='word_1_806' title='bbox 2575 4182 2679 4220; x_wconf 91' lang='lat' dir='ltr'><strong>non</strong></span> <span class='ocrx_word' id='word_1_807' title='bbox 2722 4167 3032 4237; x_wconf 90' lang='lat' dir='ltr'><strong>cujusquam</strong></span> <span class='ocrx_word' id='word_1_808' title='bbox 3080 4168 3370 4235; x_wconf 90' lang='lat' dir='ltr'><strong>inimicum,</strong></span> <span class='ocrx_word' id='word_1_809' title='bbox 3404 4186 3509 4226; x_wconf 88' lang='lat' dir='ltr'><strong>non</strong></span> 
     </span>
    </p>
   </div>
   <div class='ocr_carea' id='block_1_103' title="bbox 1927 4256 3512 4327">
    <p class='ocr_par' dir='ltr' id='par_1_103' title="bbox 1927 4256 3512 4327">
     <span class='ocr_line' id='line_1_103' title="bbox 1927 4256 3512 4327; baseline 0.004 -17"><span class='ocrx_word' id='word_1_810' title='bbox 1927 4256 2338 4319; x_wconf 86' lang='lat' dir='ltr'><strong>contentiosum,</strong></span> <span class='ocrx_word' id='word_1_811' title='bbox 2374 4260 2683 4324; x_wconf 87' lang='lat' dir='ltr'><strong>patientem,</strong></span> <span class='ocrx_word' id='word_1_812' title='bbox 2717 4257 2952 4327; x_wconf 89' lang='lat' dir='ltr'><strong>quietum</strong></span> <span class='ocrx_word' id='word_1_813' title='bbox 2974 4299 2988 4323; x_wconf 92' lang='lat'><strong>,</strong></span> <span class='ocrx_word' id='word_1_814' title='bbox 3020 4258 3221 4313; x_wconf 90' lang='lat' dir='ltr'><strong>nullum</strong></span> <span class='ocrx_word' id='word_1_815' title='bbox 3252 4262 3512 4317; x_wconf 80' lang='lat' dir='ltr'><strong>aemulan-</strong></span> 
     </span>
    </p>
   </div>
   <div class='ocr_carea' id='block_1_104' title="bbox 1929 4348 3511 4420">
    <p class='ocr_par' dir='ltr' id='par_1_104' title="bbox 1929 4348 3511 4420">
     <span class='ocr_line' id='line_1_104' title="bbox 1929 4348 3511 4420; baseline 0.006 -19"><span class='ocrx_word' id='word_1_816' title='bbox 1929 4355 2058 4413; x_wconf 91' lang='lat' dir='ltr'><strong>tem,</strong></span> <span class='ocrx_word' id='word_1_817' title='bbox 2092 4348 2217 4402; x_wconf 91' lang='lat' dir='ltr'><strong>nulli</strong></span> <span class='ocrx_word' id='word_1_818' title='bbox 2249 4348 2593 4413; x_wconf 82' lang='lat' dir='ltr'><strong>invidentem,</strong></span> <span class='ocrx_word' id='word_1_819' title='bbox 2622 4348 2880 4415; x_wconf 91' lang='lat' dir='ltr'><strong>sobrium,</strong></span> <span class='ocrx_word' id='word_1_820' title='bbox 2912 4348 3186 4420; x_wconf 79' lang='lat' dir='ltr'><strong>frugalem,</strong></span> <span class='ocrx_word' id='word_1_821' title='bbox 3218 4352 3310 4407; x_wconf 88' lang='lat' dir='ltr'><strong>sed</strong></span> <span class='ocrx_word' id='word_1_822' title='bbox 3338 4353 3511 4411; x_wconf 65' lang='lat' dir='ltr'><strong>haere-</strong></span> 
     </span>
    </p>
   </div>
   <div class='ocr_carea' id='block_1_105' title="bbox 1928 4438 3510 4511">
    <p class='ocr_par' dir='ltr' id='par_1_105' title="bbox 1928 4438 3510 4511">
     <span class='ocr_line' id='line_1_105' title="bbox 1928 4438 3510 4511; baseline 0.008 -20"><span class='ocrx_word' id='word_1_823' title='bbox 1928 4438 2092 4493; x_wconf 90' lang='lat' dir='ltr'><strong>ticum</strong></span> <span class='ocrx_word' id='word_1_824' title='bbox 2121 4457 2133 4492; x_wconf 92' lang='lat'><strong>:</strong></span> <span class='ocrx_word' id='word_1_825' title='bbox 2161 4438 2287 4492; x_wconf 92' lang='lat' dir='ltr'><strong>nulli</strong></span> <span class='ocrx_word' id='word_1_826' title='bbox 2318 4439 2496 4509; x_wconf 89' lang='lat' dir='ltr'><strong>utique</strong></span> <span class='ocrx_word' id='word_1_827' title='bbox 2531 4438 2749 4493; x_wconf 87' lang='lat' dir='ltr'><strong>dubium</strong></span> <span class='ocrx_word' id='word_1_828' title='bbox 2791 4448 2873 4494; x_wconf 89' lang='lat' dir='ltr'><strong>est</strong></span> <span class='ocrx_word' id='word_1_829' title='bbox 2923 4449 3139 4511; x_wconf 84' lang='lat' dir='ltr'><strong>propter</strong></span> <span class='ocrx_word' id='word_1_830' title='bbox 3190 4442 3289 4498; x_wconf 89' lang='lat' dir='ltr'><strong>hoc</strong></span> <span class='ocrx_word' id='word_1_831' title='bbox 3338 4444 3510 4503; x_wconf 88' lang='lat' dir='ltr'><strong>solum</strong></span> 
     </span>
    </p>
   </div>
   <div class='ocr_carea' id='block_1_106' title="bbox 1929 4528 3508 4600">
    <p class='ocr_par' dir='ltr' id='par_1_106' title="bbox 1929 4528 3508 4600">
     <span class='ocr_line' id='line_1_106' title="bbox 1929 4528 3508 4600; baseline 0.005 -19"><span class='ocrx_word' id='word_1_832' title='bbox 1929 4528 2069 4599; x_wconf 90' lang='lat' dir='ltr'><strong>quod</strong></span> <span class='ocrx_word' id='word_1_833' title='bbox 2113 4528 2390 4583; x_wconf 63' lang='lat' dir='ltr'><strong>haereticus</strong></span> <span class='ocrx_word' id='word_1_834' title='bbox 2435 4538 2535 4593; x_wconf 90' lang='lat' dir='ltr'><strong>est,</strong></span> <span class='ocrx_word' id='word_1_835' title='bbox 2582 4544 2800 4598; x_wconf 74' lang='lat' dir='ltr'><strong>regnum</strong></span> <span class='ocrx_word' id='word_1_836' title='bbox 2852 4530 2939 4583; x_wconf 83' lang='lat' dir='ltr'><strong>Dei</strong></span> <span class='ocrx_word' id='word_1_837' title='bbox 2976 4546 3079 4585; x_wconf 91' lang='lat' dir='ltr'><strong>non</strong></span> <span class='ocrx_word' id='word_1_838' title='bbox 3121 4546 3508 4600; x_wconf 88' lang='lat' dir='ltr'><strong>possessurum.</strong></span> 
     </span>
    </p>
   </div>
   <div class='ocr_carea' id='block_1_107' title="bbox 1930 4619 3511 4688">
    <p class='ocr_par' dir='ltr' id='par_1_107' title="bbox 1930 4619 3511 4688">
     <span class='ocr_line' id='line_1_107' title="bbox 1930 4619 3511 4688; baseline 0.006 -15"><span class='ocrx_word' id='word_1_839' title='bbox 1930 4620 2329 4673; x_wconf 90' lang='lat' dir='ltr'><strong>Constituamus</strong></span> <span class='ocrx_word' id='word_1_840' title='bbox 2356 4620 2513 4673; x_wconf 88' lang='lat' dir='ltr'><strong>alium</strong></span> <span class='ocrx_word' id='word_1_841' title='bbox 2548 4619 2940 4687; x_wconf 81' lang='lat' dir='ltr'><strong>foruieatorem,</strong></span> <span class='ocrx_word' id='word_1_842' title='bbox 2973 4622 3301 4679; x_wconf 88' lang='lat' dir='ltr'><strong>immundum</strong></span> <span class='ocrx_word' id='word_1_843' title='bbox 3322 4671 3337 4688; x_wconf 82' lang='lat'><strong>,</strong></span> <span class='ocrx_word' id='word_1_844' title='bbox 3360 4626 3511 4682; x_wconf 76' lang='lat' dir='ltr'><strong>luxu-</strong></span> 
     </span>
    </p>
   </div>
   <div class='ocr_carea' id='block_1_108' title="bbox 1930 4710 3508 4781">
    <p class='ocr_par' dir='ltr' id='par_1_108' title="bbox 1930 4710 3508 4781">
     <span class='ocr_line' id='line_1_108' title="bbox 1930 4710 3508 4781; baseline 0.006 -17"><span class='ocrx_word' id='word_1_845' title='bbox 1930 4711 2151 4773; x_wconf 91' lang='lat' dir='ltr'><strong>riosum,</strong></span> <span class='ocrx_word' id='word_1_846' title='bbox 2194 4726 2436 4774; x_wconf 85' lang='lat' dir='ltr'><strong>avarum,</strong></span> <span class='ocrx_word' id='word_1_847' title='bbox 2466 4710 2547 4764; x_wconf 88' lang='lat' dir='ltr'><strong>vel</strong></span> <span class='ocrx_word' id='word_1_848' title='bbox 2586 4713 2745 4765; x_wconf 92' lang='lat' dir='ltr'><strong>etiam</strong></span> <span class='ocrx_word' id='word_1_849' title='bbox 2782 4713 3020 4781; x_wconf 82' lang='lat' dir='ltr'><strong>apertius</strong></span> <span class='ocrx_word' id='word_1_850' title='bbox 3060 4713 3213 4768; x_wconf 89' lang='lat' dir='ltr'><strong>idolis</strong></span> <span class='ocrx_word' id='word_1_851' title='bbox 3248 4715 3508 4781; x_wconf 88' lang='lat' dir='ltr'><strong>deditum,</strong></span> 
     </span>
    </p>
   </div>
   <div class='ocr_carea' id='block_1_109' title="bbox 1930 4800 3508 4871">
    <p class='ocr_par' dir='ltr' id='par_1_109' title="bbox 1930 4800 3508 4871">
     <span class='ocr_line' id='line_1_109' title="bbox 1930 4800 3508 4871; baseline 0.006 -20"><span class='ocrx_word' id='word_1_852' title='bbox 1930 4800 2262 4865; x_wconf 79' lang='lat' dir='ltr'><strong>veneﬁcum,</strong></span> <span class='ocrx_word' id='word_1_853' title='bbox 2313 4800 2723 4865; x_wconf 79' lang='lat' dir='ltr'><strong>discordiosum,</strong></span> <span class='ocrx_word' id='word_1_854' title='bbox 2776 4803 3187 4870; x_wconf 88' lang='lat' dir='ltr'><strong>contentiosum,</strong></span> <span class='ocrx_word' id='word_1_855' title='bbox 3238 4807 3508 4871; x_wconf 81' lang='lat' dir='ltr'><strong>:cmulum,</strong></span> 
     </span>
    </p>
   </div>
   <div class='ocr_carea' id='block_1_110' title="bbox 1930 4892 3512 4962">
    <p class='ocr_par' dir='ltr' id='par_1_110' title="bbox 1930 4892 3512 4962">
     <span class='ocr_line' id='line_1_110' title="bbox 1930 4892 3512 4962; baseline 0.004 -17"><span class='ocrx_word' id='word_1_856' title='bbox 1930 4892 2249 4955; x_wconf 81' lang='lat' dir='ltr'><strong>animosum,</strong></span> <span class='ocrx_word' id='word_1_857' title='bbox 2281 4892 2609 4957; x_wconf 87' lang='lat' dir='ltr'><strong>seditiosum,</strong></span> <span class='ocrx_word' id='word_1_858' title='bbox 2647 4892 2902 4958; x_wconf 89' lang='lat' dir='ltr'><strong>invidum,</strong></span> <span class='ocrx_word' id='word_1_859' title='bbox 2922 4893 3215 4962; x_wconf 72' lang='lat' dir='ltr'><strong>ebriosuu‘,</strong></span> <span class='ocrx_word' id='word_1_860' title='bbox 3237 4912 3512 4952; x_wconf 72' lang='lat' dir='ltr'><strong>comessa-</strong></span> 
     </span>
    </p>
   </div>
   <div class='ocr_carea' id='block_1_111' title="bbox 1932 4982 3511 5055">
    <p class='ocr_par' dir='ltr' id='par_1_111' title="bbox 1932 4982 3511 5055">
     <span class='ocr_line' id='line_1_111' title="bbox 1932 4982 3511 5055; baseline 0.004 -19"><span class='ocrx_word' id='word_1_861' title='bbox 1932 4992 2123 5048; x_wconf 86' lang='lat' dir='ltr'><strong>torem,</strong></span> <span class='ocrx_word' id='word_1_862' title='bbox 2154 4983 2245 5037; x_wconf 86' lang='lat' dir='ltr'><strong>sed</strong></span> <span class='ocrx_word' id='word_1_863' title='bbox 2271 4982 2589 5037; x_wconf 88' lang='lat' dir='ltr'><strong>catholicum</strong></span> <span class='ocrx_word' id='word_1_864' title='bbox 2621 5001 2631 5035; x_wconf 92' lang='lat'><strong>:</strong></span> <span class='ocrx_word' id='word_1_865' title='bbox 2664 4986 2914 5053; x_wconf 84' lang='lat' dir='ltr'><strong>numquid</strong></span> <span class='ocrx_word' id='word_1_866' title='bbox 2944 4997 3158 5055; x_wconf 83' lang='lat' dir='ltr'><strong>propter</strong></span> <span class='ocrx_word' id='word_1_867' title='bbox 3194 4986 3295 5040; x_wconf 93' lang='lat' dir='ltr'><strong>hoc</strong></span> <span class='ocrx_word' id='word_1_868' title='bbox 3337 4990 3511 5044; x_wconf 88' lang='lat' dir='ltr'><strong>solum</strong></span> 
     </span>
    </p>
   </div>
   <div class='ocr_carea' id='block_1_112' title="bbox 1930 5073 3515 5148">
    <p class='ocr_par' dir='ltr' id='par_1_112' title="bbox 1930 5073 3515 5148">
     <span class='ocr_line' id='line_1_112' title="bbox 1930 5073 3515 5148; baseline 0.004 -20"><span class='ocrx_word' id='word_1_869' title='bbox 1930 5073 2069 5143; x_wconf 88' lang='lat' dir='ltr'><strong>quod</strong></span> <span class='ocrx_word' id='word_1_870' title='bbox 2102 5074 2395 5129; x_wconf 85' lang='lat' dir='ltr'><strong>catholicus</strong></span> <span class='ocrx_word' id='word_1_871' title='bbox 2420 5082 2503 5128; x_wconf 90' lang='lat' dir='ltr'><strong>est</strong></span> <span class='ocrx_word' id='word_1_872' title='bbox 2533 5089 2750 5143; x_wconf 81' lang='lat' dir='ltr'><strong>regnum</strong></span> <span class='ocrx_word' id='word_1_873' title='bbox 2783 5076 2875 5130; x_wconf 88' lang='lat' dir='ltr'><strong>Dei</strong></span> <span class='ocrx_word' id='word_1_874' title='bbox 2911 5079 3216 5145; x_wconf 81' lang='lat' dir='ltr'><strong>possidebit,</strong></span> <span class='ocrx_word' id='word_1_875' title='bbox 3246 5094 3406 5148; x_wconf 87' lang='lat' dir='ltr'><strong>agens</strong></span> <span class='ocrx_word' id='word_1_876' title='bbox 3435 5089 3515 5134; x_wconf 66' lang='grc' dir='ltr'><strong>ιιι-α</strong></span> 
     </span>
    </p>
   </div>
   <div class='ocr_carea' id='block_1_113' title="bbox 1932 5166 3510 5239">
    <p class='ocr_par' dir='ltr' id='par_1_113' title="bbox 1932 5166 3510 5239">
     <span class='ocr_line' id='line_1_113' title="bbox 1932 5166 3510 5239; baseline 0.003 -19"><span class='ocrx_word' id='word_1_877' title='bbox 1932 5168 1997 5222; x_wconf 74' lang='lat' dir='ltr'><strong>lia</strong></span> <span class='ocrx_word' id='word_1_878' title='bbox 2034 5168 2100 5222; x_wconf 89' lang='lat' dir='ltr'><strong>de</strong></span> <span class='ocrx_word' id='word_1_879' title='bbox 2141 5167 2332 5236; x_wconf 88' lang='lat' dir='ltr'><strong>quibus</strong></span> <span class='ocrx_word' id='word_1_880' title='bbox 2361 5168 2440 5221; x_wconf 90' lang='lat' dir='ltr'><strong>sic</strong></span> <span class='ocrx_word' id='word_1_881' title='bbox 2481 5166 2751 5222; x_wconf 88' lang='lat' dir='ltr'><strong>concludit</strong></span> <span class='ocrx_word' id='word_1_882' title='bbox 2785 5170 3090 5238; x_wconf 70' lang='lat' dir='ltr'><strong>Apostolus,</strong></span> <span class='ocrx_word' id='word_1_883' title='bbox 3126 5172 3251 5234; x_wconf 75' lang='lat' dir='ltr'><strong>Qum</strong></span> <span class='ocrx_word' id='word_1_884' title='bbox 3288 5170 3510 5239; x_wconf 76' lang='lat' dir='ltr'><strong>prtedico</strong></span> 
     </span>
    </p>
   </div>
   <div class='ocr_carea' id='block_1_114' title="bbox 1931 5260 3510 5330">
    <p class='ocr_par' dir='ltr' id='par_1_114' title="bbox 1931 5260 3510 5330">
     <span class='ocr_line' id='line_1_114' title="bbox 1931 5260 3510 5330; baseline 0.004 -19"><span class='ocrx_word' id='word_1_885' title='bbox 1931 5260 2085 5326; x_wconf 83' lang='lat' dir='ltr'><strong>vobis,</strong></span> <span class='ocrx_word' id='word_1_886' title='bbox 2115 5260 2241 5312; x_wconf 82' lang='lat' dir='ltr'><strong>sicut</strong></span> <span class='ocrx_word' id='word_1_887' title='bbox 2274 5260 2508 5328; x_wconf 67' lang='lat' dir='ltr'><strong>praedixi,</strong></span> <span class='ocrx_word' id='word_1_888' title='bbox 2537 5261 2775 5326; x_wconf 83' lang='lat' dir='ltr'><strong>quoniam</strong></span> <span class='ocrx_word' id='word_1_889' title='bbox 2814 5260 2899 5329; x_wconf 85' lang='lat' dir='ltr'><strong>qui</strong></span> <span class='ocrx_word' id='word_1_890' title='bbox 2935 5262 3056 5313; x_wconf 86' lang='lat' dir='ltr'><strong>talia</strong></span> <span class='ocrx_word' id='word_1_891' title='bbox 3094 5273 3265 5329; x_wconf 84' lang='lat' dir='ltr'><strong>agunt,</strong></span> <span class='ocrx_word' id='word_1_892' title='bbox 3303 5278 3510 5330; x_wconf 80' lang='lat' dir='ltr'><strong>regnum</strong></span> 
     </span>
    </p>
   </div>
   <div class='ocr_carea' id='block_1_115' title="bbox 1933 5347 3504 5417">
    <p class='ocr_par' dir='ltr' id='par_1_115' title="bbox 1933 5347 3504 5417">
     <span class='ocr_line' id='line_1_115' title="bbox 1933 5347 3504 5417; baseline 0.003 -15"><span class='ocrx_word' id='word_1_893' title='bbox 1933 5348 2024 5402; x_wconf 89' lang='lat' dir='ltr'><strong>Dei</strong></span> <span class='ocrx_word' id='word_1_894' title='bbox 2046 5366 2144 5402; x_wconf 88' lang='lat' dir='ltr'><strong>non</strong></span> <span class='ocrx_word' id='word_1_895' title='bbox 2176 5347 2615 5417; x_wconf 85' lang='lat' dir='ltr'><strong>possidebunt?Si</strong></span> <span class='ocrx_word' id='word_1_896' title='bbox 2646 5348 2744 5403; x_wconf 91' lang='lat' dir='ltr'><strong>hoc</strong></span> <span class='ocrx_word' id='word_1_897' title='bbox 2774 5348 3018 5412; x_wconf 87' lang='lat' dir='ltr'><strong>dicimus,</strong></span> <span class='ocrx_word' id='word_1_898' title='bbox 3052 5364 3149 5402; x_wconf 88' lang='lat' dir='ltr'><strong>nos</strong></span> <span class='ocrx_word' id='word_1_899' title='bbox 3180 5350 3319 5415; x_wconf 86' lang='lat' dir='ltr'><strong>ipsos</strong></span> <span class='ocrx_word' id='word_1_900' title='bbox 3350 5351 3504 5406; x_wconf 84' lang='lat' dir='ltr'><strong>scdtt-</strong></span> 
     </span>
    </p>
   </div>
   <div class='ocr_carea' id='block_1_116' title="bbox 1929 5440 3506 5514">
    <p class='ocr_par' dir='ltr' id='par_1_116' title="bbox 1929 5440 3506 5514">
     <span class='ocr_line' id='line_1_116' title="bbox 1929 5440 3506 5514; baseline 0.003 -18"><span class='ocrx_word' id='word_1_901' title='bbox 1929 5442 2116 5497; x_wconf 87' lang='lat' dir='ltr'><strong>cimus.</strong></span> <span class='ocrx_word' id='word_1_902' title='bbox 2142 5442 2269 5496; x_wconf 85' lang='lat' dir='ltr'><strong>Nam</strong></span> <span class='ocrx_word' id='word_1_903' title='bbox 2296 5457 2472 5497; x_wconf 91' lang='lat' dir='ltr'><strong>sermo</strong></span> <span class='ocrx_word' id='word_1_904' title='bbox 2503 5442 2591 5495; x_wconf 90' lang='lat' dir='ltr'><strong>Dei</strong></span> <span class='ocrx_word' id='word_1_905' title='bbox 2622 5458 2723 5495; x_wconf 94' lang='lat' dir='ltr'><strong>non</strong></span> <span class='ocrx_word' id='word_1_906' title='bbox 2749 5456 2845 5496; x_wconf 91' lang='lat' dir='ltr'><strong>nos</strong></span> <span class='ocrx_word' id='word_1_907' title='bbox 2866 5440 3086 5503; x_wconf 87' lang='lat' dir='ltr'><strong>seducit,</strong></span> <span class='ocrx_word' id='word_1_908' title='bbox 3113 5440 3200 5509; x_wconf 81' lang='lat' dir='ltr'><strong>qui</strong></span> <span class='ocrx_word' id='word_1_909' title='bbox 3230 5456 3326 5497; x_wconf 90' lang='lat' dir='ltr'><strong>nec</strong></span> <span class='ocrx_word' id='word_1_910' title='bbox 3348 5450 3506 5514; x_wconf 79' lang='lat' dir='ltr'><strong>tacet,</strong></span> 
     </span>
    </p>
   </div>
   <div class='ocr_carea' id='block_1_117' title="bbox 1930 5530 3510 5605">
    <p class='ocr_par' dir='ltr' id='par_1_117' title="bbox 1930 5530 3510 5605">
     <span class='ocr_line' id='line_1_117' title="bbox 1930 5530 3510 5605; baseline -0.001 -16"><span class='ocrx_word' id='word_1_911' title='bbox 1930 5549 2029 5589; x_wconf 90' lang='lat' dir='ltr'><strong>nec</strong></span> <span class='ocrx_word' id='word_1_912' title='bbox 2060 5534 2242 5603; x_wconf 87' lang='lat' dir='ltr'><strong>parcit,</strong></span> <span class='ocrx_word' id='word_1_913' title='bbox 2277 5549 2373 5588; x_wconf 91' lang='lat' dir='ltr'><strong>nec</strong></span> <span class='ocrx_word' id='word_1_914' title='bbox 2399 5534 2502 5588; x_wconf 88' lang='lat' dir='ltr'><strong>ulla</strong></span> <span class='ocrx_word' id='word_1_915' title='bbox 2534 5533 2832 5586; x_wconf 90' lang='lat' dir='ltr'><strong>adulatione</strong></span> <span class='ocrx_word' id='word_1_916' title='bbox 2861 5546 2955 5583; x_wconf 88' lang='lat' dir='ltr'><strong>nos</strong></span> <span class='ocrx_word' id='word_1_917' title='bbox 2979 5530 3332 5601; x_wconf 89' lang='lat' dir='ltr'><strong>decipit.ldeo</strong></span> <span class='ocrx_word' id='word_1_918' title='bbox 3358 5537 3510 5605; x_wconf 63' lang='lat' dir='ltr'><strong>quipo</strong></span> 
     </span>
    </p>
   </div>
   <div class='ocr_carea' id='block_1_118' title="bbox 1930 5620 3511 5693">
    <p class='ocr_par' dir='ltr' id='par_1_118' title="bbox 1930 5620 3511 5693">
     <span class='ocr_line' id='line_1_118' title="bbox 1930 5620 3511 5693; baseline 0.001 -16"><span class='ocrx_word' id='word_1_919' title='bbox 1930 5638 1995 5692; x_wconf 88' lang='lat' dir='ltr'><strong>pe</strong></span> <span class='ocrx_word' id='word_1_920' title='bbox 2031 5632 2084 5676; x_wconf 85' lang='lat' dir='ltr'><strong>et</strong></span> <span class='ocrx_word' id='word_1_921' title='bbox 2113 5624 2233 5676; x_wconf 88' lang='lat' dir='ltr'><strong>alibi</strong></span> <span class='ocrx_word' id='word_1_922' title='bbox 2262 5623 2406 5685; x_wconf 87' lang='lat' dir='ltr'><strong>dicit,</strong></span> <span class='ocrx_word' id='word_1_923' title='bbox 2440 5622 2551 5674; x_wconf 86' lang='lat' dir='ltr'><strong>Iloc</strong></span> <span class='ocrx_word' id='word_1_924' title='bbox 2580 5633 2744 5673; x_wconf 83' lang='lat' dir='ltr'><strong>autem</strong></span> <span class='ocrx_word' id='word_1_925' title='bbox 2784 5620 2955 5671; x_wconf 78' lang='lat' dir='ltr'><strong>scitote</strong></span> <span class='ocrx_word' id='word_1_926' title='bbox 2982 5633 3354 5693; x_wconf 75' lang='lat' dir='ltr'><strong>cognoscentes,</strong></span> <span class='ocrx_word' id='word_1_927' title='bbox 3379 5641 3511 5693; x_wconf 85' lang='lat' dir='ltr'><strong>quo-</strong></span> 
     </span>
    </p>
   </div>
   <div class='ocr_carea' id='block_1_119' title="bbox 1996 5838 2605 5898">
    <p class='ocr_par' dir='ltr' id='par_1_119' title="bbox 1996 5838 2605 5898">
     <span class='ocr_line' id='line_1_119' title="bbox 1996 5838 2605 5898; baseline -0.011 -8"><span class='ocrx_word' id='word_1_928' title='bbox 1996 5842 2013 5872; x_wconf 75' lang='grc'><strong>⁸</strong></span> <span class='ocrx_word' id='word_1_929' title='bbox 2040 5849 2118 5889; x_wconf 76' lang='lat' dir='ltr'><strong>Ms.</strong></span> <span class='ocrx_word' id='word_1_930' title='bbox 2143 5838 2459 5897; x_wconf 87' lang='lat' dir='ltr'><strong>Corbeiensis,</strong></span> <span class='ocrx_word' id='word_1_931' title='bbox 2478 5840 2605 5898; x_wconf 81' lang='lat' dir='ltr'><strong>puto.</strong></span> 
     </span>
    </p>
   </div>
   <div class='ocr_carea' id='block_1_120' title="bbox 3132 5922 3352 5999">
    <p class='ocr_par' dir='ltr' id='par_1_120' title="bbox 3132 5922 3352 5999">
     <span class='ocr_line' id='line_1_120' title="bbox 3132 5922 3352 5999; baseline -0.018 -14"><span class='ocrx_word' id='word_1_932' title='bbox 3132 5922 3352 5999; x_wconf 63' lang='grc' dir='ltr'><strong>(ϐίαι-,λ</strong></span> 
     </span>
    </p>
   </div>
  </div>
