4008 6468
484 403 576 457 i7!
1228 385 1314 440 DE
1354 377 1684 438 BAPTISMO
1721 375 1995 433 CONTRA
2038 369 2474 440 DONA'I'ISTAS,
2516 372 2572 428 S.
2615 370 2981 428 AUGUSTINI

482 521 620 574 nium
649 512 808 568 omnis
832 506 1123 579 fornicator,
1151 509 1235 554 aut
1259 494 1568 560 immundus,
1594 502 1680 546 aut
1707 506 1907 555 auarus,
1931 486 2065 558 quod

483 623 552 670 est
575 610 824 664 idolorum
865 600 1089 660 servitus,
1117 609 1216 648 non
1244 589 1390 644 habet
1438 585 1780 641 haereditate»:
1821 583 1873 636 in
1906 594 2062 651 regno

484 701 666 760 Christi
683 708 727 754 et
750 696 878 750 Dei:
898 706 1042 746 nemo
1067 701 1152 741 vos
1171 682 1374 739 seducet
1395 678 1628 733 inanibus
1655 675 1813 730 verbis
1841 670 2062 744 (Ep/tes.

484 813 536 861 v,
565 795 618 860 5,
646 792 725 862 6).
754 788 868 844 Non
896 792 975 840 est
995 793 1122 850 ergo
1148 774 1287 848 quod
1313 773 1381 829 de
1420 785 1668 862 sermone
1701 767 2058 862 Dei_couque~

484 857 843 942 ramur.'Dicit
867 873 1101 935 omnino,
1133 877 1188 924 et
1213 874 1396 938 aperte
1435 879 1498 919 ac
1549 861 1715 916 libere
1767 857 1914 924 dicit,
1971 870 2065 911 eos

485 979 571 1048 qui
604 975 739 1030 male
765 971 969 1032 vivunt,
999 963 1065 1019 ad
1093 973 1312 1032 regnum
1335 956 1431 1013 Dei
1461 969 1566 1010 non
1595 951 1883 1048 pertinere:

556 1062 776 1122 CAPUT
806 1054 1111 1114 XIX—26.
1131 1053 1222 1107 His
1239 1050 1397 1120 igitur
1417 1045 1663 1102 omnibus
1682 1041 1824 1097 vitiis
1837 1040 2065 1096 circum-

486 1167 635 1228 septo
661 1152 923 1210 catholico
952 1163 1054 1202 non
1076 1143 1374 1207 adulamur,
1402 1152 1502 1194 nec
1529 1137 1578 1192 ei
1605 1135 1726 1206 quia
1744 1132 2065 1228 christianus

484 1221 775 1304 catholicus
794 1251 900 1308 est,
940 1237 1305 1310 impunitatem
1349 1244 1509 1302 quam
1558 1226 1832 1296 Scriptura
1884 1221 2063 1310 divina

487 1356 590 1394 non
622 1334 903 1408 promittit,
947 1309 1256 1401 promittere
1301 1321 1591 1377 audeamus
1619 1333 1632 1370 :
1658 1329 1756 1370 nec
1790 1313 1836 1369 si
1864 1309 2062 1381 aliquid

489 1403 649 1484 unum
680 1427 871 1482 habeat
895 1438 958 1477 ex
979 1421 1042 1476 iis
1063 1432 1180 1489 qum
1200 1415 1337 1471 dicta
1359 1419 1501 1477 sunt,
1531 1407 1790 1464 debemus
1815 1403 1863 1460 ei
1895 1403 2066 1459 socie-

486 1531 648 1576 tatem
676 1527 920 1587 supernae
963 1511 1104 1566 illius
1132 1506 1312 1578 patriae
1350 1499 1606 1574 polliceri.
1648 1496 1728 1552 Ad
1761 1493 2066 1587 Corinthios

483 1610 625 1665 enim
652 1585 854 1677 singula
880 1607 1177 1664 enumerat,
1198 1597 1251 1650 in
1271 1593 1462 1666 quibus
1485 1589 1704 1661 singulis
1724 1585 2059 1651 subauditur,

485 1701 624 1772 quod
676 1676 895 1769 regnum
947 1695 1038 1750 Dei
1088 1707 1192 1747 non
1223 1686 1571 1760 possidebunt
1602 1700 1615 1736 :
1644 1681 1837 1747 Nolite,
1870 1676 2062 1749 inquit,

485 1807 652 1847 errare
677 1803 867 1861 meque
886 1785 1234 1860 fornicatores,
1257 1792 1416 1849 neque
1433 1776 1584 1832 idolis
1597 1774 1886 1837 servientes,
1907 1783 2066 1839 neque

486 1881 724 1947 adulteri,
749 1860 904 1947 neque
925 1876 1122 1938 molles,
1151 1888 1307 1944 neque
1334 1869 1672 1923 masculorum
1696 1860 2060 1927 concubitores,

484 1989 640 2044 neque
663 1972 818 2041 fures,
845 1983 1003 2039 neque
1023 1966 1183 2030 avari,
1213 1977 1369 2034 neque
1392 1958 1592 2023 ebriosi,
1617 1970 1775 2027 neque
1806 1951 2062 2044 maledici,

482 2041 640 2135 neque
657 2077 866 2133 rapaces
892 2073 1102 2130 regnum
1129 2055 1220 2110 Dei
1249 2050 1572 2122 possidebunt
1604 2045 1646 2118 (l
1659 2045 1774 2100 Cor.
1799 2041 2064 2113 v1,9,10).

483 2154 598 2210 Νοιι
627 2151 720 2218 ait,
745 2150 845 2218 Qui
873 2151 987 2204 haec
1002 2145 1178 2202 omnia
1206 2143 1328 2198 vitia
1343 2140 1498 2197 simul
1513 2137 1816 2204 habuerint,
1840 2148 2062 2204 regnum

485 2245 580 2300 Dei
619 2256 724 2299 non
760 2238 1142 2312 possidebunt:
1173 2235 1290 2303 sed,
1317 2233 1499 2303 Neque
1526 2229 1597 2286 illi
1624 2270 1640 2296 ,
1667 2241 1839 2298 neque
1869 2225 1979 2289 illi;
2007 2229 2068 2279 ut

485 2339 539 2390 in
567 2334 788 2404 singulis
813 2331 915 2386 hoc
941 2326 1230 2384 subaudias
1250 2365 1265 2394 ,
1294 2322 1436 2394 quod
1469 2319 1602 2376 nulli
1631 2331 1816 2375 eorum
1841 2327 2067 2385 regnum

486 2427 582 2484 Dei
610 2419 1152 2498 possidebunt.-Sicut
1171 2431 1297 2488 ergo
1323 2412 1560 2470 haeretici
1587 2406 1930 2498 regnum
1958 2419 2066 2460 non

485 2497 868 2589 possidebunt;
895 2514 973 2569 sic
995 2510 1138 2566 avari
1165 2521 1386 2579 regnum
1413 2503 1507 2560 Dei
1550 2516 1656 2557 non
1696 2497 2064 2589 possidebunt.

486 2588 594 2666 Nec
632 2606 980 2666 dubitandum
1036 2611 1119 2660 est
1171 2599 1385 2672 quidem
1430 2597 1574 2666 ipsas
1623 2606 1828 2664 pinnas,
1876 2588 2069 2660 quibus

485 2703 862 2760 cruciabuntur
879 2698 969 2770 qui
1000 2710 1220 2767 regnum
1265 2692 1360 2749 Dei
1411 2705 1519 2745 non
1559 2685 1931 2759 possidebunt,
1971 2697 2068 2752 pro

487 2793 792 2850 diversitate
812 2789 1093 2846 criminum
1119 2799 1238 2841 esse
1258 2783 1514 2846 diversas,
1535 2778 1732 2834 etalias
1755 2775 1875 2830 aliis
1891 2773 2069 2828 aerio-

488 2897 597 2947 res,
629 2890 684 2935 ut
711 2881 761 2934 in
789 2880 905 2949 ipso
928 2878 1050 2948 igne
1075 2882 1276 2930 aeterno
1302 2885 1398 2943 pro
1416 2867 1718 2939 disparibus
1744 2863 2070 2936 ponderibus

490 2981 830 3043 peccatorum
859 2969 976 3024 sint
995 2965 1226 3037 disparia
1256 2969 1521 3019 tormenta
1549 2971 1847 3029 pmnarum.
1888 2954 2070 3024 Neque

490 3067 633 3122 enim
665 3064 857 3119 frustra
886 3062 998 3132 ipse
1025 3057 1278 3114 Dominus
1303 3054 1448 3118 dicit,
1485 3049 1815 3106 Tolerabilius
1847 3047 1942 3102 erit
1969 3045 2070 3101 So-

493 3158 655 3212 domis
688 3172 841 3228 quant
878 3153 1014 3208 uobis
1045 3152 1097 3204 iu
1123 3150 1204 3203 die
1223 3147 1408 3216 judicii
1442 3143 1653 3218 (Matth.
1684 3157 1759 3206 XI,
1798 3138 1913 3212 24).
1959 3138 2068 3194 Sed

476 3260 668 3305 tamen
697 3247 764 3302 ad
799 3261 904 3300 non
938 3239 1313 3314 possidendum
1339 3250 1558 3307 regnum
1589 3233 1704 3299 Dei,
1739 3229 2067 3286 tantumdem

491 3342 631 3396 valet
658 3354 722 3395 ex
750 3337 893 3392 vitiis
922 3335 1025 3391 illis
1053 3331 1192 3403 quod
1221 3329 1445 3400 elegeris
1472 3326 1672 3390 mitius,
1694 3332 1952 3394 quantum
1983 3321 2069 3376 vel

493 3435 643 3504 plura
668 3431 753 3487 vel
784 3443 945 3485 unum
995 3424 1137 3497 quod
1186 3419 1520 3494 perspexeris
1565 3417 1798 3489 gravius.
1829 3416 1895 3470 Et
1945 3414 2067 3484 quia

493 3528 570 3583 illi
607 3523 902 3597 possessuri
945 3527 1070 3576 sunt
1105 3529 1327 3588 regnum
1369 3513 1465 3568 Dei
1510 3524 1646 3581 quos
1679 3508 1745 3564 ad
1793 3507 2068 3563 dexteram

491 3617 778 3687 constituet
800 3613 891 3668 ille
907 3610 1090 3682 judex,
1119 3621 1217 3663 nec
1244 3606 1323 3662 eis
1345 3603 1437 3673 qui
1463 3601 1530 3657 ad
1557 3600 1830 3659 dexteram
1869 3597 2069 3652 consti-

493 3712 570 3766 tui
597 3723 703 3765 non
729 3704 1095 3768 merebuntur,
1125 3697 1322 3770 aliquid
1347 3694 1491 3750 aliud
1517 3707 1678 3765 quam
1705 3691 1772 3746 ad
1797 3689 2068 3746 sinistram

387 3797 400 3806 ’
493 3817 613 3860 esse
641 3798 970 3863 remanebit;
1018 3795 1161 3850 nulla
1207 3792 1412 3861 reliqua
1450 3803 1552 3844 vox
1588 3795 1692 3852 est,
1729 3798 1888 3856 quam
1933 3783 2072 3839 sicut

493 3896 630 3952 haedi
661 3893 876 3950 audiant
895 3905 960 3946 ex
990 3901 1085 3944 ore
1112 3883 1359 3956 pastoris,
1385 3879 1510 3946 nisi,
1535 3877 1614 3933 Ite
1641 3877 1694 3931 in
1729 3876 1897 3946 ignem
1923 3882 2072 3929 teter-

492 4004 634 4051 num,
663 3985 748 4054 qui
779 3992 986 4054 paratus
1010 3987 1084 4034 est
1110 3976 1311 4031 diabolo
1348 3982 1394 4028 et
1432 3970 1625 4042 angelis
1667 3970 1777 4040 ejus
1810 3965 1920 4037 (Id.
1943 3980 2069 4033 xxv,

493 4079 584 4144 32,
615 4078 704 4139 33,
733 4073 823 4143 ll)
857 4090 872 4128 :
904 4073 1028 4128 licet
1055 4084 1122 4124 cx
1167 4067 1260 4122 illo
1303 4065 1446 4135 igne,
1492 4062 1630 4117 sicut
1683 4059 1813 4125 dixi,
1861 4057 2071 4114 diversa

494 4169 702 4241 possint
746 4164 989 4222 distribui
1035 4175 1134 4231 pro
1175 4158 1457 4215 criminum
1511 4153 1822 4210 diversitate
1867 4148 2070 4220 suppli-

496 4261 574 4315 cia
588 4301 600 4314 .

579 4370 804 4430 CAPUT
866 4367 987 4423 XX.
1026 4395 1097 4406 —
1131 4365 1222 4419 27.
1280 4361 1468 4418 Utrum
1527 4366 1701 4412 autem
1753 4354 2072 4410 catholicum

497 4464 742 4538 pessimis
769 4459 1026 4524 moribus,
1054 4454 1208 4511 alicui
1235 4453 1484 4507 haeretica
1514 4449 1567 4503 in
1584 4446 1734 4517 cujus
1759 4445 1862 4499 vita
1881 4452 2074 4514 praeter

499 4534 551 4613 id
573 4553 711 4626 quod
739 4549 1025 4607 haereticus
1053 4555 1156 4610 est,
1188 4558 1297 4599 non
1335 4539 1612 4596 inveniunt
1650 4535 1895 4591 homines
1934 4534 2072 4605 quod

500 4641 907 4716 reprehendant,
938 4649 1249 4709 praeponere
1276 4631 1587 4695 debeamus,
1614 4642 1719 4683 non
1750 4625 1920 4681 audeo
1949 4639 2075 4695 pra:-

500 4715 720 4805 cipitare
744 4729 1082 4787 sententiam.
1105 4725 1160 4781 Si
1187 4731 1363 4779 autem
1389 4721 1508 4791 (illis
1523 4719 1680 4784 diem:
1710 4716 1833 4788 quia
1857 4715 2074 4772 hmreli"

502 4839 598 4880 cus
623 4831 724 4891 est,
754 4836 859 4876 non
887 4827 1059 4890 potest
1085 4817 1184 4870 hoc
1212 4813 1384 4870 solum
1401 4825 1522 4866 esse
1539 4852 1554 4873 ,
1579 4809 1705 4880 quin
1733 4817 1788 4863 et
1815 4807 1918 4863 alia
1941 4821 2074 4863 con-

503 4924 827 4990 sequantur;
851 4910 1076 4968 carnalis
1096 4917 1177 4964 est
1204 4907 1346 4962 enim
1382 4913 1436 4960 et
1461 4901 1723 4966 animalis,
1753 4915 1816 4956 ac
1852 4915 1944 4971 per
1976 4899 2076 4955 hoc

504 5020 557 5065 et
581 5006 803 5064 :emulus
828 5005 895 5059 sit
920 5015 1140 5057 necesse
1174 5008 1273 5064 est,
1298 5005 1350 5052 et
1372 4995 1662 5062 animosus,
1681 5001 1734 5047 et
1761 4991 1992 5056 invidus,
2023 5000 2077 5046 et

504 5105 748 5158 inimicus
773 5098 872 5170 ipsi
897 5094 1100 5152 veritati
1123 5093 1188 5147 ab
1209 5105 1378 5160 eaque
1402 5088 1724 5142 dissentiens
1755 5103 1766 5138 :
1794 5085 2073 5154 intelligat,

503 5206 555 5251 et
585 5195 649 5250 de
682 5193 784 5248 illis
803 5189 977 5255 malis,
1008 5185 1147 5258 quod
1190 5199 1350 5240 unum
1401 5181 1578 5236 mitius
1618 5179 1854 5250 elegerit,
1905 5177 2076 5233 solum

504 5290 553 5342 iu
585 5299 849 5357 quaquam
877 5296 996 5337 esse
1023 5295 1126 5334 non
1153 5291 1327 5349 posse,
1347 5290 1407 5331 ea
1431 5275 1631 5330 scilicet
1646 5286 1804 5327 causa
1828 5271 2074 5342 quoniam

501 5377 731 5434 carnalis
763 5384 818 5432 et
840 5371 1084 5430 animalis
1109 5375 1223 5435 est;
1259 5368 1402 5424 velut
1426 5366 1729 5431 ebriositas,
1772 5380 1929 5435 quam
1971 5379 2078 5418 non

502 5467 675 5522 solum
700 5467 816 5521 sine
835 5465 1060 5518 horrore
1082 5461 1376 5524 nominare,
1396 5457 1488 5513 sed
1506 5457 1665 5512 etiam
1683 5471 1801 5510 cum
1815 5455 2079 5511 hilaritate

507 5557 686 5628 populi
723 5555 1010 5625 praedicare
1033 5553 1141 5624 jam
1167 5557 1580 5613 consueverunt,
1609 5547 1861 5617 numquid
1887 5548 1936 5600 in
1976 5561 2079 5616 quo

507 5651 683 5714 tuerit,
714 5650 825 5703 sola
866 5661 984 5701 esse
1007 5643 1237 5716 poterit?
1265 5642 1394 5711 Quis
1427 5642 1569 5697 enim
1609 5639 1851 5695 ebriosus
1881 5653 1984 5693 non
2027 5648 2082 5695 et

507 5740 889 5805 contentinsus,
914 5747 966 5793 et
990 5737 1279 5799 animosus,
1308 5744 1362 5790 et
1391 5733 1618 5798 invidus,
1650 5741 1702 5787 et
1732 5748 1760 5786 a
1791 5741 2082 5803 prmccpto-

507 5848 621 5886 rum
649 5831 871 5884 sanitate
901 5829 1238 5895 dissentiens,
1271 5836 1324 5882 et
1365 5825 1704 5896 arguentibus
1751 5838 1809 5880 se
1851 5825 2080 5895 graviter

3653 377 3754 432 172

2177 487 2463 540 inimicus?
2488 485 2605 542 Jam
2634 501 2760 541 vero
2786 495 2842 540 ut
2871 494 2925 541 et
2965 486 3256 543 fornicator
3295 496 3348 543 et
3389 489 3598 546 adulter
3643 508 3749 550 non

2174 581 2260 644 sit,
2289 579 2509 636 difficile
2552 589 2633 634 est
2663 597 2676 635 :
2709 587 2886 650 potest
2913 588 3087 636 tamen
3125 595 3231 636 non
3268 595 3388 638 esse
3431 581 3751 652 haereticus;

2173 672 2312 725 sicut
2342 671 2623 726 lta'rcticus
2643 679 2823 741 potest
2850 685 2955 726 non
2989 685 3110 728 esse
3139 670 3384 727 ebriosus
3411 674 3452 741 ί,
3478 688 3579 730 nec
3603 675 3754 732 adul-

2173 772 2253 819 ter
2275 773 2366 818 aut
2391 762 2694 828 fornicator,
2723 777 2824 818 nec
2843 763 3143 819 luxuriosus
3163 772 3256 819 aut
3280 774 3488 820 amator
3513 769 3754 836 pecunia:

2171 863 2262 908 aut
2286 853 2574 920 veneﬁcus,
2604 863 2658 909 et
2694 853 2851 908 simul
2879 853 2993 908 haec
3033 854 3211 910 omnia
3243 863 3418 924 potest
3452 871 3558 911 non
3608 871 3751 914 esse.

2171 945 2353 1016 Neque
2377 946 2518 1001 enim
2558 960 2719 1000 unum
2750 945 2962 1017 aliquod
2989 946 3176 1002 vitium
3203 947 3379 1002 omnia
3404 956 3596 1004 caetera
3625 964 3754 1006 con-

2171 1047 2482 1110 sequuntur.
2537 1038 2830 1109 Propositis
2872 1039 3049 1109 itaque
3089 1039 3318 1105 duobus,
3351 1055 3456 1095 uno
3483 1040 3753 1098 catholico

2169 1145 2289 1184 cum
2316 1129 2399 1185 his
2438 1129 2685 1186 omnibus
2727 1129 2888 1195 vitiis,
2920 1129 3025 1185 alia
3063 1129 3316 1185 haeretica
3357 1131 3474 1186 sine
3517 1131 3583 1187 iis
3633 1145 3754 1202 quas

2171 1228 2394 1290 possunt
2431 1234 2536 1275 non
2575 1234 2694 1276 esse
2719 1221 2774 1275 in
2820 1220 3092 1287 haeretica,
3110 1222 3349 1292 quamvis
3376 1231 3560 1278 contra
3591 1223 3755 1280 (idem

2173 1325 2274 1366 non
2302 1319 2526 1381 uterque
2553 1310 2809 1381 disputet,
2836 1317 2892 1367 et
2915 1319 3090 1367 tamen
3115 1321 3300 1366 contra
3347 1311 3503 1368 ﬁdem
3528 1322 3756 1384 uterque

2169 1404 2331 1468 vivat,
2362 1413 2418 1459 et
2441 1418 2536 1474 spe
2563 1418 2698 1458 vana
2721 1411 2944 1474 uterque
2969 1402 3204 1471 fallatur,
3225 1416 3282 1460 et
3306 1420 3334 1459 a
3360 1405 3620 1462 charitate
3643 1406 3754 1477 spi-

2171 1496 2349 1551 rituali
2377 1505 2598 1567 uterque
2620 1496 2918 1563 dissentiat,
2952 1504 3009 1552 et
3034 1496 3105 1553 ob
3135 1496 3236 1552 hoc
3257 1505 3485 1568 uterque
3516 1498 3586 1553 ab
3609 1497 3754 1554 illius

2172 1590 2343 1646 unica:
2367 1590 2626 1646 columba:
2647 1603 2872 1660 corpore
2891 1590 3098 1645 alienus
3113 1590 3213 1644 sit:
3235 1603 3332 1646 cur
3357 1590 3410 1645 in
3431 1603 3538 1645 uno
3564 1603 3754 1645 eorum

2169 1680 2572 1739 Sacramentum
2611 1680 2808 1736 Christi
2850 1681 3207 1752 agnoscimus,
3253 1678 3308 1734 in
3345 1679 3449 1736 alio
3475 1681 3750 1748 nolumus,

2170 1772 2320 1841 quasi
2347 1779 2440 1826 aut
2459 1771 2636 1840 hujus,
2669 1777 2762 1825 aut
2789 1769 2947 1840 hujus
2974 1771 3078 1836 sit;
3107 1785 3225 1824 cum
3255 1769 3307 1824 in
3342 1778 3568 1841 utroque
3609 1769 3753 1826 idem

2170 1864 2258 1930 sit,
2286 1871 2340 1918 et
2366 1863 2575 1918 nonnisi
2607 1863 2698 1918 Dei
2728 1863 2818 1928 sit,
2849 1873 2905 1917 et
2927 1863 3172 1932 quamvis
3193 1862 3246 1916 in
3264 1861 3527 1932 pessimis,
3549 1861 3753 1917 bonum

2170 1953 2277 2010 sit?
2308 1955 2370 2009 Et
2389 1954 2434 2010 si
2467 1954 2738 2008 hominum
2765 1954 2856 2023 qui
2885 1956 2985 2008 hoc
3006 1953 3219 2018 habent,
3252 1952 3386 2007 alius
3412 1961 3496 2007 est
3521 1951 3627 2007 alio
3653 1951 3753 2008 de-

2173 2044 2358 2110 terior,
2387 2058 2495 2099 non
2524 2043 2644 2100 ideo
2673 2043 2802 2098 illud
2826 2042 2966 2114 quod
2987 2042 3183 2098 habent
3211 2041 3447 2097 deterius
3474 2050 3556 2096 est
3579 2041 3635 2096 in
3660 2041 3755 2098 illo

2169 2151 2327 2206 quam
2361 2136 2412 2190 in
2440 2135 2543 2190 isto
2567 2151 2580 2189 :
2610 2135 2731 2204 quia
2755 2149 2854 2191 nec
2890 2135 2942 2188 in
2967 2132 3176 2189 duobus
3201 2131 3478 2188 catholicis
3502 2131 3680 2196 malis,
3707 2132 3754 2186 si

2171 2243 2308 2285 unus
2332 2229 2402 2283 sit
2425 2228 2531 2283 alio
2557 2227 2815 2292 deterior,
2841 2225 3165 2282 deteriorem
3205 2224 3532 2295 Baptismum
3567 2224 3706 2295 gerit
3735 2241 3751 2278 :

2171 2335 2270 2376 nec
2293 2321 2338 2375 si
2383 2335 2518 2374 unus
2559 2332 2743 2374 eorum
2785 2317 2856 2373 sit
2885 2317 3075 2384 bonus,
3115 2316 3253 2370 alius
3295 2316 3487 2380 malus,
3513 2316 3565 2370 in
3611 2315 3756 2371 mala

2173 2411 2342 2466 malus
2367 2421 2450 2467 est
2474 2410 2775 2480 Baptismus
2795 2450 2809 2474 ,
2835 2417 2889 2465 et
2917 2408 2972 2464 in
2999 2409 3138 2465 bono
3156 2408 3362 2474 bonus;
3405 2407 3499 2464 sed
3525 2409 3578 2463 in
3603 2417 3756 2464 utro-

2171 2519 2275 2574 que
2301 2502 2508 2558 bonus:
2533 2503 2669 2557 sicut
2704 2502 2883 2558 lumen
2913 2501 3044 2556 solis
3083 2500 3168 2556 vel
3191 2500 3350 2556 etiam
3379 2499 3613 2554 lucerna:
3646 2513 3758 2555 non

2123 2615 2126 2622 ι
2175 2594 2355 2662 utique
2381 2591 2618 2648 deterius
2651 2601 2735 2647 est
2775 2592 2828 2647 in
2862 2590 3033 2646 oculis
3083 2589 3440 2647 deterioribus
3483 2605 3646 2660 quam
3697 2589 3756 2645 in

2173 2683 2483 2739 melioribus
2507 2700 2522 2750 ;
2549 2681 2644 2737 sed
2673 2681 2813 2737 idem
2842 2682 2893 2736 in
2916 2682 3177 2751 utrisque,
3199 2679 3443 2750 quamvis
3461 2693 3557 2735 eos
3587 2679 3761 2735 diver-

2174 2789 2232 2830 se
2269 2788 2365 2845 pro
2408 2773 2620 2828 illorum
2667 2772 2976 2828 diversitate
3019 2771 3108 2828 vel
3151 2769 3383 2828 lmtiﬂcet
3424 2770 3513 2826 vel
3561 2784 3759 2826 excru-

2173 2868 2296 2922 ciet.
2380 2885 2391 2891 -

2244 2957 2471 3014 CAPUT
2507 2956 2650 3012 XXI.
2690 2985 2763 2998 —-
2796 2955 2886 3011 28.
2910 2953 3044 3010 Illud
3073 2967 3204 3010 sane
3229 2952 3374 3025 quod
3398 2952 3467 3009 de
3504 2952 3762 3009 catechu-

2175 3050 2344 3104 menis
2371 3048 2720 3118 objiciebatur
2749 3047 3039 3119 Cypriano,
3065 3045 3199 3117 quod
3228 3046 3283 3099 in
3304 3044 3548 3116 martyrio
3576 3043 3762 3114 depre-

2175 3141 2335 3206 hensi,
2359 3149 2405 3194 et
2427 3156 2516 3209 pro
2541 3137 2729 3194 Christi
2750 3139 2952 3192 nomine
2985 3139 3158 3199 occisi,
3187 3139 3337 3192 etiam
3365 3136 3474 3190 sine
3495 3135 3764 3206 Baptismo

2173 3241 2571 3297 coronarentur;
2591 3230 2715 3301 quid
2741 3229 2814 3286 ad
2833 3244 2947 3287 rem
2969 3230 3249 3302 pertineat,
3275 3243 3380 3284 non
3403 3229 3536 3284 satis
3563 3229 3762 3284 intelli-

2173 3338 2242 3395 go
2266 3341 2280 3379 :
2306 3323 2405 3378 nisi
2434 3322 2572 3378 forte
2595 3323 2716 3393 quia
2745 3320 3016 3388 dicebant,
3060 3321 3228 3377 multo
3271 3321 3439 3392 magis
3481 3321 3764 3376 hmrcticos

2175 3430 2295 3471 cum
2324 3415 2598 3486 Baptismo
2623 3413 2820 3470 Christi
2851 3428 3009 3485 posse
3039 3413 3104 3469 ad
3133 3427 3355 3483 regnum
3381 3413 3498 3484 ejus
3527 3412 3762 3478 admitti,

2174 3524 2279 3580 quo
2303 3509 2324 3541 ⁸
2364 3508 2732 3564 catechumeni
2763 3506 3210 3573 admitterentur;
3241 3521 3363 3562 eum
3400 3507 3516 3576 ipse
3541 3505 3762 3573 dixerit,

2177 3601 2296 3658 Nisi
2319 3603 2430 3673 quis
2454 3610 2656 3657 renatus
2682 3604 2832 3673 fuerit
2872 3617 2936 3657 ea:
2965 3617 3098 3670 aqua
3126 3609 3172 3655 et
3203 3600 3400 3672 Spiritu
3419 3641 3436 3668 ,
3467 3617 3567 3654 non
3594 3600 3766 3654 intra—

2175 3695 2242 3750 bit
2266 3697 2320 3750 in
2343 3711 2552 3766 regnum
2579 3687 2820 3751 sculorum
2849 3691 3044 3766 (Joan.
3075 3708 3165 3759 ιιι,
3191 3693 3287 3764 5).
3316 3691 3428 3759 Qua
3475 3692 3525 3746 in
3561 3707 3624 3747 re
3662 3705 3773 3748 nec

2174 3801 2276 3859 ego
2311 3786 2496 3843 dubito
2537 3785 2975 3841 catecltumenum
3003 3783 3321 3839 catholicum
3365 3781 3542 3838 divina
3579 3781 3774 3837 altario

2177 3887 2285 3936 tate
2319 3877 2628 3951 ﬂagrantem
2668 3875 2918 3932 hatretico
2959 3875 3223 3944 baptizata
3256 3884 3617 3944 anteponere;
3663 3874 3771 3931 sed

2176 3973 2337 4028 etiam
2381 3971 2434 4024 in
2476 3969 2587 4038 ipsa
2631 3968 2772 4023 intus
2795 3966 3065 4023 Catholica
3097 3965 3290 4020 bonum
3317 3964 3772 4021 catccbumenum

2178 4063 2318 4118 malo
2343 4063 2607 4132 baptizata
2634 4060 3004 4130 anteponimus
3032 4077 3044 4112 :
3073 4073 3173 4113 nec
3208 4057 3326 4112 ideo
3356 4061 3534 4113 tamen
3577 4071 3770 4113 sacra-

2177 4163 2356 4211 mento
2381 4153 2720 4225 Baptismatis
2742 4193 2758 4218 ,
2789 4165 2897 4222 quo
2917 4150 3016 4206 iste
3041 4148 3275 4204 nondum
3301 4171 3316 4215 ,-
3344 4149 3432 4203 ille
3451 4148 3562 4219 jam
3587 4147 3774 4205 imbu-

2179 4259 2263 4304 tus
2281 4256 2393 4315 est,
2417 4247 2639 4302 facimus
2665 4244 2908 4316 injuriam
2926 4260 2942 4309 ;
2959 4251 3051 4298 aut
3069 4226 3436 4299 catechumeni
3453 4255 3772 4298 sacramen-

2180 4348 2290 4394 tum
2306 4345 2638 4394 saeramento
2656 4335 2908 4406 Baptismi
2926 4333 3311 4406 praeferendum
3329 4342 3575 4403 putamus
3587 4331 3773 4399 ',eum

2179 4432 2406 4504 aliquem
2418 4429 2856 4486 catechumenum
2869 4427 3044 4496 aliqua
3060 4425 3323 4495 baptizata
3341 4422 3632 4478 ﬁdeliorem
3648 4439 3765 4480 me-

2179 4523 2469 4592 lioremque
2478 4519 2864 4592 cognoscimus.
2877 4517 3061 4572 Melior
3076 4517 3215 4572 enim
3232 4516 3471 4571 centuria
3482 4513 3772 4574 Cornelius

2181 4614 2414 4670 nondum
2451 4612 2747 4682 baptizatus
2787 4609 3005 4666 Simone
3058 4608 3344 4678 baptizata.
3394 4606 3496 4662 lstc
3529 4607 3672 4662 enim
3714 4617 3775 4662 et

2180 4713 2304 4761 ante
2323 4704 2648 4774 Baptismum
2675 4710 2860 4756 sancto
2887 4699 3085 4770 Spiritu
3110 4699 3356 4769 impletus
3375 4708 3457 4752 est
3483 4696 3628 4769 (Act.
3648 4712 3685 4750 x
3705 4695 3726 4766 )
3751 4737 3768 4763 ,

2182 4797 2270 4852 ille
2284 4804 2339 4851 et
2355 4803 2474 4866 post
2486 4793 2810 4863 Baptismum
2829 4790 3100 4846 immundo
3121 4789 3306 4860 spiritu
3327 4787 3536 4842 inﬂatus
3549 4796 3631 4842 est
3649 4787 3769 4858 (Id.

2181 4884 2980 4957 vm,l3,18,19).\’erumlamen
2999 4881 3277 4936 Cornelius
3301 4879 3344 4934 si
3378 4879 3532 4934 etiam
3561 4876 3773 4949 Spiritu

2247 5093 2262 5122 ί
2289 5097 2354 5140 tta
2389 5090 2664 5136 constanter
2699 5089 2802 5144 Mss.
2839 5086 2892 5129 Al
2932 5078 3067 5136 editi,
3090 5082 3214 5144 post,
3241 5074 3435 5144 difﬁcile
3457 5080 3554 5135 est,
3579 5074 3774 5126 habent

2183 5155 2251 5203 sic
2274 5137 2297 5200 :7
2311 5137 2404 5200 sed
2426 5159 2519 5198 non
2542 5142 2860 5209 consequitur.
2893 5145 3046 5209 latest
3067 5137 3195 5209 enim
3226 5137 3438 5209 ebriosus
3460 5150 3582 5198 esse,
3604 5144 3659 5209 et
3672 5150 3774 5208 nats

2182 5199 2282 5264 esse
2297 5199 2581 5262 lucreticus:
2606 5199 2728 5255 sicut
2750 5209 2896 5264 potest
2919 5199 3172 5252 ltatreticus
3188 5214 3308 5261 esse,
3327 5207 3372 5251 et
3383 5212 3477 5251 non
3497 5211 3599 5251 esse
3613 5199 3775 5250 ebrio-

2184 5289 2282 5333 sus,
2307 5286 2392 5322 nec
2415 5270 2604 5320 adulter
2629 5273 2708 5316 aut
2731 5265 3007 5330 fmuicator,
3035 5270 3130 5312 etc.

2247 5340 2267 5369 ι
2291 5342 2384 5393 Er.,
2408 5343 2568 5396 quam.
2635 5335 2690 5376 ιιι.

2250 5400 2269 5432 ³
2291 5386 2391 5445 Αιιί.
2415 5386 2487 5442 ἢν.
2519 5399 2573 5454 et
2594 5391 2844 5454 pauciores
2876 5395 3000 5445 3:55.,
3024 5393 3106 5436 aut
3129 5386 3465 5454 catecltunteno
3485 5395 3771 5454 sacramen-

2185 5466 2285 5511 tum
2316 5453 2542 5521 Implisttti
2564 5445 2921 5521 proferendum
2952 5455 3214 5521 mttanqts._
3234 5450 3306 5498 sic
3329 5447 3455 5521 male
3475 5445 3774 5521 amendarat

2184 5509 2436 5586 quispiam,
2456 5509 2586 5586 ⁵οιιιίι
2623 5509 3216 5586 eiistitnaret_’non_‘a_li_ud
3255 5516 3432 5572 praeter
3475 5509 3774 5586 Baptismum

2188 5571 2653 5634 Esse'cate'chumeni
2679 5579 3048 5625 sacramentum.
3071 5572 3162 5634 sed
3201 5571 3291 5620 hac
3311 5578 3670 5634 sacramentum
3691 5582 3775 5634 ea:

2187 5632 2462 5696 teehuuteni
2481 5639 2741 5703 proprium,
2766 5634 2892 5697 quod
2927 5635 2974 5682 in
2998 5633 3200 5703 concilio
3231 5634 3382 5703 prima
3403 5632 3774 5703 Carthaginiensi

2187 5692 2536 5760 sacramentum
2557 5692 2671 5749 salis
2694 5692 3165 5760 νὸίὲιιιιιιιξιειιοειςξὶι.⁸
3180 5692 3470 5760 Augustinus
3495 5695 3542 5741 in
3567 5692 3692 5742 libro
3706 5692 3776 5741 de

2186 5755 2536 5820 Catacltizandis
2561 5761 2780 5820 futilibus,
2805 5771 2854 5807 ιι.
3006 5763 3056 5806 et
3081 5758 3127 5806 in
3154 5755 3276 5807 libro
3301 5756 3330 5804 ‘3
3363 5756 3426 5805 de
3464 5763 3782 5806 l’eccamrum

2189 5834 2380 5889 Meritis,
2408 5841 2455 5876 η.
2482 5826 2557 5876 42.
