4008 6464
278 372 375 428 I75

263 486 563 557 sar-ctojam
586 494 805 556 accepto
815 485 1064 557 baptizari
1084 485 1337 540 noluisset
1361 524 1373 549 ,
1395 483 1681 552 contempti
1700 483 1833 537 tanti

176 564 183 570 ’
263 578 591 636 Sacramenti
633 592 757 631 reus
803 577 971 631 fieret.
1008 576 1139 631 Cum
1174 583 1347 629 autem
1387 574 1680 642 baptizatus
1713 582 1793 627 est
1817 612 1832 636 ,

263 685 367 725 non
391 670 575 737 utique
599 667 788 723 melius
808 666 1201 720 Saeramentum
1220 678 1374 734 quam
1394 663 1577 717 Simon
1594 663 1794 731 accepit
1818 679 1833 723 ;

265 760 354 815 sed
379 759 593 814 diversa
625 758 893 813 hominum
914 756 1099 811 merita
1124 755 1222 810 sub
1244 754 1479 824 ejusdem
1507 753 1835 808 Sacramenti

264 852 375 922 pari
402 850 684 906 sanctitate
708 849 951 903 distincta
990 857 1112 902 sunt
1140 864 1153 899 :
1185 847 1255 900 ita
1282 861 1387 913 pon
1426 854 1581 914 auget
1611 854 1699 899 aut
1741 845 1840 899 nii-

266 943 375 997 nuit
402 940 743 1009 Baptismatis
782 938 1112 995 sanctitatem
1149 938 1234 993 vel
1276 938 1473 991 bonum
1516 937 1599 991 vel
1643 938 1839 991 malum

267 1033 496 1087 hominis
544 1031 817 1085 meritum.
862 1029 1010 1085 Sicut
1053 1037 1229 1082 autem
1276 1028 1418 1082 bono
1459 1028 1840 1083 catechutneno

266 1123 568 1192 Baptismus
593 1121 745 1175 deest
770 1120 836 1175 ad
870 1119 1252 1190 capessendum
1292 1133 1512 1187 regnum
1539 1118 1795 1174 caelorum
1822 1134 1839 1183 ;

264 1216 340 1269 sic
368 1214 512 1268 malo
542 1212 807 1282 baptizato
835 1226 959 1266 vera
1001 1211 1296 1266 conversio.
1344 1210 1443 1276 Qui
1486 1211 1625 1265 enim
1672 1210 1843 1277 dixit,

267 1304 381 1358 Nisi
403 1306 520 1372 quis
544 1312 749 1356 renatus
773 1302 923 1372 fuerit
943 1318 1006 1356 ea:
1029 1318 1160 1371 aqua
1186 1311 1231 1355 et
1258 1301 1456 1370 Spiritu
1479 1344 1492 1367 ,
1518 1318 1616 1354 non
1642 1301 1847 1354 intrabit

261 1396 314 1449 in
334 1410 548 1465 regnum
569 1393 806 1447 caelorum
824 1409 845 1457 ,'
868 1393 980 1463 ipse
1003 1394 1161 1447 etiam
1185 1391 1319 1445 dixit
1343 1432 1357 1458 ,
1385 1390 1499 1444 Nisi
1522 1390 1847 1444 abundaverit

262 1484 458 1553 iustitia
488 1493 652 1538 vestra
680 1483 795 1552 plus
818 1498 968 1551 quam
1006 1480 1303 1537 Scribarum
1341 1490 1388 1534 et
1429 1477 1804 1535 Pharisworum
1828 1516 1843 1545 ,

268 1591 370 1628 non
416 1573 671 1627 intrabitis
711 1574 766 1626 in
807 1588 1015 1643 regnum
1059 1572 1295 1627 caelorum
1334 1569 1564 1643 (Matth.
1592 1587 1624 1624 v
1649 1611 1663 1633 ,
1706 1570 1842 1641 20).

262 1665 543 1734 Nataque,
616 1678 685 1718 ne
755 1678 939 1718 secura
992 1671 1135 1718 esset
1188 1662 1385 1731 iustitia
1437 1662 1842 1728 catcclinmeni,

263 1756 463 1811 dictum
482 1762 569 1809 est
591 1796 607 1819 ,
641 1753 757 1808 Nisi
778 1755 888 1824 quis
916 1764 1118 1807 renatus
1141 1753 1290 1823 fuerit
1312 1770 1375 1807 ex
1394 1769 1525 1821 aqua
1546 1762 1591 1807 et
1614 1752 1809 1824 Spiritu
1826 1796 1841 1820 ,

263 1860 359 1898 non
388 1844 602 1898 intrabit
627 1844 679 1897 in
702 1859 909 1914 regnum
937 1842 1177 1896 caelorum
1201 1858 1219 1896 :
1243 1857 1427 1897 rursus
1450 1884 1464 1909 ,
1497 1858 1564 1897 ne
1594 1850 1843 1912 percepto

264 1935 538 2006 Baptismo
571 1949 757 1990 secura
795 1941 938 1989 esset
974 1932 1225 2002 iniquitas
1263 1933 1649 2002 baptizatorum
1680 1933 1720 1999 ¹,
1765 1932 1844 1987 di-

262 2036 402 2080 ctum
428 2034 516 2079 est
538 2066 554 2093 ,
584 2024 700 2079 Nisi
744 2023 1073 2078 abundaverit
1106 2023 1310 2094 justitia
1352 2033 1511 2077 vestra
1545 2024 1657 2094 plus
1695 2040 1845 2094 quam

264 2116 562 2172 Scribarum
592 2125 637 2170 et
665 2114 1038 2171 Pharisaeorum
1059 2157 1072 2179 ,
1118 2131 1218 2169 non
1255 2116 1504 2170 intrabitis
1542 2116 1596 2170 in
1633 2131 1843 2187 regnum

260 2208 524 2261 caelorum.
552 2207 791 2262 Alterum
821 2206 935 2261 sine
959 2206 1128 2260 altero
1172 2220 1355 2276 parum
1395 2217 1514 2261 est:
1560 2214 1843 2277 utrumque

260 2299 473 2369 perficit
501 2299 643 2353 illius
670 2298 1022 2369 possessionis
1061 2296 1347 2353 hatredem.
1387 2298 1536 2355 Sicut
1565 2314 1693 2371 ergo
1738 2313 1842 2356 non

260 2393 524 2448 debemus
576 2392 879 2463 improbare
912 2392 1173 2462 justitiam
1220 2391 1486 2460 hominis,
1535 2408 1655 2463 quae
1697 2394 1844 2465 prius

260 2497 375 2538 esse
401 2484 570 2553 coepit
594 2498 752 2553 quam
777 2483 1187 2553 conjungeretur
1213 2482 1465 2538 Ecclesiae
1494 2524 1509 2549 ,
1546 2482 1682 2539 sicut
1724 2496 1844 2542 esse

259 2586 499 2645 otrpcrat
551 2576 757 2645 justitia
806 2574 1040 2630 Cornelii
1088 2574 1393 2645 priusquam
1440 2575 1553 2645 ipse
1597 2583 1740 2631 esset
1787 2575 1840 2630 in

259 2667 413 2739 plebe
440 2668 733 2723 christiana
759 2683 775 2731 ;
801 2682 921 2737 qua:
949 2680 1117 2735 neque
1143 2666 1186 2720 si
1220 2666 1608 2735 improbaretur
1629 2708 1644 2728 ,
1674 2666 1839 2721 dixis-

259 2760 407 2814 sctei
451 2758 714 2829 angelus,
762 2756 1033 2826 Acceptw’
1079 2764 1196 2810 sunt
1239 2754 1565 2826 elemosyna:
1611 2766 1750 2822 tute,
1794 2766 1840 2811 et

258 2850 509 2903 exaudin
526 2857 645 2902 sunt
679 2847 929 2900 orationes
977 2856 1075 2899 tua:
1098 2862 1118 2910 ;
1160 2860 1331 2916 neque
1373 2846 1417 2901 si
1466 2845 1731 2901 sufficeret
1772 2846 1838 2901 ad

258 2939 644 3011 capessendum
674 2954 894 3009 regnum
925 2938 1180 2992 caelorum
1208 2978 1222 3001 ,
1253 2945 1308 2991 ut
1326 2936 1391 2991 ad
1416 2937 1631 2991 Petrum
1660 2936 1839 2993 mitte-

260 3043 338 3085 rct
380 3037 693 3084 moneretur
736 3027 891 3096 (Act.
934 3043 965 3081 κ
991 3068 1006 3094 ,
1053 3027 1128 3091 4,
1174 3026 1235 3080 5|
1266 3068 1280 3092 ,
1310 3024 1423 3096 5):
1472 3026 1549 3081 sic
1597 3041 1702 3080 non
1756 3037 1839 3082 est

262 3119 670 3189 improbandum
707 3116 1069 3188 evangelicum
1113 3115 1365 3185 Baptismi
1404 3122 1793 3171 sacramentum
1819 3159 1833 3183 ,

260 3211 463 3267 etiamsi
530 3218 683 3264 extra
751 3208 1042 3263 Ecelesiam
1103 3205 1260 3261 fuerit
1322 3214 1639 3276 acceptum:
1694 3207 1834 3276 quod

262 3311 432 3358 tamen
479 3302 603 3370 quia
651 3314 756 3355 non
804 3299 1010 3370 proficit
1055 3298 1121 3353 ad
1167 3296 1429 3362 salutem,
1459 3298 1559 3352 nisi
1610 3298 1701 3353 ille
1746 3299 1834 3369 qui

260 3392 413 3448 habet
452 3391 809 3461 integritatem
848 3389 1097 3459 Baptismi
1124 3429 1139 3454 ,
1186 3403 1279 3442 sua
1318 3404 1528 3457 quoque
1574 3390 1835 3458 pravitate

259 3494 537 3548 correcta,
584 3482 947 3552 incorporetur
991 3480 1283 3547 Ecclesizc;
1328 3481 1404 3535 sic
1453 3479 1822 3537 [hereticorum

256 3574 584 3644 corrigamus
608 3587 842 3627 errorem
864 3610 881 3637 ,
921 3579 979 3625 ut
1016 3570 1156 3641 quod
1192 3571 1245 3625 in
1285 3570 1361 3626 cis
1385 3613 1401 3639 ,
1447 3584 1551 3627 non
1597 3588 1779 3629 eorum
1814 3608 1829 3641 ,

254 3664 342 3719 sed
368 3664 566 3718 Christi
593 3672 674 3717 est
698 3704 712 3727 ,
736 3677 1101 3733 agnoscamus.

320 3752 549 3809 CAPUT
572 3750 733 3807 XXII.
753 3782 821 3807 ή-
836 3751 926 3806 29.
949 3751 1199 3821 Baptismi
1219 3766 1347 3807 sane
1362 3752 1529 3808 vicem
1548 3753 1829 3823 aliquando

256 3846 478 3916 implere
508 3844 809 3915 passionem
838 3884 853 3909 ,
882 3842 950 3898 de
977 3843 1181 3900 latrone
1210 3845 1303 3899 illo
1328 3846 1412 3900 cui
1439 3862 1541 3899 non
1567 3846 1831 3916 baptizato

255 3935 448 3990 dictum
501 3942 626 4000 est,
676 3933 840 3987 Hodie
885 3950 1078 3987 mecum
1126 3934 1224 3988 eris
1270 3936 1323 3988 in
1372 3936 1607 4005 paradiso
1659 3937 1828 4007 (Luc.

254 4040 377 4079 mn
401 4067 418 4092 ,
447 4025 581 4093 45),
613 4039 717 4077 non
744 4023 861 4079 leve
887 4026 1263 4079 documentum
1309 4025 1447 4081 idem
1492 4027 1676 4082 beatus
1723 4026 1827 4100 Cy-

253 4115 469 4184 prianus
497 4114 717 4169 assumit
748 4131 760 4168 :
791 4114 931 4184 quod
969 4114 1130 4169 etiam
1178 4124 1340 4186 atque
1383 4116 1542 4172 etiam
1585 4118 1830 4174 conside-

253 4215 412 4273 rans,
460 4206 677 4260 invenio
715 4220 818 4260 non
864 4213 1069 4260 tantum
1112 4208 1418 4277 passionem
1470 4224 1567 4277 pro
1616 4211 1828 4266 nomine

252 4294 446 4350 Christi
478 4295 530 4349 id
556 4296 696 4365 quod
727 4312 789 4349 ex
820 4295 1088 4365 Baptismo
1122 4295 1305 4351 deerat
1344 4311 1500 4366 posse
1540 4300 1823 4369 supplere,

252 4386 341 4441 sed
370 4386 532 4441 etiam
565 4385 721 4440 fidem
747 4386 1253 4456 conversionemque
1281 4386 1457 4441 cordis
1480 4428 1494 4452 ,
1525 4389 1569 4441 si
1595 4388 1730 4444 forte
1756 4391 1821 4445 ad

254 4476 625 4533 celebrandum
655 4477 960 4547 mysterium
989 4472 1239 4545 Baptismi
1266 4476 1317 4530 in
1339 4479 1592 4548 angustiis
1611 4484 1819 4550 tempo.

255 4585 365 4624 rum
396 4570 635 4624 succurri
676 4583 779 4623 non
820 4576 995 4639 potest
1020 4565 1116 4638 (a).
1158 4567 1338 4637 Neque
1377 4569 1517 4623 enim
1563 4570 1697 4624 latro
1738 4571 1825 4626 ille

254 4678 346 4732 pro
385 4663 604 4717 nomine
645 4660 841 4716 Christi
879 4660 1163 4715 cruciﬁxus
1192 4668 1274 4715 est
1298 4702 1311 4723 ,
1355 4659 1447 4715 sed
1493 4676 1587 4730 pro
1624 4662 1824 4718 meritis

256 4751 541 4808 facinorum
572 4765 785 4805 suorum
814 4768 826 4803 :
858 4764 956 4805 nec
984 4750 1105 4819 quia
1130 4748 1351 4804 credidit
1378 4760 1564 4818 passus
1592 4757 1706 4816 est,
1729 4752 1822 4806 sed

251 4844 369 4899 dum
411 4844 609 4915 patitur
643 4841 887 4896 credidit.
932 4841 1196 4909 Quantum
1244 4840 1419 4910 itaque
1456 4841 1627 4895 valeat
1663 4842 1820 4896 etiam

252 4936 360 4990 sine
387 4936 581 4990 visibili
609 4943 941 4989 sacramento
971 4932 1222 5002 Baptismi
1250 4974 1263 4999 ,
1304 4931 1443 5002 quod
1485 4933 1559 4987 ait
1591 4934 1822 5003 Aposmat

251 5018 327 5081 IIIS
348 5069 361 5091 ,
396 5025 559 5080 Corde
580 5025 800 5079 creditur
834 5024 901 5077 ad
926 5024 1181 5094 justitiam
1205 5065 1219 5088 ,
1260 5039 1346 5076 ore
1377 5032 1543 5076 autem
1577 5026 1821 5096 confessio

250 5116 307 5184 ﬁt
348 5117 414 5169 ad
440 5116 654 5171 salutem
681 5115 699 5187 (
723 5115 869 5169 Rom.
898 5130 933 5168 x
959 5155 972 5180 ,
1006 5112 1133 5185 l0);
1176 5114 1227 5167 in
1272 5113 1362 5167 illo
1396 5114 1602 5169 latrone
1640 5114 1819 5169 deela-

251 5214 416 5259 ratum
444 5213 545 5259 est.
580 5204 682 5259 Sed
712 5213 833 5258 tunc
854 5202 1102 5272 impletur
1129 5202 1465 5257 invisibiliter
1485 5244 1497 5268 ,
1518 5218 1637 5257 cum
1661 5204 1817 5257 mini-

250 5296 465 5349 sterium
521 5294 775 5364 Baptismi
836 5309 940 5347 non
994 5302 1329 5363 contemptus
1379 5294 1677 5365 religionis,
1725 5296 1819 5351 sed

252 5386 497 5441 articulus
528 5384 861 5440 necessitatis
887 5383 1138 5439 excludit.
1180 5384 1310 5438 Nam
1355 5386 1520 5439 multo
1555 5387 1721 5457 magis
1766 5388 1817 5441 in

251 5476 487 5533 Cornelio
530 5490 582 5533 et
618 5478 668 5530 in
717 5477 899 5531 amicis
942 5476 1092 5545 ejus,
1140 5491 1297 5545 quam
1348 5477 1400 5530 in
1445 5477 1535 5533 illo
1577 5479 1815 5547 latrone,

310 5671 513 5736 {Plures
555 5671 855 5730 Manuseripti
896 5671 1149 5734 omittunt,
1198 5671 1554 5736 baptizatorum.

310 5733 327 5761 ⁸
348 5738 393 5779 tu
417 5740 541 5791 Mss,
588 5738 844 5793 'cceptatw.

309 5794 377 5855 (α)
400 5799 432 5843 ιι
451 5792 794 5857 ιιριινθειηαιρ.
825 5792 893 5841 18.

1590 363 1794 417 LIBER
1831 362 2171 428 QUARTUS.

3420 372 3521 444 ιιι

1950 493 2129 552 posset
2157 484 2322 542 videri
2350 490 2671 559 superfluum
2704 502 2759 548 ut
2786 506 2919 566 aqua
2956 498 3115 553 etiam
3158 500 3521 573 tingerentur,

1949 577 2002 631 in
2032 578 2222 647 quibus
2260 578 2368 649 jam
2409 581 2607 638 donum
2645 585 2870 655 Spiritus
2909 590 3115 657 sancti,
3147 595 3286 662 quod
3313 598 3524 653 nonnisi

1950 666 2243 737 baptizatos
2270 670 2403 726 alios
2431 675 2700 753 accepisse
2737 688 2916 733 sancta
2959 680 3229 752 Scriptura
3260 695 3484 743 testatur
3506 732 3525 757 ,

1949 766 2096 811 certo
2122 774 2329 829 quoque
2356 761 2549 817 indicio
2583 767 2724 833 quod
2765 768 2869 823 illis
2917 774 3241 842 temporibus
3268 790 3529 847 congrue-

1950 845 2077 911 bat,
2110 863 2230 902 cum
2272 850 2462 920 linguis
2494 853 2871 926 loquerentur,
2912 862 3227 921 eminuerat.
3269 845 3528 937 Baptizati

1952 946 2072 991 sunt
2105 947 2279 993 tamen
2307 957 2319 995 :
2346 953 2397 995 et
2426 942 2476 997 in
2505 945 2605 999 hoc
2630 945 2767 1001 facto
2792 953 3080 1019 apostolica
3102 965 3273 1011 exstat
3298 960 3517 1015 auctori-

1954 1036 2055 1082 tas.
2098 1028 2277 1100 Usque
2320 1033 2453 1089 adeo
2496 1052 2654 1092 nemo
2702 1040 2858 1096 debet
2902 1043 2953 1097 in
2988 1046 3231 1119 quolibet
3273 1061 3525 1120 provectu

1951 1120 2217 1177 interioris
2246 1123 2474 1182 hominis
2499 1170 2514 1195 ,
2541 1130 2586 1185 si
2615 1132 2748 1188 forte
2772 1144 2895 1191 ante
2922 1134 3245 1208 Baptismum
3269 1159 3435 1215 usque
3457 1147 3526 1201 ad

1953 1211 2279 1279 Spiritualem
2329 1215 2655 1275 intellectum
2702 1224 2788 1291 pio
2836 1226 2996 1282 corde
3037 1211 3367 1299 profecerit,
3395 1249 3525 1290 con-

1953 1312 2192 1359 temnere
2243 1306 2685 1380 Sacramentum,
2750 1317 2891 1384 quod
2948 1320 3307 1378 ministrorum
3361 1341 3528 1396 opere

1950 1396 2299 1462 corporaliter
2338 1399 2657 1472 adhibetur,
2705 1406 2801 1461 sed
2834 1422 2932 1478 per
2971 1410 3072 1465 hoc
3110 1412 3250 1468 Deus
3294 1415 3526 1472 hominis

1950 1491 2403 1549 consecrationem
2433 1496 2777 1565 spiritualiter
2814 1512 3081 1571 operatur.
3128 1505 3235 1561 Nec
3276 1508 3345 1563 ob
3381 1509 3527 1566 aliud

1952 1579 2201 1635 existimo
2226 1598 2419 1640 munus
2449 1586 2746 1658 baptizandi
2778 1590 2967 1647 Joanni
2989 1594 3152 1651 fuisse
3175 1598 3522 1668 attributum,

1952 1669 2019 1723 ita
2051 1680 2109 1725 ut
2132 1671 2351 1730 Joannis
2382 1676 2675 1748 baptismus
2703 1682 3002 1751 diceretur,
3037 1686 3134 1740 nisi
3182 1696 3239 1741 ut
3272 1689 3527 1749 Dominus

1949 1759 2063 1830 ipse
2090 1766 2181 1832 qui
2209 1764 2430 1821 dederat
2454 1810 2468 1834 ,
2495 1784 2616 1825 cum
2643 1773 2783 1828 servi
2810 1775 3129 1844 baptismum
3155 1794 3258 1834 non
3289 1784 3525 1851 spreviso

1949 1861 2030 1907 set
2055 1856 2295 1925 accipere
2322 1862 2337 1929 (
2365 1859 2549 1916 Matth.
2580 1880 2674 1930 ιιι,
2703 1864 2735 1920 6
2755 1908 2769 1931 ,
2800 1866 2867 1920 15
2886 1865 2930 1937 ),
2958 1867 3231 1926 dedicaret
3257 1870 3525 1930 humilita-

1947 1944 2017 1999 tis
2042 1947 2178 2001 viam
2204 1990 2219 2015 ,
2251 1958 2305 2004 et
2334 1954 2514 2021 quanti
2545 1956 2877 2024 pendendum
2904 1970 3047 2015 esset
3074 1977 3230 2018 suum
3256 1963 3526 2035 Baptisms

1948 2051 2053 2106 quo
2099 2039 2212 2109 ipse
2258 2040 2618 2112 baptizaturus
2664 2058 2811 2116 erat,
2865 2052 2958 2105 tali
3007 2052 3148 2108 facto
3192 2056 3527 2125 apertissime

1948 2126 2264 2186 declararet.
2297 2132 2520 2212 Videbat
2541 2138 2683 2193 enim
2707 2147 2951 2210 tanquam
2983 2144 3335 2212 peritissimus
3360 2148 3527 2204 medi-

1947 2234 2041 2274 cus
2068 2221 2251 2276 salutis
2279 2211 2526 2291 :eternze',
2570 2230 2918 2298 quorumdam
2964 2211 3070 2288 non
3108 2234 3413 2293 defuturum
3441 2248 3527 2294 tu-

1947 2325 2148 2365 morem
2175 2354 2190 2380 ,
2223 2315 2311 2383 qui
2339 2331 2459 2371 cum
2492 2312 2761 2377 intellectu
2791 2325 3033 2380 veritatis
3068 2335 3123 2381 et
3162 2329 3526 2398 probabilibus

1948 2401 2187 2456 moribus
2234 2403 2304 2459 ita
2353 2407 2743 2477 profecissent,
2784 2423 2841 2467 ut
2874 2416 3054 2470 multis
3098 2418 3373 2486 baptizatis
3419 2421 3527 2478 vita

1946 2499 2104 2561 atque
2150 2492 2387 2549 doctrina
2440 2514 2497 2553 se
2549 2515 2861 2571 praeponere
2913 2507 3132 2564 minime
3178 2509 3524 2580 dubitarent,

1945 2594 2397 2650 supervacaneum
2423 2587 2521 2641 sibi
2544 2603 2663 2645 esse
2687 2592 2967 2648 crederent
2993 2596 3246 2666 baptizari
3271 2639 3287 2665 ,
3310 2602 3524 2670 quando

1943 2670 2010 2724 ad
2039 2672 2187 2729 illum
2216 2677 2411 2731 mentis
2438 2678 2673 2736 habitum
2705 2697 2763 2739 se
2792 2687 3094 2753 pervenisse
3124 2691 3382 2747 sentirent
3403 2735 3418 2761 ,
3455 2692 3525 2750 ad

1944 2776 2102 2830 quem
2134 2764 2287 2820 multi
2317 2765 2564 2838 baptizati
2594 2771 2768 2837 adhuc
2793 2776 3080 2834 ascendere
3108 2792 3448 2837 conarentur.

2012 2852 2236 2910 CAPUT
2265 2856 2447 2913 XXIII.
2475 2891 2547 2900 —
2568 2848 2655 2917 50.
2684 2864 2819 2932 Quid
2863 2876 3039 2922 autem
3081 2870 3260 2925 valeat
3297 2882 3351 2926 et
3393 2873 3521 2944 quid

1941 2950 2062 3014 agat
2114 2946 2165 3001 in
2220 2949 2435 3009 homine
2484 2956 2832 3026 corporaliter
2882 2959 3116 3015 adhibita
3173 2963 3522 3023 sanctiﬁcatio

1941 3033 2268 3095 Sacramenti
2300 3040 2318 3113 (
2346 3042 2461 3098 sine
2488 3060 2589 3114 qua
2619 3054 2795 3102 tamen
2824 3048 2913 3105 ille
2942 3050 3078 3107 latro
3105 3068 3210 3108 non
3238 3054 3367 3122 fuit,
3395 3057 3522 3127 quia

1940 3142 2044 3181 non
2072 3129 2187 3198 ejus
2216 3132 2538 3202 accipiendae
2568 3138 2812 3193 voluntas
2850 3140 3055 3207 defuit,
3092 3144 3187 3198 sed
3231 3155 3334 3200 non
3374 3149 3519 3203 aeci-B

1939 3219 2148 3288 pienda:
2186 3224 2477 3279 necessitas
2522 3227 2756 3299 adfuit),
2801 3228 3017 3287 difficile
3050 3242 3132 3288 est
3165 3234 3362 3292 dicere.
3406 3237 3519 3295 Nisi

1938 3318 2116 3365 tamen
2148 3313 2433 3383 plurimum
2463 3318 2696 3385 valeret,
2730 3335 2837 3377 non
2878 3323 3017 3377 servi
3060 3325 3379 3395 baptismum
3409 3328 3519 3383 Du-

1937 3402 2112 3457 minus
2151 3406 2461 3475 accepisset.
2491 3406 2687 3463 Verum
2718 3411 2838 3480 quia
2888 3427 2983 3481 per
3022 3428 3079 3469 se
3121 3414 3231 3485 ipsa
3272 3418 3517 3475 conside-

1935 3494 2100 3548 randa
2141 3505 2261 3563 est,
2306 3507 2527 3568 excepta
2572 3500 2742 3557 salute
2785 3502 3016 3561 hominis
3056 3507 3139 3559 cui
3181 3507 3516 3577 perficiendae

1934 3585 2217 3642 adhibetur
2241 3631 2255 3653 ,
2291 3589 2420 3645 satis
2459 3590 2655 3646 indicat
2694 3592 2834 3664 quod
2883 3605 2936 3649 ct
2975 3596 3025 3649 in
3064 3597 3248 3665 malis,
3277 3607 3330 3654 et
3358 3601 3408 3654 in
3436 3603 3516 3657 eis

1933 3675 2022 3745 qui
2048 3678 2251 3732 steculo
2276 3680 2455 3736 verbis
2475 3719 2491 3748 ,
2525 3696 2632 3737 non
2662 3682 2815 3739 factis
2844 3687 3146 3741 renuntiant
3173 3729 3189 3753 ,
3231 3690 3341 3759 ipsa
3374 3691 3512 3746 inte-

1930 3781 2026 3837 gra
2056 3776 2139 3822 est
2164 3810 2177 3832 ,
2208 3783 2327 3823 cum
2359 3771 2436 3825 illi
2480 3772 2583 3827 nisi
2622 3774 2956 3844 corrigantur
2978 3818 2993 3841 ,
3042 3779 3266 3834 salutem
3313 3781 3513 3838 habere

1932 3872 2037 3911 non
2070 3859 2292 3926 possint.
2323 3859 2473 3916 Sicut
2497 3870 2675 3916 autem
2707 3864 2759 3917 in
2788 3864 2991 3920 latrone
3016 3907 3030 3929 ,
3057 3867 3178 3936 quia
3206 3883 3302 3939 per
3326 3884 3511 3926 neces-

1932 3948 2141 4003 sitatem
2169 3950 2520 4019 corporaliter
2542 3953 2745 4022 defuit,
2788 3955 3021 4025 perfecta
3059 3958 3201 4014 salus
3236 3968 3319 4016 est
3341 4001 3355 4025 ,
3381 3963 3505 4032 quia

1931 4054 2027 4108 per
2054 4039 2305 4109 pietatem
2348 4044 2691 4112 Spiritualiter
2734 4046 2943 4102 adfuit:
2995 4049 3073 4104 sic
3120 4059 3175 4106 et
3221 4067 3345 4106 cum
3392 4054 3505 4123 ipsa

1930 4138 2125 4199 prmsto
2153 4140 2273 4198 est,
2318 4133 2363 4188 si
2409 4148 2506 4203 per
2543 4137 2914 4192 necessitatem
2954 4138 3093 4194 desit
3129 4142 3269 4211 quod
3314 4144 3507 4200 latroni

1929 4222 2131 4288 adfuit,
2163 4225 2432 4292 perficitur
2457 4220 2619 4282 salus.
2656 4227 2807 4296 Quod
2834 4229 3084 4285 traditum
3114 4240 3258 4287 tenet
3284 4235 3502 4291 univer-

1928 4312 2058 4367 sitas
2105 4312 2395 4381 Ecclesiae,
2442 4330 2561 4370 eum
2608 4318 2811 4386 parvuli
2858 4318 3088 4375 infantes
3130 4321 3503 4393 baptizantur,

1927 4400 2017 4470 qui
2050 4411 2194 4456 certe
2239 4403 2472 4459 nondum
2512 4415 2734 4475 possunt
2772 4407 2932 4463 corde
2978 4409 3197 4465 credere
3238 4412 3303 4466 ad
3341 4412 3501 4482 justi-

1930 4493 2053 4547 tiam
2079 4534 2094 4559 ,
2121 4502 2176 4548 et
2203 4509 2298 4550 ore
2324 4495 2564 4551 confiteri
2589 4497 2655 4552 ad
2676 4499 2898 4554 salutem
2924 4542 2939 4567 ,
2962 4501 3103 4571 quod
3130 4501 3266 4557 latro
3294 4505 3501 4572 potuit:
3576 4580 3585 4587 φ

1925 4585 2051 4655 quin
2082 4586 2239 4639 etiam
2266 4585 2442 4642 ﬂendo
2469 4590 2523 4644 et
2547 4591 2807 4659 vagiendo
2833 4607 2952 4647 cum
2988 4594 3039 4647 in
3077 4594 3154 4649 eis
3189 4597 3501 4666 mySterium'

1926 4675 2261 4741 celebratur,
2310 4677 2439 4747 ipsis
2491 4682 2730 4750 mysticis
2774 4680 2994 4738 vocibus
3047 4684 3395 4758 obstrepunt;
3451 4685 3507 4747 et

1927 4774 2103 4821 tamen
2152 4766 2326 4824 nullus
2378 4768 2802 4827 Christianorum
2868 4774 3069 4831 dixerit
3122 4793 3217 4835 eos
3270 4781 3506 4839 inaniter

1924 4859 2197 4928 baptizari.

1989 4968 2219 5026 CAPUT
2250 4971 2440 5027 XXIV.
2466 5004 2537 5013 —
2561 4974 2648 5029 51.
2694 4976 2763 5031 Ει
2801 4979 2846 5033 si
2884 4980 3159 5052 quisquam
3203 4984 3254 5039 in
3299 4984 3398 5039 hac
3444 4999 3503 5040 re

1924 5062 2294 5118 auctoritatem
2321 5063 2553 5120 divinam
2581 5078 2817 5137 quaerat,
2858 5086 3158 5143 quanquam
3198 5074 3339 5143 quod
3384 5076 3503 5128 uni.

1924 5168 2076 5209 versa
2119 5161 2264 5209 tenet
2302 5154 2539 5211 Ecclesia
2564 5199 2581 5224 ,
2622 5173 2721 5214 nec
2763 5162 3001 5218 conciliis
3041 5164 3371 5227 institutum,
3404 5154 3499 5217 sed

1923 5258 2133 5314 semper
2161 5252 2427 5301 retentum
2454 5255 2537 5302 est
2559 5288 2574 5313 ,
2607 5250 2815 5304 nonnisi
2856 5253 3169 5306 auctoritate
3205 5252 3499 5320 apostolica

1924 5334 2172 5390 traditum
2201 5337 2497 5394 rectissime
2524 5339 2760 5395 creditur
2784 5358 2796 5393 :
2839 5352 3013 5397 tamen
3041 5344 3300 5397 veraciter
3325 5344 3499 5414 conjié‘

1922 5441 2045 5481 cere
2102 5440 2424 5495 possumus,
2475 5430 2600 5499 quid
2646 5430 2815 5485 valeat
2860 5433 2911 5485 in
2961 5432 3190 5500 parvulis
3234 5433 3492 5505 Baptismi

1921 5527 2311 5574 sacramentum
2333 5560 2347 5584 ,
2376 5536 2442 5575 ex
2471 5522 2872 5577 circumcisione
2901 5522 3077 5577 carnis
3100 5564 3114 5589 ,
3156 5540 3313 5595 quam
3352 5531 3498 5597 prior

1920 5609 2145 5680 populus
2174 5610 2409 5680 accepit,
2439 5625 2595 5680 quam
2626 5611 2930 5679 priusquam
2955 5614 3221 5684 acciperet
3237 5617 3497 5686 jnstiﬁca-

1921 5707 2004 5753 tus
2030 5707 2112 5752 est
2138 5699 2422 5755 Abraham.
2451 5700 2599 5754 Sicut
2617 5697 2894 5756 Cornelius
2914 5702 3073 5758 etiam
3101 5705 3242 5762 dono
3266 5704 3499 5779 Spiritus

1922 5790 2124 5856 sancti,
2175 5790 2475 5859 priusquam
2519 5789 2911 5860 baptizaretur,
2957 5794 3153 5853 ditatus
3194 5808 3293 5854 est.
3352 5798 3497 5854 Dictt
