  <div class='ocr_page' id='page_1' title='image "/cluster/home/n/w/nwhite01/storage/ocr_20150623/43/hvd.32044012717385/093.png"; bbox 0 0 4008 6504; ppageno 0'>
   <div class='ocr_carea' id='block_1_1' title="bbox 465 414 596 470">
    <p class='ocr_par' dir='ltr' id='par_1_1' title="bbox 465 414 596 470">
     <span class='ocr_line' id='line_1_1' title="bbox 465 414 596 470; baseline 0 0"><span class='ocrx_word' id='word_1_1' title='bbox 465 439 470 444; x_wconf 54' lang='grc' dir='ltr'><strong>ι</strong></span> <span class='ocrx_word' id='word_1_2' title='bbox 495 414 596 470; x_wconf 72' lang='grc' dir='ltr'>Πό</span> 
     </span>
    </p>
   </div>
   <div class='ocr_carea' id='block_1_2' title="bbox 497 517 2073 599">
    <p class='ocr_par' dir='ltr' id='par_1_2' title="bbox 497 517 2073 599">
     <span class='ocr_line' id='line_1_2' title="bbox 497 517 2073 599; baseline -0.011 -13"><span class='ocrx_word' id='word_1_3' title='bbox 497 541 672 586; x_wconf 88' lang='lat' dir='ltr'><strong>tamen</strong></span> <span class='ocrx_word' id='word_1_4' title='bbox 704 527 990 599; x_wconf 80' lang='lat' dir='ltr'><strong>Apostolus</strong></span> <span class='ocrx_word' id='word_1_5' title='bbox 1017 525 1082 582; x_wconf 93' lang='lat' dir='ltr'><strong>de</strong></span> <span class='ocrx_word' id='word_1_6' title='bbox 1113 525 1229 596; x_wconf 85' lang='lat' dir='ltr'><strong>ipso</strong></span> <span class='ocrx_word' id='word_1_7' title='bbox 1274 524 1540 580; x_wconf 84' lang='lat' dir='ltr'><strong>Abraham</strong></span> <span class='ocrx_word' id='word_1_8' title='bbox 1562 562 1576 589; x_wconf 93' lang='lat'><strong>,</strong></span> <span class='ocrx_word' id='word_1_9' title='bbox 1628 521 1843 592; x_wconf 77' lang='lat' dir='ltr'><strong><em>Signum</em></strong></span> <span class='ocrx_word' id='word_1_10' title='bbox 1881 517 2073 586; x_wconf 80' lang='lat' dir='ltr'><strong>accepit</strong></span> 
     </span>
    </p>
   </div>
   <div class='ocr_carea' id='block_1_3' title="bbox 494 611 2070 690">
    <p class='ocr_par' dir='ltr' id='par_1_3' title="bbox 494 611 2070 690">
     <span class='ocr_line' id='line_1_3' title="bbox 494 611 2070 690; baseline -0.009 -13"><span class='ocrx_word' id='word_1_11' title='bbox 494 621 922 686; x_wconf 80' lang='lat' dir='ltr'><strong>circumcisionis,</strong></span> <span class='ocrx_word' id='word_1_12' title='bbox 985 619 1301 690; x_wconf 73' lang='lat' dir='ltr'><strong>signacuium</strong></span> <span class='ocrx_word' id='word_1_13' title='bbox 1353 617 1567 687; x_wconf 71' lang='lat' dir='ltr'><strong>iustitia:</strong></span> <span class='ocrx_word' id='word_1_14' title='bbox 1614 614 1772 682; x_wconf 82' lang='lat' dir='ltr'><strong>ﬁdei;</strong></span> <span class='ocrx_word' id='word_1_15' title='bbox 1825 611 1912 682; x_wconf 90' lang='lat' dir='ltr'><strong>qui</strong></span> <span class='ocrx_word' id='word_1_16' title='bbox 1963 611 2070 680; x_wconf 90' lang='lat' dir='ltr'><strong>jam</strong></span> 
     </span>
    </p>
   </div>
   <div class='ocr_carea' id='block_1_4' title="bbox 495 700 2070 778">
    <p class='ocr_par' dir='ltr' id='par_1_4' title="bbox 495 700 2070 778">
     <span class='ocr_line' id='line_1_4' title="bbox 495 700 2070 778; baseline -0.01 -9"><span class='ocrx_word' id='word_1_17' title='bbox 495 712 659 769; x_wconf 86' lang='lat' dir='ltr'><strong>corde</strong></span> <span class='ocrx_word' id='word_1_18' title='bbox 683 711 1023 777; x_wconf 87' lang='lat' dir='ltr'><strong>crediderat,</strong></span> <span class='ocrx_word' id='word_1_19' title='bbox 1056 718 1106 766; x_wconf 91' lang='lat' dir='ltr'><strong>et</strong></span> <span class='ocrx_word' id='word_1_20' title='bbox 1137 709 1448 778; x_wconf 81' lang='lat' dir='ltr'><strong>deputatum</strong></span> <span class='ocrx_word' id='word_1_21' title='bbox 1477 705 1549 760; x_wconf 81' lang='lat' dir='ltr'><strong>illi</strong></span> <span class='ocrx_word' id='word_1_22' title='bbox 1583 712 1695 759; x_wconf 90' lang='lat' dir='ltr'><strong>erat</strong></span> <span class='ocrx_word' id='word_1_23' title='bbox 1724 703 1789 758; x_wconf 88' lang='lat' dir='ltr'><strong>ad</strong></span> <span class='ocrx_word' id='word_1_24' title='bbox 1816 700 2070 771; x_wconf 76' lang='lat' dir='ltr'><strong>justitiam</strong></span> 
     </span>
    </p>
   </div>
   <div class='ocr_carea' id='block_1_5' title="bbox 497 796 2075 876">
    <p class='ocr_par' dir='ltr' id='par_1_5' title="bbox 497 796 2075 876">
     <span class='ocr_line' id='line_1_5' title="bbox 497 796 2075 876; baseline -0.01 -17"><span class='ocrx_word' id='word_1_25' title='bbox 497 802 802 876; x_wconf 81' lang='lat' dir='ltr'><strong>(Rom.1v,</strong></span> <span class='ocrx_word' id='word_1_26' title='bbox 836 803 895 856; x_wconf 82' lang='lat' dir='ltr'><strong>ll</strong></span> <span class='ocrx_word' id='word_1_27' title='bbox 927 842 940 866; x_wconf 91' lang='lat'><strong>,</strong></span> <span class='ocrx_word' id='word_1_28' title='bbox 973 799 1072 866; x_wconf 80' lang='grc'><strong>5).</strong></span> <span class='ocrx_word' id='word_1_29' title='bbox 1115 798 1222 852; x_wconf 89' lang='lat' dir='ltr'><strong>Cur</strong></span> <span class='ocrx_word' id='word_1_30' title='bbox 1265 812 1390 866; x_wconf 76' lang='lat' dir='ltr'><strong>ergo</strong></span> <span class='ocrx_word' id='word_1_31' title='bbox 1434 796 1482 850; x_wconf 93' lang='lat' dir='ltr'><strong>ci</strong></span> <span class='ocrx_word' id='word_1_32' title='bbox 1528 800 1846 864; x_wconf 86' lang='lat' dir='ltr'><strong>praeceptum</strong></span> <span class='ocrx_word' id='word_1_33' title='bbox 1891 798 1974 845; x_wconf 92' lang='lat' dir='ltr'><strong>est</strong></span> <span class='ocrx_word' id='word_1_34' title='bbox 2016 799 2075 844; x_wconf 94' lang='lat' dir='ltr'><strong>ut</strong></span> 
     </span>
    </p>
   </div>
   <div class='ocr_carea' id='block_1_6' title="bbox 496 881 2073 961">
    <p class='ocr_par' dir='ltr' id='par_1_6' title="bbox 496 881 2073 961">
     <span class='ocr_line' id='line_1_6' title="bbox 496 881 2073 961; baseline -0.011 -11"><span class='ocrx_word' id='word_1_35' title='bbox 496 907 711 950; x_wconf 90' lang='lat' dir='ltr'><strong>omnem</strong></span> <span class='ocrx_word' id='word_1_36' title='bbox 742 893 994 961; x_wconf 85' lang='lat' dir='ltr'><strong>deinceps</strong></span> <span class='ocrx_word' id='word_1_37' title='bbox 1021 888 1273 944; x_wconf 90' lang='lat' dir='ltr'><strong>infantem</strong></span> <span class='ocrx_word' id='word_1_38' title='bbox 1304 886 1597 942; x_wconf 78' lang='lat' dir='ltr'><strong>masculum</strong></span> <span class='ocrx_word' id='word_1_39' title='bbox 1629 891 1816 939; x_wconf 90' lang='lat' dir='ltr'><strong>octavo</strong></span> <span class='ocrx_word' id='word_1_40' title='bbox 1849 881 1935 936; x_wconf 90' lang='lat' dir='ltr'><strong>die</strong></span> <span class='ocrx_word' id='word_1_41' title='bbox 1969 881 2073 935; x_wconf 85' lang='lat' dir='ltr'><strong>cir-</strong></span> 
     </span>
    </p>
   </div>
   <div class='ocr_carea' id='block_1_7' title="bbox 494 975 2074 1057">
    <p class='ocr_par' dir='ltr' id='par_1_7' title="bbox 494 975 2074 1057">
     <span class='ocr_line' id='line_1_7' title="bbox 494 975 2074 1057; baseline -0.011 -15"><span class='ocrx_word' id='word_1_42' title='bbox 494 985 818 1042; x_wconf 90' lang='lat' dir='ltr'><strong>cumcideret</strong></span> <span class='ocrx_word' id='word_1_43' title='bbox 847 983 867 1057; x_wconf 97' lang='lat'>(</span> <span class='ocrx_word' id='word_1_44' title='bbox 893 981 1019 1037; x_wconf 81' lang='lat' dir='ltr'><strong>Gen.</strong></span> <span class='ocrx_word' id='word_1_45' title='bbox 1051 997 1164 1037; x_wconf 79' lang='lat' dir='ltr'><strong>xvii</strong></span> <span class='ocrx_word' id='word_1_46' title='bbox 1183 1022 1198 1046; x_wconf 93' lang='lat'><strong>,</strong></span> <span class='ocrx_word' id='word_1_47' title='bbox 1231 980 1263 1035; x_wconf 93' lang='lat'>9</span> <span class='ocrx_word' id='word_1_48' title='bbox 1291 1022 1305 1047; x_wconf 93' lang='lat'><strong>,</strong></span> <span class='ocrx_word' id='word_1_49' title='bbox 1337 980 1402 1034; x_wconf 77' lang='lat' dir='ltr'><strong>M</strong></span> <span class='ocrx_word' id='word_1_50' title='bbox 1426 978 1466 1049; x_wconf 91' lang='lat'><strong>),</strong></span> <span class='ocrx_word' id='word_1_51' title='bbox 1491 977 1578 1046; x_wconf 85' lang='lat' dir='ltr'><strong>qui</strong></span> <span class='ocrx_word' id='word_1_52' title='bbox 1605 975 1836 1030; x_wconf 92' lang='lat' dir='ltr'><strong>nondum</strong></span> <span class='ocrx_word' id='word_1_53' title='bbox 1864 981 2074 1043; x_wconf 84' lang='lat' dir='ltr'><strong>poterat</strong></span> 
     </span>
    </p>
   </div>
   <div class='ocr_carea' id='block_1_8' title="bbox 493 1064 2071 1141">
    <p class='ocr_par' dir='ltr' id='par_1_8' title="bbox 493 1064 2071 1141">
     <span class='ocr_line' id='line_1_8' title="bbox 493 1064 2071 1141; baseline -0.008 -10"><span class='ocrx_word' id='word_1_54' title='bbox 493 1074 659 1132; x_wconf 87' lang='lat' dir='ltr'><strong>corde</strong></span> <span class='ocrx_word' id='word_1_55' title='bbox 686 1074 907 1130; x_wconf 85' lang='lat' dir='ltr'><strong>credere</strong></span> <span class='ocrx_word' id='word_1_56' title='bbox 930 1115 944 1141; x_wconf 91' lang='lat'><strong>,</strong></span> <span class='ocrx_word' id='word_1_57' title='bbox 975 1080 1037 1128; x_wconf 79' lang='lat' dir='ltr'><strong>ut</strong></span> <span class='ocrx_word' id='word_1_58' title='bbox 1055 1073 1103 1128; x_wconf 91' lang='lat' dir='ltr'><strong>ei</strong></span> <span class='ocrx_word' id='word_1_59' title='bbox 1145 1071 1491 1141; x_wconf 89' lang='lat' dir='ltr'><strong>deputarctur</strong></span> <span class='ocrx_word' id='word_1_60' title='bbox 1533 1067 1598 1123; x_wconf 90' lang='lat' dir='ltr'><strong>ad</strong></span> <span class='ocrx_word' id='word_1_61' title='bbox 1643 1067 1900 1138; x_wconf 82' lang='lat' dir='ltr'><strong>justitiam</strong></span> <span class='ocrx_word' id='word_1_62' title='bbox 1925 1081 1940 1130; x_wconf 90' lang='lat'><strong>;</strong></span> <span class='ocrx_word' id='word_1_63' title='bbox 1971 1064 2071 1119; x_wconf 88' lang='lat' dir='ltr'><strong>nisi</strong></span> 
     </span>
    </p>
   </div>
   <div class='ocr_carea' id='block_1_9' title="bbox 492 1156 2070 1239">
    <p class='ocr_par' dir='ltr' id='par_1_9' title="bbox 492 1156 2070 1239">
     <span class='ocr_line' id='line_1_9' title="bbox 492 1156 2070 1239; baseline -0.008 -16"><span class='ocrx_word' id='word_1_64' title='bbox 492 1166 616 1239; x_wconf 86' lang='lat' dir='ltr'><strong>quia</strong></span> <span class='ocrx_word' id='word_1_65' title='bbox 650 1175 706 1222; x_wconf 89' lang='lat' dir='ltr'><strong>et</strong></span> <span class='ocrx_word' id='word_1_66' title='bbox 744 1166 916 1236; x_wconf 93' lang='lat' dir='ltr'><strong>ipsum</strong></span> <span class='ocrx_word' id='word_1_67' title='bbox 958 1180 1054 1236; x_wconf 90' lang='lat' dir='ltr'><strong>per</strong></span> <span class='ocrx_word' id='word_1_68' title='bbox 1088 1178 1146 1218; x_wconf 90' lang='lat' dir='ltr'><strong>se</strong></span> <span class='ocrx_word' id='word_1_69' title='bbox 1189 1163 1362 1233; x_wconf 89' lang='lat' dir='ltr'><strong>ipsum</strong></span> <span class='ocrx_word' id='word_1_70' title='bbox 1413 1167 1802 1215; x_wconf 84' lang='lat' dir='ltr'><strong>sacramentum</strong></span> <span class='ocrx_word' id='word_1_71' title='bbox 1845 1156 2070 1211; x_wconf 88' lang='lat' dir='ltr'><strong>multum</strong></span> 
     </span>
    </p>
   </div>
   <div class='ocr_carea' id='block_1_10' title="bbox 488 1249 2069 1328">
    <p class='ocr_par' dir='ltr' id='par_1_10' title="bbox 488 1249 2069 1328">
     <span class='ocr_line' id='line_1_10' title="bbox 488 1249 2069 1328; baseline -0.009 -10"><span class='ocrx_word' id='word_1_72' title='bbox 488 1260 743 1318; x_wconf 82' lang='lat' dir='ltr'><strong>valebat?</strong></span> <span class='ocrx_word' id='word_1_73' title='bbox 766 1260 916 1328; x_wconf 86' lang='lat' dir='ltr'><strong>Quod</strong></span> <span class='ocrx_word' id='word_1_74' title='bbox 944 1259 997 1314; x_wconf 93' lang='lat' dir='ltr'><strong>in</strong></span> <span class='ocrx_word' id='word_1_75' title='bbox 1029 1259 1135 1312; x_wconf 90' lang='lat' dir='ltr'><strong>ﬁlio</strong></span> <span class='ocrx_word' id='word_1_76' title='bbox 1163 1257 1332 1328; x_wconf 85' lang='lat' dir='ltr'><strong>Moysi</strong></span> <span class='ocrx_word' id='word_1_77' title='bbox 1361 1271 1454 1324; x_wconf 90' lang='lat' dir='ltr'><strong>per</strong></span> <span class='ocrx_word' id='word_1_78' title='bbox 1482 1253 1728 1325; x_wconf 81' lang='lat' dir='ltr'><strong>angelum</strong></span> <span class='ocrx_word' id='word_1_79' title='bbox 1759 1249 2069 1306; x_wconf 83' lang='lat' dir='ltr'><strong>manifesta-</strong></span> 
     </span>
    </p>
   </div>
   <div class='ocr_carea' id='block_1_11' title="bbox 490 1341 2071 1419">
    <p class='ocr_par' dir='ltr' id='par_1_11' title="bbox 490 1341 2071 1419">
     <span class='ocr_line' id='line_1_11' title="bbox 490 1341 2071 1419; baseline -0.008 -11"><span class='ocrx_word' id='word_1_80' title='bbox 490 1360 602 1408; x_wconf 90' lang='lat' dir='ltr'><strong>tum</strong></span> <span class='ocrx_word' id='word_1_81' title='bbox 630 1359 751 1417; x_wconf 92' lang='lat' dir='ltr'><strong>est,</strong></span> <span class='ocrx_word' id='word_1_82' title='bbox 783 1351 874 1419; x_wconf 85' lang='lat' dir='ltr'><strong>qui</strong></span> <span class='ocrx_word' id='word_1_83' title='bbox 905 1365 1023 1405; x_wconf 90' lang='lat' dir='ltr'><strong>cum</strong></span> <span class='ocrx_word' id='word_1_84' title='bbox 1045 1348 1226 1404; x_wconf 82' lang='lat' dir='ltr'><strong>adhuc</strong></span> <span class='ocrx_word' id='word_1_85' title='bbox 1252 1346 1653 1401; x_wconf 89' lang='lat' dir='ltr'><strong>incircumcisus</strong></span> <span class='ocrx_word' id='word_1_86' title='bbox 1689 1359 1717 1398; x_wconf 91' lang='lat' dir='ltr'><strong>a</strong></span> <span class='ocrx_word' id='word_1_87' title='bbox 1755 1351 1926 1398; x_wconf 83' lang='lat' dir='ltr'><strong>matre</strong></span> <span class='ocrx_word' id='word_1_88' title='bbox 1967 1341 2071 1397; x_wconf 84' lang='lat' dir='ltr'><strong>fcr-</strong></span> 
     </span>
    </p>
   </div>
   <div class='ocr_carea' id='block_1_12' title="bbox 486 1431 2068 1511">
    <p class='ocr_par' dir='ltr' id='par_1_12' title="bbox 486 1431 2068 1511">
     <span class='ocr_line' id='line_1_12' title="bbox 486 1431 2068 1511; baseline -0.007 -15"><span class='ocrx_word' id='word_1_89' title='bbox 486 1451 638 1498; x_wconf 89' lang='lat' dir='ltr'><strong>retur</strong></span> <span class='ocrx_word' id='word_1_90' title='bbox 660 1483 674 1510; x_wconf 93' lang='lat'><strong>,</strong></span> <span class='ocrx_word' id='word_1_91' title='bbox 703 1441 952 1511; x_wconf 71' lang='lat' dir='ltr'><strong>prmsenti</strong></span> <span class='ocrx_word' id='word_1_92' title='bbox 978 1447 1033 1495; x_wconf 90' lang='lat' dir='ltr'><strong>et</strong></span> <span class='ocrx_word' id='word_1_93' title='bbox 1053 1436 1279 1493; x_wconf 92' lang='lat' dir='ltr'><strong>evidenti</strong></span> <span class='ocrx_word' id='word_1_94' title='bbox 1308 1435 1543 1506; x_wconf 89' lang='lat' dir='ltr'><strong>periculo</strong></span> <span class='ocrx_word' id='word_1_95' title='bbox 1569 1442 1628 1489; x_wconf 92' lang='lat' dir='ltr'><strong>ut</strong></span> <span class='ocrx_word' id='word_1_96' title='bbox 1654 1431 2068 1489; x_wconf 89' lang='lat' dir='ltr'><strong>circumcidere-</strong></span> 
     </span>
    </p>
   </div>
   <div class='ocr_carea' id='block_1_13' title="bbox 485 1528 2064 1604">
    <p class='ocr_par' dir='ltr' id='par_1_13' title="bbox 485 1528 2064 1604">
     <span class='ocr_line' id='line_1_13' title="bbox 485 1528 2064 1604; baseline -0.006 -13"><span class='ocrx_word' id='word_1_97' title='bbox 485 1542 574 1591; x_wconf 90' lang='lat' dir='ltr'><strong>tur</strong></span> <span class='ocrx_word' id='word_1_98' title='bbox 621 1542 864 1591; x_wconf 85' lang='lat' dir='ltr'><strong>exactum</strong></span> <span class='ocrx_word' id='word_1_99' title='bbox 919 1541 1001 1589; x_wconf 89' lang='lat' dir='ltr'><strong>est</strong></span> <span class='ocrx_word' id='word_1_100' title='bbox 1059 1531 1269 1604; x_wconf 76' lang='lat' dir='ltr'><strong>(Exod.</strong></span> <span class='ocrx_word' id='word_1_101' title='bbox 1302 1547 1372 1595; x_wconf 83' lang='lat' dir='ltr'><strong>Iv,</strong></span> <span class='ocrx_word' id='word_1_102' title='bbox 1418 1529 1550 1600; x_wconf 64' lang='lat'><strong>24);</strong></span> <span class='ocrx_word' id='word_1_103' title='bbox 1595 1538 1648 1584; x_wconf 92' lang='lat' dir='ltr'><strong>ct</strong></span> <span class='ocrx_word' id='word_1_104' title='bbox 1704 1543 1822 1583; x_wconf 91' lang='lat' dir='ltr'><strong>cum</strong></span> <span class='ocrx_word' id='word_1_105' title='bbox 1871 1528 2064 1583; x_wconf 88' lang='lat' dir='ltr'><strong>factum</strong></span> 
     </span>
    </p>
   </div>
   <div class='ocr_carea' id='block_1_14' title="bbox 489 1619 2066 1694">
    <p class='ocr_par' dir='ltr' id='par_1_14' title="bbox 489 1619 2066 1694">
     <span class='ocr_line' id='line_1_14' title="bbox 489 1619 2066 1694; baseline -0.005 -13"><span class='ocrx_word' id='word_1_106' title='bbox 489 1634 674 1693; x_wconf 88' lang='lat' dir='ltr'><strong>esset,</strong></span> <span class='ocrx_word' id='word_1_107' title='bbox 707 1625 925 1694; x_wconf 90' lang='lat' dir='ltr'><strong>depulsa</strong></span> <span class='ocrx_word' id='word_1_108' title='bbox 957 1633 1039 1678; x_wconf 89' lang='lat' dir='ltr'><strong>est</strong></span> <span class='ocrx_word' id='word_1_109' title='bbox 1069 1623 1347 1692; x_wconf 84' lang='lat' dir='ltr'><strong>pernicies.</strong></span> <span class='ocrx_word' id='word_1_110' title='bbox 1376 1619 1524 1676; x_wconf 85' lang='lat' dir='ltr'><strong>Sicut</strong></span> <span class='ocrx_word' id='word_1_111' title='bbox 1561 1634 1688 1690; x_wconf 85' lang='lat' dir='ltr'><strong>ergo</strong></span> <span class='ocrx_word' id='word_1_112' title='bbox 1721 1619 1772 1674; x_wconf 92' lang='lat' dir='ltr'><strong>in</strong></span> <span class='ocrx_word' id='word_1_113' title='bbox 1805 1620 2066 1674; x_wconf 87' lang='lat' dir='ltr'><strong>Abraham</strong></span> 
     </span>
    </p>
   </div>
   <div class='ocr_carea' id='block_1_15' title="bbox 490 1709 2068 1784">
    <p class='ocr_par' dir='ltr' id='par_1_15' title="bbox 490 1709 2068 1784">
     <span class='ocr_line' id='line_1_15' title="bbox 490 1709 2068 1784; baseline -0.004 -14"><span class='ocrx_word' id='word_1_114' title='bbox 490 1715 765 1784; x_wconf 66' lang='lat' dir='ltr'><strong>praecessit</strong></span> <span class='ocrx_word' id='word_1_115' title='bbox 793 1713 916 1769; x_wconf 80' lang='lat' dir='ltr'><strong>fidei</strong></span> <span class='ocrx_word' id='word_1_116' title='bbox 944 1713 1147 1782; x_wconf 90' lang='lat' dir='ltr'><strong>justitia</strong></span> <span class='ocrx_word' id='word_1_117' title='bbox 1173 1754 1188 1778; x_wconf 96' lang='lat'><strong>,</strong></span> <span class='ocrx_word' id='word_1_118' title='bbox 1217 1719 1268 1767; x_wconf 89' lang='lat' dir='ltr'><strong>et</strong></span> <span class='ocrx_word' id='word_1_119' title='bbox 1289 1711 1513 1766; x_wconf 88' lang='lat' dir='ltr'><strong>accessit</strong></span> <span class='ocrx_word' id='word_1_120' title='bbox 1535 1709 1868 1765; x_wconf 90' lang='lat' dir='ltr'><strong>circumcisio</strong></span> <span class='ocrx_word' id='word_1_121' title='bbox 1895 1709 2068 1779; x_wconf 84' lang='lat' dir='ltr'><strong>signa-</strong></span> 
     </span>
    </p>
   </div>
   <div class='ocr_carea' id='block_1_16' title="bbox 489 1800 2064 1875">
    <p class='ocr_par' dir='ltr' id='par_1_16' title="bbox 489 1800 2064 1875">
     <span class='ocr_line' id='line_1_16' title="bbox 489 1800 2064 1875; baseline 0 -15"><span class='ocrx_word' id='word_1_122' title='bbox 489 1805 667 1860; x_wconf 91' lang='lat' dir='ltr'><strong>culum</strong></span> <span class='ocrx_word' id='word_1_123' title='bbox 693 1803 911 1875; x_wconf 71' lang='lat' dir='ltr'><strong>justitice</strong></span> <span class='ocrx_word' id='word_1_124' title='bbox 939 1803 1096 1869; x_wconf 89' lang='lat' dir='ltr'><strong>ﬁdei;</strong></span> <span class='ocrx_word' id='word_1_125' title='bbox 1125 1803 1194 1857; x_wconf 89' lang='lat' dir='ltr'><strong>ita</strong></span> <span class='ocrx_word' id='word_1_126' title='bbox 1223 1802 1275 1856; x_wconf 92' lang='lat' dir='ltr'><strong>in</strong></span> <span class='ocrx_word' id='word_1_127' title='bbox 1303 1801 1549 1860; x_wconf 90' lang='lat' dir='ltr'><strong>Cornelio</strong></span> <span class='ocrx_word' id='word_1_128' title='bbox 1576 1800 1846 1874; x_wconf 70' lang='lat' dir='ltr'><strong>prmeessit</strong></span> <span class='ocrx_word' id='word_1_129' title='bbox 1869 1801 2064 1860; x_wconf 74' lang='lat' dir='ltr'><strong>sancti-</strong></span> 
     </span>
    </p>
   </div>
   <div class='ocr_carea' id='block_1_17' title="bbox 492 1893 2067 1969">
    <p class='ocr_par' dir='ltr' id='par_1_17' title="bbox 492 1893 2067 1969">
     <span class='ocr_line' id='line_1_17' title="bbox 492 1893 2067 1969; baseline 0.001 -20"><span class='ocrx_word' id='word_1_130' title='bbox 492 1897 669 1952; x_wconf 87' lang='lat' dir='ltr'><strong>ﬁcatio</strong></span> <span class='ocrx_word' id='word_1_131' title='bbox 699 1895 990 1969; x_wconf 76' lang='lat' dir='ltr'><strong>spiritualis</strong></span> <span class='ocrx_word' id='word_1_132' title='bbox 1017 1894 1069 1952; x_wconf 87' lang='lat' dir='ltr'><strong>in</strong></span> <span class='ocrx_word' id='word_1_133' title='bbox 1100 1894 1240 1952; x_wconf 80' lang='lat' dir='ltr'><strong>dono</strong></span> <span class='ocrx_word' id='word_1_134' title='bbox 1265 1893 1496 1966; x_wconf 84' lang='lat' dir='ltr'><strong>Spiritus</strong></span> <span class='ocrx_word' id='word_1_135' title='bbox 1525 1895 1694 1951; x_wconf 89' lang='lat' dir='ltr'><strong>sancti</strong></span> <span class='ocrx_word' id='word_1_136' title='bbox 1719 1937 1733 1962; x_wconf 96' lang='lat'><strong>,</strong></span> <span class='ocrx_word' id='word_1_137' title='bbox 1763 1903 1817 1950; x_wconf 92' lang='lat' dir='ltr'><strong>et</strong></span> <span class='ocrx_word' id='word_1_138' title='bbox 1843 1895 2067 1950; x_wconf 90' lang='lat' dir='ltr'><strong>accessit</strong></span> 
     </span>
    </p>
   </div>
   <div class='ocr_carea' id='block_1_18' title="bbox 489 1982 2068 2059">
    <p class='ocr_par' dir='ltr' id='par_1_18' title="bbox 489 1982 2068 2059">
     <span class='ocr_line' id='line_1_18' title="bbox 489 1982 2068 2059; baseline -0.004 -13"><span class='ocrx_word' id='word_1_139' title='bbox 489 1982 891 2046; x_wconf 87' lang='lat' dir='ltr'><strong>Sacramentum</strong></span> <span class='ocrx_word' id='word_1_140' title='bbox 920 1987 1339 2059; x_wconf 84' lang='lat' dir='ltr'><strong>regenerationis</strong></span> <span class='ocrx_word' id='word_1_141' title='bbox 1368 1987 1419 2041; x_wconf 91' lang='lat' dir='ltr'><strong>in</strong></span> <span class='ocrx_word' id='word_1_142' title='bbox 1451 1986 1658 2041; x_wconf 90' lang='lat' dir='ltr'><strong>lavacro</strong></span> <span class='ocrx_word' id='word_1_143' title='bbox 1692 1985 1963 2055; x_wconf 89' lang='lat' dir='ltr'><strong>Baptismi.</strong></span> <span class='ocrx_word' id='word_1_144' title='bbox 2001 1986 2068 2040; x_wconf 86' lang='lat' dir='ltr'><strong>Et</strong></span> 
     </span>
    </p>
   </div>
   <div class='ocr_carea' id='block_1_19' title="bbox 489 2076 2064 2152">
    <p class='ocr_par' dir='ltr' id='par_1_19' title="bbox 489 2076 2064 2152">
     <span class='ocr_line' id='line_1_19' title="bbox 489 2076 2064 2152; baseline -0.003 -16"><span class='ocrx_word' id='word_1_145' title='bbox 489 2083 626 2137; x_wconf 88' lang='lat' dir='ltr'><strong>sicut</strong></span> <span class='ocrx_word' id='word_1_146' title='bbox 654 2082 705 2136; x_wconf 90' lang='lat' dir='ltr'><strong>in</strong></span> <span class='ocrx_word' id='word_1_147' title='bbox 733 2080 880 2136; x_wconf 87' lang='lat' dir='ltr'><strong>Isaac</strong></span> <span class='ocrx_word' id='word_1_148' title='bbox 903 2123 918 2149; x_wconf 92' lang='lat'><strong>,</strong></span> <span class='ocrx_word' id='word_1_149' title='bbox 948 2081 1036 2152; x_wconf 90' lang='lat' dir='ltr'><strong>qui</strong></span> <span class='ocrx_word' id='word_1_150' title='bbox 1064 2087 1250 2133; x_wconf 89' lang='lat' dir='ltr'><strong>octavo</strong></span> <span class='ocrx_word' id='word_1_151' title='bbox 1276 2093 1387 2133; x_wconf 70' lang='lat' dir='ltr'><strong>sua:</strong></span> <span class='ocrx_word' id='word_1_152' title='bbox 1411 2078 1701 2132; x_wconf 87' lang='lat' dir='ltr'><strong>nativitatis</strong></span> <span class='ocrx_word' id='word_1_153' title='bbox 1727 2076 1813 2132; x_wconf 85' lang='lat' dir='ltr'><strong>die</strong></span> <span class='ocrx_word' id='word_1_154' title='bbox 1836 2078 2064 2132; x_wconf 90' lang='lat' dir='ltr'><strong>circum-</strong></span> 
     </span>
    </p>
   </div>
   <div class='ocr_carea' id='block_1_20' title="bbox 478 2166 2067 2240">
    <p class='ocr_par' dir='ltr' id='par_1_20' title="bbox 478 2166 2067 2240">
     <span class='ocr_line' id='line_1_20' title="bbox 478 2166 2067 2240; baseline -0.002 -14"><span class='ocrx_word' id='word_1_155' title='bbox 478 2169 634 2226; x_wconf 87' lang='lat' dir='ltr'><strong>cisus</strong></span> <span class='ocrx_word' id='word_1_156' title='bbox 677 2179 795 2231; x_wconf 88' lang='lat' dir='ltr'><strong>est,</strong></span> <span class='ocrx_word' id='word_1_157' title='bbox 849 2167 1127 2240; x_wconf 69' lang='lat' dir='ltr'><strong>prmcessit</strong></span> <span class='ocrx_word' id='word_1_158' title='bbox 1170 2167 1499 2239; x_wconf 83' lang='lat' dir='ltr'><strong>signaculum</strong></span> <span class='ocrx_word' id='word_1_159' title='bbox 1543 2166 1760 2236; x_wconf 86' lang='lat' dir='ltr'><strong>justitiae</strong></span> <span class='ocrx_word' id='word_1_160' title='bbox 1810 2166 1964 2232; x_wconf 87' lang='lat' dir='ltr'><strong>ﬁdei;</strong></span> <span class='ocrx_word' id='word_1_161' title='bbox 2013 2176 2067 2223; x_wconf 93' lang='lat' dir='ltr'><strong>ct</strong></span> 
     </span>
    </p>
   </div>
   <div class='ocr_carea' id='block_1_21' title="bbox 486 2259 2064 2330">
    <p class='ocr_par' dir='ltr' id='par_1_21' title="bbox 486 2259 2064 2330">
     <span class='ocr_line' id='line_1_21' title="bbox 486 2259 2064 2330; baseline -0.001 -16"><span class='ocrx_word' id='word_1_162' title='bbox 486 2261 736 2330; x_wconf 91' lang='lat' dir='ltr'><strong>quoniam</strong></span> <span class='ocrx_word' id='word_1_163' title='bbox 781 2261 946 2330; x_wconf 88' lang='lat' dir='ltr'><strong>patris</strong></span> <span class='ocrx_word' id='word_1_164' title='bbox 993 2259 1150 2314; x_wconf 87' lang='lat' dir='ltr'><strong>ﬁdem</strong></span> <span class='ocrx_word' id='word_1_165' title='bbox 1201 2259 1435 2313; x_wconf 91' lang='lat' dir='ltr'><strong>imitatus</strong></span> <span class='ocrx_word' id='word_1_166' title='bbox 1486 2265 1604 2322; x_wconf 92' lang='lat' dir='ltr'><strong>cst,</strong></span> <span class='ocrx_word' id='word_1_167' title='bbox 1650 2266 1830 2312; x_wconf 90' lang='lat' dir='ltr'><strong>secuta</strong></span> <span class='ocrx_word' id='word_1_168' title='bbox 1884 2265 1966 2312; x_wconf 92' lang='lat' dir='ltr'><strong>est</strong></span> <span class='ocrx_word' id='word_1_169' title='bbox 2010 2259 2064 2313; x_wconf 93' lang='lat' dir='ltr'><strong>in</strong></span> 
     </span>
    </p>
   </div>
   <div class='ocr_carea' id='block_1_22' title="bbox 489 2348 2066 2421">
    <p class='ocr_par' dir='ltr' id='par_1_22' title="bbox 489 2348 2066 2421">
     <span class='ocr_line' id='line_1_22' title="bbox 489 2348 2066 2421; baseline -0.001 -15"><span class='ocrx_word' id='word_1_170' title='bbox 489 2359 758 2406; x_wconf 87' lang='lat' dir='ltr'><strong>crescente</strong></span> <span class='ocrx_word' id='word_1_171' title='bbox 787 2351 898 2421; x_wconf 91' lang='lat' dir='ltr'><strong>ipsa</strong></span> <span class='ocrx_word' id='word_1_172' title='bbox 931 2350 1171 2420; x_wconf 74' lang='lat' dir='ltr'><strong>justitia,</strong></span> <span class='ocrx_word' id='word_1_173' title='bbox 1217 2349 1367 2418; x_wconf 89' lang='lat' dir='ltr'><strong>cujus</strong></span> <span class='ocrx_word' id='word_1_174' title='bbox 1403 2349 1730 2419; x_wconf 81' lang='lat' dir='ltr'><strong>signaculum</strong></span> <span class='ocrx_word' id='word_1_175' title='bbox 1774 2349 1826 2402; x_wconf 91' lang='lat' dir='ltr'><strong>in</strong></span> <span class='ocrx_word' id='word_1_176' title='bbox 1867 2348 2066 2405; x_wconf 84' lang='lat' dir='ltr'><strong>infante</strong></span> 
     </span>
    </p>
   </div>
   <div class='ocr_carea' id='block_1_23' title="bbox 484 2440 2066 2512">
    <p class='ocr_par' dir='ltr' id='par_1_23' title="bbox 484 2440 2066 2512">
     <span class='ocr_line' id='line_1_23' title="bbox 484 2440 2066 2512; baseline -0.001 -15"><span class='ocrx_word' id='word_1_177' title='bbox 484 2453 836 2512; x_wconf 85' lang='lat' dir='ltr'><strong>praecesserat</strong></span> <span class='ocrx_word' id='word_1_178' title='bbox 878 2459 891 2495; x_wconf 88' lang='lat'><strong>:</strong></span> <span class='ocrx_word' id='word_1_179' title='bbox 939 2443 1010 2496; x_wconf 90' lang='lat' dir='ltr'><strong>ita</strong></span> <span class='ocrx_word' id='word_1_180' title='bbox 1058 2442 1108 2496; x_wconf 91' lang='lat' dir='ltr'><strong>in</strong></span> <span class='ocrx_word' id='word_1_181' title='bbox 1158 2441 1437 2510; x_wconf 90' lang='lat' dir='ltr'><strong>baptizatis</strong></span> <span class='ocrx_word' id='word_1_182' title='bbox 1481 2440 1768 2496; x_wconf 88' lang='lat' dir='ltr'><strong>infantibus</strong></span> <span class='ocrx_word' id='word_1_183' title='bbox 1816 2441 2066 2510; x_wconf 71' lang='lat' dir='ltr'><strong>prrecedit</strong></span> 
     </span>
    </p>
   </div>
   <div class='ocr_carea' id='block_1_24' title="bbox 481 2530 2063 2604">
    <p class='ocr_par' dir='ltr' id='par_1_24' title="bbox 481 2530 2063 2604">
     <span class='ocr_line' id='line_1_24' title="bbox 481 2530 2063 2604; baseline -0.001 -16"><span class='ocrx_word' id='word_1_184' title='bbox 481 2533 898 2604; x_wconf 80' lang='lat' dir='ltr'><strong>regenerationis</strong></span> <span class='ocrx_word' id='word_1_185' title='bbox 967 2533 1399 2597; x_wconf 86' lang='lat' dir='ltr'><strong>Sacramentum;</strong></span> <span class='ocrx_word' id='word_1_186' title='bbox 1473 2539 1528 2585; x_wconf 91' lang='lat' dir='ltr'><strong>et</strong></span> <span class='ocrx_word' id='word_1_187' title='bbox 1597 2531 1643 2586; x_wconf 91' lang='lat' dir='ltr'><strong>si</strong></span> <span class='ocrx_word' id='word_1_188' title='bbox 1723 2530 2063 2586; x_wconf 90' lang='lat' dir='ltr'><strong>christianam</strong></span> 
     </span>
    </p>
   </div>
   <div class='ocr_carea' id='block_1_25' title="bbox 480 2621 2064 2694">
    <p class='ocr_par' dir='ltr' id='par_1_25' title="bbox 480 2621 2064 2694">
     <span class='ocr_line' id='line_1_25' title="bbox 480 2621 2064 2694; baseline -0.001 -16"><span class='ocrx_word' id='word_1_189' title='bbox 480 2626 756 2680; x_wconf 82' lang='lat' dir='ltr'><strong>tenuerint</strong></span> <span class='ocrx_word' id='word_1_190' title='bbox 785 2627 1030 2694; x_wconf 85' lang='lat' dir='ltr'><strong>pietatem</strong></span> <span class='ocrx_word' id='word_1_191' title='bbox 1058 2666 1070 2688; x_wconf 86' lang='lat'><strong>,</strong></span> <span class='ocrx_word' id='word_1_192' title='bbox 1101 2631 1352 2694; x_wconf 87' lang='lat' dir='ltr'><strong>sequetur</strong></span> <span class='ocrx_word' id='word_1_193' title='bbox 1375 2623 1535 2678; x_wconf 90' lang='lat' dir='ltr'><strong>etiam</strong></span> <span class='ocrx_word' id='word_1_194' title='bbox 1567 2623 1617 2676; x_wconf 92' lang='lat' dir='ltr'><strong>in</strong></span> <span class='ocrx_word' id='word_1_195' title='bbox 1645 2621 1810 2678; x_wconf 89' lang='lat' dir='ltr'><strong>corde</strong></span> <span class='ocrx_word' id='word_1_196' title='bbox 1836 2637 2064 2679; x_wconf 84' lang='lat' dir='ltr'><strong>convcr-</strong></span> 
     </span>
    </p>
   </div>
   <div class='ocr_carea' id='block_1_26' title="bbox 479 2713 2068 2789">
    <p class='ocr_par' dir='ltr' id='par_1_26' title="bbox 479 2713 2068 2789">
     <span class='ocr_line' id='line_1_26' title="bbox 479 2713 2068 2789; baseline 0.001 -19"><span class='ocrx_word' id='word_1_197' title='bbox 479 2718 560 2772; x_wconf 88' lang='lat' dir='ltr'><strong>sio</strong></span> <span class='ocrx_word' id='word_1_198' title='bbox 585 2760 599 2785; x_wconf 93' lang='lat'><strong>,</strong></span> <span class='ocrx_word' id='word_1_199' title='bbox 627 2718 778 2787; x_wconf 90' lang='lat' dir='ltr'><strong>cujus</strong></span> <span class='ocrx_word' id='word_1_200' title='bbox 805 2716 1114 2789; x_wconf 87' lang='lat' dir='ltr'><strong>mysterium</strong></span> <span class='ocrx_word' id='word_1_201' title='bbox 1160 2715 1430 2785; x_wconf 83' lang='lat' dir='ltr'><strong>praecessit</strong></span> <span class='ocrx_word' id='word_1_202' title='bbox 1464 2713 1516 2768; x_wconf 91' lang='lat' dir='ltr'><strong>in</strong></span> <span class='ocrx_word' id='word_1_203' title='bbox 1555 2729 1800 2784; x_wconf 85' lang='lat' dir='ltr'><strong>corpore.</strong></span> <span class='ocrx_word' id='word_1_204' title='bbox 1835 2715 1895 2768; x_wconf 87' lang='lat' dir='ltr'><strong>Et</strong></span> <span class='ocrx_word' id='word_1_205' title='bbox 1929 2716 2068 2771; x_wconf 88' lang='lat' dir='ltr'><strong>sicut</strong></span> 
     </span>
    </p>
   </div>
   <div class='ocr_carea' id='block_1_27' title="bbox 487 2805 2066 2879">
    <p class='ocr_par' dir='ltr' id='par_1_27' title="bbox 487 2805 2066 2879">
     <span class='ocr_line' id='line_1_27' title="bbox 487 2805 2066 2879; baseline -0.001 -15"><span class='ocrx_word' id='word_1_206' title='bbox 487 2812 539 2864; x_wconf 91' lang='lat' dir='ltr'><strong>in</strong></span> <span class='ocrx_word' id='word_1_207' title='bbox 568 2811 658 2864; x_wconf 93' lang='lat' dir='ltr'><strong>illo</strong></span> <span class='ocrx_word' id='word_1_208' title='bbox 688 2811 893 2864; x_wconf 85' lang='lat' dir='ltr'><strong>latrone</strong></span> <span class='ocrx_word' id='word_1_209' title='bbox 917 2809 1055 2879; x_wconf 89' lang='lat' dir='ltr'><strong>quod</strong></span> <span class='ocrx_word' id='word_1_210' title='bbox 1085 2824 1152 2864; x_wconf 84' lang='lat' dir='ltr'><strong>ex</strong></span> <span class='ocrx_word' id='word_1_211' title='bbox 1179 2809 1432 2878; x_wconf 87' lang='lat' dir='ltr'><strong>Baptismi</strong></span> <span class='ocrx_word' id='word_1_212' title='bbox 1463 2816 1797 2861; x_wconf 87' lang='lat' dir='ltr'><strong>sacramento</strong></span> <span class='ocrx_word' id='word_1_213' title='bbox 1818 2805 2066 2862; x_wconf 79' lang='lat' dir='ltr'><strong>defuerat</strong></span> 
     </span>
    </p>
   </div>
   <div class='ocr_carea' id='block_1_28' title="bbox 477 2899 2064 2970">
    <p class='ocr_par' dir='ltr' id='par_1_28' title="bbox 477 2899 2064 2970">
     <span class='ocr_line' id='line_1_28' title="bbox 477 2899 2064 2970; baseline -0.002 -13"><span class='ocrx_word' id='word_1_214' title='bbox 477 2901 764 2970; x_wconf 80' lang='lat' dir='ltr'><strong>complevit</strong></span> <span class='ocrx_word' id='word_1_215' title='bbox 788 2900 1177 2970; x_wconf 87' lang='lat' dir='ltr'><strong>Omnipotentis</strong></span> <span class='ocrx_word' id='word_1_216' title='bbox 1200 2900 1497 2970; x_wconf 76' lang='lat' dir='ltr'><strong>benignitas</strong></span> <span class='ocrx_word' id='word_1_217' title='bbox 1517 2940 1531 2964; x_wconf 92' lang='lat'><strong>,</strong></span> <span class='ocrx_word' id='word_1_218' title='bbox 1563 2899 1684 2968; x_wconf 91' lang='lat' dir='ltr'><strong>quia</strong></span> <span class='ocrx_word' id='word_1_219' title='bbox 1716 2915 1820 2953; x_wconf 91' lang='lat' dir='ltr'><strong>non</strong></span> <span class='ocrx_word' id='word_1_220' title='bbox 1871 2914 2064 2968; x_wconf 87' lang='lat' dir='ltr'><strong>super-</strong></span> 
     </span>
    </p>
   </div>
   <div class='ocr_carea' id='block_1_29' title="bbox 482 2989 2064 3060">
    <p class='ocr_par' dir='ltr' id='par_1_29' title="bbox 482 2989 2064 3060">
     <span class='ocr_line' id='line_1_29' title="bbox 482 2989 2064 3060; baseline -0.001 -15"><span class='ocrx_word' id='word_1_221' title='bbox 482 2991 566 3048; x_wconf 85' lang='lat' dir='ltr'><strong>bia</strong></span> <span class='ocrx_word' id='word_1_222' title='bbox 596 2993 679 3046; x_wconf 90' lang='lat' dir='ltr'><strong>vel</strong></span> <span class='ocrx_word' id='word_1_223' title='bbox 707 3000 1008 3060; x_wconf 90' lang='lat' dir='ltr'><strong>contemptu</strong></span> <span class='ocrx_word' id='word_1_224' title='bbox 1035 3032 1050 3056; x_wconf 91' lang='lat'><strong>,</strong></span> <span class='ocrx_word' id='word_1_225' title='bbox 1095 2989 1191 3044; x_wconf 91' lang='lat' dir='ltr'><strong>scd</strong></span> <span class='ocrx_word' id='word_1_226' title='bbox 1237 2991 1551 3044; x_wconf 90' lang='lat' dir='ltr'><strong>necessitate</strong></span> <span class='ocrx_word' id='word_1_227' title='bbox 1586 2989 1830 3044; x_wconf 90' lang='lat' dir='ltr'><strong>defuerat</strong></span> <span class='ocrx_word' id='word_1_228' title='bbox 1859 3007 1872 3042; x_wconf 91' lang='lat'><strong>:</strong></span> <span class='ocrx_word' id='word_1_229' title='bbox 1905 2991 1982 3044; x_wconf 91' lang='lat' dir='ltr'><strong>sic</strong></span> <span class='ocrx_word' id='word_1_230' title='bbox 2011 2990 2064 3045; x_wconf 90' lang='lat' dir='ltr'><strong>in</strong></span> 
     </span>
    </p>
   </div>
   <div class='ocr_carea' id='block_1_30' title="bbox 482 3079 2064 3152">
    <p class='ocr_par' dir='ltr' id='par_1_30' title="bbox 482 3079 2064 3152">
     <span class='ocr_line' id='line_1_30' title="bbox 482 3079 2064 3152; baseline -0.003 -16"><span class='ocrx_word' id='word_1_231' title='bbox 482 3082 767 3137; x_wconf 85' lang='lat' dir='ltr'><strong>infantibus</strong></span> <span class='ocrx_word' id='word_1_232' title='bbox 788 3081 876 3152; x_wconf 86' lang='lat' dir='ltr'><strong>qui</strong></span> <span class='ocrx_word' id='word_1_233' title='bbox 900 3080 1147 3151; x_wconf 85' lang='lat' dir='ltr'><strong>baptizati</strong></span> <span class='ocrx_word' id='word_1_234' title='bbox 1175 3079 1474 3134; x_wconf 90' lang='lat' dir='ltr'><strong>moriuntur</strong></span> <span class='ocrx_word' id='word_1_235' title='bbox 1493 3121 1506 3146; x_wconf 94' lang='lat'><strong>,</strong></span> <span class='ocrx_word' id='word_1_236' title='bbox 1536 3079 1722 3134; x_wconf 89' lang='lat' dir='ltr'><strong>eadem</strong></span> <span class='ocrx_word' id='word_1_237' title='bbox 1746 3081 1913 3149; x_wconf 87' lang='lat' dir='ltr'><strong>gratia</strong></span> <span class='ocrx_word' id='word_1_238' title='bbox 1933 3079 2064 3134; x_wconf 86' lang='lat' dir='ltr'><strong>0m-</strong></span> 
     </span>
    </p>
   </div>
   <div class='ocr_carea' id='block_1_31' title="bbox 483 3169 2064 3242">
    <p class='ocr_par' dir='ltr' id='par_1_31' title="bbox 483 3169 2064 3242">
     <span class='ocr_line' id='line_1_31' title="bbox 483 3169 2064 3242; baseline -0.001 -16"><span class='ocrx_word' id='word_1_239' title='bbox 483 3173 770 3242; x_wconf 78' lang='lat' dir='ltr'><strong>nipotcutis</strong></span> <span class='ocrx_word' id='word_1_240' title='bbox 795 3172 1017 3242; x_wconf 91' lang='lat' dir='ltr'><strong>implere</strong></span> <span class='ocrx_word' id='word_1_241' title='bbox 1043 3169 1308 3226; x_wconf 89' lang='lat' dir='ltr'><strong>credenda</strong></span> <span class='ocrx_word' id='word_1_242' title='bbox 1336 3179 1417 3224; x_wconf 91' lang='lat' dir='ltr'><strong>est</strong></span> <span class='ocrx_word' id='word_1_243' title='bbox 1437 3212 1451 3235; x_wconf 92' lang='lat'><strong>,</strong></span> <span class='ocrx_word' id='word_1_244' title='bbox 1487 3169 1625 3240; x_wconf 91' lang='lat' dir='ltr'><strong>quod</strong></span> <span class='ocrx_word' id='word_1_245' title='bbox 1657 3185 1760 3225; x_wconf 92' lang='lat' dir='ltr'><strong>non</strong></span> <span class='ocrx_word' id='word_1_246' title='bbox 1793 3183 1862 3225; x_wconf 71' lang='lat' dir='ltr'><strong>ex</strong></span> <span class='ocrx_word' id='word_1_247' title='bbox 1904 3169 2064 3241; x_wconf 89' lang='lat' dir='ltr'><strong>impia</strong></span> 
     </span>
    </p>
   </div>
   <div class='ocr_carea' id='block_1_32' title="bbox 485 3261 2064 3332">
    <p class='ocr_par' dir='ltr' id='par_1_32' title="bbox 485 3261 2064 3332">
     <span class='ocr_line' id='line_1_32' title="bbox 485 3261 2064 3332; baseline -0.002 -12"><span class='ocrx_word' id='word_1_248' title='bbox 485 3267 758 3322; x_wconf 83' lang='lat' dir='ltr'><strong>voluntate</strong></span> <span class='ocrx_word' id='word_1_249' title='bbox 783 3308 795 3330; x_wconf 94' lang='lat'><strong>,</strong></span> <span class='ocrx_word' id='word_1_250' title='bbox 827 3265 922 3320; x_wconf 90' lang='lat' dir='ltr'><strong>sed</strong></span> <span class='ocrx_word' id='word_1_251' title='bbox 954 3279 1016 3319; x_wconf 87' lang='lat' dir='ltr'><strong>ex</strong></span> <span class='ocrx_word' id='word_1_252' title='bbox 1045 3263 1216 3318; x_wconf 69' lang='lat' dir='ltr'><strong>artatis</strong></span> <span class='ocrx_word' id='word_1_253' title='bbox 1245 3261 1528 3332; x_wconf 85' lang='lat' dir='ltr'><strong>indigentia</strong></span> <span class='ocrx_word' id='word_1_254' title='bbox 1555 3305 1568 3328; x_wconf 96' lang='lat'><strong>,</strong></span> <span class='ocrx_word' id='word_1_255' title='bbox 1615 3277 1713 3316; x_wconf 89' lang='lat' dir='ltr'><strong>nec</strong></span> <span class='ocrx_word' id='word_1_256' title='bbox 1745 3261 1906 3317; x_wconf 90' lang='lat' dir='ltr'><strong>corde</strong></span> <span class='ocrx_word' id='word_1_257' title='bbox 1943 3277 2064 3318; x_wconf 80' lang='lat' dir='ltr'><strong>cre-</strong></span> 
     </span>
    </p>
   </div>
   <div class='ocr_carea' id='block_1_33' title="bbox 487 3353 2064 3426">
    <p class='ocr_par' dir='ltr' id='par_1_33' title="bbox 487 3353 2064 3426">
     <span class='ocr_line' id='line_1_33' title="bbox 487 3353 2064 3426; baseline -0.003 -13"><span class='ocrx_word' id='word_1_258' title='bbox 487 3357 615 3413; x_wconf 84' lang='lat' dir='ltr'><strong>dere</strong></span> <span class='ocrx_word' id='word_1_259' title='bbox 643 3357 708 3410; x_wconf 89' lang='lat' dir='ltr'><strong>ad</strong></span> <span class='ocrx_word' id='word_1_260' title='bbox 732 3356 990 3426; x_wconf 87' lang='lat' dir='ltr'><strong>justitiam</strong></span> <span class='ocrx_word' id='word_1_261' title='bbox 1019 3364 1273 3424; x_wconf 90' lang='lat' dir='ltr'><strong>possunt,</strong></span> <span class='ocrx_word' id='word_1_262' title='bbox 1306 3369 1407 3409; x_wconf 92' lang='lat' dir='ltr'><strong>nec</strong></span> <span class='ocrx_word' id='word_1_263' title='bbox 1437 3368 1530 3409; x_wconf 90' lang='lat' dir='ltr'><strong>ore</strong></span> <span class='ocrx_word' id='word_1_264' title='bbox 1559 3354 1799 3409; x_wconf 88' lang='lat' dir='ltr'><strong>conﬁteri</strong></span> <span class='ocrx_word' id='word_1_265' title='bbox 1825 3353 1890 3408; x_wconf 90' lang='lat' dir='ltr'><strong>ad</strong></span> <span class='ocrx_word' id='word_1_266' title='bbox 1921 3354 2064 3409; x_wconf 88' lang='lat' dir='ltr'><strong>salu-</strong></span> 
     </span>
    </p>
   </div>
   <div class='ocr_carea' id='block_1_34' title="bbox 485 3445 2065 3516">
    <p class='ocr_par' dir='ltr' id='par_1_34' title="bbox 485 3445 2065 3516">
     <span class='ocr_line' id='line_1_34' title="bbox 485 3445 2065 3516; baseline -0.003 -11"><span class='ocrx_word' id='word_1_267' title='bbox 485 3457 612 3505; x_wconf 87' lang='lat' dir='ltr'><strong>tem.</strong></span> <span class='ocrx_word' id='word_1_268' title='bbox 645 3449 770 3504; x_wconf 89' lang='lat' dir='ltr'><strong>ldeo</strong></span> <span class='ocrx_word' id='word_1_269' title='bbox 796 3463 914 3503; x_wconf 92' lang='lat' dir='ltr'><strong>eum</strong></span> <span class='ocrx_word' id='word_1_270' title='bbox 946 3446 1033 3501; x_wconf 90' lang='lat' dir='ltr'><strong>alii</strong></span> <span class='ocrx_word' id='word_1_271' title='bbox 1063 3461 1158 3516; x_wconf 91' lang='lat' dir='ltr'><strong>pro</strong></span> <span class='ocrx_word' id='word_1_272' title='bbox 1184 3447 1262 3502; x_wconf 91' lang='lat' dir='ltr'><strong>eis</strong></span> <span class='ocrx_word' id='word_1_273' title='bbox 1288 3445 1612 3516; x_wconf 88' lang='lat' dir='ltr'><strong>respondent</strong></span> <span class='ocrx_word' id='word_1_274' title='bbox 1637 3488 1649 3510; x_wconf 86' lang='lat'><strong>,</strong></span> <span class='ocrx_word' id='word_1_275' title='bbox 1681 3455 1740 3500; x_wconf 89' lang='lat' dir='ltr'><strong>ut</strong></span> <span class='ocrx_word' id='word_1_276' title='bbox 1784 3445 2065 3515; x_wconf 88' lang='lat' dir='ltr'><strong>impleatur</strong></span> 
     </span>
    </p>
   </div>
   <div class='ocr_carea' id='block_1_35' title="bbox 483 3535 2061 3610">
    <p class='ocr_par' dir='ltr' id='par_1_35' title="bbox 483 3535 2061 3610">
     <span class='ocr_line' id='line_1_35' title="bbox 483 3535 2061 3610; baseline -0.003 -15"><span class='ocrx_word' id='word_1_277' title='bbox 483 3556 610 3610; x_wconf 83' lang='lat' dir='ltr'><strong>erga</strong></span> <span class='ocrx_word' id='word_1_278' title='bbox 661 3555 754 3594; x_wconf 91' lang='lat' dir='ltr'><strong>eos</strong></span> <span class='ocrx_word' id='word_1_279' title='bbox 807 3538 1096 3594; x_wconf 88' lang='lat' dir='ltr'><strong>celebratio</strong></span> <span class='ocrx_word' id='word_1_280' title='bbox 1147 3536 1516 3604; x_wconf 88' lang='lat' dir='ltr'><strong>Sacramenti,</strong></span> <span class='ocrx_word' id='word_1_281' title='bbox 1569 3537 1711 3591; x_wconf 88' lang='lat' dir='ltr'><strong>valet</strong></span> <span class='ocrx_word' id='word_1_282' title='bbox 1765 3537 1942 3606; x_wconf 88' lang='lat' dir='ltr'><strong>utique</strong></span> <span class='ocrx_word' id='word_1_283' title='bbox 1996 3535 2061 3591; x_wconf 89' lang='lat' dir='ltr'><strong>ad</strong></span> 
     </span>
    </p>
   </div>
   <div class='ocr_carea' id='block_1_36' title="bbox 481 3629 2062 3699">
    <p class='ocr_par' dir='ltr' id='par_1_36' title="bbox 481 3629 2062 3699">
     <span class='ocr_line' id='line_1_36' title="bbox 481 3629 2062 3699; baseline -0.002 -12"><span class='ocrx_word' id='word_1_284' title='bbox 481 3647 665 3687; x_wconf 87' lang='lat' dir='ltr'><strong>corum</strong></span> <span class='ocrx_word' id='word_1_285' title='bbox 723 3633 1215 3697; x_wconf 81' lang='lat' dir='ltr'><strong>consecrationem,</strong></span> <span class='ocrx_word' id='word_1_286' title='bbox 1267 3629 1388 3699; x_wconf 90' lang='lat' dir='ltr'><strong>quia</strong></span> <span class='ocrx_word' id='word_1_287' title='bbox 1433 3629 1532 3699; x_wconf 92' lang='lat' dir='ltr'><strong>ipsi</strong></span> <span class='ocrx_word' id='word_1_288' title='bbox 1583 3629 1909 3699; x_wconf 89' lang='lat' dir='ltr'><strong>respondere</strong></span> <span class='ocrx_word' id='word_1_289' title='bbox 1959 3644 2062 3684; x_wconf 90' lang='lat' dir='ltr'><strong>non</strong></span> 
     </span>
    </p>
   </div>
   <div class='ocr_carea' id='block_1_37' title="bbox 483 3720 2063 3794">
    <p class='ocr_par' dir='ltr' id='par_1_37' title="bbox 483 3720 2063 3794">
     <span class='ocr_line' id='line_1_37' title="bbox 483 3720 2063 3794; baseline 0 -18"><span class='ocrx_word' id='word_1_290' title='bbox 483 3731 722 3794; x_wconf 89' lang='lat' dir='ltr'><strong>possunt.</strong></span> <span class='ocrx_word' id='word_1_291' title='bbox 758 3723 826 3776; x_wconf 89' lang='lat' dir='ltr'><strong>At</strong></span> <span class='ocrx_word' id='word_1_292' title='bbox 875 3723 917 3777; x_wconf 91' lang='lat' dir='ltr'><strong>si</strong></span> <span class='ocrx_word' id='word_1_293' title='bbox 956 3725 1054 3791; x_wconf 88' lang='lat' dir='ltr'><strong>pro</strong></span> <span class='ocrx_word' id='word_1_294' title='bbox 1099 3736 1165 3777; x_wconf 92' lang='lat' dir='ltr'><strong>eo</strong></span> <span class='ocrx_word' id='word_1_295' title='bbox 1210 3721 1299 3791; x_wconf 92' lang='lat' dir='ltr'><strong>qui</strong></span> <span class='ocrx_word' id='word_1_296' title='bbox 1347 3720 1670 3790; x_wconf 84' lang='lat' dir='ltr'><strong>respondere</strong></span> <span class='ocrx_word' id='word_1_297' title='bbox 1713 3728 1886 3790; x_wconf 80' lang='lat' dir='ltr'><strong>potcSt</strong></span> <span class='ocrx_word' id='word_1_298' title='bbox 1929 3722 2063 3776; x_wconf 90' lang='lat' dir='ltr'><strong>alius</strong></span> 
     </span>
    </p>
   </div>
   <div class='ocr_carea' id='block_1_38' title="bbox 480 3811 2060 3884">
    <p class='ocr_par' dir='ltr' id='par_1_38' title="bbox 480 3811 2060 3884">
     <span class='ocr_line' id='line_1_38' title="bbox 480 3811 2060 3884; baseline -0.001 -17"><span class='ocrx_word' id='word_1_299' title='bbox 480 3813 832 3884; x_wconf 89' lang='lat' dir='ltr'><strong>respondeat,</strong></span> <span class='ocrx_word' id='word_1_300' title='bbox 865 3828 969 3866; x_wconf 90' lang='lat' dir='ltr'><strong>non</strong></span> <span class='ocrx_word' id='word_1_301' title='bbox 998 3812 1178 3867; x_wconf 89' lang='lat' dir='ltr'><strong>itidem</strong></span> <span class='ocrx_word' id='word_1_302' title='bbox 1205 3811 1362 3866; x_wconf 89' lang='lat' dir='ltr'><strong>valet.</strong></span> <span class='ocrx_word' id='word_1_303' title='bbox 1396 3811 1474 3865; x_wconf 81' lang='lat' dir='ltr'><strong>Ex</strong></span> <span class='ocrx_word' id='word_1_304' title='bbox 1505 3826 1606 3883; x_wconf 91' lang='lat' dir='ltr'><strong>qua</strong></span> <span class='ocrx_word' id='word_1_305' title='bbox 1638 3811 1821 3880; x_wconf 79' lang='lat' dir='ltr'><strong>regula</strong></span> <span class='ocrx_word' id='word_1_306' title='bbox 1855 3811 1981 3865; x_wconf 91' lang='lat' dir='ltr'><strong>illud</strong></span> <span class='ocrx_word' id='word_1_307' title='bbox 2009 3813 2060 3866; x_wconf 92' lang='lat' dir='ltr'><strong>iu</strong></span> 
     </span>
    </p>
   </div>
   <div class='ocr_carea' id='block_1_39' title="bbox 483 3904 2060 3975">
    <p class='ocr_par' dir='ltr' id='par_1_39' title="bbox 483 3904 2060 3975">
     <span class='ocr_line' id='line_1_39' title="bbox 483 3904 2060 3975; baseline -0.001 -14"><span class='ocrx_word' id='word_1_308' title='bbox 483 3904 770 3975; x_wconf 85' lang='lat' dir='ltr'><strong>Evangelia</strong></span> <span class='ocrx_word' id='word_1_309' title='bbox 797 3905 994 3961; x_wconf 90' lang='lat' dir='ltr'><strong>dictum</strong></span> <span class='ocrx_word' id='word_1_310' title='bbox 1024 3914 1107 3959; x_wconf 90' lang='lat' dir='ltr'><strong>est</strong></span> <span class='ocrx_word' id='word_1_311' title='bbox 1129 3947 1143 3970; x_wconf 92' lang='lat'><strong>,</strong></span> <span class='ocrx_word' id='word_1_312' title='bbox 1172 3904 1312 3974; x_wconf 84' lang='lat' dir='ltr'><strong>quod</strong></span> <span class='ocrx_word' id='word_1_313' title='bbox 1339 3918 1524 3959; x_wconf 92' lang='lat' dir='ltr'><strong>omnes</strong></span> <span class='ocrx_word' id='word_1_314' title='bbox 1544 3919 1663 3959; x_wconf 89' lang='lat' dir='ltr'><strong>cum</strong></span> <span class='ocrx_word' id='word_1_315' title='bbox 1695 3905 1886 3974; x_wconf 83' lang='lat' dir='ltr'><strong>legitur</strong></span> <span class='ocrx_word' id='word_1_316' title='bbox 1907 3911 2060 3959; x_wconf 90' lang='lat' dir='ltr'><strong>natu-</strong></span> 
     </span>
    </p>
   </div>
   <div class='ocr_carea' id='block_1_40' title="bbox 1241 394 3734 474">
    <p class='ocr_par' dir='ltr' id='par_1_40' title="bbox 1241 394 3734 474">
     <span class='ocr_line' id='line_1_40' title="bbox 1241 394 3734 474; baseline -0.006 -9"><span class='ocrx_word' id='word_1_317' title='bbox 1241 409 1328 466; x_wconf 78' lang='lat' dir='ltr'><strong>oe</strong></span> <span class='ocrx_word' id='word_1_318' title='bbox 1368 405 1701 466; x_wconf 82' lang='lat' dir='ltr'><strong>BAPTlSMO</strong></span> <span class='ocrx_word' id='word_1_319' title='bbox 1739 399 2010 460; x_wconf 74' lang='lat' dir='ltr'><strong>eoum</strong></span> <span class='ocrx_word' id='word_1_320' title='bbox 2050 394 2494 468; x_wconf 82' lang='lat' dir='ltr'><strong>DONATIS&#39;I‘AS,</strong></span> <span class='ocrx_word' id='word_1_321' title='bbox 2536 399 2590 458; x_wconf 91' lang='lat' dir='ltr'><strong>s.</strong></span> <span class='ocrx_word' id='word_1_322' title='bbox 2635 399 2999 461; x_wconf 85' lang='lat' dir='ltr'><strong>AUGUSTINI</strong></span> <span class='ocrx_word' id='word_1_323' title='bbox 3644 415 3734 474; x_wconf 67' lang='grc' dir='ltr'><strong>,τε</strong></span> 
     </span>
    </p>
   </div>
   <div class='ocr_carea' id='block_1_41' title="bbox 2187 515 3727 598">
    <p class='ocr_par' dir='ltr' id='par_1_41' title="bbox 2187 515 3727 598">
     <span class='ocr_line' id='line_1_41' title="bbox 2187 515 3727 598; baseline 0.009 -28"><span class='ocrx_word' id='word_1_324' title='bbox 2187 515 2365 571; x_wconf 87' lang='lat' dir='ltr'><strong>raliter</strong></span> <span class='ocrx_word' id='word_1_325' title='bbox 2399 527 2578 574; x_wconf 84' lang='lat' dir='ltr'><strong>movet</strong></span> <span class='ocrx_word' id='word_1_326' title='bbox 2611 537 2622 570; x_wconf 89' lang='lat'><strong>:</strong></span> <span class='ocrx_word' id='word_1_327' title='bbox 2657 518 2884 573; x_wconf 81' lang='lat' dir='ltr'><strong>/Etatcm</strong></span> <span class='ocrx_word' id='word_1_328' title='bbox 2930 520 3112 587; x_wconf 77' lang='lat' dir='ltr'><strong>habet,</strong></span> <span class='ocrx_word' id='word_1_329' title='bbox 3165 519 3270 590; x_wconf 86' lang='lat' dir='ltr'><strong>ipse</strong></span> <span class='ocrx_word' id='word_1_330' title='bbox 3306 538 3396 593; x_wconf 83' lang='lat' dir='ltr'><strong>pro</strong></span> <span class='ocrx_word' id='word_1_331' title='bbox 3431 539 3480 578; x_wconf 84' lang='lat' dir='ltr'><strong>se</strong></span> <span class='ocrx_word' id='word_1_332' title='bbox 3525 524 3727 598; x_wconf 62' lang='lat' dir='ltr'><strong>loquitur</strong></span> 
     </span>
    </p>
   </div>
   <div class='ocr_carea' id='block_1_42' title="bbox 2190 607 2663 680">
    <p class='ocr_par' dir='ltr' id='par_1_42' title="bbox 2190 607 2663 680">
     <span class='ocr_line' id='line_1_42' title="bbox 2190 607 2663 680; baseline 0.008 -20"><span class='ocrx_word' id='word_1_333' title='bbox 2190 607 2381 677; x_wconf 79' lang='lat' dir='ltr'><strong>(Joan.</strong></span> <span class='ocrx_word' id='word_1_334' title='bbox 2414 625 2462 662; x_wconf 83' lang='lat' dir='ltr'><strong>Ix</strong></span> <span class='ocrx_word' id='word_1_335' title='bbox 2491 651 2505 674; x_wconf 92' lang='lat'><strong>,</strong></span> <span class='ocrx_word' id='word_1_336' title='bbox 2529 609 2590 664; x_wconf 71' lang='grc'><strong>21</strong></span> <span class='ocrx_word' id='word_1_337' title='bbox 2624 610 2663 680; x_wconf 94' lang='grc'><strong>).</strong></span> 
     </span>
    </p>
   </div>
   <div class='ocr_carea' id='block_1_43' title="bbox 2253 698 3734 769">
    <p class='ocr_par' dir='ltr' id='par_1_43' title="bbox 2253 698 3734 769">
     <span class='ocr_line' id='line_1_43' title="bbox 2253 698 3734 769; baseline 0.009 -17"><span class='ocrx_word' id='word_1_338' title='bbox 2253 698 2480 754; x_wconf 86' lang='lat' dir='ltr'><strong>CAPUT</strong></span> <span class='ocrx_word' id='word_1_339' title='bbox 2508 700 2671 754; x_wconf 78' lang='lat' dir='ltr'><strong>XXV.</strong></span> <span class='ocrx_word' id='word_1_340' title='bbox 2692 732 2696 736; x_wconf 88' lang='lat'><strong>-</strong></span> <span class='ocrx_word' id='word_1_341' title='bbox 2721 702 2864 757; x_wconf 70' lang='lat'><strong>-‘52.</strong></span> <span class='ocrx_word' id='word_1_342' title='bbox 2893 702 3094 769; x_wconf 85' lang='lat' dir='ltr'><strong>Quibus</strong></span> <span class='ocrx_word' id='word_1_343' title='bbox 3123 703 3280 758; x_wconf 86' lang='lat' dir='ltr'><strong>rebus</strong></span> <span class='ocrx_word' id='word_1_344' title='bbox 3304 705 3541 762; x_wconf 85' lang='lat' dir='ltr'><strong>omnibus</strong></span> <span class='ocrx_word' id='word_1_345' title='bbox 3569 717 3734 766; x_wconf 80' lang='lat' dir='ltr'><strong>osten-</strong></span> 
     </span>
    </p>
   </div>
   <div class='ocr_carea' id='block_1_44' title="bbox 2183 789 3734 865">
    <p class='ocr_par' dir='ltr' id='par_1_44' title="bbox 2183 789 3734 865">
     <span class='ocr_line' id='line_1_44' title="bbox 2183 789 3734 865; baseline 0.008 -22"><span class='ocrx_word' id='word_1_346' title='bbox 2183 789 2326 844; x_wconf 88' lang='lat' dir='ltr'><strong>ditur</strong></span> <span class='ocrx_word' id='word_1_347' title='bbox 2349 790 2490 844; x_wconf 90' lang='lat' dir='ltr'><strong>aliud</strong></span> <span class='ocrx_word' id='word_1_348' title='bbox 2518 806 2637 846; x_wconf 89' lang='lat' dir='ltr'><strong>csse</strong></span> <span class='ocrx_word' id='word_1_349' title='bbox 2681 802 3073 849; x_wconf 87' lang='lat' dir='ltr'><strong>sacramentum</strong></span> <span class='ocrx_word' id='word_1_350' title='bbox 3113 794 3402 865; x_wconf 89' lang='lat' dir='ltr'><strong>Baptismi,</strong></span> <span class='ocrx_word' id='word_1_351' title='bbox 3445 797 3581 852; x_wconf 87' lang='lat' dir='ltr'><strong>aliud</strong></span> <span class='ocrx_word' id='word_1_352' title='bbox 3620 815 3734 855; x_wconf 82' lang='lat' dir='ltr'><strong>con-</strong></span> 
     </span>
    </p>
   </div>
   <div class='ocr_carea' id='block_1_45' title="bbox 2182 882 3733 960">
    <p class='ocr_par' dir='ltr' id='par_1_45' title="bbox 2182 882 3733 960">
     <span class='ocr_line' id='line_1_45' title="bbox 2182 882 3733 960; baseline 0.008 -25"><span class='ocrx_word' id='word_1_353' title='bbox 2182 882 2480 937; x_wconf 88' lang='lat' dir='ltr'><strong>versionem</strong></span> <span class='ocrx_word' id='word_1_354' title='bbox 2511 882 2687 937; x_wconf 87' lang='lat' dir='ltr'><strong>cordis</strong></span> <span class='ocrx_word' id='word_1_355' title='bbox 2712 900 2736 949; x_wconf 48' lang='lat'><strong>;.</strong></span> <span class='ocrx_word' id='word_1_356' title='bbox 2759 882 2854 938; x_wconf 90' lang='lat' dir='ltr'><strong>sed</strong></span> <span class='ocrx_word' id='word_1_357' title='bbox 2883 886 3106 939; x_wconf 87' lang='lat' dir='ltr'><strong>salutem</strong></span> <span class='ocrx_word' id='word_1_358' title='bbox 3151 885 3381 940; x_wconf 90' lang='lat' dir='ltr'><strong>hominis</strong></span> <span class='ocrx_word' id='word_1_359' title='bbox 3419 902 3480 941; x_wconf 79' lang='lat' dir='ltr'><strong>ex</strong></span> <span class='ocrx_word' id='word_1_360' title='bbox 3529 897 3733 960; x_wconf 85' lang='lat' dir='ltr'><strong>utroque</strong></span> 
     </span>
    </p>
   </div>
   <div class='ocr_carea' id='block_1_46' title="bbox 2182 973 3734 1050">
    <p class='ocr_par' dir='ltr' id='par_1_46' title="bbox 2182 973 3734 1050">
     <span class='ocr_line' id='line_1_46' title="bbox 2182 973 3734 1050; baseline 0.006 -22"><span class='ocrx_word' id='word_1_361' title='bbox 2182 973 2438 1044; x_wconf 88' lang='lat' dir='ltr'><strong>compleri</strong></span> <span class='ocrx_word' id='word_1_362' title='bbox 2471 993 2484 1029; x_wconf 92' lang='lat'><strong>:</strong></span> <span class='ocrx_word' id='word_1_363' title='bbox 2519 989 2618 1030; x_wconf 92' lang='lat' dir='ltr'><strong>nec</strong></span> <span class='ocrx_word' id='word_1_364' title='bbox 2644 975 2686 1030; x_wconf 90' lang='lat' dir='ltr'><strong>si</strong></span> <span class='ocrx_word' id='word_1_365' title='bbox 2720 990 2883 1030; x_wconf 91' lang='lat' dir='ltr'><strong>unum</strong></span> <span class='ocrx_word' id='word_1_366' title='bbox 2913 976 3100 1031; x_wconf 90' lang='lat' dir='ltr'><strong>horum</strong></span> <span class='ocrx_word' id='word_1_367' title='bbox 3127 975 3390 1044; x_wconf 88' lang='lat' dir='ltr'><strong>defuerit,</strong></span> <span class='ocrx_word' id='word_1_368' title='bbox 3421 977 3536 1034; x_wconf 89' lang='lat' dir='ltr'><strong>ideo</strong></span> <span class='ocrx_word' id='word_1_369' title='bbox 3563 990 3734 1050; x_wconf 82' lang='lat' dir='ltr'><strong>putare</strong></span> 
     </span>
    </p>
   </div>
   <div class='ocr_carea' id='block_1_47' title="bbox 2181 1065 3731 1142">
    <p class='ocr_par' dir='ltr' id='par_1_47' title="bbox 2181 1065 3731 1142">
     <span class='ocr_line' id='line_1_47' title="bbox 2181 1065 3731 1142; baseline 0.005 -23"><span class='ocrx_word' id='word_1_370' title='bbox 2181 1065 2436 1120; x_wconf 90' lang='lat' dir='ltr'><strong>debemus</strong></span> <span class='ocrx_word' id='word_1_371' title='bbox 2466 1069 2798 1137; x_wconf 84' lang='lat' dir='ltr'><strong>consequens</strong></span> <span class='ocrx_word' id='word_1_372' title='bbox 2827 1081 2946 1123; x_wconf 90' lang='lat' dir='ltr'><strong>esse</strong></span> <span class='ocrx_word' id='word_1_373' title='bbox 2975 1076 3032 1122; x_wconf 92' lang='lat' dir='ltr'><strong>ut</strong></span> <span class='ocrx_word' id='word_1_374' title='bbox 3072 1076 3127 1122; x_wconf 93' lang='lat' dir='ltr'><strong>et</strong></span> <span class='ocrx_word' id='word_1_375' title='bbox 3166 1068 3389 1122; x_wconf 77' lang='lat' dir='ltr'><strong>alterum</strong></span> <span class='ocrx_word' id='word_1_376' title='bbox 3428 1069 3596 1136; x_wconf 89' lang='lat' dir='ltr'><strong>desit;</strong></span> <span class='ocrx_word' id='word_1_377' title='bbox 3623 1075 3731 1142; x_wconf 86' lang='lat' dir='ltr'><strong>quia</strong></span> 
     </span>
    </p>
   </div>
   <div class='ocr_carea' id='block_1_48' title="bbox 2181 1156 3734 1228">
    <p class='ocr_par' dir='ltr' id='par_1_48' title="bbox 2181 1156 3734 1228">
     <span class='ocr_line' id='line_1_48' title="bbox 2181 1156 3734 1228; baseline 0.007 -19"><span class='ocrx_word' id='word_1_378' title='bbox 2181 1165 2234 1210; x_wconf 90' lang='lat' dir='ltr'><strong>et</strong></span> <span class='ocrx_word' id='word_1_379' title='bbox 2259 1156 2385 1211; x_wconf 88' lang='lat' dir='ltr'><strong>illud</strong></span> <span class='ocrx_word' id='word_1_380' title='bbox 2415 1157 2529 1212; x_wconf 89' lang='lat' dir='ltr'><strong>sine</strong></span> <span class='ocrx_word' id='word_1_381' title='bbox 2557 1157 2659 1211; x_wconf 88' lang='lat' dir='ltr'><strong>isto</strong></span> <span class='ocrx_word' id='word_1_382' title='bbox 2687 1167 2863 1227; x_wconf 87' lang='lat' dir='ltr'><strong>potest</strong></span> <span class='ocrx_word' id='word_1_383' title='bbox 2890 1173 3009 1214; x_wconf 90' lang='lat' dir='ltr'><strong>esse</strong></span> <span class='ocrx_word' id='word_1_384' title='bbox 3038 1158 3089 1213; x_wconf 91' lang='lat' dir='ltr'><strong>in</strong></span> <span class='ocrx_word' id='word_1_385' title='bbox 3121 1157 3323 1214; x_wconf 82' lang='lat' dir='ltr'><strong>infante</strong></span> <span class='ocrx_word' id='word_1_386' title='bbox 3347 1203 3360 1228; x_wconf 89' lang='lat'><strong>,</strong></span> <span class='ocrx_word' id='word_1_387' title='bbox 3398 1169 3452 1216; x_wconf 89' lang='lat' dir='ltr'><strong>et</strong></span> <span class='ocrx_word' id='word_1_388' title='bbox 3491 1160 3588 1217; x_wconf 93' lang='lat' dir='ltr'><strong>hoe</strong></span> <span class='ocrx_word' id='word_1_389' title='bbox 3630 1165 3734 1220; x_wconf 84' lang='lat' dir='ltr'><strong>sine</strong></span> 
     </span>
    </p>
   </div>
   <div class='ocr_carea' id='block_1_49' title="bbox 2181 1247 3732 1318">
    <p class='ocr_par' dir='ltr' id='par_1_49' title="bbox 2181 1247 3732 1318">
     <span class='ocr_line' id='line_1_49' title="bbox 2181 1247 3732 1318; baseline 0.005 -18"><span class='ocrx_word' id='word_1_390' title='bbox 2181 1247 2271 1301; x_wconf 91' lang='lat' dir='ltr'><strong>illo</strong></span> <span class='ocrx_word' id='word_1_391' title='bbox 2302 1247 2470 1316; x_wconf 89' lang='lat' dir='ltr'><strong>potuit</strong></span> <span class='ocrx_word' id='word_1_392' title='bbox 2511 1262 2630 1302; x_wconf 89' lang='lat' dir='ltr'><strong>esse</strong></span> <span class='ocrx_word' id='word_1_393' title='bbox 2667 1247 2720 1302; x_wconf 90' lang='lat' dir='ltr'><strong>in</strong></span> <span class='ocrx_word' id='word_1_394' title='bbox 2758 1248 3004 1316; x_wconf 87' lang='lat' dir='ltr'><strong>latrone,</strong></span> <span class='ocrx_word' id='word_1_395' title='bbox 3045 1249 3344 1318; x_wconf 90' lang='lat' dir='ltr'><strong>complente</strong></span> <span class='ocrx_word' id='word_1_396' title='bbox 3387 1250 3494 1305; x_wconf 88' lang='lat' dir='ltr'><strong>Deo</strong></span> <span class='ocrx_word' id='word_1_397' title='bbox 3535 1251 3642 1308; x_wconf 87' lang='lat' dir='ltr'><strong>sive</strong></span> <span class='ocrx_word' id='word_1_398' title='bbox 3685 1253 3732 1308; x_wconf 90' lang='lat' dir='ltr'><strong>in</strong></span> 
     </span>
    </p>
   </div>
   <div class='ocr_carea' id='block_1_50' title="bbox 2180 1339 3723 1411">
    <p class='ocr_par' dir='ltr' id='par_1_50' title="bbox 2180 1339 3723 1411">
     <span class='ocr_line' id='line_1_50' title="bbox 2180 1339 3723 1411; baseline 0.006 -19"><span class='ocrx_word' id='word_1_399' title='bbox 2180 1339 2271 1393; x_wconf 89' lang='lat' dir='ltr'><strong>illo</strong></span> <span class='ocrx_word' id='word_1_400' title='bbox 2294 1380 2308 1406; x_wconf 94' lang='lat'><strong>,</strong></span> <span class='ocrx_word' id='word_1_401' title='bbox 2337 1339 2448 1394; x_wconf 88' lang='lat' dir='ltr'><strong>sive</strong></span> <span class='ocrx_word' id='word_1_402' title='bbox 2479 1339 2531 1394; x_wconf 93' lang='lat' dir='ltr'><strong>in</strong></span> <span class='ocrx_word' id='word_1_403' title='bbox 2561 1341 2661 1395; x_wconf 90' lang='lat' dir='ltr'><strong>isto</strong></span> <span class='ocrx_word' id='word_1_404' title='bbox 2687 1379 2704 1406; x_wconf 94' lang='lat'><strong>,</strong></span> <span class='ocrx_word' id='word_1_405' title='bbox 2733 1341 2872 1411; x_wconf 91' lang='lat' dir='ltr'><strong>quod</strong></span> <span class='ocrx_word' id='word_1_406' title='bbox 2902 1356 3004 1396; x_wconf 90' lang='lat' dir='ltr'><strong>non</strong></span> <span class='ocrx_word' id='word_1_407' title='bbox 3030 1356 3101 1397; x_wconf 86' lang='lat' dir='ltr'><strong>ex</strong></span> <span class='ocrx_word' id='word_1_408' title='bbox 3136 1342 3405 1398; x_wconf 87' lang='lat' dir='ltr'><strong>voluntate</strong></span> <span class='ocrx_word' id='word_1_409' title='bbox 3443 1343 3723 1401; x_wconf 86' lang='lat' dir='ltr'><strong>defuisset:</strong></span> 
     </span>
    </p>
   </div>
   <div class='ocr_carea' id='block_1_51' title="bbox 2176 1433 3734 1503">
    <p class='ocr_par' dir='ltr' id='par_1_51' title="bbox 2176 1433 3734 1503">
     <span class='ocr_line' id='line_1_51' title="bbox 2176 1433 3734 1503; baseline 0.004 -18"><span class='ocrx_word' id='word_1_410' title='bbox 2176 1445 2296 1485; x_wconf 92' lang='lat' dir='ltr'><strong>cum</strong></span> <span class='ocrx_word' id='word_1_411' title='bbox 2353 1446 2482 1486; x_wconf 90' lang='lat' dir='ltr'><strong>vero</strong></span> <span class='ocrx_word' id='word_1_412' title='bbox 2534 1447 2600 1486; x_wconf 77' lang='lat' dir='ltr'><strong>ex</strong></span> <span class='ocrx_word' id='word_1_413' title='bbox 2647 1433 2918 1488; x_wconf 87' lang='lat' dir='ltr'><strong>voluntate</strong></span> <span class='ocrx_word' id='word_1_414' title='bbox 2966 1433 3190 1488; x_wconf 91' lang='lat' dir='ltr'><strong>alterum</strong></span> <span class='ocrx_word' id='word_1_415' title='bbox 3242 1433 3432 1489; x_wconf 89' lang='lat' dir='ltr'><strong>horum</strong></span> <span class='ocrx_word' id='word_1_416' title='bbox 3483 1434 3734 1503; x_wconf 85' lang='lat' dir='ltr'><strong>defuerit,</strong></span> 
     </span>
    </p>
   </div>
   <div class='ocr_carea' id='block_1_52' title="bbox 2175 1521 3736 1596">
    <p class='ocr_par' dir='ltr' id='par_1_52' title="bbox 2175 1521 3736 1596">
     <span class='ocr_line' id='line_1_52' title="bbox 2175 1521 3736 1596; baseline 0.004 -20"><span class='ocrx_word' id='word_1_417' title='bbox 2175 1530 2325 1576; x_wconf 88' lang='lat' dir='ltr'><strong>reatu</strong></span> <span class='ocrx_word' id='word_1_418' title='bbox 2352 1521 2620 1576; x_wconf 82' lang='lat' dir='ltr'><strong>hominem</strong></span> <span class='ocrx_word' id='word_1_419' title='bbox 2651 1522 2868 1577; x_wconf 88' lang='lat' dir='ltr'><strong>involvi.</strong></span> <span class='ocrx_word' id='word_1_420' title='bbox 2898 1523 2962 1577; x_wconf 89' lang='lat' dir='ltr'><strong>Et</strong></span> <span class='ocrx_word' id='word_1_421' title='bbox 2987 1523 3289 1592; x_wconf 88' lang='lat' dir='ltr'><strong>Baptismus</strong></span> <span class='ocrx_word' id='word_1_422' title='bbox 3329 1524 3540 1593; x_wconf 89' lang='lat' dir='ltr'><strong>quidem</strong></span> <span class='ocrx_word' id='word_1_423' title='bbox 3578 1536 3736 1596; x_wconf 87' lang='lat' dir='ltr'><strong>potest</strong></span> 
     </span>
    </p>
   </div>
   <div class='ocr_carea' id='block_1_53' title="bbox 2177 1612 3735 1672">
    <p class='ocr_par' dir='ltr' id='par_1_53' title="bbox 2177 1612 3735 1672">
     <span class='ocr_line' id='line_1_53' title="bbox 2177 1612 3735 1672; baseline 0.003 -6"><span class='ocrx_word' id='word_1_424' title='bbox 2177 1612 2349 1668; x_wconf 90' lang='lat' dir='ltr'><strong>inesse</strong></span> <span class='ocrx_word' id='word_1_425' title='bbox 2372 1612 2456 1666; x_wconf 90' lang='lat' dir='ltr'><strong>ubi</strong></span> <span class='ocrx_word' id='word_1_426' title='bbox 2479 1614 2760 1668; x_wconf 89' lang='lat' dir='ltr'><strong>conversio</strong></span> <span class='ocrx_word' id='word_1_427' title='bbox 2782 1613 2960 1667; x_wconf 90' lang='lat' dir='ltr'><strong>cordis</strong></span> <span class='ocrx_word' id='word_1_428' title='bbox 2981 1612 3210 1669; x_wconf 90' lang='lat' dir='ltr'><strong>defuerit</strong></span> <span class='ocrx_word' id='word_1_429' title='bbox 3238 1633 3251 1666; x_wconf 90' lang='lat'><strong>:</strong></span> <span class='ocrx_word' id='word_1_430' title='bbox 3273 1615 3550 1670; x_wconf 87' lang='lat' dir='ltr'><strong>conversio</strong></span> <span class='ocrx_word' id='word_1_431' title='bbox 3573 1625 3735 1672; x_wconf 87' lang='lat' dir='ltr'><strong>autem</strong></span> 
     </span>
    </p>
   </div>
   <div class='ocr_carea' id='block_1_54' title="bbox 2174 1703 3732 1780">
    <p class='ocr_par' dir='ltr' id='par_1_54' title="bbox 2174 1703 3732 1780">
     <span class='ocr_line' id='line_1_54' title="bbox 2174 1703 3732 1780; baseline 0.004 -24"><span class='ocrx_word' id='word_1_432' title='bbox 2174 1703 2351 1758; x_wconf 91' lang='lat' dir='ltr'><strong>cordis</strong></span> <span class='ocrx_word' id='word_1_433' title='bbox 2382 1713 2555 1774; x_wconf 91' lang='lat' dir='ltr'><strong>potest</strong></span> <span class='ocrx_word' id='word_1_434' title='bbox 2582 1703 2794 1775; x_wconf 91' lang='lat' dir='ltr'><strong>quidem</strong></span> <span class='ocrx_word' id='word_1_435' title='bbox 2823 1705 2998 1761; x_wconf 86' lang='lat' dir='ltr'><strong>inesse</strong></span> <span class='ocrx_word' id='word_1_436' title='bbox 3023 1721 3131 1760; x_wconf 91' lang='lat' dir='ltr'><strong>non</strong></span> <span class='ocrx_word' id='word_1_437' title='bbox 3161 1713 3416 1777; x_wconf 90' lang='lat' dir='ltr'><strong>percepto</strong></span> <span class='ocrx_word' id='word_1_438' title='bbox 3444 1708 3699 1780; x_wconf 88' lang='lat' dir='ltr'><strong>Baptismo</strong></span> <span class='ocrx_word' id='word_1_439' title='bbox 3717 1752 3732 1776; x_wconf 88' lang='lat'><strong>,</strong></span> 
     </span>
    </p>
   </div>
   <div class='ocr_carea' id='block_1_55' title="bbox 2172 1795 3735 1874">
    <p class='ocr_par' dir='ltr' id='par_1_55' title="bbox 2172 1795 3735 1874">
     <span class='ocr_line' id='line_1_55' title="bbox 2172 1795 3735 1874; baseline 0 -18"><span class='ocrx_word' id='word_1_440' title='bbox 2172 1795 2265 1856; x_wconf 84' lang='lat' dir='ltr'><strong>sed</strong></span> <span class='ocrx_word' id='word_1_441' title='bbox 2310 1805 2616 1872; x_wconf 83' lang='lat' dir='ltr'><strong>contempto</strong></span> <span class='ocrx_word' id='word_1_442' title='bbox 2655 1813 2759 1857; x_wconf 89' lang='lat' dir='ltr'><strong>non</strong></span> <span class='ocrx_word' id='word_1_443' title='bbox 2807 1805 3002 1873; x_wconf 85' lang='lat' dir='ltr'><strong>potest.</strong></span> <span class='ocrx_word' id='word_1_444' title='bbox 3048 1799 3230 1874; x_wconf 87' lang='lat' dir='ltr'><strong>Neque</strong></span> <span class='ocrx_word' id='word_1_445' title='bbox 3263 1801 3406 1855; x_wconf 87' lang='lat' dir='ltr'><strong>enim</strong></span> <span class='ocrx_word' id='word_1_446' title='bbox 3445 1801 3552 1856; x_wconf 92' lang='lat' dir='ltr'><strong>ullo</strong></span> <span class='ocrx_word' id='word_1_447' title='bbox 3589 1802 3735 1858; x_wconf 90' lang='lat' dir='ltr'><strong>modo</strong></span> 
     </span>
    </p>
   </div>
   <div class='ocr_carea' id='block_1_56' title="bbox 2173 1889 3735 1962">
    <p class='ocr_par' dir='ltr' id='par_1_56' title="bbox 2173 1889 3735 1962">
     <span class='ocr_line' id='line_1_56' title="bbox 2173 1889 3735 1962; baseline 0.001 -16"><span class='ocrx_word' id='word_1_448' title='bbox 2173 1889 2394 1947; x_wconf 89' lang='lat' dir='ltr'><strong>dicenda</strong></span> <span class='ocrx_word' id='word_1_449' title='bbox 2445 1905 2526 1948; x_wconf 90' lang='lat' dir='ltr'><strong>est</strong></span> <span class='ocrx_word' id='word_1_450' title='bbox 2571 1895 2853 1949; x_wconf 89' lang='lat' dir='ltr'><strong>conversio</strong></span> <span class='ocrx_word' id='word_1_451' title='bbox 2899 1894 3074 1949; x_wconf 91' lang='lat' dir='ltr'><strong>cordis</strong></span> <span class='ocrx_word' id='word_1_452' title='bbox 3121 1897 3186 1949; x_wconf 85' lang='lat' dir='ltr'><strong>ad</strong></span> <span class='ocrx_word' id='word_1_453' title='bbox 3232 1896 3443 1962; x_wconf 84' lang='lat' dir='ltr'><strong>Deum,</strong></span> <span class='ocrx_word' id='word_1_454' title='bbox 3491 1907 3608 1950; x_wconf 88' lang='lat' dir='ltr'><strong>cum</strong></span> <span class='ocrx_word' id='word_1_455' title='bbox 3649 1893 3735 1948; x_wconf 88' lang='lat' dir='ltr'><strong>Dei</strong></span> 
     </span>
    </p>
   </div>
   <div class='ocr_carea' id='block_1_57' title="bbox 2170 1985 3738 2058">
    <p class='ocr_par' dir='ltr' id='par_1_57' title="bbox 2170 1985 3738 2058">
     <span class='ocr_line' id='line_1_57' title="bbox 2170 1985 3738 2058; baseline 0.001 -17"><span class='ocrx_word' id='word_1_456' title='bbox 2170 1985 2570 2041; x_wconf 89' lang='lat' dir='ltr'><strong>Sacramentum</strong></span> <span class='ocrx_word' id='word_1_457' title='bbox 2598 1987 2974 2042; x_wconf 88' lang='lat' dir='ltr'><strong>contemnitur.</strong></span> <span class='ocrx_word' id='word_1_458' title='bbox 3021 1985 3169 2043; x_wconf 85' lang='lat' dir='ltr'><strong>Juste</strong></span> <span class='ocrx_word' id='word_1_459' title='bbox 3211 1988 3372 2057; x_wconf 81' lang='lat' dir='ltr'><strong>igitur</strong></span> <span class='ocrx_word' id='word_1_460' title='bbox 3405 1986 3738 2058; x_wconf 85' lang='lat' dir='ltr'><strong>reprehendi-</strong></span> 
     </span>
    </p>
   </div>
   <div class='ocr_carea' id='block_1_58' title="bbox 2174 2078 3736 2149">
    <p class='ocr_par' dir='ltr' id='par_1_58' title="bbox 2174 2078 3736 2149">
     <span class='ocr_line' id='line_1_58' title="bbox 2174 2078 3736 2149; baseline 0 -17"><span class='ocrx_word' id='word_1_461' title='bbox 2174 2094 2290 2132; x_wconf 90' lang='lat' dir='ltr'><strong>mus</strong></span> <span class='ocrx_word' id='word_1_462' title='bbox 2314 2122 2327 2145; x_wconf 93' lang='lat'><strong>,</strong></span> <span class='ocrx_word' id='word_1_463' title='bbox 2361 2079 2764 2134; x_wconf 89' lang='lat' dir='ltr'><strong>anathemamus</strong></span> <span class='ocrx_word' id='word_1_464' title='bbox 2793 2120 2806 2142; x_wconf 94' lang='lat'><strong>,</strong></span> <span class='ocrx_word' id='word_1_465' title='bbox 2841 2078 3167 2134; x_wconf 89' lang='lat' dir='ltr'><strong>detestamur</strong></span> <span class='ocrx_word' id='word_1_466' title='bbox 3188 2121 3203 2145; x_wconf 93' lang='lat'><strong>,</strong></span> <span class='ocrx_word' id='word_1_467' title='bbox 3232 2079 3600 2134; x_wconf 87' lang='lat' dir='ltr'><strong>abominamur</strong></span> <span class='ocrx_word' id='word_1_468' title='bbox 3622 2094 3736 2149; x_wconf 59' lang='lat' dir='ltr'><strong>per.</strong></span> 
     </span>
    </p>
   </div>
   <div class='ocr_carea' id='block_1_59' title="bbox 2172 2170 3736 2227">
    <p class='ocr_par' dir='ltr' id='par_1_59' title="bbox 2172 2170 3736 2227">
     <span class='ocr_line' id='line_1_59' title="bbox 2172 2170 3736 2227; baseline 0 -3"><span class='ocrx_word' id='word_1_469' title='bbox 2172 2171 2474 2227; x_wconf 90' lang='lat' dir='ltr'><strong>vcrsitatcm</strong></span> <span class='ocrx_word' id='word_1_470' title='bbox 2503 2171 2678 2225; x_wconf 86' lang='lat' dir='ltr'><strong>cordis</strong></span> <span class='ocrx_word' id='word_1_471' title='bbox 2700 2170 3072 2226; x_wconf 87' lang='lat' dir='ltr'><strong>haereticorum</strong></span> <span class='ocrx_word' id='word_1_472' title='bbox 3098 2187 3111 2222; x_wconf 87' lang='lat'><strong>:</strong></span> <span class='ocrx_word' id='word_1_473' title='bbox 3140 2170 3548 2225; x_wconf 88' lang='lat' dir='ltr'><strong>Sacramentum</strong></span> <span class='ocrx_word' id='word_1_474' title='bbox 3575 2179 3736 2226; x_wconf 84' lang='lat' dir='ltr'><strong>tamen</strong></span> 
     </span>
    </p>
   </div>
   <div class='ocr_carea' id='block_1_60' title="bbox 2170 2264 3736 2336">
    <p class='ocr_par' dir='ltr' id='par_1_60' title="bbox 2170 2264 3736 2336">
     <span class='ocr_line' id='line_1_60' title="bbox 2170 2264 3736 2336; baseline -0.002 -15"><span class='ocrx_word' id='word_1_475' title='bbox 2170 2267 2531 2336; x_wconf 82' lang='lat' dir='ltr'><strong>evangelicum</strong></span> <span class='ocrx_word' id='word_1_476' title='bbox 2578 2281 2683 2319; x_wconf 92' lang='lat' dir='ltr'><strong>non</strong></span> <span class='ocrx_word' id='word_1_477' title='bbox 2723 2265 2842 2320; x_wconf 89' lang='lat' dir='ltr'><strong>ideo</strong></span> <span class='ocrx_word' id='word_1_478' title='bbox 2883 2280 2988 2318; x_wconf 90' lang='lat' dir='ltr'><strong>non</strong></span> <span class='ocrx_word' id='word_1_479' title='bbox 3031 2264 3263 2330; x_wconf 80' lang='lat' dir='ltr'><strong>habent,</strong></span> <span class='ocrx_word' id='word_1_480' title='bbox 3305 2265 3429 2335; x_wconf 86' lang='lat' dir='ltr'><strong>quia</strong></span> <span class='ocrx_word' id='word_1_481' title='bbox 3481 2279 3574 2334; x_wconf 87' lang='lat' dir='ltr'><strong>per</strong></span> <span class='ocrx_word' id='word_1_482' title='bbox 3608 2264 3736 2334; x_wconf 87' lang='lat' dir='ltr'><strong>quod</strong></span> 
     </span>
    </p>
   </div>
   <div class='ocr_carea' id='block_1_61' title="bbox 2172 2355 3740 2426">
    <p class='ocr_par' dir='ltr' id='par_1_61' title="bbox 2172 2355 3740 2426">
     <span class='ocr_line' id='line_1_61' title="bbox 2172 2355 3740 2426; baseline -0.001 -16"><span class='ocrx_word' id='word_1_483' title='bbox 2172 2357 2298 2410; x_wconf 86' lang='lat' dir='ltr'><strong>utile</strong></span> <span class='ocrx_word' id='word_1_484' title='bbox 2325 2365 2406 2410; x_wconf 88' lang='lat' dir='ltr'><strong>est</strong></span> <span class='ocrx_word' id='word_1_485' title='bbox 2455 2371 2562 2410; x_wconf 89' lang='lat' dir='ltr'><strong>non</strong></span> <span class='ocrx_word' id='word_1_486' title='bbox 2607 2355 2822 2410; x_wconf 84' lang='lat' dir='ltr'><strong>habent.</strong></span> <span class='ocrx_word' id='word_1_487' title='bbox 2869 2355 3189 2426; x_wconf 75' lang='lat' dir='ltr'><strong>Quapropter</strong></span> <span class='ocrx_word' id='word_1_488' title='bbox 3233 2372 3352 2408; x_wconf 87' lang='lat' dir='ltr'><strong>cum</strong></span> <span class='ocrx_word' id='word_1_489' title='bbox 3397 2355 3466 2408; x_wconf 87' lang='lat' dir='ltr'><strong>ad</strong></span> <span class='ocrx_word' id='word_1_490' title='bbox 3513 2355 3659 2424; x_wconf 81' lang='lat' dir='ltr'><strong>ﬁdem</strong></span> <span class='ocrx_word' id='word_1_491' title='bbox 3698 2365 3740 2408; x_wconf 83' lang='lat' dir='ltr'><strong>et</strong></span> 
     </span>
    </p>
   </div>
   <div class='ocr_carea' id='block_1_62' title="bbox 2171 2445 3741 2517">
    <p class='ocr_par' dir='ltr' id='par_1_62' title="bbox 2171 2445 3741 2517">
     <span class='ocr_line' id='line_1_62' title="bbox 2171 2445 3741 2517; baseline -0.002 -16"><span class='ocrx_word' id='word_1_492' title='bbox 2171 2450 2427 2502; x_wconf 82' lang='lat' dir='ltr'><strong>veritatem</strong></span> <span class='ocrx_word' id='word_1_493' title='bbox 2468 2448 2667 2501; x_wconf 84' lang='lat' dir='ltr'><strong>veniunt</strong></span> <span class='ocrx_word' id='word_1_494' title='bbox 2688 2489 2702 2511; x_wconf 93' lang='lat'><strong>,</strong></span> <span class='ocrx_word' id='word_1_495' title='bbox 2745 2457 2791 2500; x_wconf 90' lang='lat' dir='ltr'><strong>et</strong></span> <span class='ocrx_word' id='word_1_496' title='bbox 2831 2454 3029 2517; x_wconf 85' lang='lat' dir='ltr'><strong>agentes</strong></span> <span class='ocrx_word' id='word_1_497' title='bbox 3068 2446 3411 2516; x_wconf 73' lang='lat' dir='ltr'><strong>pwnitentiam</strong></span> <span class='ocrx_word' id='word_1_498' title='bbox 3445 2446 3624 2499; x_wconf 81' lang='lat' dir='ltr'><strong>remitti</strong></span> <span class='ocrx_word' id='word_1_499' title='bbox 3655 2445 3741 2498; x_wconf 78' lang='lat' dir='ltr'><strong>sibi</strong></span> 
     </span>
    </p>
   </div>
   <div class='ocr_carea' id='block_1_63' title="bbox 2173 2535 3740 2609">
    <p class='ocr_par' dir='ltr' id='par_1_63' title="bbox 2173 2535 3740 2609">
     <span class='ocr_line' id='line_1_63' title="bbox 2173 2535 3740 2609; baseline -0.004 -16"><span class='ocrx_word' id='word_1_500' title='bbox 2173 2547 2375 2609; x_wconf 81' lang='lat' dir='ltr'><strong>peccata</strong></span> <span class='ocrx_word' id='word_1_501' title='bbox 2400 2537 2672 2608; x_wconf 80' lang='lat' dir='ltr'><strong>deposcunt</strong></span> <span class='ocrx_word' id='word_1_502' title='bbox 2697 2579 2710 2601; x_wconf 88' lang='lat'><strong>,</strong></span> <span class='ocrx_word' id='word_1_503' title='bbox 2741 2552 2845 2591; x_wconf 89' lang='lat' dir='ltr'><strong>non</strong></span> <span class='ocrx_word' id='word_1_504' title='bbox 2873 2552 2957 2590; x_wconf 86' lang='lat' dir='ltr'><strong>eos</strong></span> <span class='ocrx_word' id='word_1_505' title='bbox 2985 2536 3257 2606; x_wconf 66' lang='lat' dir='ltr'><strong>decipimus</strong></span> <span class='ocrx_word' id='word_1_506' title='bbox 3292 2552 3456 2606; x_wconf 82' lang='lat' dir='ltr'><strong>neque</strong></span> <span class='ocrx_word' id='word_1_507' title='bbox 3493 2535 3740 2607; x_wconf 83' lang='lat' dir='ltr'><strong>fallimus,</strong></span> 
     </span>
    </p>
   </div>
   <div class='ocr_carea' id='block_1_64' title="bbox 2171 2625 3741 2698">
    <p class='ocr_par' dir='ltr' id='par_1_64' title="bbox 2171 2625 3741 2698">
     <span class='ocr_line' id='line_1_64' title="bbox 2171 2625 3741 2698; baseline -0.001 -16"><span class='ocrx_word' id='word_1_508' title='bbox 2171 2645 2286 2682; x_wconf 87' lang='lat' dir='ltr'><strong>cum</strong></span> <span class='ocrx_word' id='word_1_509' title='bbox 2311 2638 2555 2683; x_wconf 75' lang='lat' dir='ltr'><strong>correctos</strong></span> <span class='ocrx_word' id='word_1_510' title='bbox 2579 2644 2610 2681; x_wconf 90' lang='lat' dir='ltr'><strong>a</strong></span> <span class='ocrx_word' id='word_1_511' title='bbox 2639 2628 2779 2682; x_wconf 81' lang='lat' dir='ltr'><strong>nobis</strong></span> <span class='ocrx_word' id='word_1_512' title='bbox 2807 2643 2866 2680; x_wconf 86' lang='lat' dir='ltr'><strong>ac</strong></span> <span class='ocrx_word' id='word_1_513' title='bbox 2891 2631 3190 2698; x_wconf 75' lang='lat' dir='ltr'><strong>reformatus</strong></span> <span class='ocrx_word' id='word_1_514' title='bbox 3219 2626 3271 2680; x_wconf 90' lang='lat' dir='ltr'><strong>in</strong></span> <span class='ocrx_word' id='word_1_515' title='bbox 3301 2641 3368 2681; x_wconf 88' lang='lat' dir='ltr'><strong>eo</strong></span> <span class='ocrx_word' id='word_1_516' title='bbox 3396 2626 3534 2696; x_wconf 91' lang='lat' dir='ltr'><strong>quod</strong></span> <span class='ocrx_word' id='word_1_517' title='bbox 3561 2625 3741 2694; x_wconf 85' lang='lat' dir='ltr'><strong>depra-</strong></span> 
     </span>
    </p>
   </div>
   <div class='ocr_carea' id='block_1_65' title="bbox 2172 2717 3743 2789">
    <p class='ocr_par' dir='ltr' id='par_1_65' title="bbox 2172 2717 3743 2789">
     <span class='ocr_line' id='line_1_65' title="bbox 2172 2717 3743 2789; baseline -0.003 -16"><span class='ocrx_word' id='word_1_518' title='bbox 2172 2719 2277 2773; x_wconf 87' lang='lat' dir='ltr'><strong>vati</strong></span> <span class='ocrx_word' id='word_1_519' title='bbox 2332 2730 2489 2789; x_wconf 88' lang='lat' dir='ltr'><strong>atque</strong></span> <span class='ocrx_word' id='word_1_520' title='bbox 2537 2719 2769 2788; x_wconf 83' lang='lat' dir='ltr'><strong>perversi</strong></span> <span class='ocrx_word' id='word_1_521' title='bbox 2815 2727 2976 2782; x_wconf 88' lang='lat' dir='ltr'><strong>sunt,</strong></span> <span class='ocrx_word' id='word_1_522' title='bbox 3022 2718 3090 2770; x_wconf 90' lang='lat' dir='ltr'><strong>ad</strong></span> <span class='ocrx_word' id='word_1_523' title='bbox 3134 2733 3348 2788; x_wconf 78' lang='lat' dir='ltr'><strong>regnum</strong></span> <span class='ocrx_word' id='word_1_524' title='bbox 3395 2718 3635 2770; x_wconf 72' lang='lat' dir='ltr'><strong>caelorum</strong></span> <span class='ocrx_word' id='word_1_525' title='bbox 3677 2717 3743 2770; x_wconf 80' lang='lat' dir='ltr'><strong>sic</strong></span> 
     </span>
    </p>
   </div>
   <div class='ocr_carea' id='block_1_66' title="bbox 2173 2807 3743 2879">
    <p class='ocr_par' dir='ltr' id='par_1_66' title="bbox 2173 2807 3743 2879">
     <span class='ocr_line' id='line_1_66' title="bbox 2173 2807 3743 2879; baseline -0.002 -15"><span class='ocrx_word' id='word_1_526' title='bbox 2173 2810 2450 2879; x_wconf 74' lang='lat' dir='ltr'><strong>disciplinis</strong></span> <span class='ocrx_word' id='word_1_527' title='bbox 2476 2809 2751 2864; x_wconf 76' lang='lat' dir='ltr'><strong>caelestibus</strong></span> <span class='ocrx_word' id='word_1_528' title='bbox 2788 2809 3082 2872; x_wconf 79' lang='lat' dir='ltr'><strong>erudimus;</strong></span> <span class='ocrx_word' id='word_1_529' title='bbox 3125 2818 3183 2862; x_wconf 92' lang='lat' dir='ltr'><strong>ut</strong></span> <span class='ocrx_word' id='word_1_530' title='bbox 3223 2807 3369 2878; x_wconf 90' lang='lat' dir='ltr'><strong>quod</strong></span> <span class='ocrx_word' id='word_1_531' title='bbox 3410 2808 3462 2862; x_wconf 92' lang='lat' dir='ltr'><strong>in</strong></span> <span class='ocrx_word' id='word_1_532' title='bbox 3505 2808 3583 2862; x_wconf 89' lang='lat' dir='ltr'><strong>eis</strong></span> <span class='ocrx_word' id='word_1_533' title='bbox 3620 2807 3743 2861; x_wconf 83' lang='lat' dir='ltr'><strong>intc-</strong></span> 
     </span>
    </p>
   </div>
   <div class='ocr_carea' id='block_1_67' title="bbox 2170 2899 3747 2972">
    <p class='ocr_par' dir='ltr' id='par_1_67' title="bbox 2170 2899 3747 2972">
     <span class='ocr_line' id='line_1_67' title="bbox 2170 2899 3747 2972; baseline -0.001 -16"><span class='ocrx_word' id='word_1_534' title='bbox 2170 2917 2321 2972; x_wconf 85' lang='lat' dir='ltr'><strong>grum</strong></span> <span class='ocrx_word' id='word_1_535' title='bbox 2342 2909 2423 2956; x_wconf 87' lang='lat' dir='ltr'><strong>est</strong></span> <span class='ocrx_word' id='word_1_536' title='bbox 2447 2943 2460 2968; x_wconf 92' lang='lat'><strong>,</strong></span> <span class='ocrx_word' id='word_1_537' title='bbox 2484 2901 2629 2955; x_wconf 89' lang='lat' dir='ltr'><strong>nullo</strong></span> <span class='ocrx_word' id='word_1_538' title='bbox 2654 2900 2811 2956; x_wconf 91' lang='lat' dir='ltr'><strong>modo</strong></span> <span class='ocrx_word' id='word_1_539' title='bbox 2835 2901 3090 2955; x_wconf 88' lang='lat' dir='ltr'><strong>violemus</strong></span> <span class='ocrx_word' id='word_1_540' title='bbox 3111 2941 3124 2964; x_wconf 91' lang='lat'><strong>,</strong></span> <span class='ocrx_word' id='word_1_541' title='bbox 3154 2915 3253 2955; x_wconf 88' lang='lat' dir='ltr'><strong>nec</strong></span> <span class='ocrx_word' id='word_1_542' title='bbox 3275 2909 3500 2971; x_wconf 91' lang='lat' dir='ltr'><strong>propter</strong></span> <span class='ocrx_word' id='word_1_543' title='bbox 3527 2899 3747 2954; x_wconf 81' lang='lat' dir='ltr'><strong>hominis</strong></span> 
     </span>
    </p>
   </div>
   <div class='ocr_carea' id='block_1_68' title="bbox 2171 2989 3746 3063">
    <p class='ocr_par' dir='ltr' id='par_1_68' title="bbox 2171 2989 3746 3063">
     <span class='ocr_line' id='line_1_68' title="bbox 2171 2989 3746 3063; baseline -0.002 -17"><span class='ocrx_word' id='word_1_544' title='bbox 2171 2993 2351 3047; x_wconf 90' lang='lat' dir='ltr'><strong>vitium</strong></span> <span class='ocrx_word' id='word_1_545' title='bbox 2378 3035 2393 3059; x_wconf 92' lang='lat'><strong>,</strong></span> <span class='ocrx_word' id='word_1_546' title='bbox 2425 2993 2467 3045; x_wconf 88' lang='lat' dir='ltr'><strong>si</strong></span> <span class='ocrx_word' id='word_1_547' title='bbox 2496 2993 2618 3063; x_wconf 88' lang='lat' dir='ltr'><strong>quid</strong></span> <span class='ocrx_word' id='word_1_548' title='bbox 2652 2993 2701 3045; x_wconf 92' lang='lat' dir='ltr'><strong>in</strong></span> <span class='ocrx_word' id='word_1_549' title='bbox 2731 2992 2944 3047; x_wconf 88' lang='lat' dir='ltr'><strong>homine</strong></span> <span class='ocrx_word' id='word_1_550' title='bbox 2977 2992 3068 3046; x_wconf 89' lang='lat' dir='ltr'><strong>Dei</strong></span> <span class='ocrx_word' id='word_1_551' title='bbox 3099 2999 3215 3059; x_wconf 88' lang='lat' dir='ltr'><strong>cst,</strong></span> <span class='ocrx_word' id='word_1_552' title='bbox 3254 2993 3349 3048; x_wconf 87' lang='lat' dir='ltr'><strong>vel</strong></span> <span class='ocrx_word' id='word_1_553' title='bbox 3390 2992 3592 3047; x_wconf 87' lang='lat' dir='ltr'><strong>nullum</strong></span> <span class='ocrx_word' id='word_1_554' title='bbox 3617 3032 3632 3057; x_wconf 95' lang='lat'><strong>,</strong></span> <span class='ocrx_word' id='word_1_555' title='bbox 3669 2989 3746 3044; x_wconf 88' lang='lat' dir='ltr'><strong>vel</strong></span> 
     </span>
    </p>
   </div>
   <div class='ocr_carea' id='block_1_69' title="bbox 2170 3083 2847 3138">
    <p class='ocr_par' dir='ltr' id='par_1_69' title="bbox 2170 3083 2847 3138">
     <span class='ocr_line' id='line_1_69' title="bbox 2170 3083 2847 3138; baseline 0 -2"><span class='ocrx_word' id='word_1_556' title='bbox 2170 3083 2418 3138; x_wconf 87' lang='lat' dir='ltr'><strong>vitiosum</strong></span> <span class='ocrx_word' id='word_1_557' title='bbox 2447 3099 2566 3138; x_wconf 88' lang='lat' dir='ltr'><strong>esse</strong></span> <span class='ocrx_word' id='word_1_558' title='bbox 2591 3083 2847 3136; x_wconf 90' lang='lat' dir='ltr'><strong>dicamus.</strong></span> 
     </span>
    </p>
   </div>
   <div class='ocr_carea' id='block_1_70' title="bbox 2240 3172 3742 3245">
    <p class='ocr_par' dir='ltr' id='par_1_70' title="bbox 2240 3172 3742 3245">
     <span class='ocr_line' id='line_1_70' title="bbox 2240 3172 3742 3245; baseline 0 -17"><span class='ocrx_word' id='word_1_559' title='bbox 2240 3173 2461 3228; x_wconf 86' lang='lat' dir='ltr'><strong>CAPUT</strong></span> <span class='ocrx_word' id='word_1_560' title='bbox 2488 3172 2677 3227; x_wconf 80' lang='lat' dir='ltr'><strong>XXVI.</strong></span> <span class='ocrx_word' id='word_1_561' title='bbox 2705 3203 2774 3212; x_wconf 91' lang='lat'><strong>—</strong></span> <span class='ocrx_word' id='word_1_562' title='bbox 2801 3173 2889 3228; x_wconf 79' lang='grc'><strong>55.</strong></span> <span class='ocrx_word' id='word_1_563' title='bbox 2921 3172 3036 3228; x_wconf 87' lang='lat' dir='ltr'><strong>Jam</strong></span> <span class='ocrx_word' id='word_1_564' title='bbox 3068 3189 3231 3243; x_wconf 90' lang='lat' dir='ltr'><strong>pauca</strong></span> <span class='ocrx_word' id='word_1_565' title='bbox 3273 3181 3489 3230; x_wconf 81' lang='lat' dir='ltr'><strong>restant</strong></span> <span class='ocrx_word' id='word_1_566' title='bbox 3517 3189 3582 3229; x_wconf 80' lang='lat' dir='ltr'><strong>ex</strong></span> <span class='ocrx_word' id='word_1_567' title='bbox 3637 3174 3742 3245; x_wconf 86' lang='lat' dir='ltr'><strong>epi-</strong></span> 
     </span>
    </p>
   </div>
   <div class='ocr_carea' id='block_1_71' title="bbox 2169 3264 3750 3335">
    <p class='ocr_par' dir='ltr' id='par_1_71' title="bbox 2169 3264 3750 3335">
     <span class='ocr_line' id='line_1_71' title="bbox 2169 3264 3750 3335; baseline -0.001 -15"><span class='ocrx_word' id='word_1_568' title='bbox 2169 3265 2304 3320; x_wconf 90' lang='lat' dir='ltr'><strong>stola</strong></span> <span class='ocrx_word' id='word_1_569' title='bbox 2331 3265 2395 3319; x_wconf 90' lang='lat' dir='ltr'><strong>ad</strong></span> <span class='ocrx_word' id='word_1_570' title='bbox 2425 3264 2740 3318; x_wconf 82' lang='lat' dir='ltr'><strong>Jubaiannm</strong></span> <span class='ocrx_word' id='word_1_571' title='bbox 2775 3281 2787 3316; x_wconf 92' lang='lat'><strong>:</strong></span> <span class='ocrx_word' id='word_1_572' title='bbox 2821 3264 2913 3318; x_wconf 83' lang='lat' dir='ltr'><strong>sed</strong></span> <span class='ocrx_word' id='word_1_573' title='bbox 2943 3265 3062 3334; x_wconf 88' lang='lat' dir='ltr'><strong>quia</strong></span> <span class='ocrx_word' id='word_1_574' title='bbox 3093 3265 3144 3318; x_wconf 90' lang='lat' dir='ltr'><strong>in</strong></span> <span class='ocrx_word' id='word_1_575' title='bbox 3175 3265 3255 3320; x_wconf 90' lang='lat' dir='ltr'><strong>eis</strong></span> <span class='ocrx_word' id='word_1_576' title='bbox 3276 3275 3335 3320; x_wconf 90' lang='lat' dir='ltr'><strong>et</strong></span> <span class='ocrx_word' id='word_1_577' title='bbox 3384 3265 3453 3321; x_wconf 90' lang='lat' dir='ltr'><strong>de</strong></span> <span class='ocrx_word' id='word_1_578' title='bbox 3492 3266 3750 3335; x_wconf 76' lang='lat' dir='ltr'><strong>prmterita</strong></span> 
     </span>
    </p>
   </div>
   <div class='ocr_carea' id='block_1_72' title="bbox 2170 3355 3751 3428">
    <p class='ocr_par' dir='ltr' id='par_1_72' title="bbox 2170 3355 3751 3428">
     <span class='ocr_line' id='line_1_72' title="bbox 2170 3355 3751 3428; baseline -0.001 -17"><span class='ocrx_word' id='word_1_579' title='bbox 2170 3355 2422 3411; x_wconf 70' lang='lat' dir='ltr'><strong>Ecclesite</strong></span> <span class='ocrx_word' id='word_1_580' title='bbox 2447 3355 2828 3410; x_wconf 88' lang='lat' dir='ltr'><strong>consuetudine</strong></span> <span class='ocrx_word' id='word_1_581' title='bbox 2856 3355 3048 3426; x_wconf 86' lang='lat' dir='ltr'><strong>dicitur</strong></span> <span class='ocrx_word' id='word_1_582' title='bbox 3070 3398 3084 3421; x_wconf 91' lang='lat'><strong>,</strong></span> <span class='ocrx_word' id='word_1_583' title='bbox 3109 3355 3253 3411; x_wconf 90' lang='lat' dir='ltr'><strong>etde</strong></span> <span class='ocrx_word' id='word_1_584' title='bbox 3291 3357 3568 3428; x_wconf 87' lang='lat' dir='ltr'><strong>baptismo</strong></span> <span class='ocrx_word' id='word_1_585' title='bbox 3596 3357 3751 3412; x_wconf 84' lang='lat' dir='ltr'><strong>Joan-</strong></span> 
     </span>
    </p>
   </div>
   <div class='ocr_carea' id='block_1_73' title="bbox 2169 3447 3751 3518">
    <p class='ocr_par' dir='ltr' id='par_1_73' title="bbox 2169 3447 3751 3518">
     <span class='ocr_line' id='line_1_73' title="bbox 2169 3447 3751 3518; baseline 0 -16"><span class='ocrx_word' id='word_1_586' title='bbox 2169 3449 2250 3502; x_wconf 83' lang='lat' dir='ltr'><strong>nis</strong></span> <span class='ocrx_word' id='word_1_587' title='bbox 2271 3490 2284 3513; x_wconf 92' lang='lat'><strong>,</strong></span> <span class='ocrx_word' id='word_1_588' title='bbox 2310 3447 2452 3518; x_wconf 89' lang='lat' dir='ltr'><strong>quod</strong></span> <span class='ocrx_word' id='word_1_589' title='bbox 2483 3448 2622 3502; x_wconf 90' lang='lat' dir='ltr'><strong>solet</strong></span> <span class='ocrx_word' id='word_1_590' title='bbox 2653 3463 2755 3502; x_wconf 90' lang='lat' dir='ltr'><strong>non</strong></span> <span class='ocrx_word' id='word_1_591' title='bbox 2783 3462 3000 3518; x_wconf 87' lang='lat' dir='ltr'><strong>parvam</strong></span> <span class='ocrx_word' id='word_1_592' title='bbox 3029 3462 3243 3502; x_wconf 90' lang='lat' dir='ltr'><strong>movere</strong></span> <span class='ocrx_word' id='word_1_593' title='bbox 3269 3449 3628 3517; x_wconf 65' lang='lat' dir='ltr'><strong>quaestionem</strong></span> <span class='ocrx_word' id='word_1_594' title='bbox 3657 3447 3751 3502; x_wconf 86' lang='lat' dir='ltr'><strong>ho-</strong></span> 
     </span>
    </p>
   </div>
   <div class='ocr_carea' id='block_1_74' title="bbox 2169 3537 3751 3607">
    <p class='ocr_par' dir='ltr' id='par_1_74' title="bbox 2169 3537 3751 3607">
     <span class='ocr_line' id='line_1_74' title="bbox 2169 3537 3751 3607; baseline -0.003 -13"><span class='ocrx_word' id='word_1_595' title='bbox 2169 3540 2399 3595; x_wconf 92' lang='lat' dir='ltr'><strong>minibus</strong></span> <span class='ocrx_word' id='word_1_596' title='bbox 2420 3554 2530 3593; x_wconf 90' lang='lat' dir='ltr'><strong>rem</strong></span> <span class='ocrx_word' id='word_1_597' title='bbox 2559 3538 2886 3593; x_wconf 87' lang='lat' dir='ltr'><strong>manifestam</strong></span> <span class='ocrx_word' id='word_1_598' title='bbox 2920 3553 3101 3607; x_wconf 90' lang='lat' dir='ltr'><strong>parum</strong></span> <span class='ocrx_word' id='word_1_599' title='bbox 3148 3538 3564 3595; x_wconf 89' lang='lat' dir='ltr'><strong>attendentibus</strong></span> <span class='ocrx_word' id='word_1_600' title='bbox 3584 3578 3599 3605; x_wconf 92' lang='lat'><strong>,</strong></span> <span class='ocrx_word' id='word_1_601' title='bbox 3637 3537 3751 3607; x_wconf 89' lang='lat' dir='ltr'><strong>quia</strong></span> 
     </span>
    </p>
   </div>
   <div class='ocr_carea' id='block_1_75' title="bbox 2164 3629 3750 3702">
    <p class='ocr_par' dir='ltr' id='par_1_75' title="bbox 2164 3629 3750 3702">
     <span class='ocr_line' id='line_1_75' title="bbox 2164 3629 3750 3702; baseline -0.003 -16"><span class='ocrx_word' id='word_1_602' title='bbox 2164 3631 2296 3701; x_wconf 90' lang='lat' dir='ltr'><strong>jussi</strong></span> <span class='ocrx_word' id='word_1_603' title='bbox 2323 3642 2448 3686; x_wconf 90' lang='lat' dir='ltr'><strong>sunt</strong></span> <span class='ocrx_word' id='word_1_604' title='bbox 2467 3631 2534 3686; x_wconf 89' lang='lat' dir='ltr'><strong>ab</strong></span> <span class='ocrx_word' id='word_1_605' title='bbox 2563 3630 2816 3700; x_wconf 88' lang='lat' dir='ltr'><strong>Apostolo</strong></span> <span class='ocrx_word' id='word_1_606' title='bbox 2869 3630 2918 3684; x_wconf 92' lang='lat' dir='ltr'><strong>in</strong></span> <span class='ocrx_word' id='word_1_607' title='bbox 2959 3630 3171 3685; x_wconf 85' lang='lat' dir='ltr'><strong>Christo</strong></span> <span class='ocrx_word' id='word_1_608' title='bbox 3201 3631 3469 3701; x_wconf 80' lang='lat' dir='ltr'><strong>baptizari</strong></span> <span class='ocrx_word' id='word_1_609' title='bbox 3519 3631 3609 3702; x_wconf 88' lang='lat' dir='ltr'><strong>qui</strong></span> <span class='ocrx_word' id='word_1_610' title='bbox 3659 3629 3750 3684; x_wconf 88' lang='lat' dir='ltr'><strong>ha-</strong></span> 
     </span>
    </p>
   </div>
   <div class='ocr_carea' id='block_1_76' title="bbox 2167 3722 3756 3793">
    <p class='ocr_par' dir='ltr' id='par_1_76' title="bbox 2167 3722 3756 3793">
     <span class='ocr_line' id='line_1_76' title="bbox 2167 3722 3756 3793; baseline -0.001 -17"><span class='ocrx_word' id='word_1_611' title='bbox 2167 3723 2419 3792; x_wconf 89' lang='lat' dir='ltr'><strong>ptismum</strong></span> <span class='ocrx_word' id='word_1_612' title='bbox 2445 3722 2665 3778; x_wconf 88' lang='lat' dir='ltr'><strong>Joannis</strong></span> <span class='ocrx_word' id='word_1_613' title='bbox 2689 3731 3004 3790; x_wconf 88' lang='lat' dir='ltr'><strong>acceperant</strong></span> <span class='ocrx_word' id='word_1_614' title='bbox 3026 3723 3162 3792; x_wconf 82' lang='lat' dir='ltr'><strong>(Act.</strong></span> <span class='ocrx_word' id='word_1_615' title='bbox 3195 3737 3282 3776; x_wconf 64' lang='lat' dir='ltr'><strong>nux</strong></span> <span class='ocrx_word' id='word_1_616' title='bbox 3309 3765 3326 3789; x_wconf 94' lang='lat'><strong>,</strong></span> <span class='ocrx_word' id='word_1_617' title='bbox 3361 3724 3516 3793; x_wconf 80' lang='lat'><strong>5-5);</strong></span> <span class='ocrx_word' id='word_1_618' title='bbox 3534 3737 3637 3777; x_wconf 90' lang='lat' dir='ltr'><strong>non</strong></span> <span class='ocrx_word' id='word_1_619' title='bbox 3664 3736 3756 3775; x_wconf 91' lang='lat' dir='ltr'><strong>ne-</strong></span> 
     </span>
    </p>
   </div>
   <div class='ocr_carea' id='block_1_77' title="bbox 2166 3811 3754 3885">
    <p class='ocr_par' dir='ltr' id='par_1_77' title="bbox 2166 3811 3754 3885">
     <span class='ocr_line' id='line_1_77' title="bbox 2166 3811 3754 3885; baseline 0 -20"><span class='ocrx_word' id='word_1_620' title='bbox 2166 3814 2424 3885; x_wconf 84' lang='lat' dir='ltr'><strong>gligenter</strong></span> <span class='ocrx_word' id='word_1_621' title='bbox 2451 3813 2722 3867; x_wconf 87' lang='lat' dir='ltr'><strong>tractanda</strong></span> <span class='ocrx_word' id='word_1_622' title='bbox 2763 3823 2884 3869; x_wconf 90' lang='lat' dir='ltr'><strong>sunt</strong></span> <span class='ocrx_word' id='word_1_623' title='bbox 2907 3854 2922 3879; x_wconf 90' lang='lat'><strong>,</strong></span> <span class='ocrx_word' id='word_1_624' title='bbox 2970 3823 3024 3867; x_wconf 93' lang='lat' dir='ltr'><strong>ct</strong></span> <span class='ocrx_word' id='word_1_625' title='bbox 3054 3813 3103 3866; x_wconf 90' lang='lat' dir='ltr'><strong>in</strong></span> <span class='ocrx_word' id='word_1_626' title='bbox 3131 3813 3387 3868; x_wconf 83' lang='lat' dir='ltr'><strong>volumen</strong></span> <span class='ocrx_word' id='word_1_627' title='bbox 3416 3814 3561 3868; x_wconf 87' lang='lat' dir='ltr'><strong>aliud</strong></span> <span class='ocrx_word' id='word_1_628' title='bbox 3610 3811 3754 3866; x_wconf 84' lang='lat' dir='ltr'><strong>diffe-</strong></span> 
     </span>
    </p>
   </div>
   <div class='ocr_carea' id='block_1_78' title="bbox 2168 3903 3368 3972">
    <p class='ocr_par' dir='ltr' id='par_1_78' title="bbox 2168 3903 3368 3972">
     <span class='ocr_line' id='line_1_78' title="bbox 2168 3903 3368 3972; baseline 0.001 -16"><span class='ocrx_word' id='word_1_629' title='bbox 2168 3903 2329 3958; x_wconf 90' lang='lat' dir='ltr'><strong>renda</strong></span> <span class='ocrx_word' id='word_1_630' title='bbox 2352 3944 2364 3968; x_wconf 97' lang='lat'><strong>,</strong></span> <span class='ocrx_word' id='word_1_631' title='bbox 2393 3919 2459 3958; x_wconf 86' lang='lat' dir='ltr'><strong>ne</strong></span> <span class='ocrx_word' id='word_1_632' title='bbox 2482 3903 2637 3972; x_wconf 85' lang='lat' dir='ltr'><strong>hujus</strong></span> <span class='ocrx_word' id='word_1_633' title='bbox 2664 3903 2852 3958; x_wconf 88' lang='lat' dir='ltr'><strong>modus</strong></span> <span class='ocrx_word' id='word_1_634' title='bbox 2873 3903 3252 3958; x_wconf 86' lang='lat' dir='ltr'><strong>immoderatus</strong></span> <span class='ocrx_word' id='word_1_635' title='bbox 3272 3905 3368 3958; x_wconf 91' lang='lat' dir='ltr'><strong>sit.</strong></span> 
     </span>
    </p>
   </div>
   <div class='ocr_carea' id='block_1_79' title="bbox 1451 4104 2763 4231">
    <p class='ocr_par' dir='ltr' id='par_1_79' title="bbox 1451 4104 2763 4231">
     <span class='ocr_line' id='line_1_79' title="bbox 1451 4104 2763 4231; baseline -0.001 -20"><span class='ocrx_word' id='word_1_636' title='bbox 1451 4105 1925 4211; x_wconf 87' lang='lat' dir='ltr'><strong>LIBER</strong></span> <span class='ocrx_word' id='word_1_637' title='bbox 1993 4105 2091 4231; x_wconf 82' lang='lat' dir='ltr'><em>Q</em></span> <span class='ocrx_word' id='word_1_638' title='bbox 2111 4104 2763 4212; x_wconf 46' lang='lat' dir='ltr'><strong>U’IN‘TU‘S.</strong></span> 
     </span>
    </p>
   </div>
   <div class='ocr_carea' id='block_1_80' title="bbox 478 4304 3762 4372">
    <p class='ocr_par' dir='ltr' id='par_1_80' title="bbox 478 4304 3762 4372">
     <span class='ocr_line' id='line_1_80' title="bbox 478 4304 3762 4372; baseline -0.001 -10"><span class='ocrx_word' id='word_1_639' title='bbox 478 4317 501 4362; x_wconf 61' lang='grc' dir='ltr'><strong><em>Ρ</em></strong></span> <span class='ocrx_word' id='word_1_640' title='bbox 519 4318 767 4362; x_wconf 76' lang='lat' dir='ltr'><strong>)strrmam</strong></span> <span class='ocrx_word' id='word_1_641' title='bbox 790 4316 977 4371; x_wconf 87' lang='lat' dir='ltr'><strong>partem</strong></span> <span class='ocrx_word' id='word_1_642' title='bbox 1001 4309 1245 4358; x_wconf 75' lang='lat' dir='ltr'><strong>examinat</strong></span> <span class='ocrx_word' id='word_1_643' title='bbox 1262 4307 1478 4371; x_wconf 65' lang='grc' dir='ltr'><strong>(ξιτίδιοιω</strong></span> <span class='ocrx_word' id='word_1_644' title='bbox 1500 4304 1789 4372; x_wconf 67' lang='lat' dir='ltr'><strong>Cyprianiad</strong></span> <span class='ocrx_word' id='word_1_645' title='bbox 1811 4304 2108 4372; x_wconf 83' lang='lat' dir='ltr'><strong>Jubaianum,</strong></span> <span class='ocrx_word' id='word_1_646' title='bbox 2125 4319 2314 4372; x_wconf 82' lang='lat' dir='ltr'><strong>necnon</strong></span> <span class='ocrx_word' id='word_1_647' title='bbox 2330 4305 2588 4372; x_wconf 78' lang='lat' dir='ltr'><strong>epistolam</strong></span> <span class='ocrx_word' id='word_1_648' title='bbox 2613 4307 2833 4368; x_wconf 88' lang='lat' dir='ltr'><strong>ejusdem</strong></span> <span class='ocrx_word' id='word_1_649' title='bbox 2849 4306 2908 4356; x_wconf 88' lang='lat' dir='ltr'><strong>ad</strong></span> <span class='ocrx_word' id='word_1_650' title='bbox 2929 4315 3166 4369; x_wconf 80' lang='lat' dir='ltr'><strong>Quintum,</strong></span> <span class='ocrx_word' id='word_1_651' title='bbox 3195 4309 3487 4372; x_wconf 78' lang='lat' dir='ltr'><strong>synodicam</strong></span> <span class='ocrx_word' id='word_1_652' title='bbox 3517 4313 3579 4362; x_wconf 86' lang='lat' dir='ltr'><strong>ad</strong></span> <span class='ocrx_word' id='word_1_653' title='bbox 3607 4312 3762 4361; x_wconf 64' lang='lat' dir='ltr'><strong>Nuntio</strong></span> 
     </span>
    </p>
   </div>
   <div class='ocr_carea' id='block_1_81' title="bbox 1550 4365 2657 4430">
    <p class='ocr_par' dir='ltr' id='par_1_81' title="bbox 1550 4365 2657 4430">
     <span class='ocr_line' id='line_1_81' title="bbox 1550 4365 2657 4430; baseline 0.002 -17"><span class='ocrx_word' id='word_1_654' title='bbox 1550 4365 1636 4414; x_wconf 87' lang='lat' dir='ltr'><strong>das</strong></span> <span class='ocrx_word' id='word_1_655' title='bbox 1651 4365 1916 4427; x_wconf 72' lang='lat' dir='ltr'><strong>episcopos,</strong></span> <span class='ocrx_word' id='word_1_656' title='bbox 1942 4372 1992 4415; x_wconf 86' lang='lat' dir='ltr'><strong>et</strong></span> <span class='ocrx_word' id='word_1_657' title='bbox 2015 4367 2264 4429; x_wconf 87' lang='lat' dir='ltr'><strong>epistolam</strong></span> <span class='ocrx_word' id='word_1_658' title='bbox 2285 4368 2344 4418; x_wconf 87' lang='lat' dir='ltr'><strong>ad</strong></span> <span class='ocrx_word' id='word_1_659' title='bbox 2369 4365 2657 4430; x_wconf 62' lang='lat' dir='ltr'><strong>i‘ompeium&#39;.</strong></span> 
     </span>
    </p>
   </div>
   <div class='ocr_carea' id='block_1_82' title="bbox 1873 4491 2349 4570">
    <p class='ocr_par' dir='ltr' id='par_1_82' title="bbox 1873 4491 2349 4570">
     <span class='ocr_line' id='line_1_82' title="bbox 1873 4491 2349 4570; baseline -0.006 -24"><span class='ocrx_word' id='word_1_660' title='bbox 1873 4491 2349 4570; x_wconf 45' lang='lat' dir='ltr'><strong>mg“...</strong></span> 
     </span>
    </p>
   </div>
   <div class='ocr_carea' id='block_1_83' title="bbox 552 4631 2060 4701">
    <p class='ocr_par' dir='ltr' id='par_1_83' title="bbox 552 4631 2060 4701">
     <span class='ocr_line' id='line_1_83' title="bbox 552 4631 2060 4701; baseline -0.008 0"><span class='ocrx_word' id='word_1_661' title='bbox 552 4643 773 4701; x_wconf 83' lang='lat' dir='ltr'><strong>CAPUT</strong></span> <span class='ocrx_word' id='word_1_662' title='bbox 801 4639 1080 4701; x_wconf 80' lang='lat' dir='ltr'><strong>PRIMUM.</strong></span> <span class='ocrx_word' id='word_1_663' title='bbox 1107 4669 1176 4677; x_wconf 97' lang='lat'><strong>—</strong></span> <span class='ocrx_word' id='word_1_664' title='bbox 1196 4637 1245 4692; x_wconf 76' lang='grc' dir='ltr'><strong>ι.</strong></span> <span class='ocrx_word' id='word_1_665' title='bbox 1277 4634 1528 4692; x_wconf 72' lang='lat' dir='ltr'><strong>Ecclesia:</strong></span> <span class='ocrx_word' id='word_1_666' title='bbox 1549 4631 1823 4688; x_wconf 66' lang='lat' dir='ltr'><strong>catholica:</strong></span> <span class='ocrx_word' id='word_1_667' title='bbox 1844 4648 2060 4690; x_wconf 89' lang='lat' dir='ltr'><strong>consue-</strong></span> 
     </span>
    </p>
   </div>
   <div class='ocr_carea' id='block_1_84' title="bbox 485 4723 2052 4805">
    <p class='ocr_par' dir='ltr' id='par_1_84' title="bbox 485 4723 2052 4805">
     <span class='ocr_line' id='line_1_84' title="bbox 485 4723 2052 4805; baseline -0.008 -14"><span class='ocrx_word' id='word_1_668' title='bbox 485 4736 714 4792; x_wconf 90' lang='lat' dir='ltr'><strong>tudinem</strong></span> <span class='ocrx_word' id='word_1_669' title='bbox 745 4733 1022 4805; x_wconf 90' lang='lat' dir='ltr'><strong>pristinam</strong></span> <span class='ocrx_word' id='word_1_670' title='bbox 1051 4744 1190 4783; x_wconf 87' lang='lat' dir='ltr'><strong>nunc</strong></span> <span class='ocrx_word' id='word_1_671' title='bbox 1216 4727 1418 4791; x_wconf 82' lang='lat' dir='ltr'><strong>teneri,</strong></span> <span class='ocrx_word' id='word_1_672' title='bbox 1451 4739 1570 4779; x_wconf 93' lang='lat' dir='ltr'><strong>cum</strong></span> <span class='ocrx_word' id='word_1_673' title='bbox 1598 4725 1664 4779; x_wconf 90' lang='lat' dir='ltr'><strong>ab</strong></span> <span class='ocrx_word' id='word_1_674' title='bbox 1681 4723 1942 4780; x_wconf 86' lang='lat' dir='ltr'><strong>haereticis</strong></span> <span class='ocrx_word' id='word_1_675' title='bbox 1971 4725 2052 4780; x_wconf 90' lang='lat' dir='ltr'><strong>vel</strong></span> 
     </span>
    </p>
   </div>
   <div class='ocr_carea' id='block_1_85' title="bbox 482 4815 2054 4888">
    <p class='ocr_par' dir='ltr' id='par_1_85' title="bbox 482 4815 2054 4888">
     <span class='ocr_line' id='line_1_85' title="bbox 482 4815 2054 4888; baseline -0.008 -4"><span class='ocrx_word' id='word_1_676' title='bbox 482 4820 832 4884; x_wconf 77' lang='lat' dir='ltr'><strong>soliismaticis</strong></span> <span class='ocrx_word' id='word_1_677' title='bbox 857 4819 1128 4879; x_wconf 82' lang='lat' dir='ltr'><strong>venientes</strong></span> <span class='ocrx_word' id='word_1_678' title='bbox 1152 4862 1167 4887; x_wconf 93' lang='lat'><strong>,</strong></span> <span class='ocrx_word' id='word_1_679' title='bbox 1198 4821 1241 4875; x_wconf 89' lang='lat' dir='ltr'><strong>si</strong></span> <span class='ocrx_word' id='word_1_680' title='bbox 1285 4816 1606 4888; x_wconf 87' lang='lat' dir='ltr'><strong>evangelicis</strong></span> <span class='ocrx_word' id='word_1_681' title='bbox 1645 4815 1821 4870; x_wconf 86' lang='lat' dir='ltr'><strong>verbis</strong></span> <span class='ocrx_word' id='word_1_682' title='bbox 1867 4830 2054 4871; x_wconf 90' lang='lat' dir='ltr'><strong>conse-</strong></span> 
     </span>
    </p>
   </div>
   <div class='ocr_carea' id='block_1_86' title="bbox 477 4908 2054 4987">
    <p class='ocr_par' dir='ltr' id='par_1_86' title="bbox 477 4908 2054 4987">
     <span class='ocr_line' id='line_1_86' title="bbox 477 4908 2054 4987; baseline -0.008 -12"><span class='ocrx_word' id='word_1_683' title='bbox 477 4927 681 4975; x_wconf 88' lang='lat' dir='ltr'><strong>cratum</strong></span> <span class='ocrx_word' id='word_1_684' title='bbox 709 4918 1032 4987; x_wconf 86' lang='lat' dir='ltr'><strong>Baptismum</strong></span> <span class='ocrx_word' id='word_1_685' title='bbox 1081 4919 1464 4983; x_wconf 86' lang='lat' dir='ltr'><strong>perceperunt,</strong></span> <span class='ocrx_word' id='word_1_686' title='bbox 1507 4908 1682 4963; x_wconf 92' lang='lat' dir='ltr'><strong>denuo</strong></span> <span class='ocrx_word' id='word_1_687' title='bbox 1727 4922 1829 4961; x_wconf 92' lang='lat' dir='ltr'><strong>non</strong></span> <span class='ocrx_word' id='word_1_688' title='bbox 1880 4908 2054 4987; x_wconf 86' lang='lat' dir='ltr'><strong>bapti-</strong></span> 
     </span>
    </p>
   </div>
   <div class='ocr_carea' id='block_1_87' title="bbox 475 4984 2048 5078">
    <p class='ocr_par' dir='ltr' id='par_1_87' title="bbox 475 4984 2048 5078">
     <span class='ocr_line' id='line_1_87' title="bbox 475 4984 2048 5078; baseline -0.009 -11"><span class='ocrx_word' id='word_1_689' title='bbox 475 5021 664 5067; x_wconf 82' lang='lat' dir='ltr'><strong>zantur</strong></span> <span class='ocrx_word' id='word_1_690' title='bbox 687 5053 700 5078; x_wconf 92' lang='lat'><strong>,</strong></span> <span class='ocrx_word' id='word_1_691' title='bbox 723 4984 880 5066; x_wconf 81' lang='lat' dir='ltr'><strong>beato</strong></span> <span class='ocrx_word' id='word_1_692' title='bbox 898 5005 1164 5078; x_wconf 87' lang='lat' dir='ltr'><strong>Cypriane</strong></span> <span class='ocrx_word' id='word_1_693' title='bbox 1186 5012 1320 5058; x_wconf 89' lang='lat' dir='ltr'><strong>teste</strong></span> <span class='ocrx_word' id='word_1_694' title='bbox 1344 5001 1558 5055; x_wconf 89' lang='lat' dir='ltr'><strong>utimur.</strong></span> <span class='ocrx_word' id='word_1_695' title='bbox 1588 4998 1707 5068; x_wconf 80' lang='lat' dir='ltr'><strong>ipse</strong></span> <span class='ocrx_word' id='word_1_696' title='bbox 1734 4999 1928 5069; x_wconf 90' lang='lat' dir='ltr'><strong>quippe</strong></span> <span class='ocrx_word' id='word_1_697' title='bbox 1950 4984 2048 5054; x_wconf 81' lang='lat' dir='ltr'><strong>sibi</strong></span> 
     </span>
    </p>
   </div>
   <div class='ocr_carea' id='block_1_88' title="bbox 476 5089 2050 5174">
    <p class='ocr_par' dir='ltr' id='par_1_88' title="bbox 476 5089 2050 5174">
     <span class='ocr_line' id='line_1_88' title="bbox 476 5089 2050 5174; baseline -0.008 -14"><span class='ocrx_word' id='word_1_698' title='bbox 476 5103 824 5174; x_wconf 69' lang='lat' dir='ltr'><strong>qumstionem</strong></span> <span class='ocrx_word' id='word_1_699' title='bbox 876 5097 1154 5169; x_wconf 89' lang='lat' dir='ltr'><strong>proposuit</strong></span> <span class='ocrx_word' id='word_1_700' title='bbox 1192 5111 1257 5150; x_wconf 80' lang='lat' dir='ltr'><strong>ex</strong></span> <span class='ocrx_word' id='word_1_701' title='bbox 1296 5108 1388 5148; x_wconf 90' lang='lat' dir='ltr'><strong>ore</strong></span> <span class='ocrx_word' id='word_1_702' title='bbox 1433 5093 1613 5161; x_wconf 88' lang='lat' dir='ltr'><strong>utique</strong></span> <span class='ocrx_word' id='word_1_703' title='bbox 1651 5089 1901 5154; x_wconf 90' lang='lat' dir='ltr'><strong>fratrum,</strong></span> <span class='ocrx_word' id='word_1_704' title='bbox 1940 5092 2050 5147; x_wconf 88' lang='lat' dir='ltr'><strong>sive</strong></span> 
     </span>
    </p>
   </div>
   <div class='ocr_carea' id='block_1_89' title="bbox 475 5184 2045 5268">
    <p class='ocr_par' dir='ltr' id='par_1_89' title="bbox 475 5184 2045 5268">
     <span class='ocr_line' id='line_1_89' title="bbox 475 5184 2045 5268; baseline -0.006 -21"><span class='ocrx_word' id='word_1_705' title='bbox 475 5195 822 5268; x_wconf 86' lang='lat' dir='ltr'><strong>quaerentium</strong></span> <span class='ocrx_word' id='word_1_706' title='bbox 854 5191 1160 5256; x_wconf 86' lang='lat' dir='ltr'><strong>veritatem,</strong></span> <span class='ocrx_word' id='word_1_707' title='bbox 1203 5188 1314 5243; x_wconf 86' lang='lat' dir='ltr'><strong>sive</strong></span> <span class='ocrx_word' id='word_1_708' title='bbox 1345 5201 1439 5258; x_wconf 91' lang='lat' dir='ltr'><strong>pro</strong></span> <span class='ocrx_word' id='word_1_709' title='bbox 1462 5185 1684 5240; x_wconf 88' lang='lat' dir='ltr'><strong>veritate</strong></span> <span class='ocrx_word' id='word_1_710' title='bbox 1711 5184 2045 5239; x_wconf 91' lang='lat' dir='ltr'><strong>certantium.</strong></span> 
     </span>
    </p>
   </div>
   <div class='ocr_carea' id='block_1_90' title="bbox 476 5274 2048 5356">
    <p class='ocr_par' dir='ltr' id='par_1_90' title="bbox 476 5274 2048 5356">
     <span class='ocr_line' id='line_1_90' title="bbox 476 5274 2048 5356; baseline -0.008 -16"><span class='ocrx_word' id='word_1_711' title='bbox 476 5286 617 5342; x_wconf 84' lang='lat' dir='ltr'><strong>inter</strong></span> <span class='ocrx_word' id='word_1_712' title='bbox 644 5283 1028 5356; x_wconf 87' lang='lat' dir='ltr'><strong>disputationes</strong></span> <span class='ocrx_word' id='word_1_713' title='bbox 1048 5280 1188 5336; x_wconf 92' lang='lat' dir='ltr'><strong>enim</strong></span> <span class='ocrx_word' id='word_1_714' title='bbox 1214 5292 1338 5333; x_wconf 89' lang='lat' dir='ltr'><strong>suas</strong></span> <span class='ocrx_word' id='word_1_715' title='bbox 1358 5320 1371 5344; x_wconf 91' lang='lat'><strong>,</strong></span> <span class='ocrx_word' id='word_1_716' title='bbox 1404 5277 1592 5347; x_wconf 91' lang='lat' dir='ltr'><strong>quibus</strong></span> <span class='ocrx_word' id='word_1_717' title='bbox 1617 5274 1830 5328; x_wconf 83' lang='lat' dir='ltr'><strong>volebat</strong></span> <span class='ocrx_word' id='word_1_718' title='bbox 1865 5283 2048 5328; x_wconf 85' lang='lat' dir='ltr'><strong>osten-</strong></span> 
     </span>
    </p>
   </div>
   <div class='ocr_carea' id='block_1_91' title="bbox 469 5364 2050 5444">
    <p class='ocr_par' dir='ltr' id='par_1_91' title="bbox 469 5364 2050 5444">
     <span class='ocr_line' id='line_1_91' title="bbox 469 5364 2050 5444; baseline -0.009 -12"><span class='ocrx_word' id='word_1_719' title='bbox 469 5373 598 5432; x_wconf 79' lang='lat' dir='ltr'><strong>dere</strong></span> <span class='ocrx_word' id='word_1_720' title='bbox 615 5375 792 5432; x_wconf 90' lang='lat' dir='ltr'><strong>denuo</strong></span> <span class='ocrx_word' id='word_1_721' title='bbox 803 5370 1150 5444; x_wconf 87' lang='lat' dir='ltr'><strong>baptizandos</strong></span> <span class='ocrx_word' id='word_1_722' title='bbox 1178 5367 1475 5433; x_wconf 70' lang='lat' dir='ltr'><strong>hmreticos,</strong></span> <span class='ocrx_word' id='word_1_723' title='bbox 1498 5364 1565 5420; x_wconf 89' lang='lat' dir='ltr'><strong>de</strong></span> <span class='ocrx_word' id='word_1_724' title='bbox 1591 5365 1778 5435; x_wconf 86' lang='lat' dir='ltr'><strong>quibus</strong></span> <span class='ocrx_word' id='word_1_725' title='bbox 1805 5366 1932 5418; x_wconf 89' lang='lat' dir='ltr'><strong>satis</strong></span> <span class='ocrx_word' id='word_1_726' title='bbox 1953 5378 2050 5433; x_wconf 91' lang='lat' dir='ltr'><strong>pro</strong></span> 
     </span>
    </p>
   </div>
   <div class='ocr_carea' id='block_1_92' title="bbox 474 5454 2048 5539">
    <p class='ocr_par' dir='ltr' id='par_1_92' title="bbox 474 5454 2048 5539">
     <span class='ocr_line' id='line_1_92' title="bbox 474 5454 2048 5539; baseline -0.011 -14"><span class='ocrx_word' id='word_1_727' title='bbox 474 5476 715 5539; x_wconf 87' lang='lat' dir='ltr'><strong>tempore</strong></span> <span class='ocrx_word' id='word_1_728' title='bbox 742 5465 893 5521; x_wconf 90' lang='lat' dir='ltr'><strong>libris</strong></span> <span class='ocrx_word' id='word_1_729' title='bbox 936 5459 1301 5533; x_wconf 89' lang='lat' dir='ltr'><strong>superioribus</strong></span> <span class='ocrx_word' id='word_1_730' title='bbox 1350 5459 1724 5517; x_wconf 81' lang='lat' dir='ltr'><strong>disseruimus,</strong></span> <span class='ocrx_word' id='word_1_731' title='bbox 1771 5457 1889 5508; x_wconf 88' lang='lat' dir='ltr'><strong>ait:</strong></span> <span class='ocrx_word' id='word_1_732' title='bbox 1943 5454 2048 5509; x_wconf 77' lang='lat' dir='ltr'><strong>Sed</strong></span> 
     </span>
    </p>
   </div>
   <div class='ocr_carea' id='block_1_93' title="bbox 474 5546 2048 5630">
    <p class='ocr_par' dir='ltr' id='par_1_93' title="bbox 474 5546 2048 5630">
     <span class='ocr_line' id='line_1_93' title="bbox 474 5546 2048 5630; baseline -0.011 -15"><span class='ocrx_word' id='word_1_733' title='bbox 474 5561 595 5615; x_wconf 81' lang='lat' dir='ltr'><strong>dicit</strong></span> <span class='ocrx_word' id='word_1_734' title='bbox 615 5561 798 5630; x_wconf 84' lang='lat' dir='ltr'><strong>aliquis</strong></span> <span class='ocrx_word' id='word_1_735' title='bbox 817 5599 830 5623; x_wconf 89' lang='lat'><strong>,</strong></span> <span class='ocrx_word' id='word_1_736' title='bbox 851 5555 973 5626; x_wconf 86' lang='lat' dir='ltr'><strong>quid</strong></span> <span class='ocrx_word' id='word_1_737' title='bbox 1001 5571 1119 5625; x_wconf 87' lang='lat' dir='ltr'><strong>ergo</strong></span> <span class='ocrx_word' id='word_1_738' title='bbox 1144 5553 1227 5622; x_wconf 78' lang='lat' dir='ltr'><strong>ﬁet</strong></span> <span class='ocrx_word' id='word_1_739' title='bbox 1257 5551 1318 5605; x_wconf 88' lang='lat' dir='ltr'><strong>de</strong></span> <span class='ocrx_word' id='word_1_740' title='bbox 1342 5551 1420 5604; x_wconf 85' lang='lat' dir='ltr'><strong>his</strong></span> <span class='ocrx_word' id='word_1_741' title='bbox 1444 5550 1528 5620; x_wconf 88' lang='lat' dir='ltr'><strong>qui</strong></span> <span class='ocrx_word' id='word_1_742' title='bbox 1565 5549 1616 5602; x_wconf 83' lang='lat' dir='ltr'><strong>in</strong></span> <span class='ocrx_word' id='word_1_743' title='bbox 1644 5548 1951 5618; x_wconf 75' lang='lat' dir='ltr'><strong>pmtcritmu</strong></span> <span class='ocrx_word' id='word_1_744' title='bbox 1986 5546 2048 5598; x_wconf 87' lang='lat' dir='ltr'><strong>de</strong></span> 
     </span>
    </p>
   </div>
   <div class='ocr_carea' id='block_1_94' title="bbox 480 5639 2049 5710">
    <p class='ocr_par' dir='ltr' id='par_1_94' title="bbox 480 5639 2049 5710">
     <span class='ocr_line' id='line_1_94' title="bbox 480 5639 2049 5710; baseline -0.01 -2"><span class='ocrx_word' id='word_1_745' title='bbox 480 5651 658 5708; x_wconf 67' lang='lat' dir='ltr'><strong>hausi</strong></span> <span class='ocrx_word' id='word_1_746' title='bbox 678 5650 744 5704; x_wconf 88' lang='lat' dir='ltr'><strong>ad</strong></span> <span class='ocrx_word' id='word_1_747' title='bbox 770 5647 1045 5703; x_wconf 79' lang='lat' dir='ltr'><strong>Ecclesium</strong></span> <span class='ocrx_word' id='word_1_748' title='bbox 1085 5645 1332 5698; x_wconf 76' lang='lat' dir='ltr'><strong>venientes</strong></span> <span class='ocrx_word' id='word_1_749' title='bbox 1356 5683 1370 5707; x_wconf 90' lang='lat'><strong>,</strong></span> <span class='ocrx_word' id='word_1_750' title='bbox 1399 5645 1505 5695; x_wconf 84' lang='lat' dir='ltr'><strong>sine</strong></span> <span class='ocrx_word' id='word_1_751' title='bbox 1533 5639 1792 5710; x_wconf 85' lang='lat' dir='ltr'><strong>Baptismo</strong></span> <span class='ocrx_word' id='word_1_752' title='bbox 1841 5639 2049 5692; x_wconf 83' lang='lat' dir='ltr'><strong>admissi</strong></span> 
     </span>
    </p>
   </div>
   <div class='ocr_carea' id='block_1_95' title="bbox 474 5729 2046 5811">
    <p class='ocr_par' dir='ltr' id='par_1_95' title="bbox 474 5729 2046 5811">
     <span class='ocr_line' id='line_1_95' title="bbox 474 5729 2046 5811; baseline -0.009 -15"><span class='ocrx_word' id='word_1_753' title='bbox 474 5749 596 5798; x_wconf 85' lang='lat' dir='ltr'><strong>sunt</strong></span> <span class='ocrx_word' id='word_1_754' title='bbox 623 5738 812 5811; x_wconf 83' lang='lat' dir='ltr'><strong>(Epist.</strong></span> <span class='ocrx_word' id='word_1_755' title='bbox 841 5737 939 5804; x_wconf 74' lang='lat'><strong>73,</strong></span> <span class='ocrx_word' id='word_1_756' title='bbox 965 5734 1034 5789; x_wconf 88' lang='lat' dir='ltr'><strong>ad</strong></span> <span class='ocrx_word' id='word_1_757' title='bbox 1056 5730 1383 5799; x_wconf 83' lang='lat' dir='ltr'><strong>Jubaianum)</strong></span> <span class='ocrx_word' id='word_1_758' title='bbox 1408 5731 1432 5784; x_wconf 83' lang='lat'><strong>?</strong></span> <span class='ocrx_word' id='word_1_759' title='bbox 1467 5730 1564 5785; x_wconf 82' lang='lat' dir='ltr'><strong>llic</strong></span> <span class='ocrx_word' id='word_1_760' title='bbox 1593 5737 1700 5783; x_wconf 90' lang='lat' dir='ltr'><strong>tota</strong></span> <span class='ocrx_word' id='word_1_761' title='bbox 1731 5742 1887 5783; x_wconf 91' lang='lat' dir='ltr'><strong>causa</strong></span> <span class='ocrx_word' id='word_1_762' title='bbox 1942 5729 2046 5782; x_wconf 90' lang='lat' dir='ltr'><strong>Do-</strong></span> 
     </span>
    </p>
   </div>
   <div class='ocr_carea' id='block_1_96' title="bbox 476 5821 2067 5900">
    <p class='ocr_par' dir='ltr' id='par_1_96' title="bbox 476 5821 2067 5900">
     <span class='ocr_line' id='line_1_96' title="bbox 476 5821 2067 5900; baseline -0.009 -11"><span class='ocrx_word' id='word_1_763' title='bbox 476 5837 785 5889; x_wconf 58' lang='lat' dir='ltr'><strong>natistarum</strong></span> <span class='ocrx_word' id='word_1_764' title='bbox 808 5871 822 5900; x_wconf 92' lang='lat'><strong>,</strong></span> <span class='ocrx_word' id='word_1_765' title='bbox 844 5843 960 5885; x_wconf 90' lang='lat' dir='ltr'><strong>eum</strong></span> <span class='ocrx_word' id='word_1_766' title='bbox 983 5826 1172 5898; x_wconf 88' lang='lat' dir='ltr'><strong>quibus</strong></span> <span class='ocrx_word' id='word_1_767' title='bbox 1194 5825 1346 5880; x_wconf 91' lang='lat' dir='ltr'><strong>nobis</strong></span> <span class='ocrx_word' id='word_1_768' title='bbox 1367 5822 1438 5879; x_wconf 86' lang='lat' dir='ltr'><strong>de</strong></span> <span class='ocrx_word' id='word_1_769' title='bbox 1469 5822 1566 5877; x_wconf 91' lang='lat' dir='ltr'><strong>hac</strong></span> <span class='ocrx_word' id='word_1_770' title='bbox 1592 5821 1885 5892; x_wconf 74' lang='lat' dir='ltr'><strong>quzcstione</strong></span> <span class='ocrx_word' id='word_1_771' title='bbox 1913 5835 2067 5876; x_wconf 87' lang='lat' dir='ltr'><strong>con--</strong></span> 
     </span>
    </p>
   </div>
   <div class='ocr_carea' id='block_1_97' title="bbox 2167 4634 3766 4708">
    <p class='ocr_par' dir='ltr' id='par_1_97' title="bbox 2167 4634 3766 4708">
     <span class='ocr_line' id='line_1_97' title="bbox 2167 4634 3766 4708; baseline 0.005 -20"><span class='ocrx_word' id='word_1_772' title='bbox 2167 4634 2339 4688; x_wconf 86' lang='lat' dir='ltr'><strong>ﬂictus</strong></span> <span class='ocrx_word' id='word_1_773' title='bbox 2363 4643 2473 4700; x_wconf 91' lang='lat' dir='ltr'><strong>est,</strong></span> <span class='ocrx_word' id='word_1_774' title='bbox 2501 4636 2707 4706; x_wconf 90' lang='lat' dir='ltr'><strong>penitus</strong></span> <span class='ocrx_word' id='word_1_775' title='bbox 2747 4637 3091 4708; x_wconf 86' lang='lat' dir='ltr'><strong>naufragavit.</strong></span> <span class='ocrx_word' id='word_1_776' title='bbox 3144 4637 3198 4694; x_wconf 89' lang='lat' dir='ltr'><strong>Si</strong></span> <span class='ocrx_word' id='word_1_777' title='bbox 3246 4641 3399 4696; x_wconf 92' lang='lat' dir='ltr'><strong>enim</strong></span> <span class='ocrx_word' id='word_1_778' title='bbox 3457 4658 3590 4698; x_wconf 88' lang='lat' dir='ltr'><strong>vere</strong></span> <span class='ocrx_word' id='word_1_779' title='bbox 3621 4646 3636 4676; x_wconf 84' lang='grc'>¹</span> <span class='ocrx_word' id='word_1_780' title='bbox 3670 4643 3766 4698; x_wconf 82' lang='lat' dir='ltr'><strong>Ba-</strong></span> 
     </span>
    </p>
   </div>
   <div class='ocr_carea' id='block_1_98' title="bbox 2171 4727 3764 4799">
    <p class='ocr_par' dir='ltr' id='par_1_98' title="bbox 2171 4727 3764 4799">
     <span class='ocr_line' id='line_1_98' title="bbox 2171 4727 3764 4799; baseline 0.003 -19"><span class='ocrx_word' id='word_1_781' title='bbox 2171 4727 2423 4795; x_wconf 88' lang='lat' dir='ltr'><strong>ptismum</strong></span> <span class='ocrx_word' id='word_1_782' title='bbox 2453 4742 2556 4782; x_wconf 91' lang='lat' dir='ltr'><strong>non</strong></span> <span class='ocrx_word' id='word_1_783' title='bbox 2587 4727 3266 4799; x_wconf 86' lang='lat' dir='ltr'><strong>habebant,quiveuientcs</strong></span> <span class='ocrx_word' id='word_1_784' title='bbox 3291 4733 3365 4787; x_wconf 92' lang='lat' dir='ltr'><strong>ab</strong></span> <span class='ocrx_word' id='word_1_785' title='bbox 3385 4733 3668 4789; x_wconf 67' lang='lat' dir='ltr'><strong>limreticis</strong></span> <span class='ocrx_word' id='word_1_786' title='bbox 3698 4734 3764 4786; x_wconf 88' lang='lat' dir='ltr'><strong>ita</strong></span> 
     </span>
    </p>
   </div>
   <div class='ocr_carea' id='block_1_99' title="bbox 2159 4820 3764 4894">
    <p class='ocr_par' dir='ltr' id='par_1_99' title="bbox 2159 4820 3764 4894">
     <span class='ocr_line' id='line_1_99' title="bbox 2159 4820 3764 4894; baseline 0.004 -20"><span class='ocrx_word' id='word_1_787' title='bbox 2159 4820 2616 4889; x_wconf 87' lang='lat' dir='ltr'><strong>suscipiebantur,</strong></span> <span class='ocrx_word' id='word_1_788' title='bbox 2647 4829 2701 4875; x_wconf 91' lang='lat' dir='ltr'><strong>et</strong></span> <span class='ocrx_word' id='word_1_789' title='bbox 2735 4836 2896 4890; x_wconf 91' lang='lat' dir='ltr'><strong>super</strong></span> <span class='ocrx_word' id='word_1_790' title='bbox 2937 4837 3030 4876; x_wconf 90' lang='lat' dir='ltr'><strong>eos</strong></span> <span class='ocrx_word' id='word_1_791' title='bbox 3065 4829 3219 4877; x_wconf 89' lang='lat' dir='ltr'><strong>erant</strong></span> <span class='ocrx_word' id='word_1_792' title='bbox 3254 4834 3490 4894; x_wconf 85' lang='lat' dir='ltr'><strong>peccata</strong></span> <span class='ocrx_word' id='word_1_793' title='bbox 3527 4841 3716 4882; x_wconf 89' lang='lat' dir='ltr'><strong>eorum</strong></span> <span class='ocrx_word' id='word_1_794' title='bbox 3752 4843 3764 4887; x_wconf 87' lang='lat'>;</span> 
     </span>
    </p>
   </div>
   <div class='ocr_carea' id='block_1_100' title="bbox 2159 4910 3769 4988">
    <p class='ocr_par' dir='ltr' id='par_1_100' title="bbox 2159 4910 3769 4988">
     <span class='ocr_line' id='line_1_100' title="bbox 2159 4910 3769 4988; baseline 0.004 -24"><span class='ocrx_word' id='word_1_795' title='bbox 2159 4924 2278 4964; x_wconf 87' lang='lat' dir='ltr'><strong>cum</strong></span> <span class='ocrx_word' id='word_1_796' title='bbox 2318 4910 2766 4966; x_wconf 88' lang='lat' dir='ltr'><strong>comnnmicatum</strong></span> <span class='ocrx_word' id='word_1_797' title='bbox 2792 4921 2872 4966; x_wconf 91' lang='lat' dir='ltr'><strong>est</strong></span> <span class='ocrx_word' id='word_1_798' title='bbox 2921 4913 3143 4977; x_wconf 88' lang='lat' dir='ltr'><strong>talibus,</strong></span> <span class='ocrx_word' id='word_1_799' title='bbox 3168 4913 3278 4968; x_wconf 87' lang='lat' dir='ltr'><strong>sive</strong></span> <span class='ocrx_word' id='word_1_800' title='bbox 3305 4915 3380 4968; x_wconf 90' lang='lat' dir='ltr'><strong>ab</strong></span> <span class='ocrx_word' id='word_1_801' title='bbox 3413 4918 3499 4971; x_wconf 89' lang='lat' dir='ltr'><strong>eis</strong></span> <span class='ocrx_word' id='word_1_802' title='bbox 3533 4919 3624 4988; x_wconf 89' lang='lat' dir='ltr'><strong>qui</strong></span> <span class='ocrx_word' id='word_1_803' title='bbox 3659 4918 3769 4971; x_wconf 88' lang='lat' dir='ltr'><strong>fuc-</strong></span> 
     </span>
    </p>
   </div>
   <div class='ocr_carea' id='block_1_101' title="bbox 2156 5003 3770 5078">
    <p class='ocr_par' dir='ltr' id='par_1_101' title="bbox 2156 5003 3770 5078">
     <span class='ocr_line' id='line_1_101' title="bbox 2156 5003 3770 5078; baseline 0.004 -20"><span class='ocrx_word' id='word_1_804' title='bbox 2156 5012 2275 5058; x_wconf 86' lang='lat' dir='ltr'><strong>rant</strong></span> <span class='ocrx_word' id='word_1_805' title='bbox 2311 5011 2434 5059; x_wconf 89' lang='lat' dir='ltr'><strong>ante</strong></span> <span class='ocrx_word' id='word_1_806' title='bbox 2464 5003 2784 5075; x_wconf 86' lang='lat' dir='ltr'><strong>Cyprianum</strong></span> <span class='ocrx_word' id='word_1_807' title='bbox 2808 5047 2822 5072; x_wconf 88' lang='lat'><strong>,</strong></span> <span class='ocrx_word' id='word_1_808' title='bbox 2847 5005 2958 5059; x_wconf 86' lang='lat' dir='ltr'><strong>sive</strong></span> <span class='ocrx_word' id='word_1_809' title='bbox 2981 5005 3048 5060; x_wconf 89' lang='lat' dir='ltr'><strong>ab</strong></span> <span class='ocrx_word' id='word_1_810' title='bbox 3070 5005 3183 5075; x_wconf 89' lang='lat' dir='ltr'><strong>ipso</strong></span> <span class='ocrx_word' id='word_1_811' title='bbox 3205 5005 3516 5078; x_wconf 82' lang='lat' dir='ltr'><strong>Cypriane.</strong></span> <span class='ocrx_word' id='word_1_812' title='bbox 3545 5023 3770 5067; x_wconf 74' lang='lat' dir='ltr'><strong>necesse</strong></span> 
     </span>
    </p>
   </div>
   <div class='ocr_carea' id='block_1_102' title="bbox 2155 5095 3769 5171">
    <p class='ocr_par' dir='ltr' id='par_1_102' title="bbox 2155 5095 3769 5171">
     <span class='ocr_line' id='line_1_102' title="bbox 2155 5095 3769 5171; baseline 0.002 -22"><span class='ocrx_word' id='word_1_813' title='bbox 2155 5104 2237 5149; x_wconf 91' lang='lat' dir='ltr'><strong>est</strong></span> <span class='ocrx_word' id='word_1_814' title='bbox 2264 5103 2497 5150; x_wconf 89' lang='lat' dir='ltr'><strong>utunum</strong></span> <span class='ocrx_word' id='word_1_815' title='bbox 2529 5095 2734 5150; x_wconf 87' lang='lat' dir='ltr'><strong>dicatur</strong></span> <span class='ocrx_word' id='word_1_816' title='bbox 2764 5111 2828 5151; x_wconf 76' lang='lat' dir='ltr'><strong>ex</strong></span> <span class='ocrx_word' id='word_1_817' title='bbox 2856 5095 3085 5162; x_wconf 89' lang='lat' dir='ltr'><strong>duobus,</strong></span> <span class='ocrx_word' id='word_1_818' title='bbox 3113 5106 3202 5150; x_wconf 87' lang='lat' dir='ltr'><strong>aut</strong></span> <span class='ocrx_word' id='word_1_819' title='bbox 3234 5099 3477 5166; x_wconf 88' lang='lat' dir='ltr'><strong>periisse</strong></span> <span class='ocrx_word' id='word_1_820' title='bbox 3503 5100 3620 5171; x_wconf 90' lang='lat' dir='ltr'><strong>jam</strong></span> <span class='ocrx_word' id='word_1_821' title='bbox 3641 5109 3769 5155; x_wconf 91' lang='lat' dir='ltr'><strong>tuuc</strong></span> 
     </span>
    </p>
   </div>
   <div class='ocr_carea' id='block_1_103' title="bbox 2156 5185 3768 5258">
    <p class='ocr_par' dir='ltr' id='par_1_103' title="bbox 2156 5185 3768 5258">
     <span class='ocr_line' id='line_1_103' title="bbox 2156 5185 3768 5258; baseline 0.004 -19"><span class='ocrx_word' id='word_1_822' title='bbox 2156 5185 2451 5241; x_wconf 78' lang='lat' dir='ltr'><strong>Ecclesium</strong></span> <span class='ocrx_word' id='word_1_823' title='bbox 2480 5187 2661 5240; x_wconf 89' lang='lat' dir='ltr'><strong>talium</strong></span> <span class='ocrx_word' id='word_1_824' title='bbox 2704 5188 3084 5243; x_wconf 89' lang='lat' dir='ltr'><strong>communione</strong></span> <span class='ocrx_word' id='word_1_825' title='bbox 3115 5189 3485 5258; x_wconf 89' lang='lat' dir='ltr'><strong>maculatam,</strong></span> <span class='ocrx_word' id='word_1_826' title='bbox 3517 5202 3616 5248; x_wconf 88' lang='lat' dir='ltr'><strong>aut</strong></span> <span class='ocrx_word' id='word_1_827' title='bbox 3663 5207 3768 5247; x_wconf 88' lang='lat' dir='ltr'><strong>non</strong></span> 
     </span>
    </p>
   </div>
   <div class='ocr_carea' id='block_1_104' title="bbox 2155 5275 3765 5347">
    <p class='ocr_par' dir='ltr' id='par_1_104' title="bbox 2155 5275 3765 5347">
     <span class='ocr_line' id='line_1_104' title="bbox 2155 5275 3765 5347; baseline 0.004 -19"><span class='ocrx_word' id='word_1_828' title='bbox 2155 5275 2345 5330; x_wconf 90' lang='lat' dir='ltr'><strong>obesse</strong></span> <span class='ocrx_word' id='word_1_829' title='bbox 2384 5276 2627 5345; x_wconf 89' lang='lat' dir='ltr'><strong>cuiquam</strong></span> <span class='ocrx_word' id='word_1_830' title='bbox 2671 5277 2721 5330; x_wconf 94' lang='lat' dir='ltr'><strong>in</strong></span> <span class='ocrx_word' id='word_1_831' title='bbox 2764 5277 2964 5332; x_wconf 90' lang='lat' dir='ltr'><strong>unitate</strong></span> <span class='ocrx_word' id='word_1_832' title='bbox 3004 5280 3344 5347; x_wconf 89' lang='lat' dir='ltr'><strong>permanenti</strong></span> <span class='ocrx_word' id='word_1_833' title='bbox 3388 5282 3574 5336; x_wconf 87' lang='lat' dir='ltr'><strong>aliena</strong></span> <span class='ocrx_word' id='word_1_834' title='bbox 3604 5284 3765 5338; x_wconf 84' lang='lat' dir='ltr'><strong>etiam</strong></span> 
     </span>
    </p>
   </div>
   <div class='ocr_carea' id='block_1_105' title="bbox 2154 5366 3768 5442">
    <p class='ocr_par' dir='ltr' id='par_1_105' title="bbox 2154 5366 3768 5442">
     <span class='ocr_line' id='line_1_105' title="bbox 2154 5366 3768 5442; baseline 0.004 -22"><span class='ocrx_word' id='word_1_835' title='bbox 2154 5374 2278 5420; x_wconf 89' lang='lat' dir='ltr'><strong>nota</strong></span> <span class='ocrx_word' id='word_1_836' title='bbox 2302 5375 2536 5435; x_wconf 88' lang='lat' dir='ltr'><strong>peccata.</strong></span> <span class='ocrx_word' id='word_1_837' title='bbox 2587 5366 2715 5422; x_wconf 91' lang='lat' dir='ltr'><strong>lllud</strong></span> <span class='ocrx_word' id='word_1_838' title='bbox 2742 5377 2916 5423; x_wconf 89' lang='lat' dir='ltr'><strong>autem</strong></span> <span class='ocrx_word' id='word_1_839' title='bbox 2953 5369 3075 5438; x_wconf 88' lang='lat' dir='ltr'><strong>quia</strong></span> <span class='ocrx_word' id='word_1_840' title='bbox 3118 5368 3296 5423; x_wconf 81' lang='lat' dir='ltr'><strong>dicere</strong></span> <span class='ocrx_word' id='word_1_841' title='bbox 3337 5387 3455 5428; x_wconf 88' lang='lat' dir='ltr'><strong>non</strong></span> <span class='ocrx_word' id='word_1_842' title='bbox 3501 5380 3768 5442; x_wconf 88' lang='lat' dir='ltr'><strong>possunt,</strong></span> 
     </span>
    </p>
   </div>
   <div class='ocr_carea' id='block_1_106' title="bbox 2155 5457 3770 5528">
    <p class='ocr_par' dir='ltr' id='par_1_106' title="bbox 2155 5457 3770 5528">
     <span class='ocr_line' id='line_1_106' title="bbox 2155 5457 3770 5528; baseline 0.006 -20"><span class='ocrx_word' id='word_1_843' title='bbox 2155 5457 2374 5526; x_wconf 86' lang='lat' dir='ltr'><strong>periisse</strong></span> <span class='ocrx_word' id='word_1_844' title='bbox 2404 5465 2526 5512; x_wconf 91' lang='lat' dir='ltr'><strong>tunc</strong></span> <span class='ocrx_word' id='word_1_845' title='bbox 2557 5457 2846 5513; x_wconf 79' lang='lat' dir='ltr'><strong>Ecclesium</strong></span> <span class='ocrx_word' id='word_1_846' title='bbox 2877 5459 3197 5528; x_wconf 76' lang='lat' dir='ltr'><strong>contagione</strong></span> <span class='ocrx_word' id='word_1_847' title='bbox 3223 5464 3650 5518; x_wconf 87' lang='lat' dir='ltr'><strong>communionis</strong></span> <span class='ocrx_word' id='word_1_848' title='bbox 3679 5478 3770 5517; x_wconf 85' lang='lat' dir='ltr'><strong>eo-</strong></span> 
     </span>
    </p>
   </div>
   <div class='ocr_carea' id='block_1_107' title="bbox 2154 5547 3768 5625">
    <p class='ocr_par' dir='ltr' id='par_1_107' title="bbox 2154 5547 3768 5625">
     <span class='ocr_line' id='line_1_107' title="bbox 2154 5547 3768 5625; baseline 0.002 -22"><span class='ocrx_word' id='word_1_849' title='bbox 2154 5565 2272 5603; x_wconf 88' lang='lat' dir='ltr'><strong>rum</strong></span> <span class='ocrx_word' id='word_1_850' title='bbox 2293 5549 2379 5618; x_wconf 92' lang='lat' dir='ltr'><strong>qui</strong></span> <span class='ocrx_word' id='word_1_851' title='bbox 2407 5550 2519 5603; x_wconf 81' lang='lat' dir='ltr'><strong>sine</strong></span> <span class='ocrx_word' id='word_1_852' title='bbox 2552 5549 2817 5617; x_wconf 88' lang='lat' dir='ltr'><strong>Baptismo</strong></span> <span class='ocrx_word' id='word_1_853' title='bbox 2842 5547 2906 5603; x_wconf 87' lang='lat' dir='ltr'><strong>ad</strong></span> <span class='ocrx_word' id='word_1_854' title='bbox 2938 5564 3077 5615; x_wconf 87' lang='lat' dir='ltr'><strong>eam,</strong></span> <span class='ocrx_word' id='word_1_855' title='bbox 3107 5550 3239 5604; x_wconf 92' lang='lat' dir='ltr'><strong>sicut</strong></span> <span class='ocrx_word' id='word_1_856' title='bbox 3262 5549 3407 5605; x_wconf 87' lang='lat' dir='ltr'><strong>dicit</strong></span> <span class='ocrx_word' id='word_1_857' title='bbox 3437 5553 3768 5625; x_wconf 79' lang='lat' dir='ltr'><strong>Cyprianus,</strong></span> 
     </span>
    </p>
   </div>
   <div class='ocr_carea' id='block_1_108' title="bbox 2154 5639 3771 5716">
    <p class='ocr_par' dir='ltr' id='par_1_108' title="bbox 2154 5639 3771 5716">
     <span class='ocr_line' id='line_1_108' title="bbox 2154 5639 3771 5716; baseline 0.002 -22"><span class='ocrx_word' id='word_1_858' title='bbox 2154 5639 2370 5694; x_wconf 88' lang='lat' dir='ltr'><strong>admissi</strong></span> <span class='ocrx_word' id='word_1_859' title='bbox 2397 5649 2554 5706; x_wconf 91' lang='lat' dir='ltr'><strong>sunt;</strong></span> <span class='ocrx_word' id='word_1_860' title='bbox 2588 5640 2818 5710; x_wconf 89' lang='lat' dir='ltr'><strong>alioquin</strong></span> <span class='ocrx_word' id='word_1_861' title='bbox 2867 5655 2966 5695; x_wconf 92' lang='lat' dir='ltr'><strong>nec</strong></span> <span class='ocrx_word' id='word_1_862' title='bbox 3005 5641 3262 5712; x_wconf 82' lang='lat' dir='ltr'><strong>originem</strong></span> <span class='ocrx_word' id='word_1_863' title='bbox 3305 5657 3472 5700; x_wconf 88' lang='lat' dir='ltr'><strong>suam</strong></span> <span class='ocrx_word' id='word_1_864' title='bbox 3513 5653 3771 5716; x_wconf 71' lang='lat' dir='ltr'><strong>poterunt</strong></span> 
     </span>
    </p>
   </div>
   <div class='ocr_carea' id='block_1_109' title="bbox 2216 5824 2900 5884">
    <p class='ocr_par' dir='ltr' id='par_1_109' title="bbox 2216 5824 2900 5884">
     <span class='ocr_line' id='line_1_109' title="bbox 2216 5824 2900 5884; baseline -0.003 -10"><span class='ocrx_word' id='word_1_865' title='bbox 2216 5828 2231 5858; x_wconf 83' lang='grc'>¹</span> <span class='ocrx_word' id='word_1_866' title='bbox 2259 5827 2330 5876; x_wconf 89' lang='lat' dir='ltr'><strong>sic</strong></span> <span class='ocrx_word' id='word_1_867' title='bbox 2352 5832 2458 5875; x_wconf 78' lang='lat' dir='ltr'><strong>Mss.</strong></span> <span class='ocrx_word' id='word_1_868' title='bbox 2487 5829 2541 5875; x_wconf 79' lang='lat' dir='ltr'><strong>At</strong></span> <span class='ocrx_word' id='word_1_869' title='bbox 2565 5824 2701 5884; x_wconf 87' lang='lat' dir='ltr'><strong>editi,</strong></span> <span class='ocrx_word' id='word_1_870' title='bbox 2718 5834 2900 5873; x_wconf 80' lang='lat' dir='ltr'><strong>rerum.</strong></span> 
     </span>
    </p>
   </div>
  </div>
