4008 6512
221 446 338 505 ’177

236 576 476 618 asserere
498 604 511 629 ,
548 563 594 617 si
617 571 741 616 tunc
770 559 925 630 periit
951 558 1186 614 Ecclesia
1211 577 1224 624 ;
1252 556 1501 627 quoniam
1531 555 1645 625 plus
1663 569 1817 626 quam

240 652 589 723 quadraginta
617 651 744 706 anni
770 660 893 706 sunt
910 651 1046 705 inter
1070 648 1316 720 Cypriani
1341 647 1638 717 passionem
1665 655 1718 699 et
1740 645 1818 700 di-

232 748 475 801 vinorum
511 746 754 803 codicum
773 744 1101 800 exustionem
1132 739 1229 814 (a),
1254 741 1390 796 unde
1420 740 1502 795 isti
1532 739 1818 793 calumnia-

232 852 347 892 rum
378 850 598 891 suarum
655 836 829 890 fumos
862 835 1123 905 jactantes
1148 873 1161 897 ,
1211 832 1545 887 occasionem
1589 829 1815 885 faciendi

231 926 536 981 schismatis
559 926 886 989 invenerant,
913 924 1049 978 sicut
1072 922 1359 977 Consulum
1376 921 1507 975 ordo
1545 920 1775 974 declarat
1799 937 1811 972 :

230 1026 394 1073 restat
425 1026 483 1071 ut
512 1018 796 1082 fateantur,
838 1015 981 1070 nulla
1010 1014 1268 1068 malorum
1299 1012 1455 1066 etiam
1483 1011 1813 1080 cognitorum

229 1108 316 1162 tali
341 1106 723 1162 communione
743 1104 1097 1161 contaminari
1122 1104 1377 1157 unitatem
1403 1101 1625 1157 Christi.
1660 1100 1811 1168 Quod

227 1213 345 1254 cum
383 1198 517 1254 fassi
559 1199 787 1263 fuerint,
822 1213 927 1253 non
968 1196 1238 1252 invenient
1263 1210 1476 1250 causam
1523 1210 1618 1249 cur
1662 1209 1721 1250 se
1748 1196 1813 1250 ab

226 1288 491 1345 Ecclesiis
517 1289 667 1344 orbis
693 1296 983 1353 terrarum,
1008 1301 1141 1356 quas
1168 1300 1264 1356 per
1284 1285 1569 1355 Apostoios
1605 1285 1812 1339 institu-

227 1391 305 1435 tas
340 1380 549 1449 pariter
574 1379 832 1449 legimus,
866 1392 1118 1447 separare
1159 1376 1409 1432 debuisse
1441 1376 1763 1432 contendant
1795 1394 1807 1429 :

226 1472 344 1539 quia
397 1485 578 1541 neque
621 1471 695 1525 illi
739 1469 1094 1540 quorumlibet
1124 1468 1384 1521 malorum
1432 1467 1811 1523 commixtione

225 1565 399 1634 perire
429 1571 750 1634 potuerunt,
783 1572 838 1617 et
864 1563 947 1616 isti
974 1562 1064 1631 qui
1096 1575 1200 1615 non
1230 1561 1466 1629 perirent
1490 1561 1533 1614 si
1556 1574 1675 1613 cum
1706 1559 1810 1613 illis

224 1657 274 1709 in
301 1655 510 1710 unitate
536 1655 897 1719 mansissent,
938 1651 1237 1722 separando
1263 1666 1320 1706 se
1349 1651 1416 1705 ab
1442 1651 1547 1716 eis,
1577 1659 1629 1705 et
1667 1666 1809 1704 rum-

224 1746 400 1818 pendo
427 1746 700 1801 vinculum
728 1744 893 1815 pacis,
918 1744 1103 1813 utique
1124 1743 1175 1800 in
1201 1742 1488 1798 schismate
1515 1742 1806 1812 perierunt.

224 1836 641 1906 Apertissimum
667 1835 809 1890 cnim
848 1833 1183 1903 sacrilegium
1224 1833 1424 1887 eminet
1462 1832 1764 1887 schismatis
1793 1872 1807 1897 ,

227 1930 265 1983 si
290 1927 443 1982 nulla
488 1926 587 1982 fuit
622 1941 781 1982 causa
826 1923 1194 1996 separationls.
1234 1922 1443 1978 Nullam
1488 1938 1614 1979 vero
1648 1922 1811 1977 fuisse

222 2035 438 2076 causam
488 2017 841 2090 separationis
870 2026 1118 2087 apparet,
1152 2016 1196 2071 si
1243 2016 1368 2070 mali
1422 2015 1581 2071 etiam
1612 2014 1809 2085 cogniti

222 2114 389 2167 bonos
418 2108 477 2165 in
510 2112 715 2165 unitate
743 2124 849 2165 non
875 2109 1167 2164 maculant.
1208 2107 1325 2163 Non
1351 2116 1526 2162 autem
1556 2107 1808 2161 maculari

224 2204 496 2258 inanitate
509 2205 700 2269 bonos,
722 2202 883 2257 etiam
906 2217 935 2256 a
952 2201 1174 2272 cognitis
1188 2200 1340 2256 malis
1360 2200 1657 2265 docemus‘,
1678 2208 1810 2256 teste

222 2295 493 2365 Cypriane
509 2334 524 2361 ,
549 2297 637 2365 qui
663 2294 829 2360 dicit,
854 2294 906 2347 in
926 2293 1231 2363 praeteritum
1260 2291 1323 2345 de
1344 2291 1523 2345 hwresi
1541 2291 1608 2344 ad
1630 2289 1813 2344 Eccle-

222 2388 345 2439 sium
370 2386 631 2441 venientes
650 2427 663 2451 ,
713 2386 821 2440 sine
847 2383 1110 2455 Baptismo
1149 2383 1394 2439 admissos
1426 2399 1445 2438 :
1470 2398 1694 2453 quorum
1729 2392 1809 2438 ta-

222 2492 343 2532 tnen
386 2475 596 2531 nefaria
626 2476 905 2547 sacrilegia
934 2516 950 2543 ,
979 2491 1098 2546 qua:
1144 2489 1305 2545 super
1332 2489 1425 2530 eos
1453 2483 1607 2531 erant
1630 2516 1643 2542 ,
1689 2475 1809 2544 quia

222 2566 502 2638 Baptismo
527 2566 745 2622 dimissa
783 2582 891 2623 non
927 2576 1114 2634 erant,
1157 2568 1200 2621 si
1237 2566 1473 2637 polluere
1506 2576 1560 2622 et
1589 2566 1811 2635 perdere

224 2674 325 2713 non
352 2666 649 2728 potuerunt
685 2658 935 2713 Ecclesiae
965 2658 1299 2713 sanctitatem
1320 2698 1337 2723 ,
1369 2656 1511 2712 nulla
1550 2656 1808 2711 malorum

224 2759 399 2818 potest
439 2750 762 2820 contagione
804 2748 997 2818 perire.
1028 2747 1359 2818 QuaprOpter
1404 2748 1449 2802 si
1489 2747 1808 2818 Cyprianum

227 2857 414 2897 verum
459 2841 663 2897 dixisse
706 2841 1074 2905 consentiunt,
1122 2854 1188 2894 eo
1239 2847 1375 2894 teste
1421 2840 1702 2892 vincuntur
1758 2838 1808 2891 in

222 2934 448 2988 crimine
491 2932 839 2988 schismatis'
875 2950 887 2985 :
918 2931 962 2985 si
1010 2930 1334 3002 Cyprianum
1381 2930 1567 2984 falsum
1608 2929 1809 2985 dixisse

222 3026 577 3095 contendunt,
610 3040 676 3081 eo
698 3033 833 3081 teste
860 3039 963 3080 non
990 3032 1203 3079 utantur
1233 3026 1283 3078 in
1314 3027 1606 3095 quaestione
1628 3023 1807 3093 Bapti-

221 3117 431 3171 amatis.

296 3206 524 3263 CAPUT
554 3208 618 3262 ll.
651 3239 720 3248 —
749 3209 802 3262 2.
832 3208 937 3265 Sed
982 3222 1121 3263 nunc
1165 3207 1303 3279 quod
1341 3223 1460 3264 enm
1516 3208 1672 3263 beato
1710 3205 1810 3278 Cy-

219 3299 414 3368 priane
440 3299 664 3354 homine
696 3300 916 3369 pacifico
946 3300 1295 3355 sermocinari
1323 3300 1664 3363 instituimus,
1692 3314 1810 3368 per-

219 3406 433 3463 gamus.
456 3392 557 3459 Qui
592 3407 711 3446 cum
758 3392 859 3447 sibi
894 3393 1265 3462 opposuisset,
1305 3391 1445 3462 quod
1486 3391 1590 3446 dici
1636 3406 1665 3445 a
1708 3391 1813 3445 fra-

223 3484 394 3539 tribus
420 3494 646 3539 noverat
664 3525 679 3550 ,
712 3485 845 3550 Quid
860 3501 978 3556 ergo
1002 3485 1087 3554 [iet
1115 3485 1177 3538 de
1206 3485 1283 3538 Itis
1309 3485 1393 3554 qui
1418 3485 1469 3537 in
1500 3484 1810 3554 praeteritum

224 3578 287 3628 ad
326 3575 617 3630 Ecclesium
642 3576 705 3629 de
729 3576 909 3630 Ita’resi
933 3576 1180 3630 venientes
1204 3618 1219 3641 ,
1266 3575 1373 3629 sine
1424 3574 1684 3643 Baptismo
1714 3575 1809 3627 ad-

226 3668 363 3722 missi
388 3676 507 3722 sunt
528 3668 554 3721 ?
586 3666 775 3721 Potens
800 3676 871 3720 est
892 3710 905 3733 ,
943 3667 1143 3737 inquit,
1198 3665 1443 3722 Dominus
1470 3666 1811 3720 misericordia

224 3772 313 3812 sua
342 3758 713 3827 indulgentiam
740 3757 893 3822 dare,
925 3768 970 3811 et
995 3773 1076 3810 eos
1103 3758 1188 3826 qui
1216 3758 1283 3809 ad
1308 3755 1585 3809 Ecclesium
1614 3757 1807 3825 simpli-

224 3853 345 3905 citer
364 3850 581 3903 admissi
611 3850 663 3902 in
693 3848 921 3903 Ecclesia
951 3850 1260 3902 dormierunt
1287 3889 1300 3911 ,
1334 3848 1395 3901 ab
1428 3848 1666 3901 Ecclesia:
1703 3864 1810 3902 suw

224 3942 519 3996 muneribus
556 3958 659 3995 non
690 3957 944 4011 separare.
989 3939 1133 3994 Bene
1166 3939 1380 4009 quidem
1424 3938 1758 4008 praesumpsit
1790 3980 1807 4004 ,

228 4036 368 4106 quod
394 4036 635 4090 eharitas
658 4034 871 4088 unitatis
901 4042 1080 4103 posset
1100 4032 1375 4100 c00perire
1416 4031 1807 4085 multitudinem

225 4137 590 4200 peccatorum.
618 4127 768 4195 Quod
790 4127 833 4181 si
864 4126 1125 4181 habebant
1150 4125 1477 4194 Baptismnm
1505 4165 1517 4189 ,
1550 4133 1603 4178 et
1631 4123 1697 4177 ab
1729 4122 1809 4176 his

225 4237 329 4277 non
354 4230 507 4277 recte
533 4220 864 4276 sentiebatur
884 4219 972 4289 qui
998 4234 1091 4273 eos
1112 4218 1287 4272 denuo
1316 4214 1663 4286 baptizandus
1692 4228 1810 4269 esse

223 4316 551 4382 censebant,
584 4314 634 4369 id
664 4323 897 4369 erratum
923 4311 1261 4381 cooperiehat
1284 4310 1499 4364 unitatis
1542 4307 1771 4362 Charitas
1792 4348 1806 4373 ,

225 4406 479 4476 quamdiu
508 4406 684 4460 inerat
713 4404 811 4458 ista
832 4445 846 4469 ,
868 4418 971 4457 non
998 4402 1257 4457 diabolica
1287 4395 1545 4456 dissensio
1570 4441 1583 4464 ,
1614 4399 1705 4453 sed
1722 4398 1810 4451 hu-

224 4512 380 4551 mana
417 4497 673 4559 tentatio;
705 4494 875 4549 donec
905 4494 1017 4560 eis,
1064 4494 1201 4549 sicut
1235 4492 1362 4547 dicit
1391 4493 1676 4562 Apostolus
1702 4532 1715 4557 ,
1763 4492 1808 4545 si

224 4587 350 4656 quid
381 4587 541 4641 aliter
568 4585 846 4654 sapiebant
878 4583 1128 4637 Dominus
1156 4584 1416 4638 revelaret
1446 4582 1805 4652 (Philipp.nt,

225 4678 343 4747 i5).
371 4678 441 4731 Et
470 4676 593 4731 ideo
614 4691 693 4729 va:
724 4675 840 4729 istis
859 4674 947 4744 qui
979 4689 1074 4744 per
1099 4674 1408 4744 sacrilegam
1438 4674 1807 4742 prtecisionem

223 4767 291 4822 ab
311 4767 521 4821 unitate
546 4765 807 4833 disrupti,
850 4765 894 4818 si
922 4772 973 4819 et
1014 4764 1154 4833 apud
1194 4778 1290 4818 nos
1312 4773 1365 4819 et
1390 4764 1527 4833 apud
1568 4764 1686 4819 illos
1729 4775 1810 4818 est

200 4858 559 4930 baptismns,
591 4858 920 4927 rebaptizant
954 4876 966 4911 :
999 4857 1043 4912 si
1083 4864 1259 4911 autem
1302 4856 1352 4911 in
1380 4856 1654 4911 Catholica
1696 4857 1809 4911 sola

223 4958 340 5015 est,
372 4964 473 5005 nec
520 4948 810 5018 baptizant.
854 4947 977 5002 Sive
1002 4962 1129 5017 ergo
1170 4946 1499 5017 rebaptizent
1538 4947 1650 5001 sive
1704 4961 1809 5001 non

224 5037 507 5109 baptizent
526 5077 540 5101 ,
569 5052 676 5092 non
720 5045 846 5091 sunt
872 5037 924 5091 in
954 5036 1166 5091 vinculo
1196 5037 1342 5105 pacis
1368 5054 1381 5089 :
1412 5035 1550 5091 unde
1596 5036 1812 5091 cuilibet

224 5132 457 5185 istorum
487 5128 693 5185 vulneri
724 5127 1011 5183 adhibeant
1042 5128 1381 5183 medicinam.
1414 5128 1522 5183 Nos
1562 5136 1738 5183 autem
1766 5130 1811 5184 si

222 5220 292 5275 ad
324 5220 625 5276 Ecclesiam
668 5220 786 5274 sine
831 5218 1100 5288 Baptismo
1125 5219 1481 5287 admittimus,
1513 5220 1566 5274 in
1592 5234 1657 5276 eo
1711 5236 1811 5275 nu-

223 5334 385 5375 mero
440 5332 626 5374 sumus
650 5318 672 5349 ³
698 5316 889 5387 quibus
913 5316 1210 5387 Cyprianus
1234 5324 1451 5386 propter
1480 5316 1696 5372 unitatis
1723 5332 1814 5371 cu-

223 5411 458 5469 Itodiam
500 5409 702 5482 ignosci
732 5423 887 5479 posse
934 5408 1289 5479 praesumpsit.
1340 5407 1396 5463 Si
1436 5418 1611 5463 autem
1657 5408 1813 5477 (sicut

294 5616 535 5684 {Aliquot
554 5615 952 5684 διες-τάσσειηξυό
1019 5680 1029 5684 Α
1270 5673 1280 5683 .
1413 5672 1489 5684 ..
1647 5672 1690 5684 ..

290 5682 315 5711 ﬁ
342 5673 480 5737 Ediii,
510 5691 567 5729 eo
604 5673 716 5729 teste
753 5675 1091 5726 convincuntur
1130 5687 1230 5725 esse
1262 5673 1313 5724 in
1350 5673 1549 5737 crimine
1588 5673 1816 5725 schisma-

226 5740 310 5791 τίς.
362 5747 421 5789 At
452 5734 775 5800 manuscripti,
798 5739 989 5795 omisso,
1013 5749 1130 5795 esse,
1158 5737 1353 5795 habent,
1380 5734 1648 5786 vincuntur.

296 5803 319 5833 ³
349 5800 515 5849 Plures
538 5809 662 5859 Mss,
684 5798 730 5849 et
751 5798 803 5848 in
823 5811 989 5847 eorum
1003 5811 1199 5859 numero
1220 5810 1398 5848 stmrus.

293 5862 381 5925 (α)
407 5862 516 5912 vide
540 5861 680 5927 infra,
703 5860 789 5911 lib.
813 5860 863 5923 7,
883 5872 987 5922 cap.
1005 5858 1050 5908 2.

1573 435 1776 495 LIBER
1813 431 2128 502 QUINTUS.

3400 453 3499 509 I78

1927 553 2034 623 jam
2062 598 2076 622 ,
2120 564 2173 611 ut
2201 558 2455 627 arbitror,
2486 576 2546 615 cx
2579 560 2658 617 his
2700 579 2815 633 quae
2852 564 2901 618 in
2953 566 3317 636 superioribus
3350 569 3498 624 libris

1927 645 2185 714 diximus,
2222 650 2557 706 manifestum
2585 653 2684 723 est)
2710 656 2868 710 etiam
2891 655 2941 710 in
2986 656 3351 713 hmreticorum
3380 644 3496 729 pcr~

1925 739 2173 794 versitate
2200 748 2374 810 potest
2411 758 2529 799 esse
2566 746 2837 801 christiani
2878 748 3133 817 Baptismi
3179 749 3496 821 integritas;

1923 828 1965 881 si
1989 829 2075 898 qui
2109 833 2433 901 temporibus
2454 834 2558 889 illis
2588 837 3199 907 rebaptizaveruntmec
3227 848 3403 896 tamen
3431 842 3500 897 ab

1924 921 2140 975 unitatis
2191 924 2503 995 compagine
2553 939 2929 995 recesserunt,
2983 930 3169 987 eadem
3215 931 3500 990 dilectione

1921 1012 2067 1080 pacis
2097 1023 2382 1083 potuerunt
2407 1017 2475 1072 ad
2502 1020 2708 1075 veniam
2740 1023 3036 1092 pertinere,
3069 1040 3170 1095 qua
3200 1023 3497 1098 Cyprianus
3540 1064 3543 1065 ν

1921 1102 2078 1155 etiam
2110 1103 2225 1158 sine
2253 1104 2520 1175 Baptismo
2546 1108 2805 1166 admissos
2826 1112 2893 1167 ab
2919 1113 3169 1171 Ecclesia:
3190 1116 3499 1173 muneribus

1919 1206 2024 1247 non
2074 1195 2311 1263 potuisse
2345 1200 2578 1268 separari
2621 1210 2864 1258 testatur.
2902 1204 3067 1262 Porro
3096 1207 3141 1261 si
3195 1223 3379 1263 verum
3414 1219 3497 1264 est

1918 1284 2055 1353 apud
2087 1285 2363 1343 haereticos
2388 1299 2439 1344 et
2479 1290 2844 1349 schismaticos
2888 1309 2991 1350 non
3014 1312 3131 1352 esse
3166 1298 3492 1368 Baptismum

1917 1372 2146 1441 Christi,
2187 1386 2385 1446 quanto
2445 1380 2620 1436 minus
2658 1382 2909 1438 obessent
2960 1386 3011 1440 in
3067 1391 3266 1444 unitate
3309 1390 3496 1459 positis

1917 1464 2091 1519 aliena
2137 1478 2351 1537 peccata
2374 1512 2387 1533 ,
2435 1470 2479 1523 si
2515 1469 2580 1525 ad
2624 1473 2883 1528 unitatem
2920 1475 3254 1533 venientibus
3293 1487 3347 1534 et
3379 1480 3495 1536 sine

1919 1554 2187 1625 Baptismo
2216 1558 2463 1615 admissis
2492 1563 2823 1618 solverentur
2869 1576 2923 1619 et
2968 1568 3199 1636 propria.
3232 1568 3364 1624 Nam
3402 1570 3447 1624 si
3476 1612 3492 1632 ,

1919 1653 2052 1700 teste
2080 1646 2373 1716 Cypriano,
2409 1650 2625 1705 unitatis
2655 1653 2924 1708 vinculum
2954 1664 3153 1710 tantum
3187 1658 3342 1725 valet,
3362 1675 3494 1730 quo-

1916 1738 2076 1793 modo
2098 1750 2314 1809 possent
2357 1742 2473 1796 lwdi
2516 1744 2701 1799 alienis
2741 1748 3005 1815 peccatis,
3058 1749 3144 1818 qui
3189 1749 3391 1804 nollent
3425 1752 3493 1805 ab

1918 1830 2117 1885 unitate
2144 1832 2414 1901 recedere,
2444 1834 2487 1889 si
2515 1836 2673 1889 etiam
2704 1852 2809 1891 non
2836 1838 3083 1908 baptizati
3114 1846 3343 1911 peccatis
3372 1859 3495 1914 pro-

1917 1920 2046 1990 priis
2069 1936 2170 1976 non
2203 1924 2437 1993 perirent
2462 1968 2478 1993 ,
2508 1925 2597 1997 qui
2626 1926 2692 1982 ad
2717 1942 2834 1985 eam
2862 1930 3057 1987 vellent
3086 1946 3148 1987 ex
3181 1932 3371 1989 haeresi
3406 1950 3493 1990 ac~

1915 2012 2105 2068 cedere
2119 2014 2143 2067 ἲ

1985 2103 2208 2161 CAPUT
2237 2106 2321 2161 lll.
2348 2140 2418 2148 —
2447 2110 2497 2166 3.
2527 2110 2677 2179 Quod
2706 2121 2880 2169 autem
2908 2115 3142 2186 adiungit
3171 2115 3490 2190 Cyprianus,

1915 2202 1969 2250 et
1992 2195 2153 2265 dicit,
2178 2196 2299 2253 Non
2325 2207 2488 2256 tamen
2514 2204 2632 2273 quia
2674 2204 2946 2272 aliquando
2975 2220 3198 2261 erratum
3245 2218 3346 2276 est,
3376 2209 3490 2265 ideo

1915 2302 2112 2357 semper
2133 2290 2404 2345 errandum
2429 2302 2501 2346 est
2525 2308 2542 2346 :
2563 2309 2675 2347 cum
2706 2297 2865 2366 magis
2902 2297 3208 2367 sapientibus
3253 2310 3298 2352 et
3330 2298 3492 2353 Deum

1916 2376 2198 2433 timentibus
2225 2390 2498 2452 congruat,
2530 2384 2795 2454 patefactw
2818 2394 2863 2440 et
2888 2398 3157 2459 perspecta:
3193 2390 3386 2443 veritati
3424 2390 3491 2443 li-

1916 2469 2087 2524 benter
2122 2480 2274 2543 atque
2322 2476 2670 2530 incunctanter
2721 2479 2951 2548 obsequi,
2984 2497 3133 2550 quam
3177 2481 3494 2550 pertinaciter

1914 2567 2063 2629 atque
2087 2560 2331 2617 obstinate
2356 2574 2532 2618 contra
2559 2568 2741 2635 fratres
2769 2577 2814 2621 et
2855 2570 3228 2624 consacerdotes
3254 2587 3345 2641 pro
3386 2572 3492 2625 lue-

1915 2651 2081 2705 reticis
2136 2653 2378 2707 retuctari
2408 2672 2426 2708 :
2457 2656 2737 2712 verissime
2774 2657 2943 2725 dicit,
2975 2675 3073 2715 nec
3123 2661 3274 2716 alteri
3319 2661 3492 2731 potius

1914 2755 2070 2810 quam
2101 2742 2201 2797 sibi
2228 2744 2573 2814 adversatur,
2613 2748 2702 2818 qui
2733 2750 2938 2804 resistit
2980 2750 3326 2820 apertissimm
3354 2753 3491 2807 veri-

1917 2832 2028 2885 tati.
2058 2832 2160 2888 εει
2189 2849 2284 2905 per
2307 2835 2392 2890 illa
2414 2853 2530 2907 qua:
2563 2847 2669 2893 tam
2700 2839 2861 2894 multa
2885 2841 2994 2911 jam
3032 2842 3289 2909 diximus,
3319 2858 3490 2913 quan—

1916 2931 2025 2977 tum
2072 2923 2336 2995 arbitror,
2367 2926 2563 2998 liquido
2602 2940 2852 2999 apparet,
2881 2940 2934 2985 et
2971 2940 3171 2987 certum
3226 2942 3340 3001 est,
3387 2933 3492 2989 Ba-

1915 3015 2164 3084 ptismum
2193 3015 2387 3071 Christi
2417 3034 2515 3074 nec
2543 3019 2917 3075 limreticorum
2943 3022 3318 3092 perversitate,
3366 3039 3486 3079 cum

1914 3104 2052 3173 apud
2079 3119 2171 3160 eos
2196 3105 2351 3161 datur
2379 3116 2431 3163 ct
2450 3110 2701 3175 sumitur,
2740 3126 2896 3181 posse
2916 3112 3115 3167 violari.
3147 3112 3251 3169 Sed
3280 3125 3338 3169 ut
3370 3130 3491 3170 cer-

1918 3204 2025 3249 tum
2088 3197 2320 3252 nondum
2378 3201 2481 3265 sit;
2546 3202 2736 3256 saltem
2801 3203 2976 3258 adhuc
3044 3219 3164 3261 esse
3231 3205 3488 3272 dubium,

1914 3287 2150 3357 quisquis
2174 3303 2235 3342 ea
2265 3305 2382 3357 qua:
2407 3290 2545 3344 dicta
2572 3300 2723 3358 sunt,
2752 3294 2911 3347 etiam
2962 3296 3195 3350 renitens
3223 3297 3489 3367 cogitave-

1915 3378 2017 3443 rit,
2047 3378 2351 3435 conﬁtetur.
2384 3381 2496 3436 Non
2519 3398 2645 3454 ergo
2667 3386 3014 3454 apertissimm
3044 3387 3251 3443 veritati
3282 3389 3489 3444 resisti-

1917 3485 2061 3536 mus;
2090 3472 2185 3527 sed
2212 3483 2301 3528 aut
2330 3489 2427 3544 pro
2454 3476 2728 3531 manifesta
2762 3480 2985 3535 veritate
3006 3488 3272 3536 certamus
3293 3525 3307 3549 ,
3353 3482 3491 3538 sicut

1915 3574 2015 3631 ego
2036 3561 2319 3630 existimo;
2377 3573 2468 3619 aut
2510 3575 2694 3631 certe,
2746 3568 2883 3622 sicut
2917 3580 3137 3639 possunt
3187 3580 3371 3640 putare
3401 3574 3503 3643 qui

1917 3650 2148 3706 nondum
2172 3652 2323 3707 istam
2346 3656 2689 3724 quaestionem
2733 3658 2961 3713 solutam
2988 3675 3107 3715 esse
3134 3662 3486 3727 arbitrantur,

1916 3741 2088 3796 adhuc
2135 3745 2421 3812 qumrimus
2451 3746 2748 3802 veritatem.
2806 3748 2874 3803 Et
2902 3749 3020 3804 ideo
3058 3751 3101 3804 si
3140 3752 3296 3806 aliter
3321 3767 3491 3827 seges

1918 3832 2074 3886 habet
2099 3848 2256 3902 quam
2283 3849 2379 3888 nos
2404 3834 2629 3891 dicimus
2652 3878 2667 3901 ,
2694 3837 2877 3893 eadem
2905 3839 3241 3907 simplicitate
3266 3843 3487 3911 suscipi-

1917 3937 2036 3977 mus
2061 3923 2128 3977 ab
2157 3923 2419 3978 hwreticis
2462 3926 2755 3994 baptizatos
2778 3968 2791 3993 ,
2829 3942 2931 3997 qua
2972 3930 3329 3999 suscipiebant
3365 3932 3379 3963 ί
3409 3932 3484 3987 illi

1915 4026 2050 4081 quos
2074 4022 2287 4083 propter
2307 4015 2557 4069 unitatem
2582 4016 2879 4086 Cyprianus
2898 4018 2965 4073 ad
2992 4020 3197 4074 veniam
3221 4022 3489 4091 pertinere

1917 4106 2270 4174 praesumpsit.
2319 4105 2375 4160 Si
2417 4116 2593 4163 autem
2624 4109 2922 4178 Baptismus
2966 4110 3199 4179 Christi,
3247 4114 3384 4170 sicut
3426 4130 3489 4172 ea

1915 4208 2033 4263 quae
2055 4194 2164 4263 jam
2192 4195 2355 4251 multa
2372 4197 2510 4252 dicta
2537 4208 2659 4253 sunt
2686 4200 2939 4267 indicant,
2963 4204 3086 4258 etin
3116 4220 3221 4259 non
3239 4205 3439 4276 integra
3468 4211 3488 4239 ¹

1918 4282 2002 4338 vel
2032 4283 2160 4350 vita,
2189 4284 2272 4339 vel
2301 4285 2404 4341 [ide
2422 4327 2437 4353 ,
2462 4287 2574 4343 sive
2597 4303 2779 4343 eorum
2811 4291 2897 4361 qui
2927 4292 3169 4349 videntur
3187 4309 3305 4351 esse
3325 4296 3486 4361 intus,

1916 4386 2016 4427 nec
2042 4380 2219 4428 tamen
2270 4373 2334 4428 ad
2362 4375 2529 4431 unicae
2573 4377 2715 4433 illius
2743 4380 3004 4437 columba:
3043 4382 3281 4439 membra
3323 4387 3491 4455 perti-

1918 4471 2077 4530 nent,
2106 4464 2219 4518 sive
2257 4478 2440 4519 eorum
2470 4467 2557 4536 qui
2580 4469 2656 4525 sic
2694 4469 2761 4524 ad
2787 4485 2903 4525 eam
2936 4488 3040 4527 non
3087 4475 3389 4543 pertinent,
3433 4487 3490 4532 ut

1916 4554 2075 4607 etiam
2099 4563 2280 4624 aperte
2307 4553 2432 4611 foris
2454 4557 2597 4625 sint,
2623 4568 2797 4628 potest
2830 4576 2949 4617 esse
2975 4563 3218 4633 integer;
3247 4566 3335 4636 qui
3364 4581 3493 4621 eum

1916 4642 2021 4698 illis
2051 4647 2377 4714 temporibus
2405 4648 2751 4716 repetebant,
2774 4650 3014 4706 eamdem
3040 4654 3245 4708 veniam
3272 4666 3516 4727 prOpter

1917 4734 2229 4791 charitatem
2256 4737 2469 4791 unitatis
2496 4740 2855 4806 merebantur,
2874 4757 3031 4811 quam
3053 4748 3309 4802 meruisse
3333 4761 3492 4820 prop.

1918 4836 1999 4883 tcr
2019 4829 2280 4899 ejusmodi
2305 4830 2615 4885 charitatem
2638 4832 2863 4888 credidit
2890 4833 3184 4907 Cyprianus
3210 4853 3323 4907 eos,
3355 4855 3485 4913 quos

1918 4922 2035 4977 sine
2059 4922 2330 4993 Baptismo
2349 4922 2611 4979 admissos
2640 4939 2760 4981 esse
2786 4926 3074 4985 arbitratus
3095 4938 3195 4985 est.
3225 4931 3317 4987 isti
3362 4946 3501 5003 ergo

1918 5015 2008 5085 qui
2030 5015 2173 5070 nulla
2196 5014 2457 5071 existente
2482 5030 2650 5071 causa
2671 5017 3119 5090 (quandoquidem
3140 5064 3156 5088 ,
3187 5023 3323 5078 sicut
3348 5021 3525 5078 idem‘

1920 5105 2215 5176 Cyprianus
2240 5104 2505 5171 ostendit,
2539 5107 2662 5163 mali
2688 5108 2841 5163 bonis
2867 5109 2920 5165 in
2948 5111 3148 5169 unitate
3172 5113 3361 5168 obesse
3382 5127 3501 5168 non-

1920 5197 2161 5270 possunt)
2188 5212 2247 5253 se
2262 5199 2329 5253 ab
2344 5198 2581 5268 ejusdem
2607 5202 2822 5256 unitatis
2837 5202 2933 5257 cha
2942 5203 3095 5259 ritate
3117 5204 3479 5274 przeciderunt'
3491 5244 3508 5271 ,

1920 5290 2092 5345 locum
2113 5290 2287 5345 omnis
2310 5289 2480 5344 venia:
2513 5290 2860 5360 perdiderunt
2888 5310 2904 5348 :
2933 5302 2987 5349 et
3015 5295 3102 5362 qui
3132 5294 3247 5361 ipse
3287 5293 3493 5351 scelere

1920 5382 2221 5438 schismatis
2250 5382 2569 5450 interirent,
2611 5382 2817 5438 etiamsi
2866 5392 2985 5453 post
3025 5384 3351 5439 Catholicam
3382 5399 3489 5442 non

1920 5472 2350 5542 rebaptizarent;
2394 5482 2593 5542 quanto
2616 5474 2891 5544 supplicio
2919 5472 3063 5543 digni
3107 5482 3259 5542 sunt,
3290 5477 3380 5548 qui
3408 5479 3529 5533 vel'

1922 5561 2061 5631 quod
2082 5575 2176 5617 eos
2203 5576 2311 5617 non
2338 5562 2532 5618 habere
2559 5562 2852 5632 Cyprianus
2873 5561 3100 5619 aiIirmat
3119 5605 3135 5631 ,
3177 5565 3493 5625 habentibus

1988 5735 2004 5765 ί
2030 5740 2096 5783 tta
2114 5741 2218 5783 MSS.
2242 5740 2297 5784 At
2320 5734 2453 5795 editi,
2485 5732 2877 5795 suscipiebantur.

1988 5798 2008 5825 ³
2032 5795 2165 5865 Editi,
2200 5802 2247 5867 et
2268 5808 2359 5846 non
2390 5794 2575 5857 integra
2586 5794 2805 5857 {omissa
2826 5798 3074 5867 particula,
3110 5801 3175 5864 in,
3202 5814 3310 5866 quas
3336 5810 3411 5855 est
3446 5816 3494 5853 tn

1926 5862 2272 5919 manuscriptis.
