4008 6470
478 377 588 432 ΠΩ»

475 495 750 553 catholicis
796 493 922 548 dare
950 502 1239 554 conantur,
1273 493 1379 557 vel,
1401 493 1536 547 sicut
1565 491 1675 561 ipsa
1717 505 1802 546 res
1829 489 2053 543 manife-

477 595 607 650 stat,
627 585 768 656 quod
801 595 854 639 et
879 584 976 656 ipsi
1007 583 1220 649 habent,
1252 599 1356 637 non
1387 583 1583 638 habere
1608 581 1935 636 Catholicam
1950 579 2056 634 cri-

478 677 786 740 minantur?

548 765 773 824 CAPUT
813 765 898 846 Πζ.
929 797 995 805 -
1023 766 1077 821 4.
1104 763 1207 820 Sed
1242 763 1364 835 quia
1391 779 1552 829 nunc,
1589 771 1653 818 ut.
1672 762 1863 819 dicere.
1878 777 2055 833 coepe-

482 876 618 927 ram,
657 877 775 916 cum
810 859 1054 932 Cypriani
1083 859 1271 914 litteris
1313 856 1656 912 sermocinari
1695 856 2052 922 instituimus;

481 967 610 1016 non,
642 960 700 1005 ut
728 951 976 1017 arbitror,
1007 950 1166 1004 etiam
1198 949 1291 1015 illi,
1320 949 1365 1004 si
1390 947 1621 1012 adesset,
1661 947 1871 1002 viderer
1897 947 2055 1008 perti-

482 1044 672 1097 naciler
697 1051 843 1114 atque
885 1042 1126 1096 obstinate
1163 1051 1338 1096 contra
1379 1041 1561 1110 fratres
1601 1050 1647 1094 et
1683 1040 2058 1096 consacerdotes

483 1151 573 1202 pro
600 1133 842 1198 licerelicis
870 1132 1106 1195 reluctart'
1125 1175 1140 1199 ,
1185 1147 1305 1191 cum
1335 1132 1605 1202 acciperet
1638 1140 1789 1196 tanta,
1816 1132 1912 1186 ista
1940 1146 2058 1202 qua:

483 1240 579 1279 nos
600 1235 837 1288 moveut,
860 1241 954 1280 cur
978 1225 1136 1280 etiam
1161 1224 1300 1295 apud
1328 1224 1608 1280 luereticos
1628 1225 1803 1284 insue
1828 1223 2060 1294 maligno

481 1332 665 1372 errore
698 1332 1011 1386 perversos,
1048 1317 1375 1386 Baptismum
1403 1325 1578 1373 tamen
1623 1316 1820 1376 Christi
1860 1331 1954 1387 per
1997 1329 2059 1373 se

483 1405 654 1476 ipsum
700 1407 1200 1463 reverendissimum
1248 1409 1264 1440 ¹
1302 1416 1460 1478 atque
1499 1407 1892 1463 sanctissimum
1939 1420 2058 1463 esse

485 1511 640 1567 posse
666 1497 964 1552 credamus.
1006 1497 1248 1568 Cumque
1273 1505 1331 1557 ct.
1355 1499 1468 1567 ipse
1498 1504 1718 1553 testetur
1736 1537 1751 1564 ,
1781 1497 1932 1567 cujus
1959 1511 2058 1552 no-

482 1587 566 1642 bis
593 1587 949 1644 testimonium
978 1588 1228 1657 ponderis
1258 1589 1433 1659 magni
1467 1596 1582 1653 est,
1621 1589 1708 1643 sic.
1737 1603 1835 1644 eos
1853 1587 2060 1652 admitti

482 1678 891 1750 inprazteritum
933 1679 1119 1734 solitos
1151 1697 1162 1733 :
1194 1679 1432 1750 quisquis
1475 1681 1590 1749 ejus
1626 1692 1875 1734 sermone
1915 1692 2062 1734 com-

482 1780 659 1826 motus
683 1811 708 1842 ,ν
737 1771 1014 1826 haereticos
1051 1771 1234 1827 denuo.
1263 1769 1605 1840 baptizandos
1630 1783 1750 1836 esse
1776 1785 1882 1824 non
1908 1767 2063 1824 dubi-

483 1872 593 1930 tat;
625 1878 719 1917 eos
745 1853 934 1933 quibus
974 1862 1075 1919 hoc
1102 1870 1320 1932 propter
1365 1870 1508 1918 tanta
1544 1877 1663 1932 qua:
1690 1860 2062 1916 contradicun-

484 1965 592 2024 tur,
624 1955 856 2010 nondum
888 1970 1198 2024 persuasum
1225 1962 1326 2020 est,
1359 1953 1492 2008 tales
1520 1967 1639 2012 esse
1662 1951 1900 2022 deputet,
1927 1966 2062 2022 qua~

483 2048 564 2118 bss
594 2047 644 2102 in
673 2046 1008 2118 praeteritum.
1042 2044 1280 2111 fuerunt,
1320 2044 1410 2114 qui
1445 2041 1738 2113 baptizatos
1779 2041 1832 2112 ip
1874 2042 2062 2099 heresi

485 2139 602 2196 solo
627 2138 844 2209 proprio
881 2152 1065 2196 errore
1099 2145 1340 2192 correcta
1369 2134 1678 2204 simpliciter
1708 2133 2062 2201 admiserunt,

485 2237 540 2285 et
564 2244 684 2286 cum
708 2230 787 2284 eis
814 2244 911 2298 per
932 2228 1150 2284 unitatis
1173 2226 1438 2281 vinculum
1463 2225 1594 2280 salvi
1613 2239 1734 2281 esse
1757 2233 2061 2296 potuerunt.

486 2317 735 2390 Quisquis
750 2328 927 2375 autem
947 2328 999 2374 et
1019 2317 1363 2388 depraeterita
1387 2316 1638 2372 Ecclesiae
1656 2315 2062 2381 consuetudine,

489 2399 544 2469 et
572 2411 637 2465 de
664 2409 959 2481 posteriore
988 2409 1177 2477 robore
1197 2407 1416 2478 plenarii
1439 2407 1672 2473 concilii,
1693 2416 1748 2462 et
1773 2415 1853 2462 tot
1867 2407 2064 2479 tantis-

485 2521 593 2576 quc
637 2513 935 2559 sanctarum
981 2502 1371 2572 Scripturarum
1417 2499 1770 2568 testimoniis,
1801 2508 1857 2554 et
1899 2498 2064 2569 ipsius

485 2596 733 2670 Cypriani
763 2596 944 2651 multis
968 2594 1301 2652 documentis
1321 2637 1336 2661 ,
1370 2602 1426 2649 et
1454 2591 1746 2664 perspicuis
1771 2591 2066 2648 rationibus

483 2689 743 2753 veritatis,
774 2687 1018 2760 intelligit
1045 2686 1240 2742 Christi
1270 2686 1598 2757 Baptismum
1629 2683 1804 2740 verbis
1827 2699 2064 2754 evange-

487 2778 604 2838 licis
627 2787 994 2846 consecratum
1026 2792 1131 2832 non
1157 2777 1268 2832 ﬁeri
1290 2776 1572 2848 cujuslibet
1594 2775 1827 2830 hominis
1845 2789 2068 2846 ρει-γεγε

487 2869 644 2926 sitate
672 2882 1022 2938 perversum;
1067 2867 1253 2923 eodem
1301 2867 1527 2926 unitatis
1552 2866 1765 2928 vinculo
1810 2865 2067 2936 intelligat

486 2943 666 3013 salvos
685 2971 804 3012 esse
828 2957 1086 3028 potuisse,
1107 2956 1300 3028 quibus
1324 2957 1466 3012 aliud
1491 2956 1638 3011 salva
1663 2955 1920 3012 charitate
1940 2964 2067 3012 tunc

485 3049 656 3108 visum
693 3058 777 3105 est
809 3067 822 3102 :
857 3063 920 3105 ac
949 3063 1043 3117 per
1069 3047 1172 3111 hoc
1198 3047 1361 3106 simul
1395 3055 1605 3122 oportet
1633 3045 1942 3119 intelligat,
1972 3060 2068 3113 eos

485 3155 620 3213 quos
649 3141 793 3204 nulla
818 3141 1038 3205 zizania,
1071 3140 1210 3195 nulla
1241 3140 1390 3211 palea
1409 3180 1425 3208 ,
1455 3123 1501 3195 si
1531 3140 1631 3210 ipsi
1657 3139 1918 3196 frumenta
1947 3154 2068 3196 esse

483 3233 818 3308 voluissent,
856 3234 910 3288 in
954 3233 1210 3290 societate
1238 3232 1493 3289 Ecclesiae
1538 3240 1652 3288 toto
1691 3232 1822 3289 orbe
1855 3231 2067 3294 diffusa:

485 3331 734 3395 poterant
773 3324 1041 3379 maculare
1064 3365 1078 3389 ,
1107 3333 1162 3379 et
1186 3324 1305 3380 ideo
1332 3323 1476 3379 nulla
1501 3323 1762 3380 existente
1792 3339 1950 3382 causa
1979 3324 2066 3380 di-

487 3414 646 3480 vortii
683 3417 702 3446 ’
740 3429 800 3470 se
839 3414 906 3470 ab
947 3414 1136 3470 eodem
1176 3415 1393 3470 unitatis
1436 3414 1647 3470 vinculo
1685 3414 2064 3485 disruperunt;

493 3505 770 3576 quodlibet
795 3507 1005 3562 illorum
1031 3506 1260 3568 duorum
1300 3521 1486 3568 verum
1514 3506 1613 3574 sit,
1655 3506 1767 3565 sive
1794 3505 1935 3577 quod
1963 3505 2068 3576 Cy.-

489 3597 712 3680 prianus
741 3606 864 3653 tunc
892 3602 1085 3664 sensit,
1113 3597 1226 3652 sive
1254 3596 1396 3667 quod
1432 3596 1722 3652 Catholica:
1746 3596 2067 3652 universitas

486 3681 631 3747 unde
657 3689 748 3745 ille
773 3705 880 3746 non
907 3690 1131 3746 recessit
1154 3689 1410 3757 obtinuit;
1430 3687 1557 3745 foris
1577 3688 1912 3760 apertissime
1939 3704 2069 3745 eon-

485 3781 701 3841 atitdtos
727 3784 780 3837 in
808 3781 1090 3844 manifesto
1115 3781 1394 3852 sacrilegio
1417 3780 1720 3844 schismatis
1744 3780 1920 3842 salvos
1947 3793 2068 3836 esse

485 3886 595 3937 non
623 3887 798 3942 posse,
821 3881 874 3928 et
899 3873 1076 3928 omnia
1095 3887 1215 3944 quae
1237 3872 1434 3928 habent
1452 3873 1518 3928 de
1539 3871 1730 3928 divinis
1750 3871 2069 3932 Sacramenta

485 3963 557 4028 tis
584 3971 639 4019 et
671 3964 991 4019 liberalitate
1019 3964 1174 4019 unius
1202 3963 1425 4034 legitimi
1465 3963 1607 4028 viri,
1645 3961 1895 4032 quamdiu
1936 3963 2068 4018 tales

486 4061 632 4118 sunt,
665 4052 731 4107 ad
757 4067 943 4113 eorum
970 4053 1336 4116 confusionem
1363 4053 1538 4125 potius
1563 4068 1720 4124 quam
1745 4052 1814 4120 ad
1838 4053 2066 4109 salutem

486 4143 685 4202 valere.
1387 4129 1390 4132 ’

557 4232 783 4289 CAPUT
821 4233 884 4288 ν.
924 4265 996 4274 -
1022 4236 1076 4290 5.
1104 4235 1362 4303 Quocirca
1388 4236 1594 4292 etiamsi
1633 4251 1761 4294 vere
1789 4245 2068 4307 propterea

489 4323 695 4379 vellent
718 4323 951 4384 haeretici
981 4335 1224 4383 correcto
1248 4342 1431 4383 errore
1449 4327 1630 4384 venire
1653 4328 1720 4383 ad
1745 4327 2064 4397 Ecclesiam,

488 4414 613 4486 quia
656 4425 902 4486 putarent
941 4431 999 4471 se
1025 4417 1349 4487 Baptismum
1380 4433 1486 4473 non
1517 4417 1712 4476 habere
1749 4418 1850 4473 nisi
1885 4419 1936 4472 in
1967 4417 2066 4474 Ca-

488 4504 684 4569 tholica
704 4507 1042 4577 acciperent;
1071 4522 1168 4562 nec
1193 4508 1269 4564 sic
1291 4509 1368 4563 eis
1395 4508 1712 4564 deberemus
1737 4509 1803 4564 ad
1834 4509 2069 4564 iteratio-

489 4611 618 4656 nem
641 4597 897 4668 Baptismi
925 4599 1259 4665 consentire,
1287 4599 1382 4656 sed
1411 4600 1588 4668 potius
1612 4598 1836 4655 docendi
1863 4609 2063 4669 essent,

489 4705 592 4746 nec
659 4690 1014 4761 integritatem
1087 4691 1340 4759 Baptismi
1409 4691 1662 4761 prodesse
1734 4693 2065 4762 perversitati

491 4795 700 4848 eorum,
725 4781 768 4836 si
793 4781 982 4852 corrigi
1003 4781 1235 4845 nollent;
1265 4796 1361 4837 nec
1380 4795 1563 4836 eorum
1589 4783 1934 4852 perversitate
1954 4783 2068 4839 vio-

489 4875 655 4930 latum
679 4873 841 4930 fuisse
860 4875 1121 4945 integrum
1148 4875 1435 4944 Baptisma,
1462 4875 1714 4945 quamdiu
1741 4876 1934 4946 corrigi
1965 4891 2064 4931 no-

485 4963 739 5032 luerunt;
771 4979 870 5020 nec
893 4965 1018 5035 quia
1038 4966 1228 5036 corrigi
1254 4966 1458 5033 volunt,
1490 4966 1678 5022 melius
1707 4967 1761 5022 in
1785 4967 1862 5022 eis
1889 4967 2067 5036 Bapti-

480 5067 603 5112 sma
639 5055 756 5112 fieri
790 5074 802 5110 :
837 5055 929 5111 sed
965 5057 1110 5127 ipsos
1143 5072 1172 5110 a
1213 5058 1542 5128 malignitate
1578 5057 1852 5115 discedere
1875 5100 1891 5126 ,
1938 5059 2064 5123 illud

487 5155 667 5204 autem
698 5148 933 5218 incipere
955 5147 1064 5218 jam
1095 5148 1350 5218 prodesse
1375 5149 1441 5203 ad
1469 5150 1714 5219 salutem,
1747 5149 1888 5220 quod
1918 5149 2065 5219 prius

486 5235 661 5306 iuerat
683 5238 750 5294 ad
780 5238 1089 5314 perniciem.
1119 5239 1244 5295 Haec
1266 5241 1409 5295 enim
1437 5241 1724 5307 discentes,
1753 5250 1808 5297 et
1836 5242 2062 5297 salutem

485 5329 542 5390 in
573 5329 837 5386 catholica
861 5331 1064 5386 unitate
1089 5331 1485 5401 desiderabant,
1517 5342 1572 5388 et
1597 5347 1750 5388 suum
1777 5347 1898 5392 esse
1921 5336 2062 5404 quo‘d

490 5419 688 5476 Christi
712 5429 795 5476 est
822 5437 928 5476 non
956 5422 1368 5490 existimabunt,
1395 5432 1450 5479 et
1488 5424 1733 5485 veritatis
1751 5425 2065 5481 Sacramen-

489 5519 625 5576 tum,
653 5512 893 5580 quamvis
918 5513 972 5568 in
997 5529 1056 5578 se
1085 5515 1335 5584 positum,
1368 5531 1488 5570 cum
1513 5531 1694 5572 errore
1721 5517 1936 5587 proprio
1957 5533 2063 5582 non

488 5603 804 5658 miscebunt.

552 5758 568 5786 ί
599 5763 694 5803 Am.
721 5763 770 5805 et
792 5761 918 5812 Mss,
943 5758 1387 5810 reverentissimum.

551 5819 581 5862 ².
594 5824 716 5880 Vox,
736 5817 940 5886 diportii,
961 5821 1097 5871 abest
1117 5833 1143 5870 a
1168 5823 1328 5883 proba:
1353 5827 1479 5871 uota:
1501 5829 1603 5873 Mss.

1219 370 1305 425 sn
1346 367 1682 424 BAPTlSMO
1719 365 1992 423 comas
2030 361 2475 435 novamus,
2517 369 2573 427 s.
2615 370 2981 429 AUGUSTINI

3623 375 3735 432 ιεθ

2235 490 2288 542 6.
2335 489 2448 546 Huc
2478 494 2703 563 accedit,
2744 496 2868 566 quia
2913 495 2990 551 sic
3033 495 3276 552 homines
3309 497 3514 554 occulta
3557 498 3738 553 nescio

2161 595 2260 649 qua
2291 580 2634 651 inspiratione
2662 586 2756 641 Dei
2785 586 3116 642 detestantur
3135 629 3148 652 ,
3178 588 3223 644 si
3255 589 3376 658 quis
3405 589 3597 645 iterum
3638 590 3738 645 Ba-

2162 672 2414 740 ptismum
2443 677 2694 746 accipiat,
2733 694 2890 750 quem
2919 679 3236 749 ubicumque
3271 681 3377 751 jam
3413 693 3697 754 acceperat
3719 724 3734 749 ,

2161 770 2221 817 ut
2268 762 2426 819 iidem
2469 767 2566 836 ipsi
2609 767 2846 824 haeretici
2897 784 3019 824 cum
3067 771 3189 827 inde
3233 772 3540 842 disputant,
3591 772 3738 828 fron-

2165 861 2270 908 tem
2319 853 2636 924 confricent,
2689 867 2746 913 et
2794 873 2960 930 prope
3005 876 3194 918 omnes
3242 877 3431 918 eorum
3480 864 3600 921 laici
3650 865 3739 934 qui

2161 945 2300 1014 apud
2353 961 2447 1003 eos
2504 947 2971 1017 inveteraverunt,
3027 960 3084 1007 et
3142 953 3438 1009 animosam
3503 957 3741 1025 pertina-

2162 1035 2301 1092 ciam
2337 1037 2594 1094 adversus
2635 1038 2961 1096 Catholicam
3007 1053 3387 1114 conceperunt,
3424 1043 3528 1100 hoc
3566 1045 3741 1101 solum

2163 1127 2273 1186 illic
2311 1127 2411 1184 sibi
2452 1128 2736 1200 displicere
2766 1128 3072 1186 fateantur:
3105 1141 3160 1188 et
3196 1133 3348 1188 multi
3391 1134 3480 1205 qui
3524 1143 3745 1205 propter

2163 1215 2504 1287 adipiscenda
2545 1220 2720 1291 aliqua
2747 1223 3026 1284 commoda
3064 1224 3336 1279 szecularia
3359 1265 3375 1292 ,
3417 1225 3502 1281 vel
3536 1226 3744 1281 incom-

2164 1306 2320 1362 moda
2347 1307 2647 1376 devitanda,
2688 1312 2913 1367 transire
2936 1311 3011 1368 ad
3040 1326 3134 1369 eos
3161 1315 3366 1381 volunt,
3397 1314 3621 1372 occultis
3648 1329 3745 1371 co-

2163 1397 2376 1454 natibus
2416 1400 2692 1468 ambiant,
2734 1410 2793 1457 ut
2820 1402 2922 1458 hoc
2958 1403 3038 1458 eis
3078 1404 3230 1474 quasi
3263 1404 3518 1474 peculiari
3553 1413 3610 1460 et
3648 1405 3747 1460 do-

2164 1488 2387 1544 mestico
2442 1489 2704 1552 beneﬁcio
2735 1500 3025 1562 pratstetur
3048 1533 3070 1558 ,,
3111 1508 3180 1548 ne
3222 1493 3648 1564 rebaptizentur;
3690 1502 3749 1550 et

2164 1579 2406 1636 nonnulli
2459 1581 2670 1637 ueteris
2718 1596 2908 1637 eorum
2963 1584 3115 1638 vanis
3167 1584 3440 1642 erroribus
3487 1592 3543 1640 et
3593 1583 3749 1640 falsis

2164 1670 2627 1728 criminationibus
2654 1673 2912 1730 adversus
2946 1673 3264 1731 catholicam
3304 1675 3599 1733 Ecclesiam
3623 1691 3749 1734 cre-

2165 1761 2375 1830 dentes,
2403 1762 2508 1819 hoc
2531 1779 2639 1822 uno
2662 1775 3002 1831 revocentur,
3033 1774 3092 1820 ut
3117 1766 3199 1822 eis
3225 1766 3419 1822 sociari
3455 1766 3648 1835 nolint,
3677 1781 3750 1824 ne

2165 1853 2484 1925 rebaptizari
2507 1864 2781 1926 cogantur.
2808 1855 2976 1925 Quem
2998 1871 3236 1924 sensum,
3262 1856 3538 1914 hominum
3564 1858 3748 1914 omnia

2166 1946 2380 2016 penitus
2403 1945 2566 2002 corda
2604 1957 2950 2018 occupantem
2977 1949 3064 2004 ἱειί
3093 1949 3383 2006 Donatistae
3407 1957 3712 2014 metuentes
3729 1989 3748 2015 ,

2165 2036 2470 2092 maluerunt
2505 2037 2746 2109 recipere
2776 2039 3107 2110 Baptismum
3130 2040 3220 2111 qui
3244 2039 3391 2111 apud-
3409 2040 3749 2096 Maximiani.-

2166 2138 2278 2186 stas
2301 2145 2438 2202 quos
2454 2130 2839 2196 damnaverant
2857 2132 3015 2188 datus
3035 2141 3136 2200 est,
3164 2141 3220 2194 et
3243 2148 3310 2190 eo
3333 2133 3494 2190 modo
3521 2134 3622 2190 sibi
3645 2135 3751 2192 lin-

2165 2239 2297 2296 guas
2323 2224 2635 2295 prmcidere,
2663 2232 2720 2280 et
2745 2239 2839 2280 ora
2878 2225 3115 2296 oppilare
3137 2267 3154 2293 ,
3196 2241 3355 2297 quam
3382 2224 3560 2284 denuo
3583 2226 3750 2298 bapti-

2167 2331 2291 2372 zare
2319 2325 2398 2372 tot
2434 2315 2680 2373 homines
2723 2315 3024 2378 Mustitana:
3054 2317 3070 2348 ¹
3097 2325 3152 2372 et
3178 2317 3504 2378 Assuritanat
3531 2326 3587 2374 et
3623 2317 3749 2382 alia-

2167 2423 2286 2462 rum
2313 2406 2582 2477 plebium,
2609 2421 2740 2478 quas
2767 2421 2888 2463 cum
2927 2407 3196 2463 Feliciano
3237 2415 3293 2463 et
3334 2407 3656 2464 Pratextato
3693 2417 3751 2464 et

2167 2496 2378 2553 caeteris
2401 2511 2432 2551 a
2459 2511 2520 2553 se
2543 2496 2810 2554 damnatis
2838 2505 2893 2552 et
2926 2495 2994 2552 ad
3028 2511 3088 2552 se
3115 2497 3460 2554 redeuntibus
3496 2511 3750 2568 suscepe-

2238 2679 2465 2736 CAPUT
2502 2680 2594 2735 Vl.
2622 2711 2692 2722 —
2717 2681 2770 2747 '1.
2801 2679 2934 2736 Cum
2956 2681 3098 2736 enim
3123 2679 3226 2736 hoc
3254 2694 3375 2736 raro
3396 2678 3455 2735 fit
3486 2679 3540 2735 in
3569 2680 3751 2751 singu-

2168 2772 2234 2828 lis
2252 2814 2268 2840 ,
2295 2773 2432 2830 inter
2456 2773 2620 2836 multa
2644 2774 2812 2844 spatia
2836 2775 3068 2830 locorum
3111 2782 3168 2829 et
3196 2782 3490 2844 temporum
3507 2813 3526 2842 ,
3557 2773 3751 2835 horror

2168 2865 2293 2921 facti
2322 2881 2427 2921 non
2453 2867 2524 2921 ita
2550 2867 2817 2922 sentitur:
2849 2867 2898 2922 si
2933 2875 3110 2922 autem
3147 2874 3365 2936 repente
3399 2865 3750 2922 conveniren-

2168 2965 2255 3013 tur
2275 2971 2410 3029 quos
2436 2972 2531 3028 per
2555 2965 2661 3012 tam
2681 2957 2894 3028 longum
2924 2966 3150 3027 tempus,
3179 2957 3293 3012 sive
3320 2955 3629 3026 urgentibus
3654 2970 3749 3026 pe-

2167 3048 2349 3112 riculis
2385 3048 2572 3104 mortis
2595 3089 2608 3111 ,
2638 3049 2751 3104 sive
2779 3062 2876 3119 per
2909 3048 3271 3105 solemnitates
3310 3047 3592 3103 Paschales
3630 3061 3747 3111 me—

2169 3139 2361 3195 morati
2386 3139 2787 3207 Maximianista:
2805 3127 3244 3212 ibaptizaverant,
3282 3148 3337 3195 et
3363 3139 3443 3194 eis
3479 3137 3750 3201 diceretur

2169 3241 2234 3301 ut
2254 3231 2446 3299 iterum
2473 3232 2888 3302 baptizarentur,
2918 3231 3166 3301 quoniam
3192 3229 3244 3286 id
3269 3229 3410 3301 quod
3435 3229 3488 3284 in
3525 3228 3748 3285 sacrile-

2167 3322 2254 3394 gio
2279 3322 2579 3379 schismatis
2601 3328 2918 3394 acceperant
2935 3321 3065 3376 nihil
3087 3329 3260 3386 esset;
3292 3319 3345 3376 id
3368 3319 3580 3391 quidem
3606 3317 3733 3376 dice

2167 3424 2316 3471 retur
2339 3415 2479 3487 quod
2503 3429 2600 3472 eos
2626 3415 2913 3487 pertinacia
2944 3415 3024 3469 sui
3054 3415 3253 3470 erroris
3293 3413 3472 3468 dicere
3495 3419 3711 3484 cogeret
3730 3451 3756 3479 ,Α

2169 3516 2224 3561 ut
2251 3515 2472 3576 possent
2502 3507 2873 3578 qualicumque
2907 3505 3048 3563 falsa.
3065 3504 3251 3560 umbra
3273 3503 3588 3562 constantiae
3614 3518 3747 3558 eon-

2170 3607 2250 3652 tra
2274 3597 2504 3654 calorem
2529 3597 2767 3654 veritatis
2793 3612 2904 3653 suae
2931 3596 3141 3652 duritia:
3164 3595 3392 3666 rigorem
3417 3594 3756 3666 glaciemque

2168 3699 2451 3760 contegere
2483 3707 2497 3744 :
2529 3688 2623 3745 sed
2647 3688 2769 3759 quia
2803 3687 2905 3744 hoc
2943 3687 3019 3742 illi
3067 3687 3208 3743 ferre
3249 3701 3354 3742 non
3400 3693 3652 3757 possent,
3695 3695 3756 3740 et

2168 3781 2307 3852 quod
2340 3781 2394 3835 in
2423 3789 2530 3835 tam
2553 3780 2736 3837 multis
2761 3779 3061 3836 hominibus
3089 3779 3260 3846 ﬁeret,
3287 3793 3388 3834 nec
3409 3777 3508 3847 ipsi
3528 3786 3756 3849 possent

2171 3871 2395 3932 tolerare
2430 3873 2520 3942 Qui
2550 3870 2819 3940 facerent,
2849 3871 3141 3941 praesertim
3179 3869 3304 3940 quia
3337 3868 3496 3924 iidem
3526 3868 3630 3940 ipsi
3655 3883 3760 3927 eos

2170 3962 2222 4017 in
2266 3972 2416 4034 parte
2454 3962 2708 4018 Primiani
2753 3963 3182 4034 rebaptizarent,
3233 3961 3324 4032 qui
3366 3975 3462 4017 eos
3497 3961 3554 4016 in
3595 3969 3757 4032 parte

2169 4054 2469 4120 Maximiani
2494 4055 2604 4126 jam
2629 4054 3045 4125 baptizaverant,
3071 4063 3317 4124 receptus
3336 4061 3420 4109 est
3446 4051 3757 4130 Baptismus

2171 4147 2413 4213 illorum,
2459 4154 2514 4202 et
2537 4146 2862 4217 interceptus
2887 4145 3080 4218 typbus
3118 4145 3360 4200 istorum.
3405 4143 3556 4213 Quod
3599 4143 3758 4200 nullo

2169 4238 2329 4293 modo
2352 4238 2613 4308 eligerent
2639 4237 2775 4304 ﬁeri,
2805 4238 2904 4292 nisi
2934 4237 3160 4307 amplius
3187 4236 3288 4292 sibi
3306 4235 3578 4291 adversari
3603 4235 3768 4292 arbi-.

2171 4338 2437 4384 trarentur
2473 4330 2748 4385 horrorem
2799 4329 3072 4384 hominum
3113 4327 3182 4384 de
3222 4329 3410 4383 iterata
3448 4326 3708 4382 tinctione
3737 4368 3756 4392 ,

2170 4435 2326 4491 quam
2356 4420 2832 4485 considerationem
2870 4420 2937 4476 de
2977 4419 3178 4490 perdita
3219 4419 3549 4475 defensione.
3593 4417 3756 4486 Quod

2171 4526 2276 4567 non
2304 4511 2422 4568 ideo
2447 4512 2669 4568 dixerim
2691 4553 2715 4582 ,ν
2751 4513 2873 4582 quia
2913 4511 3144 4574 humano
3169 4526 3330 4568 sensu
3364 4511 3624 4568 deterreri
3651 4512 3754 4568 de-

2170 4604 2405 4672 buimus,
2437 4606 2482 4660 si
2508 4604 2576 4660 ab
2602 4604 2864 4661 haereticis
2883 4605 3156 4660 venientes
3184 4603 3360 4660 denuo
3380 4603 3634 4675 baptizari
3660 4620 3762 4664 ve-.

2171 4696 2302 4750 ritas
2329 4705 2545 4767 cogeret
2576 4715 2588 4751 :
2618 4695 2713 4752 sed
2753 4696 2874 4766 quia
2904 4705 3120 4752 sanctus
3163 4695 3464 4766 Cyprianus
3492 4695 3605 4760 ait,
3655 4695 3760 4751 hoc

2170 4786 2280 4857 ipso
2307 4789 2466 4856 magis
2494 4786 2753 4847 haereticos
2775 4786 2844 4840 ad
2869 4787 3208 4855 necessitatem
3233 4787 3461 4842 ueniendi
3487 4787 3628 4856 adigi
3652 4803 3757 4857 po-

2173 4878 2343 4943 tuisse,
2374 4878 2417 4933 st"
2447 4893 2623 4932 rursus
2649 4878 2703 4932 in
2731 4875 2990 4932 Catholica
3029 4877 3437 4948 baptizarentur;
3467 4886 3762 4948 propterea

2170 4984 2590 5026 commemorare
2621 4969 2764 5025 volui
2789 4980 3017 5041 quantus
3041 4984 3180 5039 pene
3206 4970 3261 5026 in
3290 4971 3528 5026 omnium
3555 4957 3761 5025 menti-

2172 5061 2271 5116 bus
2297 5061 2455 5134 hujus
2489 5061 2611 5116 facti
2638 5061 2828 5117 horror
2853 5061 3110 5127 insideat,
3143 5077 3302 5132 quem
3329 5061 3582 5117 divinitus
3609 5061 3755 5116 infu-

2171 5169 2286 5208 sum
2309 5169 2428 5211 esse
2444 5153 2779 5220 crediderim,
2803 5163 2861 5208 ttt
2880 5154 3134 5210 adversus
3153 5153 3418 5224 quaslibet
3436 5153 3754 5223 disputatioe

2172 5262 2266 5301 nes
2307 5260 2438 5316 quas
2475 5246 2666 5300 inﬁrmi
2706 5246 2973 5312 discutere
3009 5255 3308 5317 nequeunt,
3360 5246 3586 5302 horrore
3635 5246 3762 5316 ipso

2171 5335 2406 5390 Ecclesia
2433 5335 2752 5392 muniretur.

2239 5425 2464 5482 CAPUT
2509 5426 2616 5482 νυ.
2644 5457 2714 5466 -
2742 5427 2794 5484 8.
2823 5427 2963 5482 Sane
2995 5427 3154 5481 verba
3197 5427 3310 5496 ipsa
3348 5426 3600 5498 Cypriani
3627 5441 3759 5484 cum

2172 5518 2398 5586 intueor,
2429 5519 2720 5574 admoneor
2743 5520 2983 5589 quzcdam
3005 5517 3228 5572 multum
3251 5518 3548 5573 necessaria
3572 5517 3760 5574 dicere

2235 5766 2251 5795 ι
2277 5763 2414 5839 editi,
2433 5764 2557 5825 loco,
2585 5762 2876 5839 tinnitum,
2891 5765 3158 5839 habebant,
3170 5765 3487 5839 ,Μαδεὶραηωλ
3508 5775 3560 5819 et
3607 5767 3755 5836 infra,

2176 5833 2461 5890 I‘rtclexato,
2487 5840 2591 5889 pro,
2616 5833 2919 5879 Pra’textato.
2959 5833 3184 5892 castigati
3226 5836 3338 5881 sunt
3363 5843 3426 5881 ex
3449 5837 3559 5883 Mss.
