4008 6462
256 377 344 436 Nil
1610 372 1810 430 LIBER
1849 375 2163 444 QUINTUS.

247 487 560 547 dirimenda:
584 486 884 560 hujusmodi
910 486 1206 558 quaestioni.
1242 484 1374 539 Nam
1401 486 1444 540 si
1470 486 1712 548 viderint.
1744 488 1823 544 in-

249 584 376 652 quit,
399 582 605 653 judicio
634 590 680 637 et
703 580 948 635 sententia
974 586 1143 633 nostra
1172 578 1224 631 id
1253 578 1449 631 decerni
1480 588 1524 631 et
1550 579 1719 642 statui,
1754 580 1828 630 uti

246 672 509 743 Baptistae
524 673 725 743 justum
749 680 797 726 et
825 670 1099 741 legitimum
1123 678 1452 745 computetur,
1480 685 1578 739 quo
1606 670 1711 723 illic
1737 668 1827 722 ba-

247 765 543 834 ptizantur;
569 761 811 833 putabunt
834 776 887 815 se
915 759 1191 814 Ecclesium
1216 775 1413 830 quoque
1434 769 1481 813 et
1510 769 1689 814 caetera
1712 776 1825 812 mu-

242 870 364 909 nera
390 853 639 908 Ecclesia:
660 855 800 924 juste
823 850 1117 923 et-legitime
1153 850 1424 921 possidere.
1452 850 1567 907 Non
1596 851 1686 918 ait,
1721 851 1824 905 Pu-

244 948 433 1002 tabunt
459 961 519 1002 se
545 959 768 1001 munera
799 945 1051 1001 Ecclesiae
1089 942 1398 1014 possidere;
1448 942 1540 998 sed
1564 984 1579 1010 ,
1618 944 1755 1015 juste
1781 953 1828 997 et

242 1039 466 1110 legitime
486 1037 762 1109 possidere.
787 1036 891 1092 Nos
911 1045 1087 1093 autem
1108 1037 1433 1105 Baptismum
1448 1051 1541 1091 eos
1558 1050 1664 1091 non
1688 1036 1827 1105 justc

241 1139 292 1185 et
317 1129 557 1199 legitime
584 1126 855 1199 possidere
878 1126 1219 1183 concedimus
1251 1143 1263 1179 :
1293 1142 1397 1180 non
1430 1125 1700 1195 possidere
1727 1140 1823 1179 au-

242 1230 346 1275 tem
376 1235 487 1276 non
517 1235 800 1291 possumus
835 1219 1045 1287 dicere,
1075 1234 1197 1275 cum
1227 1219 1624 1275 Sacramentum
1653 1219 1825 1273 domi-

240 1314 417 1368 nicum
451 1313 509 1368 in
534 1312 856 1381 evangelicis
881 1311 1058 1367 verbis
1086 1312 1472 1382 cognoscimus.
1498 1310 1822 1381 Baptismutn

238 1421 367 1476 ergo
414 1405 714 1475 legitimum
762 1403 978 1468 habent,
1030 1402 1124 1459 sed
1172 1418 1278 1458 non
1326 1402 1559 1472 legitime
1605 1401 1821 1457 habent.

237 1496 491 1566 Quisquis
518 1496 660 1551 enim
690 1509 813 1551 eum
839 1503 895 1551 et
929 1496 983 1548 in
1024 1494 1222 1549 unitate
1249 1492 1508 1549 catholica
1532 1534 1546 1560 ,
1575 1502 1628 1548 et
1654 1507 1721 1548 eo
1744 1492 1825 1547 di-

235 1602 337 1658 gne
365 1586 565 1642 vivens
600 1586 794 1652 habet,
836 1596 892 1641 et
930 1584 1223 1655 legitimum
1253 1592 1307 1640 et
1347 1584 1579 1654 legitime
1620 1580 1779 1639 habet
1808 1602 1822 1639 :

237 1680 483 1749 quisquis
505 1688 687 1735 autem
714 1678 800 1734 vel
828 1679 881 1733 in
908 1677 1018 1748 ipsa
1046 1676 1320 1732 Catholica
1346 1676 1481 1731 sicut
1503 1676 1648 1746 palea
1677 1689 1815 1731 com-

236 1772 399 1827 mixta
441 1771 715 1826 frumento
735 1811 751 1838 ,
779 1770 861 1826 vel
900 1780 1049 1825 extra
1079 1769 1217 1825 sicut
1244 1768 1393 1838 palea
1423 1777 1581 1823 vento
1617 1766 1822 1823 sublata

236 1865 416 1933 habet,
444 1866 589 1921 hunc
613 1865 940 1935 Baptismum
969 1864 1259 1934 legitimum
1286 1861 1501 1933 quidem
1527 1860 1706 1927 habet,
1728 1860 1822 1917 sed

235 1971 339 2013 non
367 1957 629 2027 legitime.
672 1955 745 2011 Ita
773 1956 917 2012 enim
945 1955 1105 2011 habet
1144 1952 1591 2025 quemadmodum
1618 1953 1817 2008 utitur:

235 2061 338 2103 non
359 2056 546 2103 autem
573 2046 803 2118 legitime
832 2045 995 2100 utitur
1013 2045 1103 2115 qui
1128 2059 1193 2100 eo
1214 2052 1401 2099 contra
1425 2043 1597 2114 legem
1621 2042 1818 2109 utitur;

234 2136 376 2207 quod
407 2136 538 2192 iacit
561 2137 737 2193 omnis
759 2138 850 2208 qui
872 2137 1166 2207 baptizatus
1186 2133 1393 2206 perdite
1421 2135 1568 2200 vivit,
1596 2133 1712 2189 sive
1740 2134 1821 2189 in-

235 2239 340 2297 tus,
367 2230 489 2285 sive
514 2228 665 2284 foris.

300 2320 538 2378 CAPUT
582 2320 715 2376 Vlll.
742 2350 811 2361 —
834 2319 889 2376 9.
919 2319 1255 2390 Quapropter
1279 2318 1418 2374 sicut
1447 2316 1515 2373 de
1543 2317 1659 2387 lege
1686 2315 1820 2371 dixit

235 2413 544 2482 Apostolus,
565 2411 791 2466 Bonaest
814 2412 915 2477 leas,
938 2410 1106 2481 siquis
1125 2426 1183 2464 ea
1201 2410 1419 2481 legitime
1438 2416 1609 2463 utatur
1624 2406 1671 2476 (1
1686 2406 1815 2461 Tim.

236 2519 291 2570 ιι,
312 2503 401 2573 8);
434 2503 510 2558 ita
530 2502 599 2558 de
617 2500 887 2572 Baptismo
912 2509 1057 2557 recte
1083 2500 1259 2556 dicere
1287 2513 1571 2570 possumus
1595 2540 1609 2565 ,
1641 2498 1819 2554 Bonus

234 2608 313 2654 est
334 2600 663 2670 Baptismus,
682 2599 725 2653 si
746 2597 863 2668 quis
880 2611 945 2653 eo
965 2595 1201 2667 legitime
1228 2603 1424 2650 utatur.
1459 2593 1523 2647 Et
1548 2592 1685 2648 sicut
1712 2606 1818 2647 non

232 2692 502 2747 faciebant
526 2699 653 2747 tunc
670 2699 727 2746 ut
742 2690 827 2746 lex
848 2690 985 2745 bona
1015 2703 1121 2743 non
1145 2695 1306 2753 esset,
1330 2696 1419 2742 aut
1435 2686 1653 2742 omnino
1674 2685 1818 2740 nulla

232 2792 393 2849 esset,
426 2782 521 2852 qui
548 2797 611 2838 ea
640 2796 749 2837 non
776 2781 1010 2851 legitime
1036 2780 1354 2844 utebantur;
1381 2780 1460 2835 sic
1484 2778 1631 2833 nullo
1659 2776 1819 2832 modo

231 2873 355 2929 facit
381 2883 444 2929 ut
473 2874 777 2945 Baptismus
800 2873 972 2929 bonus
998 2886 1105 2928 non
1130 2872 1233 2937 sit,
1278 2879 1369 2925 aut
1392 2878 1450 2925 ut
1473 2870 1691 2924 omnino
1718 2868 1819 2924 Ba-

232 2966 459 3035 ptismus
486 2978 591 3019 non
613 2965 701 3029 sit,
731 2964 969 3034 quisquis
994 2977 1081 3030 eo,
1108 2966 1220 3017 slve
1248 2962 1369 3031 quia
1393 2961 1444 3014 in
1467 2959 1677 3023 haeresi,
1705 2959 1819 3014 sive

233 3059 353 3129 quia
377 3058 431 3112 in
460 3057 709 3127 pessimis
725 3057 963 3112 moribus
988 3054 1137 3122 vivit,
1160 3069 1265 3110 non
1288 3054 1521 3125 legitime
1541 3053 1721 3107 utitur.
1751 3050 1821 3105 Et

230 3149 351 3205 ideo
375 3162 503 3204 cum
545 3146 630 3203 vel
672 3147 737 3203 ad
762 3146 1018 3203 unitatem
1058 3144 1373 3201 catholicam
1394 3184 1410 3211 ,
1447 3143 1531 3198 vel
1559 3142 1625 3197 ad
1657 3142 1817 3196 vitam

229 3248 379 3297 tanto
403 3240 755 3297 Sacramento
785 3238 999 3309 dignam
1027 3237 1356 3293 convertitur
1378 3278 1393 3304 ,
1422 3250 1528 3291 non
1553 3234 1695 3289 aliud
1725 3233 1818 3289 ba-

229 3334 422 3403 ptisma
450 3332 639 3401 incipit
668 3330 865 3386 habere
894 3329 1188 3400 legitimum
1213 3369 1226 3392 ,
1255 3327 1349 3383 sed
1381 3326 1506 3382 illud
1531 3327 1703 3396 ipsum
1734 3325 1817 3379 in-

229 3424 358 3495 cipit
402 3422 607 3478 habere
655 3420 909 3492 legitime.
955 3418 1067 3476 Nec
1101 3417 1349 3475 remissio
1389 3416 1815 3473 irrevocabilium

233 3522 576 3585 peccatorum
602 3511 947 3582 consequitur
965 3508 1256 3581 Baptisms,
1285 3507 1386 3563 nisi
1413 3522 1518 3562 non
1544 3506 1715 3561 solum
1742 3506 1817 3561 le-

233 3608 501 3677 gitimum,
537 3605 635 3662 sed
664 3606 823 3662 etiam
850 3603 1086 3676 legitime
1110 3602 1370 3658 habeatur
1401 3619 1414 3656 :
1442 3615 1542 3655 nec
1571 3609 1746 3654 tamen
1772 3599 1817 3653 si

237 3702 471 3771 legitime
502 3715 606 3755 non
646 3697 945 3764 habebitur,
972 3703 1028 3753 et
1050 3703 1265 3767 peccata
1289 3693 1375 3749 vel
1402 3707 1508 3748 non
1537 3691 1816 3748 remitten-

236 3800 341 3858 tur,
382 3791 472 3846 vel
502 3789 725 3845 remissa
750 3786 1171 3858 replicabuntur,
1202 3794 1481 3856 propterea
1507 3783 1592 3839 vel
1618 3780 1815 3837 malum

237 3881 319 3936 vel
349 3881 556 3936 nullum
584 3880 685 3935 erit
712 3880 765 3933 in
802 3878 1068 3949 baptizato
1105 3876 1361 3947 Baptismi
1405 3882 1814 3931 sacramentum.

235 3971 381 4029 Sicut
423 3972 571 4028 enim
609 3969 795 4038 Judas,
821 3970 907 4025 cui
933 3967 1229 4025 buccellam
1257 3966 1475 4022 tradidit
1516 3965 1773 4021 Dominus
1797 4005 1811 4031 ,

235 4078 338 4119 non
361 4063 565 4118 malum
591 4059 921 4131 accipiendo,
944 4059 1038 4115 sed
1062 4058 1201 4113 male
1221 4055 1530 4127 accipiendo
1553 4055 1728 4111 locum
1760 4057 1815 4112 in

233 4170 292 4211 se
316 4153 535 4209 diabolo
561 4151 788 4221 praebuit
812 4149 988 4221 (Joan.
1024 4164 1138 4215 χιιι,
1166 4144 1292 4219 27);
1319 4147 1397 4202 sic
1430 4145 1643 4216 indigne
1667 4145 1815 4216 quis-

232 4262 333 4318 que
356 4260 580 4302 sumens
610 4242 932 4299 dominicum
972 4240 1374 4297 Sacramentum
1411 4253 1515 4293 non
1555 4237 1721 4294 efﬁcit
1757 4245 1817 4292 ut

234 4338 350 4408 quia
378 4338 497 4407 ipse
536 4334 710 4389 malus
738 4342 838 4399 est,
872 4331 1067 4387 malum
1093 4331 1191 4399 sit,
1220 4338 1311 4385 aut
1345 4328 1466 4399 quia
1496 4342 1603 4381 non
1630 4327 1697 4381 ad
1724 4342 1813 4381 sa-

236 4428 395 4483 lutem
422 4425 640 4495 accipit,
670 4423 801 4478 nihil
826 4422 1108 4492 acceperit.
1136 4421 1343 4492 Corpus
1363 4420 1503 4476 enim
1529 4419 1736 4474 Domini
1760 4427 1815 4474 et

236 4517 451 4589 sanguis
481 4516 692 4571 Domini
739 4513 1085 4568 nihilominus
1124 4520 1241 4567 erat
1276 4514 1435 4567 etiam
1479 4511 1584 4566 illis
1623 4510 1814 4579 quibus

237 4609 445 4667 dicebat
486 4606 813 4676 Apostolus,
854 4605 952 4670 Qui
996 4604 1266 4657 manducet
1309 4603 1531 4673 indigne,
1559 4601 1814 4674 judicium

239 4701 320 4756 tibi
349 4699 629 4753 manducet
655 4707 699 4750 et
728 4695 845 4749 bibit
870 4695 911 4764 (l
951 4693 1069 4749 Cor.
1099 4709 1176 4759 xu,
1218 4691 1331 4764 99).
1372 4693 1484 4748 Non
1512 4707 1641 4762 ergo
1668 4706 1813 4761 qum-

234 4801 347 4847 rant
374 4794 429 4846 in
455 4789 731 4845 Catholica
754 4787 990 4842 haeretici
1015 4786 1160 4857 quod
1188 4785 1403 4851 habent,
1424 4785 1518 4841 sed
1540 4784 1679 4854 quod
1705 4800 1813 4839 non

241 4882 450 4947 nubent,
482 4880 534 4936 id
556 4888 656 4943 est,
684 4879 843 4933 linem
872 4877 1147 4949 prmeepti,
1174 4876 1288 4934 sine
1313 4890 1421 4946 quo
1445 4875 1607 4930 multa
1630 4882 1811 4929 sancta

238 4972 417 5028 naberi
449 4977 696 5042 possunt,
726 4968 820 5024 sed
852 4967 1107 5038 prodesse
1140 4982 1246 5022 non
1275 4975 1516 5037 possunt.
1548 4964 1695 5021 Finis
1719 4980 1813 5019 au-

242 5072 333 5116 tem
360 5061 598 5132 praecepti
623 5070 694 5115 est
721 5060 944 5114 charitas
973 5059 1035 5113 de
1055 5058 1208 5114 corde
1233 5075 1358 5125 puro
1375 5098 1390 5124 ,
1422 5067 1470 5112 et
1507 5056 1811 5111 conscientia

239 5155 382 5220 bona,
414 5164 463 5207 et
491 5154 595 5223 [ide
621 5167 722 5205 non
759 5152 877 5220 ﬁcta
906 5151 949 5221 (ι
976 5150 1110 5206 Tim.
1142 5166 1181 5219 ι,
1209 5148 1288 5221 5).
1312 5148 1531 5205 Lavacri
1562 5163 1687 5204 vero
1713 5148 1812 5204 Sa-

240 5253 570 5300 eramentum
616 5257 727 5299 non
771 5250 827 5298 ut
871 5241 1119 5308 habeant,
1165 5242 1209 5298 si
1256 5242 1365 5311 jam
1419 5241 1608 5297 eodem
1654 5241 1808 5310 ipso,

241 5337 480 5403 quamvis
521 5337 575 5391 in
627 5334 1017 5401 haeresi,tincti
1066 5342 1224 5401 sunt;
1274 5335 1368 5391 sed
1421 5344 1479 5389 ut
1530 5334 1813 5391 salubriter

242 5427 505 5494 habeant,
547 5427 612 5481 ad
641 5425 930 5481 Catholica:
967 5425 1223 5480 unitatem
1252 5425 1634 5495 veritatemque
1660 5425 1812 5482 festi-

242 5528 380 5574 nent.

308 5608 531 5665 CAPUT
571 5607 661 5664 ιιι.
707 5640 775 5649 —-
819 5610 903 5665 l0.
942 5608 1059 5665 Jam
1093 5624 1228 5664 nunc
1257 5604 1321 5663 de
1347 5606 1615 5676 Baptismo
1642 5608 1810 5663 Joan-

241 5702 322 5757 nis
369 5701 657 5758 videndum
698 5702 941 5772 estquid
982 5702 1205 5756 dicatur.
1252 5700 1543 5769 Baptizatos
1594 5701 1735 5755 enim
1780 5719 1809 5756 a

246 5789 407 5849 Paule
438 5810 520 5851 eas
546 5794 631 5866 qui
642 5795 753 5864 jam
784 5791 1267 5879 baptismoJoaunis
1295 5791 1532 5861 baptizati
1558 5791 1765 5862 fuissent
1793 5838 1804 5861 ,

3414 411 3515 466 182

1941 490 2231 593 legimusiu
2264 498 2477 593 fletibus
2505 505 2858 573 Apostolorum
2889 514 3021 582 (Act.
3064 532 3153 569 XIX
3180 559 3192 582 ,
3224 519 3379 593 5-5);
3410 540 3513 578 non

1936 581 2005 635 ob
2030 582 2191 649 aliud,
2226 587 2325 643 nisi
2346 592 2465 661 quia
2494 594 2714 652 Joannis
2735 581 3027 670 baptisInus
3057 621 3158 660 non
3183 581 3286 662 luit
3316 581 3511 667 Christi

1935 670 2254 770 Baptismus,
2285 680 2377 734 sed
2403 681 2590 739 Joanui
2613 702 2641 740 a
2672 689 2887 746 Christo
2914 709 3219 764 concessus,
3245 702 3329 770 qui
3352 702 3513 758 Joan-

1938 765 2019 820 nis
2047 768 2260 838 pr0prie
2289 772 2574 841 diceretur,
2604 781 2735 835 sicut
2776 784 2913 840 idem
2939 786 3171 845 Jmnnes
3204 765 3353 859 dicit,
3391 793 3511 850 Non

1936 867 2101 955 potest
2122 860 2273 955 homo
2299 865 2526 936 demere
2553 873 2844 944 quidquam,
2884 879 2982 933 nisi
3007 884 3177 936 datum
3199 888 3351 955 fuerit
3382 889 3428 941 ei
3454 891 3513 942 de

1934 949 2057 1005 caelo
2084 952 2263 1023 (Joan.
2290 973 2368 1025 ιιι,
2394 960 2506 1033 27).
2543 964 2607 1019 Et
2633 983 2699 1022 ne
2729 968 2946 1026 forsitan
2976 975 3074 1030 hoc
3110 949 3243 1033 sieta
3276 981 3381 1035 Ι)εο
3412 982 3511 1036 Pn-

1934 1051 2012 1147 tre
2044 1048 2283 1147 accipere
2312 1052 2610 1123 videretur,
2642 1069 2698 1114 ut
2725 1077 2754 1117 a
2795 1062 2927 1120 Filio
2958 1082 3069 1123 non
3113 1072 3375 1141 acciperet
3402 1116 3415 1138 ,
3446 1074 3512 1128 de

1934 1139 2049 1233 ipso
2066 1139 2276 1233 Christo
2298 1144 2584 1204 identidem
2607 1152 2827 1222 loquens
2853 1158 2946 1224 ait,
2975 1159 3086 1216 Nos
3116 1139 3285 1218 omnes
3316 1166 3378 1219 de
3404 1169 3509 1233 ple-

1932 1228 2157 1322 nitudine
2182 1234 2289 1302 ejus
2314 1240 2595 1307 accepimus
2624 1242 2730 1313 (Id.
2756 1261 2793 1313 ι,
2823 1247 2933 1319 lli).
2962 1252 3180 1322 Accepit
3206 1264 3381 1311 autem
3404 1228 3511 1311 hoc

1930 1320 2161 1380 Joannes
2186 1336 2347 1383 certa:
2374 1329 2789 1401 dispensationis
2817 1343 3004 1409 gratia,
3036 1320 3140 1399 non
3172 1348 3259 1401 diu
3288 1364 3505 1403 mansu-

1931 1432 2067 1481 rum,
2093 1419 2188 1474 sed
2214 1431 2467 1491 quantum
2497 1428 2624 1483 satis
2645 1440 2789 1486 esset
2815 1433 2881 1488 ad
2910 1436 3195 1503 parandam
3232 1441 3371 1494 viam
3404 1442 3510 1495 Do-

1931 1508 2093 1577 mino,
2121 1512 2272 1581 cuius
2300 1530 2420 1570 eum
2450 1532 2571 1575 esse
2595 1536 2979 1590 przecursorem
3009 1531 3305 1597 oportebat.
3337 1533 3504 1601 Quam

1930 1600 2016 1693 ille
2042 1601 2314 1660 humiliter
2342 1606 2677 1679 ingressurus
2703 1656 2718 1680 ,
2747 1623 2800 1669 et
2826 1630 2884 1670 se
2924 1616 3193 1675 humiliter
3221 1600 3505 1693 Sequentes

1928 1692 1991 1745 ad
2033 1695 2398 1754 excellentiam
2438 1699 2779 1770 deducturus,
2808 1707 2944 1763 sicut
2987 1711 3154 1765 servis
3181 1713 3340 1781 pedes
3383 1715 3507 1769 lavit

1935 1780 2041 1853 (Id.
2076 1801 2187 1851 χιιι,
2213 1788 2269 1855 4,
2294 1790 2371 1859 5),
2396 1791 2467 1845 ita
2490 1794 2631 1848 servi
2659 1794 2924 1866 baptismo
2948 1800 3073 1870 tingi
3100 1780 3266 1856 voluit
3289 1803 3501 1876 (Matth.

1928 1889 2003 1940 Ill,
2038 1876 2148 1949 15).
2181 1878 2329 1935 Sicut
2361 1881 2501 1938 enim
2544 1898 2603 1940 se
2629 1887 2849 1957 subjecit
2889 1889 3113 1959 pedibus
3151 1907 3336 1948 eorum
3374 1911 3506 1965 quos

1926 1967 2041 2037 ipse
2068 1970 2345 2041 dirigebat,
2372 1974 2450 2030 sic
2475 1975 2697 2034 Joannis
2725 1982 2929 2036 muneri
2959 1984 3101 2053 quod
3131 1985 3243 2055 ipse
3269 1985 3504 2043 donave-

1925 2069 2008 2115 rat
2038 2078 2051 2115 :
2087 2071 2141 2116 ut
2172 2064 2527 2136 intelligerent
2564 2083 2749 2126 omnes
2768 2112 2782 2137 ,
2820 2082 3018 2142 quanto
3047 2077 3307 2145 superbia:
3336 2080 3505 2133 sacri-

1924 2153 2063 2225 legio
2087 2156 2312 2226 quisque
2338 2169 2707 2219 contemneret
2750 2165 3008 2235 baptisma
3038 2168 3177 2238 quod
3218 2187 3246 2224 a
3282 2170 3503 2227 Domino

1924 2243 2146 2301 deberet
2189 2249 2449 2320 accipere,
2500 2254 2715 2323 quando
2759 2256 2872 2326 ipse
2914 2257 3170 2315 Dominus
3210 2263 3504 2332 accepisset

1925 2336 2065 2407 quod
2094 2352 2271 2407 servo,
2303 2352 2358 2395 ut
2388 2346 2660 2414 proprium
2688 2346 2816 2403 dare
2844 2359 3043 2418 posset,
3084 2352 3197 2421 ipse
3235 2355 3501 2423 prmstite-

1924 2438 2005 2482 rat
2034 2446 2046 2482 :
2080 2438 2276 2486 etcum
2304 2432 2559 2499 Joannes,
2589 2453 2695 2507 quo
2724 2454 2882 2494 nemo
2912 2444 3213 2498 exsurrexit
3251 2446 3421 2515 major
3452 2448 3504 2502 in

1924 2520 2062 2575 natis
2093 2522 2374 2578 mulierum
2420 2526 2533 2595 (Id.
2577 2544 2669 2595 ιιι,
2718 2530 2806 2599 Η)
2834 2572 2847 2596 ,
2895 2540 3097 2588 tantum
3143 2538 3502 2594 testimonium

1924 2608 2137 2665 Christo
2166 2613 2491 2683 perhiberet,
2524 2626 2581 2672 ut
2607 2618 2875 2676 solvenda:
2896 2624 3137 2691 corrigiae
3158 2626 3503 2683 calceamenti

1923 2701 2038 2771 ejus
2068 2717 2126 2757 se
2151 2702 2407 2761 fateretur
2432 2707 2701 2781 indignum
2732 2712 2908 2782 (Joan.
2943 2730 2993 2781 ι,
3024 2715 3117 2787 27)
3138 2760 3152 2781 ,
3181 2717 3423 2776 Christus
3448 2731 3506 2777 et

1923 2791 2242 2863 baptismum
2269 2798 2384 2868 ejus
2409 2801 2717 2871 accipiendo
2739 2803 3065 2863 humillimus
3095 2807 3234 2865 inter
3259 2810 3502 2869 homines

1922 2882 2267 2951 inveniretur,
2293 2896 2345 2943 et
2376 2889 2637 2960 baptismo
2660 2894 2774 2964 ejus
2804 2895 2976 2952 locum
3005 2897 3295 2955 auferendo
3322 2902 3337 2934 ³
3361 2902 3502 2958 Deus

1922 2974 2210 3031 altissimus
2253 2979 2593 3048 crederetur,
2639 2983 2778 3040 idem
2818 2986 2838 3017 '
2870 2985 3181 3046 humilitatis
3222 2991 3407 3048 doctor
3449 3004 3502 3050 et

1922 3067 2249 3124 celsitudinis
2278 3069 2453 3127 dator.

1995 3160 2079 3214 ll.
2113 3159 2250 3215 Nulli
2289 3164 2430 3219 enim
2462 3164 2843 3237 Prophetarum
2864 3212 2878 3235 ,
2912 3171 3039 3227 nulli
3078 3189 3292 3243 prorsus
3327 3176 3499 3233 homi-

1921 3266 2046 3304 num
2076 3251 2126 3306 in
2155 3252 2441 3323 Scripturis
2464 3256 2656 3312 divinis
2683 3258 2905 3331 legimus
2929 3277 3238 3320 concessum
3252 3269 3502 3334 essc,ba-

1922 3343 2121 3411 ptizare
2160 3344 2211 3397 in
2248 3360 2381 3415 aqua
2418 3348 2741 3416 poenitentiae
2770 3351 2821 3406 in
2852 3354 3216 3412 remissionem
3253 3368 3498 3428 peccato-

1922 3448 2058 3497 rum.
2085 3436 2225 3505 quod
2255 3436 2445 3493 Joanni
2469 3453 2780 3496 concessum
2807 3452 2890 3499 cst
2915 3462 2929 3499 :
2955 3460 3055 3515 qua
3085 3446 3306 3503 mirabili
3334 3452 3499 3519 gratia

1920 3529 2249 3598 suspendens
2279 3532 2330 3585 in
2361 3546 2420 3588 se
2448 3533 2609 3589 corda
2640 3535 2951 3605 populorum
2972 3580 2985 3604 ,
3018 3539 3154 3594 viam
3184 3554 3502 3612 pra-pararet

1921 3617 1974 3672 in
1994 3618 2074 3673 eis
2094 3618 2167 3675 illi
2189 3636 2344 3689 quem
2370 3636 2427 3677 se
2452 3632 2597 3678 tanto
2622 3626 2934 3695 praedicaret
2953 3643 3071 3684 esse
3094 3631 3369 3702 majorem.
3394 3633 3499 3688 Sed

1922 3709 2176 3765 Dominus
2202 3710 2359 3767 Jesus
2385 3712 2623 3770 Christus
2652 3716 2740 3771 tali
2770 3716 3040 3788 Baptismo
3066 3721 3284 3777 mundat
3311 3721 3498 3781 Eccle‘

1920 3798 2072 3864 siam,
2103 3811 2209 3869 quo
2236 3812 2454 3871 accepto
2483 3804 2685 3858 nullum
2713 3805 2935 3863 alterum
2968 3810 3265 3878 requiratur
3292 3829 3305 3863 :
3334 3810 3496 3866 Joan-

1920 3905 2015 3944 nes
2043 3899 2217 3945 autetn
2249 3893 2335 3944 tali
2366 3892 2625 3962 baptismo
2655 3897 3020 3966 pra-tingebat,
3043 3914 3148 3969 quo
3174 3908 3391 3968 accepto
3412 3916 3498 3956 cs-

1919 3989 2001 4037 set
2028 3982 2293 4053 Baptisma
2328 3983 2486 4038 etiam
2522 3984 2842 4041 dominicum
2882 3989 3272 4055 necessarium;
3306 4006 3409 4045 non
3442 4003 3499 4046 ut

1919 4071 2049 4128 illud
2075 4082 2361 4143 repetatur.
2385 4075 2477 4130 sed
2500 4084 2556 4130 ut
2574 4077 2652 4132 eis
2669 4077 2757 4147 qui
2779 4077 3093 4151 baptismum
3119 4080 3335 4136 Joannis
3357 4098 3497 4139 accc-

1920 4173 2126 4234 perant,
2150 4164 2309 4220 etiam
2333 4165 2530 4223 Christi
2556 4167 2871 4238 Baptismus,
2897 4170 2981 4226 cui
3006 4172 3139 4227 viam
3167 4175 3497 4244 praeparabat

1922 4256 2038 4322 ille,
2074 4256 2387 4313 traderetur.
2420 4259 2475 4315 Si
2514 4261 2655 4316 enim
2685 4260 2876 4317 Christi
2915 4260 3185 4320 humilitas
3220 4280 3495 4320 commen-

1918 4347 2088 4403 danda
2130 4363 2235 4404 non
2269 4359 2443 4419 esset,
2476 4366 2572 4408 nec
2606 4352 2868 4423 baptismo
2903 4353 3119 4410 Joannis
3148 4370 3279 4425 opus
3307 4369 3446 4412 esset
3481 4376 3492 4409 :

1920 4456 2128 4497 rursum
2148 4442 2193 4498 si
2219 4443 2270 4498 in
2292 4442 2496 4500 Joanne
2521 4444 2640 4500 linis
2665 4455 2825 4513 esset,
2854 4454 2972 4516 post
2995 4445 3211 4502 Joannis
3236 4446 3494 4517 baptisma

1917 4534 2112 4592 Christi
2140 4537 2459 4607 Baptismate
2484 4552 2615 4605 opus
2644 4552 2747 4591 non
2773 4546 2930 4593 esset.
2958 4537 3062 4595 Sed
3088 4538 3206 4608 quia
3234 4538 3349 4607 linis
3374 4539 3496 4610 tegis

1917 4630 2176 4699 Christus,
2214 4632 2283 4685 ad
2308 4632 2556 4703 justitiam
2589 4632 2725 4685 omni
2752 4632 2969 4686 credenti
3000 4630 3170 4702 (Rom.
3202 4645 3263 4696 x,
3292 4630 3347 4702 4)
3382 4650 3394 4685 :
3428 4632 3494 4686 ah

1919 4725 2009 4781 illo
2043 4725 2460 4779 demonstratum
2491 4733 2574 4778 est
2602 4723 2667 4778 ad
2702 4739 2856 4793 quem
2895 4733 3228 4795 pergeretur;
3260 4725 3325 4780 ad
3356 4726 3493 4779 hunc

1917 4835 2039 4874 cum
2079 4826 2387 4889 perventum
2431 4818 2615 4880 fuerit,
2662 4828 3058 4888 permaneretur
3078 4818 3117 4872 ³.
3160 4819 3299 4874 Idem
3341 4819 3495 4890 igitur

1919 4912 2151 4967 Joannes
2173 4920 2226 4966 et
2251 4910 2615 4967 celsitudinem
2645 4910 2847 4965 Domini
2880 4911 3199 4981 praedicavit,
3227 4926 3346 4966 cum
3373 4926 3491 4965 eum

1918 5002 2015 5056 sibi
2054 5002 2209 5072 longe
2244 5002 2561 5072 praeposuit;
2593 5010 2643 5056 et
2674 5001 3055 5067 humilitatem,
3084 5017 3203 5057 cum
3232 5016 3351 5057 eum
3381 5008 3492 5055 tan-

1919 5108 2074 5164 quam
2117 5091 2355 5147 inﬁmum
2398 5093 2698 5163 baptizavit.
2738 5092 2842 5149 Sed
2881 5094 2923 5148 si
2962 5094 3191 5149 Joannes
3225 5090 3490 5146 Christum

1919 5184 2088 5240 solum
2113 5183 2461 5255 baptizassct,
2494 5184 2727 5240 melioris
2752 5184 2994 5254 baptismi
3020 5184 3249 5237 Joannes
3275 5180 3489 5249 dispen-

1920 5286 2062 5332 sator
2088 5275 2247 5332 l'uisse
2283 5286 2557 5347 putaretur
2580 5293 2684 5348 quo
2720 5280 2831 5347 ipse
2856 5276 3097 5332 Christus
3124 5275 3266 5329 solus
3299 5274 3493 5328 tinctus

1920 5378 2094 5434 esset,
2128 5384 2282 5437 quam
2313 5368 2508 5424 Christi
2536 5378 2617 5423 est
2644 5385 2747 5439 quo
2780 5366 3058 5423 Christiani
3098 5365 3367 5433 tinguntur
3396 5381 3408 5416 :
3441 5376 3491 5419 et

1921 5476 2130 5528 rursus,
2164 5461 2207 5515 si
2247 5475 2431 5516 omnes
2470 5460 2611 5531 prius
2648 5458 2907 5527 baptismo
2944 5456 3191 5519 Joannis,
3222 5463 3275 5509 et
3304 5455 3494 5511 deinde

1985 5682 1995 5710 ¹
2027 5685 2119 5736 lin,
2141 5678 2396 5740 o/fcrcndo.
2426 5675 2569 5735 Lugd.
2599 5681 2645 5740 et
2674 5680 2804 5740 νειμ,
2836 5672 3091 5734 aﬂi'rcttdo.
3193 5682 3247 5722 at.

1983 5744 2001 5771 ²
2024 5733 2124 5788 Sola
2148 5733 2251 5787 l‘iit't‘.
2276 5740 2423 5785 t‘tlilitt
2449 5733 2534 5782 [ιῖν
2562 5771 2574 5792 ,
2594 5733 2645 5785 id
2670 5739 2754 5781 est.

1984 5802 2003 5834 ⁸
2038 5781 2252 5849 mihi
2279 5781 2574 5858 ﬁnitumi
2597 5781 2922 5857 ’tnanuscﬂpti
2956 5833 2968 5857 ,
3019 5802 3337 5859 pcrmanetur.
