4008 6472
502 335 606 395 183

500 448 693 510 Christi
733 453 987 526 baptizari
1027 462 1325 524 oporteret,
1367 454 1538 509 minus
1579 454 1767 524 plenus
1802 454 2084 523 minusque

500 545 763 614 perfectus
786 545 982 602 Christi
1014 544 1312 616 Baptismus
1333 546 1526 601 merito
1552 545 1839 612 videretur,
1866 545 1954 615 qui
1981 560 2084 600 non

500 635 769 693 sufﬁceret
804 637 869 693 ad
907 637 1150 693 salutem.
1181 636 1441 705 Quocirca
1477 646 1532 692 et
1568 636 1830 707 baptismo
1866 636 2084 693 Joannis

499 726 794 799 baptizatus
822 736 903 783 est
931 729 1208 795 Dominus,
1240 737 1296 782 ut
1322 728 1581 798 superbas
1611 727 1881 782 hominum
1911 728 2085 783 cervi-

498 834 589 876 ces
614 819 680 875 ad
708 820 936 877 salutare
961 835 1114 875 suum
1143 819 1408 890 Baptisma
1436 818 1705 893 [lectu-et;
1729 829 1783 876 et
1806 835 1910 875 non
1938 821 2084 875 solus

499 910 590 965 itlo
617 911 931 980 baptismate
961 912 1157 966 tinctus
1185 920 1283 976 est,
1317 925 1384 966 ne
1412 911 1512 967 hoc
1539 911 1654 982 ipso
1684 911 1929 982 superius
1955 910 2084 967 illud

498 1001 821 1081 ostenderet,
846 1000 984 1073 quod
1011 1017 1076 1058 eo
1099 1001 1245 1059 solus
1271 1002 1385 1073 ipse
1412 1000 1666 1073 baptizari
1697 1002 2004 1069 meruisset;
2031 1010 2085 1058 et

498 1096 632 1149 ultra
669 1092 794 1149 illud
833 1109 1175 1164 perseverare
1214 1110 1318 1150 non
1359 1095 1513 1160 sivit,
1548 1110 1614 1149 ne
1653 1090 1754 1149 hoc
1788 1109 1948 1148 unum
1978 1108 2083 1164 quo

498 1184 608 1253 ipse
634 1182 882 1255 baptizat,
913 1186 1146 1256 indigere
1170 1182 1505 1256 priecedente
1526 1182 1695 1239 altero
1720 1183 2009 1240 videretur.

566 1274 793 1332 CAPUT
823 1276 891 1331 X.
920 1308 990 1317 -—
1016 1276 1101 1331 l2.
1128 1277 1321 1345 Quaero
1349 1277 1543 1347 itaque,
1566 1277 1609 1331 si
1638 1277 1898 1349 baptismo
1922 1275 2084 1333 Joan-

496 1369 578 1424 nis
607 1379 818 1438 peccata
848 1367 1269 1434 dimittebautur,
1303 1362 1680 1439 quidamplius
1709 1377 1961 1439 praestare
1989 1384 2085 1440 po-

534 1458 598 1527 ilt
627 1453 925 1529 Baptismus
954 1458 1147 1514 Christi
1174 1459 1251 1514 eis
1280 1473 1412 1528 quos
1442 1458 1714 1529 apostolus
1743 1458 1936 1515 Paulus
1967 1469 2085 1529 post

495 1551 818 1622 baptismum
845 1549 1062 1607 Joannis
1088 1550 1284 1615 Christi
1314 1551 1584 1622 Baptismo
1608 1552 1767 1609 voluit
1797 1552 2083 1624 baptizari?

494 1644 552 1702 Si
574 1655 749 1701 autem
770 1645 988 1701 Joannis
1015 1645 1276 1716 baptismo
1300 1662 1404 1701 non
1426 1644 1825 1701 dimittebantur
1845 1654 2081 1716 peccata,

496 1745 802 1792 utrumnam
841 1734 1085 1792 meliores
1123 1744 1278 1791 erant
1309 1734 1516 1795 Joanne
1548 1735 1795 1808 Cypriani
1830 1736 2081 1805 tempori-

495 1824 620 1894 bus,
648 1825 715 1881 de
741 1826 929 1896 quibus
959 1826 1072 1896 ipse
1099 1824 1227 1883 dicit
1252 1825 1390 1897 quod
1423 1824 1615 1881 fundos
1643 1825 1911 1881 insidiosis
1938 1824 2084 1881 frau-

496 1919 653 1976 dibus
681 1919 991 1989 rapiebant,
1022 1928 1076 1974 et
1105 1918 1279 1975 usuris
1308 1917 1780 1988 multiplicantibus
1806 1918 1956 1973 fenus
1984 1934 2080 1973 au-

495 2014 692 2087 gebant
715 2014 908 2085 (Serm.
937 2014 1000 2069 de
1023 2012 1249 2086 Lapsis),
1275 2013 1468 2085 quibus
1495 2022 1672 2067 tamen
1698 2010 2083 2082 haptizantibus

494 2106 656 2164 ﬁebat
681 2106 926 2164 remissio
952 2106 1328 2177 peccatorum?
1352 2107 1433 2161 An
1454 2104 1578 2177 quia
1598 2118 1691 2160 eos
1713 2103 1884 2159 unitas
1909 2103 2084 2159 Eccle-

495 2198 591 2254 sia:
619 2196 869 2255 tenebat?
897 2196 1033 2265 Quid
1060 2197 1221 2270 ergo?
1246 2196 1479 2252 Joannes
1506 2211 1611 2252 non
1639 2206 1751 2251 erat
1780 2195 1830 2250 in
1848 2197 2079 2261 unitate,

496 2291 700 2347 amicus
721 2289 809 2348 ille
828 2290 1030 2362 sponsi,
1055 2290 1153 2344 via:
1176 2287 1457 2344 dominicae
1479 2297 1821 2359 praeparator,
1845 2296 1897 2343 et
1920 2288 2084 2358 ipsius

494 2380 709 2439 Domini
739 2381 1071 2453 baptizator?
1101 2380 1230 2449 Quis
1261 2380 1361 2435 hoc
1389 2379 1821 2434 dementissimus
1851 2378 2084 2434 dixerit?

496 2475 829 2547 Quapropter
852 2489 1151 2546 quanquam
1174 2474 1245 2529 ita
1265 2472 1478 2529 credam
1505 2471 1802 2542 baptizassc
1822 2471 2079 2528 Joannem

491 2565 549 2623 in
588 2581 725 2639 aqua
762 2562 1090 2638 paenitentia:
1124 2564 1177 2619 in
1212 2563 1584 2620 remissionem
1621 2573 1994 2633 peccatorum,
2026 2573 2083 2619 ut

493 2654 563 2712 ab
587 2672 654 2713 eo
681 2656 959 2728 baptizatis
987 2657 1039 2711 in
1066 2671 1161 2727 spe
1189 2655 1586 2711 remitterentur
1628 2664 1840 2723 peccata
1861 2696 1875 2720 ,
1908 2655 2080 2724 reipstt

492 2759 624 2803 vero
660 2747 714 2802 in
751 2748 956 2803 Domini
986 2746 1258 2818 Baptismo
1288 2744 1340 2801 id
1369 2745 1520 2801 ﬁeret
1549 2762 1563 2799 :
1593 2744 1732 2800 sicut
1759 2745 2083 2800 resurrectio

493 2850 616 2911 qua:
641 2845 978 2909 exspectatur
1003 2837 1057 2893 in
1088 2836 1246 2895 linem
1273 2852 1368 2907 spe
1394 2838 1447 2892 in
1475 2835 1630 2892 nobis
1656 2834 1790 2891 facta
1816 2846 1915 2901 est,
1946 2836 2083 2892 sicut

493 2928 624 2988 dicit
647 2930 933 3001 Apostolus
951 2971 965 2996 ,
998 2928 1132 2998 Quia
1164 2928 1318 2985 simul
1342 2945 1434 2985 nos
1459 2928 1722 2995 excitavit,
1748 2937 1795 2982 et
1822 2930 1974 2983 simul
1997 2946 2080 2984 se-

494 3021 614 3079 dere
638 3018 754 3094 fecit
786 3022 839 3076 in
865 3019 1142 3076 amicalibus
1169 3015 1392 3091 (Ephes.
1426 3035 1465 3074 it
1484 3060 1498 3084 ,
1530 3018 1630 3091 6);
1662 3028 1714 3074 et
1748 3018 1891 3075 idem
1918 3019 2078 3087 dicit,

493 3116 605 3186 Spe
622 3114 754 3171 enim
774 3114 901 3170 salvi
918 3115 1042 3185 [acti
1062 3130 1234 3170 sumus
1258 3112 1431 3187 (Rom.
1454 3129 1567 3177 vni,
1593 3111 1685 3183 21)
1714 3131 1728 3168 :
1751 3129 1873 3169 nam
1893 3123 1947 3169 et
1968 3114 2081 3184 ipse

494 3204 728 3265 Joannes
753 3221 873 3261 cum
903 3205 1064 3273 dicat,
1095 3203 1204 3278 Ego
1232 3205 1433 3276 quidem
1458 3205 1655 3276 baptizo
1682 3222 1765 3260 vos
1793 3206 1844 3259 in
1874 3222 2005 3276 aqua
2028 3208 2080 3261 in

495 3298 835 3371 prementium
857 3298 905 3367 ί,
937 3299 990 3354 in
1020 3298 1359 3354 remissianem
1394 3307 1709 3369 peccatorum
1740 3298 1958 3368 (Matth.
1992 3316 2076 3364 in,

492 3390 597 3462 11)
621 3408 636 3457 ;
667 3388 945 3446 Dominum
974 3388 1161 3446 videns
1188 3390 1295 3458 ait,
1324 3385 1459 3443 Ecce
1492 3388 1666 3461 Agnus
1694 3386 1792 3444 Dei
1812 3430 1828 3457 ,
1860 3406 1969 3443 ecce
1994 3390 2079 3460 qui

492 3480 625 3539 tollit
651 3493 855 3553 peccata
879 3482 1056 3537 mundi
1087 3477 1276 3555 (Joan.
1309 3497 1347 3549 l,
1377 3480 1481 3551 29)
1512 3500 1525 3536 :
1556 3490 1732 3537 tamen
1763 3497 1830 3536 ne
1858 3481 2079 3551 quisque

492 3571 779 3630 contendat
798 3570 958 3629 etiam
980 3573 1034 3628 in
1057 3572 1320 3642 baptismo
1339 3570 1558 3627 Joannis
1577 3570 1794 3627 dimissa
1817 3585 1934 3627 esse
1957 3585 2079 3640 pec-

492 3673 631 3731 cata,
653 3663 747 3721 sed
767 3664 994 3736 aliquam
1019 3663 1331 3733 ampliorem
1354 3661 1825 3718 sanctiﬁcationem
1847 3661 1925 3717 eis
1944 3676 2078 3731 quos

487 3755 647 3828 jussit
670 3755 865 3811 Paulus
890 3754 1065 3811 denuo
1093 3754 1345 3825 baptizari
1379 3753 1516 3827 (Act.
1544 3769 1658 3818 XIX,
1689 3751 1823 3823 5-5),
1854 3767 1948 3822 per
1973 3752 2076 3807 Ba-

490 3849 742 3922 ptismum
774 3848 971 3906 Christi
1000 3864 1119 3907 esse
1147 3848 1418 3915 collatam,
1450 3864 1556 3904 non
1588 3863 1685 3919 ago
1714 3848 2038 3918 pugnaciter.

560 3941 785 3999 CAPUT
806 3939 898 3996 Xl.
919 3971 989 3981 —
1016 3940 1102 3996 15.
1133 3939 1264 3995 Illud
1286 3940 1427 3995 enim
1455 3939 1594 4009 quod
1614 3938 1681 3994 ad
1707 3955 1820 3995 rem
1846 3954 2077 4010 priesen-

492 4041 603 4100 tem
640 4033 871 4088 maxime
908 4031 1172 4101 pertinet,
1204 4030 1512 4087 intuendum
1542 4039 1622 4087 est
1648 4029 1892 4101 (quoquo
1919 4030 2077 4088 modo

490 4138 552 4180 se
586 4122 782 4179 habeat
815 4121 1076 4192 baptisma
1114 4118 1368 4187 Joannis,
1399 4136 1520 4176 cum
1555 4137 1677 4176 eum
1714 4121 1780 4175 ad
1822 4122 2074 4177 unitatem

492 4212 692 4270 Christi
719 4213 987 4282 pertinere
1015 4210 1353 4267 manifestum
1392 4213 1531 4282 sit),
1561 4228 1678 4283 quae
1707 4228 1866 4268 causa
1892 4213 2076 4269 fecerit

492 4314 551 4360 ut
576 4313 696 4376 post
720 4301 978 4359 Joannem
1006 4312 1247 4359 sanctum
1276 4301 1532 4372 baptizari
1560 4303 1804 4359 homines
1831 4311 2078 4372 oportue-

489 4397 598 4462 rit,
636 4404 691 4451 et
727 4404 846 4465 post
881 4394 1160 4465 episcopos
1199 4408 1388 4448 avaros
1427 4408 1532 4447 non
1567 4394 1878 4462 oportuerit.
1912 4393 2076 4449 Nemo

490 4486 633 4541 enim
662 4494 821 4557 negat
846 4483 990 4555 quod
1026 4481 1079 4538 in
1120 4498 1249 4554 agro
1282 4482 1550 4538 dominico
1585 4482 1815 4539 Joannes
1845 4485 2073 4540 triticum

491 4588 642 4641 erat,
670 4585 759 4644 et,
789 4575 835 4631 si
864 4575 1090 4645 amplius
1119 4590 1224 4629 non
1253 4581 1455 4644 potest,
1486 4575 1537 4629 in
1566 4575 1804 4631 ubertate
1829 4584 2071 4632 centena.

491 4668 626 4726 ltem
655 4682 814 4724 nemo
840 4662 1046 4723 dubitat
1068 4666 1349 4735 avaritiam
1371 4706 1386 4732 ,
1412 4681 1529 4737 quae
1558 4676 1640 4722 est
1669 4664 1931 4722 idolorum
1958 4683 2075 4725 ser-

490 4760 634 4816 vitus
652 4801 668 4827 ,
696 4759 750 4815 in
779 4774 952 4816 messe
978 4759 1241 4815 dominica
1272 4759 1407 4815 inter
1437 4759 1615 4830 paleas
1652 4761 1941 4817 numerari.
1970 4761 2076 4818 Cur

491 4865 622 4922 ergo
650 4858 772 4922 post
797 4850 1029 4906 triticum
1055 4850 1372 4920 baptizatur,
1399 4859 1454 4906 et
1480 4860 1597 4921 post
1623 4851 1824 4922 paleam
1850 4868 1954 4909 non
1983 4851 2075 4908 ha-

489 4940 759 5014 ptizatur?
785 4938 842 4996 Si
871 4949 1150 5011 propterea
1176 4936 1369 4994 Paulus
1396 4948 1515 5010 post
1542 4938 1799 4998 Joannem
1839 4943 2075 5013 baptiza-

488 5035 602 5101 vit,
633 5031 756 5104 quia
791 5029 996 5087 Joanne
1027 5027 1215 5086 melior
1242 5037 1389 5098 erat;
1420 5047 1515 5086 cur
1551 5047 1656 5087 non
1692 5040 1749 5088 et
1779 5033 2076 5105 Cyprianus

490 5132 610 5195 post
635 5123 964 5179 feneratores
986 5136 1111 5177 suos
1137 5120 1366 5192 collegas
1394 5122 1695 5194 baptizavit,
1725 5126 1916 5197 quibus
1942 5127 2073 5181 ultra

491 5215 944 5287 comparationem
981 5212 1168 5267 melior
1201 5214 1353 5267 erat?
1386 5213 1441 5267 Si
1481 5225 1759 5285 propterea
1793 5226 1913 5287 post
1942 5217 2075 5274 tales

490 5305 720 5376 collegas
738 5303 1038 5376 Cyprianus
1058 5319 1166 5357 non
1189 5303 1492 5375 baptizavit,
1516 5307 1639 5376 quia
1659 5308 1710 5362 in
1734 5308 1932 5365 unitate
1951 5325 2069 5364 cum

491 5396 584 5451 illo
612 5404 796 5463 erant;
826 5409 927 5452 nec
954 5403 1073 5464 post
1096 5393 1353 5451 Joannem
1384 5395 1565 5451 debuit
1590 5397 1803 5465 Paulus,
1832 5400 1954 5469 quia
1983 5415 2075 5455 ea-

491 5486 613 5541 dem
651 5487 849 5543 unitatc
889 5486 1257 5543 continebatur
1278 5489 1318 5539 ³.
1360 5486 1442 5542 An
1481 5487 1613 5543 forte
1651 5488 1981 5547 l'raudatores
2018 5501 2071 5547 et

488 5593 710 5651 rapaces
735 5579 802 5635 ad
829 5580 1089 5635 columba:
1118 5580 1257 5635 illius
1295 5581 1460 5636 unica:
1500 5580 1737 5638 membra
1777 5582 2068 5653 pertinent,

556 5737 572 5803 ξ
599 5736 672 5785 sle
695 5734 918 5797 plerique
938 5742 1039 5784 Mss.
1057 5742 1115 5803 At
1130 5735 1275 5803 editi,
1301 5734 1351 5786 in
1372 5750 1498 5801 aqua
1515 5735 1819 5799 pceniteuliic.

554 5798 573 5829 ί
600 5806 699 5847 Ain.
727 5802 778 5847 et
794 5803 918 5861 Mss,
944 5798 1311 5849 contineliantur.

1209 333 1297 394 DE
1328 332 1662 394 BAPTISMO
1698 333 1970 395 CONTRA
2011 333 2455 409 DONATlSTAS,
2497 340 2554 399 S.
2597 343 2963 432 AUGUSTINI

3674 361 3779 421 186

2196 462 2249 506 et
2270 453 2358 511 ille
2376 470 2483 512 non
2506 462 2735 528 pertinet
2754 464 2845 520 cui
2858 476 3092 535 potestas
3112 469 3226 540 ipsa
3252 472 3458 531 Domini
3478 476 3606 533 Jesu
3625 478 3771 534 ϐιηὶο

2194 546 2259 600 sti
2290 560 2385 616 per
2411 549 2671 608 columba:
2706 557 2936 623 speciem
2978 557 3174 630 Spiritu
3210 572 3395 620 saneto
3421 567 3780 628 descendente

2193 645 2482 728 monstrata
2502 652 2585 696 est
2606 640 2816 713 (Manli.
2839 662 2916 714 ni,
2941 649 3025 716 16,
3045 659 3092 705 et
3113 649 3273 708 locu.
3296 656 3346 721 1,
3370 656 3460 728 33)
3474 657 3500 709 Ἰ
3518 658 3633 716 lino
3652 675 3779 717 vero

2193 726 2284 783 itte
2321 728 2504 787 intime
2542 735 2809 806 pertinet,
2839 738 2925 795 isti
2963 756 3090 797 vero
3126 745 3209 799 vel
3245 726 3525 805 occasione
3554 751 3777 823 alicujus

2192 822 2463 891 scandali,
2495 826 2578 880 vel
2621 826 2804 885 ultima
2844 833 3184 893 ventilatione
3216 854 3246 892 ιι
3281 840 3457 897 tritico
3495 822 3778 915 separandi

2192 926 2522 985 nequaquam
2549 921 2814 987 pertinent
2842 940 2857 978 :
2877 931 2931 979 et
2953 933 3128 982 tamen
3149 931 3432 998 pastillum
3453 934 3778 1004 baptizatum

2191 1012 2306 1101 est,
2336 1015 2455 1101 post
2476 1007 2613 1101 istos
2639 1026 2744 1068 non
2774 1013 3091 1085 baptizatur.
3122 1020 3252 1086 Qua:
3288 1022 3448 1095 igitur
3467 1041 3631 1084 causa
3654 1039 3742 1086 est
3770 1077 3787 1101 ,

2191 1096 2292 1152 nisi
2317 1098 2441 1169 quia
2469 1100 2735 1172 Baptisma
2763 1106 2903 1175 quod
2942 1108 3059 1164 illos
3091 1111 3250 1182 jussit
3276 1113 3471 1173 Paulus
3497 1120 3747 1190 accipere

2191 1205 2297 1246 non
2333 1191 2434 1248 hoc
2467 1204 2582 1250 erat
2607 1197 2748 1266 quod
2780 1214 2873 1267 per
2896 1199 3153 1258 Joannem
3182 1204 3447 1263 dabatur?
3475 1210 3547 1266 Et
3570 1211 3703 1269 ideo
3738 1214 3791 1267 in

2126 1342 2131 1347 ,
2190 1282 2377 1339 eadem
2402 1283 2516 1355 ipsa
2538 1289 2737 1344 unitate
2760 1289 3033 1360 Ecclesize,
3062 1295 3361 1366 Baptismus
3382 1299 3581 1357 Christi
3605 1305 3654 1359 si
3682 1305 3779 1361 ha-

2191 1375 2420 1445 ptizante
2457 1376 2757 1438 feneratore
2792 1384 3057 1455 tradatur,
3086 1391 3252 1459 repeti
3290 1407 3395 1446 non
3426 1404 3602 1463 potest
3630 1414 3646 1449 :
3679 1399 3775 1454 ba-

2191 1466 2441 1536 ptismum
2474 1478 2651 1527 autem
2681 1472 2901 1531 Joannis
2932 1478 3093 1534 etiam
3133 1481 3202 1537 ab
3240 1482 3373 1552 ipso
3389 1483 3597 1544 Joanne
3630 1492 3777 1546 acci-

2190 1556 2395 1626 pientes
2413 1600 2428 1624 ,
2460 1570 2643 1630 postea
2669 1561 2865 1621 Christi
2893 1566 3164 1638 Baptismo
3191 1571 3445 1643 baptizari
3473 1580 3778 1647 oportebat.

2258 1648 2485 1707 CAPUT
2525 1652 2638 1709 Xll.
2670 1684 2742 1695 —
2771 1657 2857 1712 14.
2888 1658 3116 1716 Proinde
3144 1677 3360 1733 possum
3389 1675 3445 1723 et
3469 1682 3570 1739 ego
3597 1671 3781 1728 verbis

2186 1749 2344 1797 utens
2370 1743 2536 1814 ipsius
2558 1746 2698 1802 beati
2725 1748 2975 1821 Cypriani
2998 1753 3062 1809 ad
3091 1755 3363 1826 cujusdam
3384 1760 3627 1818 miraculi
3647 1778 3783 1821 cont

2187 1831 2563 1892 siderationem
2589 1838 2913 1897 audientium
2940 1845 3101 1901 corda
3126 1857 3457 1916 convertere,
3484 1853 3527 1906 si
3553 1852 3778 1911 dicam:

2188 1919 2290 1976 Ille
2315 1921 2542 1982 Joannes
2574 1929 2737 2000 major
2765 1931 2893 1986 inter
2925 1932 3205 2006 Prophetas
3229 1938 3427 1995 habitus
3440 1956 3461 2005 ;
3486 1942 3577 1998 ille
3602 1944 3781 2001 divina

2187 2016 2354 2082 gratia
2381 2016 2547 2072 adhuc
2578 2019 2631 2074 in
2659 2031 2799 2076 utero
2826 2026 3000 2081 aratris
3026 2027 3295 2098 impletus;
3318 2031 3409 2085 ille
3432 2031 3567 2089 Elia:
3588 2037 3781 2106 spiritu

2189 2116 2235 2160 et
2273 2108 2451 2164 virtute
2480 2111 2758 2181 subnixus,
2791 2117 2879 2185 qui
2916 2134 3018 2172 non
3053 2119 3370 2178 adversarius
3410 2123 3657 2194 Daunius“,
3690 2132 3781 2185 sed
3803 2110 3819 2119 ’

2189 2215 2472 2268 prtecursor
2496 2219 2556 2257 ac
2580 2205 2881 2273 praedicator
2898 2209 2993 2279 fuit
3006 2226 3025 2275 ;
3044 2212 3132 2281 qui
3157 2210 3432 2287 Dominum
3451 2231 3553 2273 non
3575 2228 3780 2276 tantur

2188 2291 2348 2346 verbis
2386 2298 2739 2364 praenuntiavit
2759 2337 2776 2366 ,
2814 2299 2904 2355 sed
2936 2310 2982 2355 et
3017 2303 3176 2357 oculis
3207 2306 3458 2372 ostendit;
3484 2309 3574 2378 qui
3604 2310 3783 2381 ipsan-

2188 2384 2442 2442 Christum
2468 2406 2559 2459 ρον
2588 2406 2737 2460 quan
2773 2392 3101 2460 baptizatitur
3125 2396 3294 2451 ceteri
3310 2437 3326 2463 ,
3356 2398 3629 2467 baptizavit
3649 2418 3673 2467 ;
3702 2403 3783 2458 sic

2186 2476 2455 2545 baptizare
2483 2496 2589 2535 non
2619 2483 2833 2548 meruit,
2865 2495 2922 2539 ut
2948 2494 3068 2554 post
3095 2500 3218 2542 eum
3248 2502 3350 2543 non
3379 2488 3783 2560 baptizarentur

2186 2567 2277 2636 qui
2302 2567 2369 2624 ab
2396 2583 2462 2624 eo
2491 2569 2697 2628 fuerant
2725 2572 2971 2643 baptizati
3002 2593 3017 2631 :
3044 2585 3098 2631 et
3123 2586 3242 2647 post
3266 2594 3477 2647 avaros,
3506 2578 3787 2640 fraudati»

2186 2674 2295 2726 res,
2319 2676 2554 2731 rapaces,
2578 2662 2921 2733 feneratores,
2945 2683 3435 2742 iietnoquemquam
3455 2672 3510 2728 in
3528 2673 3783 2733 Ecclesia

2186 2749 2557 2820 baptizandum
2585 2755 2831 2825 putabit?
2859 2757 3046 2815 Nonne
3070 2774 3191 2815 cum
3225 2760 3340 2817 haec
3368 2762 3632 2820 invidiose
3662 2766 3785 2821 cla-

2186 2856 2424 2911 inavero,
2446 2846 2799 2915 respondetur
2817 2848 2946 2903 mihi
2971 2867 2984 2903 :
3006 2849 3146 2918 Quid
3169 2852 3271 2907 hoc
3293 2851 3566 2924 indignum
3592 2864 3780 2925 putas,

2176 2932 2337 3001 quasi
2362 2943 2457 2989 aut
2479 2934 2715 2993 Joannes
2738 2938 3095 2997 exhonoratus
3120 2941 3221 3008 sit,
3252 2952 3345 2998 aut
3369 2958 3566 3000 avarus
3594 2944 3784 3002 honor.

2185 3024 2370 3081 ratus?
2397 3024 2504 3083 Sed
2537 3028 2678 3084 illius
2707 3029 3030 3099 Baptismum
3060 3048 3166 3089 non
3194 3036 3429 3104 oportuit
3454 3038 3636 3093 iterari
3662 3078 3683 3106 ,
3712 3039 3784 3097 de

2184 3133 2291 3187 quo
2317 3118 2458 3176 idem
2489 3119 2722 3178 Joannes
2745 3123 2853 3190 ait,
2882 3123 2984 3179 Hic
3009 3134 3080 3182 est
3114 3129 3201 3197 qui
3226 3114 3450 3199 baptisat
3480 3131 3533 3185 in
3566 3131 3785 3203 Spiritu

2182 3220 2356 3265 sancto
2386 3210 2574 3280 (loca.
2601 3229 2650 3280 ι,
2679 3213 2808 3286 55).
2839 3215 2943 3272 Per
2972 3218 3259 3287 quemlibet
3287 3221 3430 3276 enim
3463 3222 3781 3281 ministrum

2184 3300 2355 3367 detur,
2388 3303 2526 3360 illius
2549 3313 2632 3360 est
2654 3305 2958 3377 Baptismus
2984 3309 3052 3365 de
3075 3325 3182 3379 quo
3209 3310 3406 3367 dictum
3433 3322 3535 3381 est,
3568 3314 3677 3370 Hic
3704 3326 3781 3379 est

2182 3393 2267 3462 qui
2290 3393 2527 3465 baptism.
2557 3396 2661 3451 Sed
2690 3413 2861 3468 neque
2894 3399 3059 3469 ipsius
3085 3401 3306 3458 Joannis
3342 3404 3635 3475 baptismus
3666 3409 3779 3465 ite-

2183 3498 2331 3543 ratus
2354 3498 2464 3558 est,
2495 3506 2618 3546 eum
2654 3493 2722 3548 ab
2761 3508 2828 3550 eo
2864 3495 3157 3567 baptizatos
3185 3499 3439 3569 baptizari
3467 3502 3520 3556 in
3549 3500 3782 3561 Christo

2184 3577 2380 3634 Paulus
2417 3583 2688 3651 apostolus
2722 3584 2901 3654 jussit.
2941 3587 3091 3654 Quod
3118 3590 3258 3644 enim
3287 3590 3357 3645 ab
3383 3593 3554 3647 amico
3581 3597 3779 3663 spomi

2183 3687 2290 3727 non
2315 3685 2663 3744 acceperant,
2694 3676 2794 3732 hoc
2821 3678 2888 3734 ab
2914 3678 3028 3748 ipso
3056 3695 3254 3750 sponso
3289 3683 3531 3755 accipere
3557 3684 3780 3743 debue-

2183 3773 2307 3818 runt
2325 3806 2340 3831 ,
2366 3764 2435 3819 de
2458 3780 2564 3835 quo
2590 3766 2680 3823 ille
2704 3768 2907 3823 amicus
2935 3769 3140 3825 dixerat
3158 3813 3175 3838 ,
3206 3770 3305 3826 Hic
3330 3782 3406 3828 est
3430 3775 3515 3843 qui
3539 3774 3779 3846 baptiaat

2182 3856 2236 3910 in
2264 3856 2463 3925 Spiritu
2487 3867 2679 3913 sancto.

2253 3948 2476 4004 CAPUT
2508 3950 2645 4005 Xlll.
2664 3955 2845 4010 -15.
2872 3956 3084 4012 Poterat
3104 3959 3266 4024 enim,
3289 3960 3335 4014 si
3361 3961 3633 4031 voluisset,
3662 3965 3779 4022 Do-

2182 4040 2358 4095 minus
2392 4040 2551 4097 Jesus
2587 4042 2840 4113 Baptisnii
2873 4048 2953 4101 sui
2993 4058 3310 4118 potestatein
3339 4051 3467 4109 dare
3492 4054 3651 4111 alicui
3686 4060 3778 4113 vel

2181 4133 2442 4203 aliquibus
2466 4137 2746 4206 priocipuis
2769 4141 2937 4195 servis
2962 4142 3092 4209 suis,
3115 4156 3249 4213 quos
3265 4144 3375 4213 jam
3397 4145 3609 4203 fecisset
3625 4151 3778 4204 ami-

2181 4239 2275 4279 cos
2308 4240 2455 4289 suos,
2488 4228 2732 4297 qualibus
2757 4231 2850 4297 ait,
2876 4230 3000 4286 lant
3026 4249 3129 4288 nou
3156 4251 3241 4289 vos
3268 4237 3433 4291 dicam
3457 4254 3643 4306 servos,
3680 4243 3779 4297 sed

2182 4317 2370 4372 amicos
2395 4316 2413 4389 (
2433 4317 2539 4384 ld.,
2572 4335 2665 4386 xv,
2700 4320 2797 4391 15)
2831 4337 2844 4374 :
2879 4332 2934 4377 ut
2960 4325 3404 4394 quemadmodum
3437 4344 3528 4398 per
3555 4330 3775 4402 virgam

2179 4405 2457 4462 ﬂorentem
2495 4408 2888 4470 demonstratns
2923 4426 3007 4471 est
3047 4418 3221 4472 Aaron
3266 4420 3515 4475 sacerdos
3554 4421 3775 4491 (Num.

2180 4513 2285 4553 xvii
2305 4540 2321 4565 ,
2350 4498 2449 4568 8),
2476 4499 2545 4554 ita
2576 4500 2628 4555 in
2653 4502 2771 4571 ejus
2798 4503 3030 4560 Ecclesia
3056 4506 3144 4561 ubi
3175 4508 3323 4577 plura
3345 4522 3399 4564 et
3427 4511 3629 4582 majora
3658 4517 3775 4570 mi-

2183 4592 2361 4647 racula
2389 4593 2521 4648 facta
2546 4603 2705 4662 sunt,
2738 4613 2833 4667 per
2856 4599 3065 4668 aliquod
3088 4601 3298 4671 signum
3322 4604 3775 4666 demonstraren-

2184 4690 2268 4737 tur
2294 4684 2687 4742 excellentioris
2714 4689 3006 4744 sanctitatis
3033 4690 3257 4747 ministri
3284 4702 3341 4749 et
3365 4694 3779 4764 dispensatores

2182 4774 2575 4844 mysteriorum,
2609 4778 2699 4847 qui
2727 4778 2826 4832 soli
2856 4779 3121 4850 baptizare
3147 4783 3424 4839 deberent.
3455 4785 3561 4841 Sed
3587 4788 3634 4842 si
3663 4788 3778 4847 hoc

2182 4865 2354 4931 ﬁeret,
2383 4867 2625 4935 quamvis
2656 4868 2735 4925 eis
2761 4885 2793 4922 a
2824 4868 3052 4925 Domino
3078 4874 3379 4941 attributus,
3408 4885 3585 4933 tamen
3617 4880 3746 4948 ipso
3764 4913 3777 4922 -

2182 4972 2299 5011 rum
2329 4956 2624 5026 baptismus
2656 4957 2767 5029 jam
2795 4958 3079 5028 diceretur,
3109 4964 3248 5019 sicut
3281 4965 3570 5035 baptismus
3595 4968 3774 5024 Joan-

2181 5048 2264 5104 nis
2290 5048 2407 5103 fuit.
2430 5048 2561 5125 ideo
2599 5050 2796 5106 Paulus
2830 5052 3026 5123 gratias
3051 5055 3160 5124 agit
3186 5056 3298 5111 Deo
3325 5057 3465 5128 quod
3492 5060 3773 5116 neminem

2182 5146 2416 5216 ipsorum
2442 5145 2823 5215 baptizaverat,
2853 5148 2941 5217 qui
2970 5155 3217 5219 tanquam
3239 5151 3388 5205 obliti
3416 5152 3466 5206 in
3490 5153 3643 5223 cujus
3669 5170 3777 5209 ηο-

2183 5236 2328 5291 mine
2355 5236 2604 5305 baptizati
2631 5246 2811 5293 essent
2830 5277 2843 5302 ,
2878 5253 2972 5308 per
2998 5238 3270 5295 hominum
3300 5254 3360 5297 se
3389 5243 3601 5297 nomina
3629 5244 3775 5300 divi-

2181 5328 2379 5385 debant
2402 5329 2448 5399 (l
2472 5328 2591 5385 Cor.
2619 5346 2659 5398 ι,
2689 5330 2900 5404 1245).
2930 5332 3063 5388 Cum
3089 5334 3230 5389 enim
3262 5346 3464 5392 tantum
3497 5339 3639 5394 valet
3666 5340 3773 5394 Ba-

2180 5424 2404 5494 ptismus
2439 5438 2533 5493 per
2559 5424 2828 5501 hominem
2862 5427 3316 5497 contemptibilem
3336 5472 3350 5494 ,
3381 5442 3635 5500 quantum
3665 5448 3772 5503 per

2179 5516 2492 5588 Apostolum
2515 5516 2698 5584 datus;
2722 5520 2793 5574 ita
2817 5534 2915 5574 nec
2942 5519 3102 5584 illius,
3127 5534 3227 5575 nec
3250 5520 3392 5576 illius
3414 5536 3533 5578 esse
3556 5537 3769 5593 cogno-

2177 5609 2359 5675 scitur,
2387 5609 2483 5665 sed
2511 5608 2709 5665 Christi
2734 5627 2747 5664 :
2769 5609 2910 5679 quod
2935 5611 2988 5665 in
3016 5610 3131 5681 ipso
3159 5610 3385 5667 Domino
3408 5612 3641 5671 Joannes
3664 5630 3763 5685 per

2177 5702 2317 5756 illam
2343 5701 2603 5756 columbae
2625 5701 2855 5770 speciem
2884 5715 2943 5756 se
2966 5702 3213 5759 didicisse
3240 5713 3481 5760 testatur.
3506 5704 3638 5761 Nam
3665 5720 3765 5762 se-

2178 5794 2409 5854 cundum
2430 5793 2555 5865 quid
2581 5793 2721 5853 aliud
2741 5793 2955 5869 dixerit,
2977 5795 3042 5850 Et
3066 5812 3155 5868 ego
3181 5797 3457 5856 nesciebam
3480 5814 3629 5869 eum;
3652 5812 3768 5858 non
