4008 6464
229 378 323 438 ηδ

214 490 358 561 plane
384 484 552 541 video.
581 482 638 539 Si
668 482 811 539 enim
850 496 971 537 eum
1007 479 1223 534 omnino
1264 477 1519 539 nesciret,
1554 487 1657 526 non
1686 486 1777 524 ve-

215 577 363 634 nienti
389 576 456 630 ad
483 574 798 643 baptismum
825 587 980 628 suum
1008 571 1221 635 diceret,
1257 568 1366 639 Ego
1392 584 1424 619 a
1450 576 1497 619 te
1520 564 1670 617 debeo
1696 563 1782 616 ba-

213 670 382 742 ptizari
413 667 621 738 (Matth.
655 682 729 730 ιιι,
763 664 876 736 14).
908 663 1042 731 Quid
1068 676 1196 732 ergo
1226 657 1471 728 estquod
1498 657 1603 723 ait,
1638 656 1780 720 Quo-

212 763 337 816 niam
376 759 477 813 ridi
516 757 763 828 Spiritum
807 756 936 809 velut
980 752 1261 808 columbam
1305 749 1682 803 descendentem
1719 747 1783 798 de

211 853 341 916 ario,
370 860 415 904 et
445 850 626 903 mansit
652 864 804 915 super
831 864 963 900 eum.
996 845 1061 898 Et
1092 861 1181 915 ego
1211 842 1487 896 nesciebant
1512 856 1624 893 eum
1651 854 1668 892 :
1693 838 1781 892 sed

208 944 286 1013 qui
314 958 388 996 me
421 942 555 995 misit
583 940 838 1009 baptizare
863 940 913 991 in
939 954 1068 1007 aqua
1088 978 1102 1001 ,
1138 937 1244 1002 ipse
1273 934 1394 987 mihi
1420 932 1546 985 dixit
1564 973 1578 996 ,
1612 930 1781 1000 Super

209 1050 340 1104 quem
363 1032 542 1086 videris
568 1031 818 1101 Spiritum
844 1028 1218 1084 descendentem
1246 1026 1308 1079 de
1335 1024 1477 1086 caelo,
1502 1033 1548 1077 et
1575 1038 1781 1075 manen-

210 1137 295 1180 tem
326 1142 476 1195 super
511 1140 657 1189 eum,
690 1124 797 1192 ipse
828 1132 899 1175 est
935 1124 1017 1189 qui
1048 1120 1267 1190 baptizat
1295 1118 1347 1171 in
1384 1116 1581 1187 Spiritu
1607 1123 1778 1168 sancto

209 1218 383 1287 (Joan.
410 1232 460 1283 l,
490 1218 593 1285 52,
625 1214 746 1286 '55).
779 1212 1031 1269 Columba
1064 1213 1242 1281 utique
1270 1225 1429 1279 super
1458 1208 1776 1277 baptizatum

205 1310 562 1367 descenderat.
607 1308 794 1363 Adhuc
831 1315 1007 1361 autem
1052 1303 1282 1359 venienti
1324 1310 1381 1357 ut
1424 1302 1779 1369 baptizaretur

206 1398 573 1469 dixerat,-Ego
609 1416 638 1451 a
674 1411 721 1451 te
757 1397 908 1450 debeo
946 1394 1211 1465 baptizari.
1252 1392 1368 1447 Jam
1412 1404 1538 1459 ergo
1578 1388 1779 1442 sciebat

206 1506 335 1545 eum.
360 1489 500 1556 Quid
536 1489 636 1543 sibi
676 1488 850 1557 itaque
891 1486 1033 1551 vult,
1063 1484 1174 1554 Ego
1204 1482 1480 1536 nesciebam
1508 1495 1621 1533 eunt
1647 1494 1664 1529 :
1691 1477 1778 1531 sed

205 1586 281 1653 qui
305 1599 379 1636 me
412 1582 551 1635 misit
588 1581 842 1651 baptizare
867 1580 918 1632 in
947 1592 1077 1645 aqua
1096 1619 1109 1641 ,
1140 1578 1246 1646 ipse
1270 1575 1394 1627 milii
1420 1573 1580 1637 dixit,
1611 1571 1778 1641 Super

204 1691 333 1743 quem
361 1673 549 1727 videris
575 1672 827 1742 Spiritum
852 1671 1227 1725 descendentem
1250 1668 1312 1721 de
1332 1666 1478 1736 caelo,
1501 1674 1548 1724 et
1573 1682 1780 1722 manen—

204 1776 290 1819 tem
315 1782 468 1834 super
495 1781 609 1818 eum
627 1805 643 1831 ,
674 1766 780 1834 ipse
803 1772 875 1817 est
898 1763 983 1833 qui
1010 1763 1229 1836 baptizat
1256 1762 1309 1818 in
1336 1762 1532 1833 Spiritu
1559 1770 1731 1816 sancto
1756 1775 1776 1813 :

204 1874 307 1912 cum
339 1858 438 1912 hoc
475 1866 819 1929 posteaquam
857 1856 1153 1928 baptizatus
1178 1866 1292 1921 est,
1322 1856 1517 1911 factum
1548 1857 1645 1919 sit,
1676 1855 1776 1909 nisi

202 1949 307 2019 quia
331 1947 631 2003 secundum
657 1948 853 2019 aliquid
877 1965 998 2005 eum
1021 1948 1242 2013 sciebat,
1265 1947 1556 2003 secumlum
1579 1945 1774 2016 aliquid

202 2038 357 2096 adhuc
395 2040 708 2095 nesciebat?
749 2038 961 2095 Sciebat
1002 2038 1244 2093 videlicet
1286 2052 1540 2107 sponsum
1584 2036 1773 2090 Filium

205 2131 303 2200 Dei,
325 2132 389 2187 de
410 2132 573 2201 cujus
598 2131 925 2201 plenitudine
951 2144 1137 2186 omnes
1162 2130 1464 2199 acciperent
1491 2145 1503 2180 :
1534 2127 1626 2181 sed
1653 2127 1773 2197 quia

203 2238 255 2276 ex
281 2222 391 2291 ejus
418 2220 754 2291 plenitudine
784 2221 897 2291 ipse
924 2221 1002 2275 sic
1029 2228 1308 2289 acceperat
1342 2217 1642 2288 baptizandi
1677 2231 1775 2285 po-

203 2323 426 2370 testatem
453 2356 475 2380 ,
507 2325 563 2368 ut
596 2314 818 2369 Joannis
852 2314 1145 2382 baptismus
1172 2312 1472 2375 diceretur;
1506 2308 1776 2365 nesciebat

202 2414 358 2460 utrum
389 2406 478 2460 sic
503 2413 645 2460 esset
673 2405 889 2459 daturus
916 2413 969 2459 et
996 2404 1223 2469 caeteris,
1253 2418 1318 2455 an
1350 2418 1476 2456 vero
1502 2400 1773 2471 proprium

202 2496 518 2566 Baptismum
549 2496 627 2550 sic
663 2494 969 2561 habiturus,
1002 2503 1058 2549 ut
1094 2510 1189 2564 per
1222 2492 1510 2563 quemlibet
1536 2492 1770 2556 daretur,

201 2588 297 2641 sive
319 2586 720 2642 exeelleutioris
747 2586 930 2656 gratia:
967 2586 1266 2640 ministrum
1287 2626 1302 2652 ,
1334 2580 1447 2639 sive
1477 2582 1770 2649 inferioris,

201 2676 299 2731 sive
323 2692 412 2746 per
438 2676 656 2731 centeni
684 2674 887 2731 fructus
912 2675 1201 2741 hominem,
1230 2676 1341 2730 sive
1368 2674 1635 2743 sexageni,
1663 2674 1774 2728 sive

205 2768 388 2835 triceni,
410 2769 536 2823 sive
560 2782 653 2837 per
672 2766 1020 2835 frumentum,
1042 2766 1154 2821 sive
1180 2782 1274 2835 per
1292 2765 1520 2837 paleam,
1545 2781 1649 2819 non
1673 2765 1771 2820 nisi

204 2859 327 2913 illius
349 2861 515 2915 unius
553 2874 675 2915 esse
707 2867 1116 2930 cognosceretur
1143 2877 1154 2912 :
1186 2868 1240 2915 et
1268 2859 1371 2915 hoc
1400 2875 1493 2929 per
1517 2859 1773 2929 Spiritum

204 2951 395 3021 didicit,
427 2954 581 3009 velut
607 2953 909 3009 columbam
936 2951 1348 3009 descendentem
1383 2961 1437 3007 et
1470 2961 1772 3007 manentem

203 3058 343 3115 super
365 3061 517 3101 eum.

262 3135 484 3191 CAPUT
524 3136 664 3191 XIV.
702 3165 775 3177 —
808 3138 890 3192 l6.
933 3136 1113 3207 itaque
1154 3136 1451 3192 invenimus
1476 3135 1671 3189 dictum
1700 3136 1767 3190 ab

205 3227 453 3296 Apostolis
498 3231 538 3296 ¹,
588 3239 643 3284 et
693 3230 907 3299 gloriam
936 3247 1097 3284 meam
1129 3229 1179 3302 (l
1206 3229 1322 3284 Cor.
1349 3247 1426 3295 ix,
1458 3230 1567 3301 15),
1598 3245 1775 3300 quam-

205 3320 271 3372 vis
285 3320 471 3389 utique
500 3319 554 3373 in
581 3319 836 3384 Domino;
867 3331 921 3375 et
946 3321 1278 3374 ministerium
1305 3337 1468 3375 meum
1490 3321 1667 3390 (llam.
1697 3336 1772 3386 xv,

208 3410 299 3479 15),
325 3421 376 3465 et
400 3412 733 3482 prudentiam
764 3429 924 3466 meam
955 3413 1170 3483 (Ephes.
1218 3430 1295 3478 tu,
1338 3415 1418 3482 4),
1451 3422 1504 3468 et
1540 3412 1774 3483 Evange-

205 3500 312 3553 tium
334 3518 505 3555 meum
536 3500 602 3571 (ll
637 3499 771 3554 Tim.
802 3506 861 3566 Il,
893 3500 972 3572 8),
1011 3504 1251 3572 quamvis
1282 3504 1461 3572 utique
1490 3518 1519 3555 a
1552 3502 1775 3555 Domino

206 3589 521 3660 impertitum
568 3600 727 3661 atque
751 3593 1003 3648 donatum
1031 3612 1043 3645 ε
1072 3594 1375 3663 Baptismus
1399 3604 1573 3649 autem
1602 3609 1771 3658 meus,

204 3696 344 3736 nemo
390 3683 533 3738 dixit
582 3699 766 3738 eorum
819 3684 1059 3738 omnino.
1112 3684 1295 3755 Neque
1340 3686 1482 3740 enim
1539 3685 1775 3740 omnium

206 3773 403 3839 aqualis
456 3782 545 3827 est
573 3774 760 3843 gloria,
795 3790 895 3830 nec
934 3774 1238 3829 ministrant
1264 3790 1451 3830 omnes
1479 3777 1772 3845 aequaliter,

204 3878 293 3919 nec
316 3866 511 3935 :equali
539 3866 817 3935 prudentia
846 3877 972 3921 sunt
995 3882 1182 3923 omnes
1205 3868 1434 3933 przediti,
1466 3877 1520 3922 et
1545 3868 1596 3921 in
1625 3884 1779 3922 evan-

204 3955 464 4022 gelizando
510 3957 649 4011 alius
699 3958 803 4012 alio
849 3958 1041 4012 melius
1078 3968 1347 4028 operatur,
1393 3968 1448 4014 et
1502 3958 1620 4012 ideo
1672 3960 1776 4014 diei

208 4056 363 4114 potest
390 4050 535 4103 alius
565 4050 671 4104 alio
698 4050 905 4105 doctior
936 4050 990 4102 in
1029 4050 1140 4119 ipsa
1182 4050 1421 4104 doctrina
1462 4051 1679 4104 salutari
1709 4054 1728 4081 ³
1761 4068 1774 4104 :

207 4138 322 4193 alius
363 4149 550 4194 autem
598 4140 705 4193 alio
731 4141 898 4209 magis
927 4141 1171 4195 minusve
1216 4141 1512 4209 baptizatus
1540 4140 1640 4195 dici
1672 4157 1775 4194 non

207 4240 364 4297 potest
388 4275 403 4297 ,
437 4233 554 4286 sive
582 4233 650 4286 ab
681 4231 930 4287 inferiore
954 4274 967 4295 ,
996 4233 1107 4287 sive
1135 4248 1165 4285 a
1212 4232 1415 4301 majore
1457 4232 1773 4301 baptizetur.

207 4322 419 4381 Proinde
462 4340 583 4380 cum
632 4326 899 4395 manifesta
941 4326 1046 4379 sint
1084 4342 1238 4395 opera
1285 4325 1473 4392 carnis,
1522 4340 1636 4393 qua:
1662 4334 1779 4378 sunt

212 4415 577 4483 fornicationes,
622 4417 973 4480 immunditia',
1003 4418 1236 4483 luxuriae,
1267 4416 1519 4471 idolorum
1545 4418 1775 4484 servitus,

206 4510 452 4576 veneﬁcia,
481 4508 777 4574 inimicitiw,
808 4510 1163 4574 contentiones,
1188 4507 1552 4573 wmulationes,
1581 4509 1778 4563 animo-

206 4598 381 4667 sitates,
404 4599 762 4665 dissensiones,
786 4600 1014 4665 liter-eses,
1045 4600 1266 4663 invidiae,
1291 4599 1566 4665 ebrietates,
1591 4615 1776 4655 comes-

205 4690 431 4756 sationes,
465 4704 510 4745 et
542 4692 619 4746 liis
645 4691 831 4745 similia
858 4690 1120 4763 (ϐιαίων,
1156 4691 1341 4761 19-21)
1363 4708 1377 4754 ;
1403 4692 1444 4745 si
1468 4690 1780 4746 mirabiliter

207 4781 405 4852 dicitur,
438 4786 567 4840 Post
587 4785 845 4840 Joannem
876 4785 1120 4854 baptizati
1150 4796 1274 4839 sunt
1299 4785 1561 4851 homines,
1585 4793 1639 4839 et
1660 4792 1781 4853 post

210 4874 480 4934 hereticos
506 4895 611 4932 non
643 4879 977 4947 baptizantur
1007 4896 1018 4930 :
1049 4894 1141 4932 cur
1168 4894 1272 4930 non
1304 4876 1617 4931 mirabiliter
1644 4875 1777 4931 dici-

209 4973 303 5032 tur,
334 4968 461 5023 Post
486 4969 746 5023 Joannem
776 4967 1020 5037 baptizati
1044 4977 1166 5024 sunt
1192 4967 1453 5031 homines,
1481 4976 1532 5021 et
1559 4976 1677 5035 post
1696 4968 1778 5020 in-

209 5055 348 5111 vidos
376 5074 481 5113 non
512 5058 881 5127 baptizantur;
911 5074 1031 5112 cum
1058 5074 1121 5111 ex
1152 5067 1300 5126 parte
1328 5056 1523 5111 diaboli
1550 5072 1670 5112 eSse
1698 5057 1777 5109 in-

209 5148 349 5203 vidos
392 5152 502 5220 ipse
549 5150 845 5222 Cyprianus
872 5152 923 5204 in
968 5150 1203 5220 Epistula
1245 5149 1311 5204 de
1342 5150 1468 5204 Zelo
1495 5158 1547 5204 et
1590 5149 1781 5205 Livore

208 5248 422 5296 testetur
441 5283 456 5308 ,
502 5253 558 5297 et
588 5242 640 5296 in
669 5243 902 5297 Ecclesia
928 5241 1127 5296 Christi
1154 5241 1319 5297 fuisse
1353 5241 1557 5297 invidos
1582 5241 1780 5297 Christi

206 5333 598 5389 annuntiatores
642 5334 770 5403 ipsis
814 5334 1117 5402 apostolicis
1158 5334 1483 5402 temporibus
1531 5334 1643 5402 ipse
1679 5334 1779 5403 Cy-

211 5426 420 5492 prianus
443 5443 509 5481 ex
533 5426 778 5496 apostolo
819 5427 1004 5492 Paulo,
1036 5426 1301 5493 sicutjam
1330 5425 1629 5492 docuimus,
1664 5440 1777 5480 ma-

210 5519 414 5577 uifestct
443 5522 638 5592 (Epist.
667 5522 756 5587 75,
784 5521 851 5575 ad
874 5519 1247 5590 Jubaianum)?

210 5706 286 5813 m'
315 5705 457 5768 Editi,
490 5706 675 5758 dictum
697 5707 756 5757 ab
782 5705 1009 5770 Apostolo.
1038 5713 1091 5755 At
1116 5714 1255 5766 5185.,
1289 5703 1469 5755 dictum
1500 5704 1560 5754 ab
1595 5714 1779 5768 aposto-

270 5828 289 5859 ¹
314 5834 447 5892 188.,
487 5839 531 5883 ct
573 5831 677 5895 ipsa
702 5830 919 5884 doctrina
952 5830 1166 5883 salutari.
1193 5831 1382 5891 Plures,
1408 5825 1661 5893 spirituali.

1571 349 1775 405 Lllllilt
1814 346 2124 412 QL‘lN'l'L‘S.

3365 378 3466 437 186

1960 470 2183 529 CAPUT
2218 476 2331 532 XV.
2376 512 2446 520 —
2483 484 2567 538 l7.
2616 486 2746 556 Quia
2777 504 2903 560 ergo
2929 490 3147 547 Joannis
3175 493 3465 564 baptismus

1887 578 1995 615 non
2023 575 2133 620 erat
2162 567 2301 623 idem
2334 573 2421 642 qui
2470 575 2770 647 Baptismus
2816 578 3033 649 Christi,
3078 586 3207 639 satis
3238 588 3470 643 arbitror

1886 669 2006 710 esse
2030 658 2352 717 declaratum
2384 683 2396 717 :
2424 676 2476 720 et
2504 682 2781 739 propterea
2810 674 2935 728 nihil
2962 676 3270 733 documenti
3291 696 3353 736 ex
3376 682 3480 734 illol

1885 748 2060 803 εαξη-ἱ
2086 761 2279 821 potest,
2307 771 2403 810 cur
2432 770 2713 830 propterea
2734 775 2854 834 post
2884 768 3163 825 haereticos
3191 772 3465 841 baptizan-

1885 842 2010 896 dum
2041 845 2129 910 sit,
2178 849 2299 916 quia
2344 850 2664 921 baptizatum
2708 869 2791 913 est
2836 871 2954 928 post
2995 863 3252 921 Joannem
3292 885 3305 920 :
3346 884 3467 923 cum

1884 935 2116 991 Joannes
2142 939 2424 999 haereticus
2463 963 2567 1001 non
2606 950 2782 1016 fuerit,
2812 964 2866 1009 et
2894 960 3123 1025 potuerit
3151 959 3347 1016 habere
3378 964 3469 1017 ba-

1884 1028 2133 1116 ptismum
2154 1072 2167 1095 ,
2202 1036 2442 1101 quamvis
2468 1052 2498 1093 a
2526 1039 2740 1099 Christo
2767 1060 3077 1103 concessum
3097 1092 3112 1116 ,
3150 1066 3254 1106 non
3287 1062 3465 1108 tamen

1884 1114 2079 1171 Christi
2111 1124 2379 1189 proprium
2402 1166 2416 1191 ,
2461 1143 2578 1182 cum
2606 1129 2805 1187 Christi
2836 1134 3076 1191 habuerit
3100 1114 3418 1196 cliaritatem
3448 1159 3462 1207 ;

1882 1216 1937 1263 et
1958 1212 2123 1279 possit
2148 1212 2431 1271 hzereticus
2454 1218 2649 1277 habere
2676 1223 3002 1294 Baptismum
3032 1229 3228 1285 Christi
3251 1240 3305 1287 et
3335 1249 3463 1302 per-

1883 1303 2185 1358 versitatem
2240 1306 2456 1373 diaboli,
2500 1312 2636 1367 sicut
2684 1317 2823 1370 intus
2864 1320 2998 1373 alius
3045 1332 3220 1391 potest
3268 1324 3465 1380 habere

1883 1392 2207 1462 Baptismum
2235 1397 2433 1456 Christi
2459 1413 2512 1457 et
2536 1405 2787 1461 invidiam
2814 1409 3031 1467 diaboli.

1954 1488 2041 1543 18.
2081 1492 2149 1545 At
2175 1493 2315 1546 enim
2342 1497 2508 1551 multo
2528 1500 2694 1569 magis
2722 1510 2839 1569 post
2860 1502 3166 1560 haereticum
3190 1506 3463 1577 baptizan-

1880 1578 2007 1653 dtun
2038 1590 2153 1652 est;
2182 1584 2303 1656 quia
2329 1584 2563 1647 Joannes
2590 1588 2871 1650 haereticus
2895 1612 3001 1652 non
3029 1606 3141 1654 erat
3166 1640 3181 1667 ,
3207 1606 3261 1657 et
3284 1606 3464 1660 tamen

1882 1685 2002 1745 post
2037 1693 2160 1733 eum
2196 1679 2516 1749 baptizatum
2559 1685 2678 1740 est?
2719 1685 2827 1752 Sic,
2870 1687 2998 1744 dicit
3037 1690 3246 1761 aliquis,
3297 1695 3465 1751 multo

1880 1767 2048 1836 magis
2079 1778 2201 1838 post
2228 1770 2496 1827 ebriosum
2526 1774 2899 1845 baptizandnm
2926 1787 3029 1846 est,
3064 1781 3186 1851 quia
3230 1782 3464 1840 Joannes

1879 1859 2087 1915 sobrius
2113 1872 2246 1926 erat,
2286 1874 2342 1919 et
2379 1872 2551 1920 tamen
2584 1876 2702 1937 post
2734 1885 2854 1924 eum
2890 1871 3206 1942 baptizatum
3243 1883 3364 1929 est:
3410 1886 3467 1931 et

1880 1951 2005 2021 quid
2031 1955 2445 2022 respondeamus
2473 1958 2541 2023 ei,
2566 1974 2669 2013 non
2701 1961 3033 2031 habebimus,
3057 1965 3156 2019 nisi
3185 1965 3462 2034 baptizatis

1879 2060 1907 2097 a
1937 2044 2139 2102 Joanne
2162 2048 2487 2119 Baptismum
2514 2050 2712 2107 Christi
2744 2070 2847 2108 non
2881 2056 3193 2112 habentibus
3215 2074 3334 2113 esse
3356 2068 3462 2115 tra-

1876 2135 2078 2202 ditum;
2112 2138 2163 2193 iu
2206 2140 2396 2209 quibus
2421 2150 2596 2197 autem
2622 2154 2703 2199 est
2731 2145 3031 2216 Baptismus
3058 2148 3255 2204 Christi
3280 2192 3294 2215 ,
3340 2152 3462 2221 qui-

1877 2227 2106 2284 buslibet
2154 2244 2339 2286 eorum
2388 2234 2822 2302 pervcrsitatibus
2871 2238 3016 2294 nullo
3057 2240 3217 2296 modo
3247 2240 3364 2297 ﬁeri
3406 2251 3465 2299 ut

1877 2334 1981 2374 non
2012 2321 2081 2375 sit
2109 2321 2160 2375 in
2188 2322 2264 2377 eis
2289 2322 2592 2395 Baptismus
2617 2327 2833 2385 Christi.

1949 2410 2043 2465 l9;
2076 2411 2189 2467 Non
2216 2417 2393 2484 itaque
2424 2417 2618 2473 idcirco
2656 2420 2919 2475 hwreticus
2956 2424 3047 2492 jus
3096 2422 3343 2492 Baptismi
3367 2426 3459 2479 ob;

1877 2502 2030 2556 tinere
2054 2506 2212 2574 potuit
2235 2548 2246 2570 ,
2273 2508 2391 2575 quia
2431 2511 2568 2577 prior
2593 2509 2860 2579 baptizavit
2883 2528 2901 2574 ,'
2931 2513 3023 2567 sed
3051 2516 3171 2582 quia
3212 2530 3316 2569 non
3364 2531 3462 2570 suo

1878 2593 2140 2665 baptismo
2167 2596 2449 2665 baptizavit
2481 2617 2492 2652 :
2524 2610 2578 2654 et
2603 2599 2646 2654 si
2669 2600 2755 2670 jus
2778 2602 3077 2673 baptizandi
3109 2619 3211 2657 non
3238 2605 3458 2671 habuit,

1880 2696 2054 2743 tamen
2095 2687 2291 2745 Christi
2339 2698 2420 2744 est
2450 2692 2591 2760 quod
2615 2692 2779 2758 dedit,
2808 2703 2862 2747 et
2904 2694 2991 2749 ille
3031 2694 3226 2750 Christi
3264 2704 3347 2750 est
3370 2695 3460 2765 qui

1879 2778 2102 2847 accepit.
2130 2777 2288 2832 Multa
2317 2783 2458 2834 enim
2479 2790 2660 2835 contra
2680 2782 2765 2851 jus
2788 2783 2999 2847 dantur,
3019 2800 3116 2839 nec
3143 2794 3316 2840 tamen
3343 2786 3463 2840 ideo

1878 2870 1963 2924 vel
2010 2871 2152 2925 nulla
2182 2872 2263 2926 vel
2308 2888 2412 2926 non
2456 2873 2576 2927 data
2615 2874 2881 2929 dicuntur.
2908 2876 3090 2946 Neque
3113 2879 3252 2931 enim
3282 2885 3338 2932 et
3375 2878 3462 2933 ille

1879 2964 1969 3032 qui
2020 2965 2219 3017 saeculo
2254 2966 2432 3020 verbis
2458 2967 2586 3021 solis
2616 2976 2668 3022 et
2716 2982 2820 3023 non
2852 2968 3003 3024 iactis
3032 2970 3316 3034 renuntiat,
3344 2972 3463 3039 jure

1877 3057 2069 3126 accipit
2117 3057 2482 3129 Baptismum;
2531 3068 2585 3114 et
2614 3069 2787 3116 tamen
2814 3063 3025 3131 accipit.
3068 3062 3201 3116 Nam
3247 3064 3379 3117 tales
3410 3064 3461 3117 in

1880 3144 2116 3201 Ecclesia
2142 3158 2197 3203 et
2221 3146 2514 3219 Cyprianus
2543 3152 2655 3205 suis
2682 3153 3006 3222 temporibus
3037 3152 3199 3208 fuisse
3228 3168 3463 3210 comme-

1879 3247 2070 3306 morat,
2097 3248 2151 3293 et
2176 3256 2272 3295 nos
2296 3243 2622 3310 experimur,
2646 3253 2700 3298 et
2718 3245 2999 3314 gemimus.

1948 3329 2038 3383 20.
2080 3330 2268 3384 Mirum
2298 3341 2474 3386 autem
2514 3344 2615 3400 est,
2661 3335 2927 3403 quomodo
2953 3335 3160 3389 dicatur
3183 3336 3408 3404 separari
3430 3352 3463 3388 a

1878 3421 1972 3472 se‘
2015 3430 2061 3473 et
2099 3421 2255 3475 dividi
2292 3424 2494 3477 omnino
2522 3440 2623 3479 non
2647 3440 2811 3495 posse,
2857 3423 3170 3495 Baptismum
3197 3436 3244 3481 et
3280 3425 3461 3481 Eccle-

1878 3511 2025 3564 siam.
2074 3512 2129 3567 Si
2176 3514 2317 3567 enim
2349 3515 2612 3583 Baptisma
2659 3517 2709 3570 in
2751 3518 3013 3585 baptizati)
3041 3519 3464 3586 inseparalnliter

1882 3614 2097 3671 manet,
2125 3608 2391 3676 quomodo
2418 3608 2710 3678 baptizatus
2739 3611 2975 3678 separari
3005 3610 3072 3664 ab
3101 3608 3337 3666 Ecclesia
3366 3627 3459 3681 po-

1883 3705 2004 3763 tcst,
2027 3707 2080 3751 et
2102 3698 2400 3767 Baptismus
2427 3716 2529 3753 non
2561 3704 2774 3769 potest?
2799 3699 2853 3755 ln
2880 3701 3143 3771 baptizato
3169 3711 3344 3755 autem
3376 3702 3460 3755 in-

1882 3787 2248 3856 separabiliter
2290 3789 2553 3857 Baptisma
2604 3805 2918 3859 permanere
2962 3790 3296 3845 manifestum
3340 3800 3458 3855 est;

1881 3878 2002 3947 quia
2028 3878 2081 3931 in
2111 3878 2380 3947 quodlibet
2407 3878 2720 3948 profundum
2758 3880 3015 3934 malorum
3045 3889 3097 3934 et
3139 3880 3191 3933 in
3240 3881 3464 3949 quamli-

1881 3968 1971 4023 bet
1999 3968 2302 4023 horribilem
2335 3969 2639 4039 voraginem
2665 3981 2998 4040 peccatorum
3030 3972 3199 4027 irruat
3228 3972 3461 4041 baptiza-

1882 4065 1966 4112 tus
1992 4098 2006 4125 ,
2037 4074 2202 4128 usque
2230 4059 2293 4113 ad
2322 4063 2667 4129 apostaticam
2698 4061 2900 4115 ruinam
2927 4103 2941 4129 ,
2972 4077 3078 4115 non
3107 4071 3253 4117 caret
3281 4062 3461 4130 Bapti-

1883 4162 1999 4202 smo
2026 4167 2038 4202 :
2068 4158 2120 4203 et
2146 4149 2263 4204 ideo
2290 4165 2382 4219 per
2412 4151 2777 4220 paenitentiam
2801 4151 3042 4206 redeunti
3067 4169 3171 4206 non
3198 4152 3459 4217 redditur,

1882 4242 2003 4311 quia
2048 4256 2114 4296 eo
2143 4256 2246 4296 non
2280 4243 2516 4312 potuisse
2563 4258 2746 4298 carere
2793 4243 3082 4311 judicatur.
3135 4245 3462 4312 Baptizatum

1882 4344 2057 4388 autem
2100 4349 2253 4404 posse
2281 4335 2516 4405 separari
2558 4334 2626 4390 ab
2669 4335 2907 4390 Ecclesia
2954 4335 3071 4405 quis
3100 4336 3464 4391 dubitaverit?

1884 4424 2008 4480 Inde
2038 4426 2231 4495 quippe
2269 4441 2457 4480 omnes
2485 4425 2716 4482 haereses
2756 4427 3022 4493 exierunt,
3057 4442 3175 4497 quae
3206 4426 3463 4483 vocabulo

1882 4516 2173 4571 christiano
2197 4517 2489 4588 decipiunt.
3034 4534 3039 4537 ·

1952 4608 2176 4663 CAPUT
2209 4609 2345 4662 XVI.
2390 4640 2458 4650 —
2493 4609 2847 4677 Quamobrem
2870 4610 2990 4681 quia
3015 4610 3349 4665 manifestum
3379 4618 3465 4667 est

1884 4701 1935 4754 in
1962 4701 2226 4770 baptizata
2251 4716 2370 4757 esse
2414 4703 2759 4772 Baptismum,
2785 4718 2906 4758 cum
2931 4703 3229 4771 baptizatus
3247 4704 3314 4759 ab
3354 4703 3462 4758 Ec.

1882 4793 2043 4849 clesia
2073 4803 2366 4864 separatur,
2414 4795 2712 4864 Baptismus
2737 4797 2825 4865 qui
2871 4798 2922 4850 in
2954 4797 3044 4851 illo
3072 4805 3174 4861 est,
3222 4812 3341 4851 cum
3372 4798 3463 4851 illo

1883 4887 2062 4955 utique
2090 4897 2383 4957 separatur.
2414 4886 2480 4941 Et
2517 4887 2636 4942 ideo
2671 4903 2776 4942 non
2806 4902 2993 4943 omnes
3016 4890 3105 4958 qui
3149 4898 3330 4944 tenent
3360 4889 3462 4941 Ba-

1886 4979 2159 5049 ptismum,
2192 4987 2373 5034 tenent
2395 4980 2689 5034 Ecclesiam
2713 4997 2727 5045 ;
2756 4980 2893 5035 sicut
2921 4996 3024 5036 non
3055 4995 3244 5035 omnes
3264 4980 3351 5048 qui
3386 4988 3461 5032 te-

1886 5080 2013 5126 nent
2055 5071 2365 5139 Ecciesiam,
2418 5080 2601 5128 tenent
2645 5081 2699 5129 et
2743 5074 2906 5129 vitam
2950 5084 3223 5129 aeternam.
3266 5072 3369 5124 Aut
3414 5070 3459 5123 si

1886 5162 2182 5218 Ecclesiam
2229 5173 2411 5219 tenere
2450 5180 2553 5217 non
2580 5164 2826 5232 dicimus,
2879 5165 2979 5219 nisi
3018 5180 3111 5219 eos
3155 5162 3240 5231 qui
3284 5159 3461 5214 divina

1886 5257 2131 5311 mandata
2178 5258 2510 5323 custodiunt;
2556 5258 2753 5313 multos
2791 5257 2899 5327 jam
2951 5270 3069 5311 esse
3120 5250 3462 5306 concedimus

1885 5350 2209 5420 Baptismum
2238 5360 2497 5415 tenentes,
2524 5360 2578 5406 et
2606 5351 2899 5406 Ecclesiam
2919 5364 3023 5402 non
3054 5354 3317 5399 tenentes.

1954 5445 2042 5499 2i.
2085 5445 2440 5513 Quamobrem
2488 5460 2593 5499 non
2639 5449 2957 5513 praeoccupat
2998 5438 3260 5492 ha’reticus
3283 5435 3467 5507 Bapti-

1885 5556 2047 5593 smum
2079 5556 2097 5592 :
2125 5554 2242 5593 cum
2280 5554 2399 5592 eum
2432 5536 2499 5590 ab
2526 5535 2761 5590 Ecclesia
2793 5530 3099 5600 sumpserit.
3146 5529 3253 5584 Nec
3294 5532 3466 5599 potuit

1884 5631 2126 5683 amittere
2151 5645 2271 5682 cum
2296 5628 2770 5694 recederet,quem
2788 5623 2899 5692 jam
2924 5635 3031 5677 non
3060 5620 3261 5677 habere
3289 5622 3465 5677 Eccle-

1949 5769 1961 5799 ι
1988 5773 2035 5813 tu
2061 5766 2271 5829 editione
2295 5770 2400 5812 Lov.
2420 5762 2659 5829 omissum
2672 5764 2764 5817 est,
2787 5772 2820 5807 α
2839 5773 2921 5823 se;
2945 5757 3072 5825 quod
3095 5757 3173 5808 hic
3207 5759 3257 5808 in
3276 5756 3468 5809 ueteris

1886 5828 2019 5877 libris
2041 5828 2284 5889 reperitur
2311 5832 2361 5874 et
2384 5822 2506 5884 apud
2530 5822 2826 5883 Cyprianum.
