4008 6464
586 366 694 425 187
831 382 867 415 ο

587 480 723 537 siam
750 478 999 547 dicimus,
1040 484 1096 534 et
1132 484 1305 533 tamen
1338 474 1534 529 habere
1561 474 1887 543 Baptismum
1918 468 2165 525 concedi—

588 586 729 627 mus.
758 570 869 626 Nec
905 572 1177 641 primatum
1207 569 1469 639 quisquam
1491 566 1586 620 sibi
1616 565 1841 634 derogat,
1866 569 1911 615 et
1938 560 2169 615 hwretico

589 661 760 716 tribuit
802 678 822 715 :
863 662 984 731 quia
1030 676 1149 717 eum
1180 660 1309 714 dicit
1332 673 1514 714 secum
1554 656 1837 712 abstulisse
1881 653 2022 725 quod
2064 668 2169 707 non

587 750 821 821 legitime
847 751 1017 817 daret,
1058 750 1152 805 sed
1185 759 1361 804 tamen
1400 748 1694 819 legitimum
1723 746 1898 812 daret,
1929 760 2028 800 nec
2052 744 2162 814 jam

585 840 820 911 legitime
862 840 1101 903 haberet,
1142 839 1239 895 sed
1282 838 1574 910 legitimum
1619 836 1858 891 haberet.
1902 834 2170 889 Primatus

584 939 763 986 autem
803 944 907 986 non
948 938 1030 986 est
1073 930 1177 984 nisi
1217 930 1271 985 in
1300 937 1482 985 sancta
1520 927 1923 985 conversatione
1965 935 2022 981 et
2061 925 2167 980 vita

584 1020 744 1088 bona,
771 1036 876 1091 quo
903 1022 1174 1092 pertinent
1197 1036 1402 1087 omnes,
1420 1036 1486 1075 ex
1511 1019 1703 1090 quibus
1724 1027 1973 1087 tanquam
1996 1031 2167 1072 mem-

583 1109 697 1165 bris
723 1118 934 1167 constat
976 1111 1068 1166 illa
1102 1125 1299 1181 sponsa
1328 1126 1431 1166 non
1459 1109 1662 1166 habens
1694 1108 1957 1163 maculam
1993 1120 2167 1177 neque

584 1216 771 1273 rugam
802 1202 1016 1275 (Ephes.
1049 1219 1102 1271 v,
1131 1204 1225 1275 27)
1256 1204 1359 1275 (a),
1387 1213 1442 1259 et
1470 1203 1558 1258 illa
1587 1201 1831 1257 columba
1858 1202 1997 1256 inter
2024 1200 2164 1255 mul-

579 1300 757 1349 torum
786 1308 1067 1350 corvorum
1113 1296 1505 1365 improbitatem
1541 1308 1761 1365 gemens
1794 1312 1808 1348 :
1854 1292 1958 1349 nisi
2006 1292 2158 1359 forte,

580 1398 702 1439 eum
733 1384 873 1440 Esau
898 1394 1115 1455 propter
1140 1384 1407 1441 lenticulas
1451 1383 1933 1456 concupiscentiam
1967 1382 2164 1453 prima-

579 1485 690 1531 tum
718 1475 1007 1546 perdiderit
1047 1476 1201 1548 (Gen.
1244 1493 1369 1544 xxv,
1399 1475 1615 1547 29-34),
1669 1485 1851 1532 tenere
1873 1476 2161 1547 primatum

574 1566 870 1622 arbitrandi
911 1575 1039 1622 sunt
1087 1566 1439 1635 fraudatores,
1490 1576 1753 1638 raptores,
1807 1565 2155 1632 feneratores,

575 1657 761 1722 invidi,
793 1657 1010 1725 ebriosi,
1036 1667 1091 1714 et
1115 1660 1294 1715 caeteri
1323 1657 1644 1729 hujusmodi,
1673 1658 1857 1728 quales
1885 1657 1936 1712 in
1968 1656 2158 1713 Eccle-

575 1749 654 1804 sia
684 1750 764 1805 sui
796 1750 1050 1819 temporis
1095 1750 1254 1806 etiam
1293 1766 1388 1822 per
1434 1751 1638 1806 litteras
1681 1749 1977 1822 Cyprianus
2014 1751 2159 1821 inge-

574 1841 730 1894 muit.
760 1840 1093 1911 Quapropter
1116 1849 1209 1896 aut
1227 1841 1367 1912 quod
1392 1850 1477 1898 est
1502 1850 1686 1898 tenere
1706 1842 2019 1907 Ecclesiam,
2051 1857 2158 1897 non

574 1931 679 1989 hoc
704 1942 787 1989 est
815 1933 865 1987 in
894 1933 1089 1990 divinis
1119 1945 1301 1991 tenere
1325 1935 1644 2005 primatum;
1672 1943 1764 1990 aut
1786 1935 1832 1989 si
1862 1934 2039 1991 omnis
2064 1934 2157 2005 qui

572 2033 719 2080 tenet
770 2026 1061 2082 Ecclesiam
1109 2027 1269 2082 etiam
1318 2030 1602 2099 primatum
1652 2037 1817 2095 tenet,
1850 2044 2037 2086 omnes
2080 2028 2156 2085 illi

569 2116 737 2188 iniqui
768 2118 1064 2174 Ecclesiam
1094 2134 1200 2175 non
1240 2127 1443 2188 tenent,
1471 2121 1560 2190 qui
1593 2127 1770 2176 tamen
1798 2121 1938 2176 intus
1965 2118 2153 2176 viden-

570 2216 658 2262 tur
683 2206 739 2264 et
772 2209 1100 2280 Baptismum
1129 2210 1279 2277 dare,
1319 2221 1374 2267 et
1420 2211 1616 2267 habere
1652 2227 1684 2267 a
1727 2212 1874 2267 nullo
1914 2220 2153 2268 nostrum

569 2307 850 2369 negantur.
899 2298 1030 2354 Nam
1058 2315 1152 2356 eos
1181 2302 1462 2371 primatum
1502 2303 1555 2357 in
1583 2303 1777 2358 divinis
1809 2303 2007 2360 habere
2034 2304 2153 2375 quis

570 2387 733 2455 dicat,
765 2388 867 2444 nisi
896 2390 987 2460 qui
1018 2391 1150 2445 nihil
1179 2391 1417 2447 divinum
1445 2394 1622 2463 sapit?

637 2479 865 2537 CAPUT
906 2481 1069 2537 XVII.
1100 2513 1172 2522 —
1207 2482 1297 2537 22.
1338 2482 1444 2540 Sed
1466 2484 1577 2555 jam
1606 2485 1673 2539 ad
1701 2485 1787 2541 illa
1814 2485 2022 2557 eloquia
2052 2500 2149 2555 pa~

564 2570 715 2627 cilica
744 2573 1029 2643 Cypriani,
1059 2574 1165 2630 hoc
1202 2584 1286 2631 est
1319 2575 1387 2631 ad
1423 2577 1671 2647 Epistolze
1703 2576 1862 2633 linem
1903 2577 2151 2633 omnibus

563 2662 915 2719 consideratis
941 2670 1382 2736 pertractatisquc
1408 2676 1727 2737 perventum
1757 2678 1872 2735 est,
1913 2684 2033 2738 qua:
2060 2684 2149 2724 me

565 2754 833 2825 legentem
867 2764 923 2811 et
958 2771 1102 2826 strpe
1135 2766 1461 2827 repetentem
1501 2773 1606 2813 non
1637 2760 1830 2814 satiant
1860 2777 1875 2813 :
1905 2768 2048 2815 tanta
2081 2775 2148 2815 ex

563 2846 646 2900 eis
681 2846 982 2914 jucunditas
1014 2847 1232 2902 fraterni
1257 2849 1455 2904 amoris
1477 2848 1718 2915 exhalat,
1752 2856 1894 2903 tanta
1920 2848 2149 2905 dulcedo

566 2936 843 2993 cbaritatis
872 2938 1147 2994 exuberat.
1179 2938 1305 2995 Haec
1331 2940 1440 3004 tibi,
1474 2940 1663 3011 inquit,
1694 2942 1901 2996 breviter
1938 2958 2029 3012 pro
2057 2960 2149 2997 no-

560 3037 668 3084 stra
692 3030 1031 3085 mediocritate
1053 3032 1420 3103 rescripsimus,
1448 3033 1608 3103 frater
1627 3033 1938 3101 charissim,
1963 3036 2148 3090 nemini

562 3122 941 3193 prazscribentes
962 3133 1047 3177 aut
1071 3125 1488 3195 prtejudicantes,
1515 3127 1783 3194 quominus
1808 3129 2149 3198 unusquisque

562 3215 913 3286 episcoporum
940 3216 1075 3285 quod
1113 3225 1261 3286 putat
1286 3217 1464 3286 faciat,
1493 3217 1681 3272 habens
1703 3218 1899 3273 arbitrii
1919 3220 2002 3275 sui
2027 3219 2147 3276 libe-

561 3322 676 3359 ram
718 3314 1031 3376 potestatem.
1078 3305 1211 3373 Nos,
1253 3316 1497 3376 quantum
1539 3308 1593 3361 in
1635 3309 1777 3363 nobis
1819 3318 1913 3376 est,
1944 3320 2149 3381 propter

565 3399 824 3454 luereticos
847 3415 959 3452 cum
984 3398 1190 3469 collegis
1217 3408 1264 3453 et
1285 3400 1593 3471 coepiscOpis
1612 3401 1798 3456 nostris
1821 3418 1924 3456 non
1942 3412 2148 3457 conten-

563 3488 753 3555 dimus,
779 3504 894 3542 cum
917 3489 1095 3559 quibus
1121 3490 1443 3544 concordiam
1471 3500 1519 3545 et
1546 3492 1852 3546 dominicam
1876 3509 2050 3563 pacent
2070 3504 2142 3548 te-

563 3598 774 3647 nemus;
814 3581 1033 3635 maxime
1058 3597 1171 3635 cum
1193 3591 1239 3635 et
1262 3582 1531 3652 Apostolus
1571 3582 1727 3649 dicat,
1767 3601 1786 3635 ς
1821 3582 1882 3639 Si
1907 3586 2018 3654 quis
2045 3602 2147 3639 au-

563 3684 664 3730 tem
688 3676 934 3746 putaverit
961 3676 975 3705 ¹
1000 3674 1336 3730 contentiosus
1356 3691 1478 3741 esse,
1516 3691 1608 3730 nos
1638 3675 1788 3729 talem
1821 3678 2146 3732 consuetudi-

564 3783 681 3822 nem
704 3783 807 3822 non
832 3766 1090 3833 habemus,
1115 3783 1271 3837 neque
1297 3765 1531 3822 Ecclesia
1552 3768 1645 3822 Dei
1670 3787 1689 3820 ι
1726 3768 1768 3839 (l
1785 3767 1903 3823 Cor.
1929 3785 2007 3838 xi,
2037 3770 2146 3841 16).

565 3856 812 3921 Servatur
833 3873 867 3911 a
891 3858 1032 3913 nobis
1058 3859 1302 3926 patienter
1326 3868 1373 3913 et
1401 3859 1576 3913 leniter
1598 3859 1820 3914 charitas
1844 3861 2021 3929 animi,
2051 3863 2151 3917 ho-

565 3964 661 4011 nor
686 3948 903 4021 collegii,
936 3950 1191 4004 vinculum
1216 3951 1356 4018 ﬁdei,
1387 3950 1659 4004 concordia
1696 3951 1983 4007 sacerdotii.
2017 3952 2151 4008 Pro-

565 4048 675 4121 pter
703 4041 797 4095 hoc
824 4042 976 4097 etiam
1010 4043 1236 4098 libellum
1280 4043 1343 4097 de
1388 4043 1531 4097 Bono
1577 4042 1861 4110 Patientia,
1909 4055 2150 4116 quantum

565 4132 725 4195 valuit
751 4143 922 4188 nostra
947 4135 1282 4200 mediocritas,
1318 4137 1631 4203 permittente
1670 4135 1888 4191 Domino
1916 4148 1962 4192 et
1991 4140 2151 4209 inspi-

566 4232 711 4286 rante
732 4225 1141 4294 conscripsimus,
1187 4242 1333 4295 quem
1373 4224 1442 4278 ad
1470 4234 1516 4278 te
1553 4242 1646 4295 pro
1686 4236 1861 4281 nmtua
1888 4227 2153 4284 dilectione

569 4316 959 4380 transmisimus.

636 4406 731 4462 25.
770 4407 826 4462 ln
854 4405 937 4461 his
974 4405 1149 4461 verbis
1174 4406 1337 4461 multa
1362 4405 1749 4462 consideranda
1777 4415 1920 4475 sunt,
1949 4408 2145 4478 quibus

569 4500 623 4563 in
653 4498 756 4554 hoc
786 4498 900 4553 viro
926 4498 1014 4567 qui
1045 4498 1229 4552 dilexit
1256 4496 1504 4553 decorem
1533 4497 1726 4554 domus
1751 4499 1960 4555 Domini
1986 4508 2041 4556 et
2069 4502 2148 4557 lo-

568 4605 690 4651 cum
739 4588 1061 4645 tabernaculi
1115 4587 1457 4643 habitationis
1500 4588 1616 4658 ejus
1665 4587 1834 4659 (Psal.
1884 4605 2021 4657 xxv,
2069 4591 2146 4663 8),

568 4680 874 4738 Christianas
922 4679 1198 4736 ebaritatis
1245 4678 1417 4750 fulgor
1458 4680 1649 4736 elucet.
1695 4681 1895 4749 Primo,
1940 4683 2062 4753 quia
2096 4684 2149 4739 id

568 4771 713 4843 quod
756 4771 923 4827 sensit
947 4785 1053 4825 non
1098 4770 1263 4831 tacuit
1290 4788 1303 4825 :
1330 4769 1543 4838 deinde,
1579 4771 1701 4842 quia
1729 4780 1836 4827 tam
1877 4782 2152 4830 mansuete

568 4872 625 4918 et
650 4862 866 4932 paeilice
895 4862 1131 4932 protulit,
1159 4862 1283 4933 quia
1311 4876 1433 4917 cum
1455 4861 1536 4916 his
1562 4862 1650 4933 qui
1679 4862 1821 4918 aliud
1849 4864 2152 4921 sentiebant

569 4956 983 5014 ecclesiasticam
1017 4969 1198 5026 pacem
1226 4955 1416 5021 tenuit,
1452 4956 1572 5024 quia
1604 4958 1655 5010 in
1693 4956 1912 5011 unitatis
1938 4957 2152 5013 vinculo

570 5056 771 5105 tantam
799 5048 1162 5104 salubritatem
1202 5060 1323 5103 esse
1349 5045 1627 5113 intellexit,
1660 5047 1781 5116 quia
1802 5062 1921 5102 eam
1947 5055 2149 5103 tantum

567 5140 774 5207 dilexit,
804 5148 859 5196 et
887 5138 1062 5194 sobrie
1087 5137 1392 5204 custodivit,
1422 5136 1545 5208 quia
1573 5138 1703 5193 vidit
1722 5146 1776 5193 et
1799 5139 1966 5193 sensit
1989 5138 2149 5194 etiam

572 5231 784 5288 diversa
815 5230 1108 5288 sentientes
1144 5243 1298 5298 posse
1324 5228 1466 5283 salva
1494 5227 1752 5284 eharitate
1778 5230 1977 5284 sentire
2009 5247 2022 5283 :
2055 5244 2153 5285 ne-

573 5336 677 5393 que
702 5327 845 5379 enim
884 5337 1005 5378 cum
1045 5321 1199 5378 malis
1240 5329 1425 5377 tenere
1453 5334 1511 5375 se
1539 5320 1741 5377 diceret
1763 5321 1995 5377 divinam
2020 5336 2152 5376 eon-

578 5414 813 5470 cordlam
847 5424 901 5470 et
927 5413 1254 5469 dominicam
1282 5427 1463 5482 pacem
1494 5429 1507 5465 :
1540 5412 1707 5467 bonus
1732 5412 1928 5482 quippe
1955 5411 2154 5466 habere

574 5520 700 5577 erga
730 5508 898 5562 malos
927 5522 1111 5577 pacem
1151 5514 1355 5577 potest;
1389 5515 1568 5561 tenere
1604 5513 1779 5560 autem
1807 5519 1931 5559 cum
1954 5503 2033 5559 eis
2058 5518 2151 5573 pa-

572 5612 691 5655 cem
730 5613 837 5655 non
874 5608 1069 5669 potest,
1098 5616 1256 5672 quam
1300 5600 1426 5682 ipsi,
1443 5614 1548 5654 non
1589 5605 1809 5653 tenent:
1862 5605 2151 5667 postremo,

640 5755 657 5787 ι
685 5755 758 5804 sic
778 5754 961 5804 habent
984 5760 1080 5803 Am.
1106 5762 1178 5805 Er.
1199 5762 1248 5806 et
1273 5764 1375 5807 Mss.
1406 5762 1457 5805 At
1481 5761 1606 5813 Lov.,
1633 5756 1841 5815 putatur.

635 5816 713 5885 (α)
736 5822 770 5865 tt
791 5823 1017 5879 Rctract.,
1038 5830 1140 5881 cap.
1170 5819 1241 5867 18.

1339 362 1428 419 DE
1467 356 1806 417 BAPTISMO
1841 354 2113 411 CONTRA
2158 353 2596 426 DUNATISTAS,
2637 360 2693 417 S.
2736 362 3098 420 AUGUSTINI
3725 375 3808 432 l88

2282 470 2401 537 quia
2435 473 2629 527 nemini
2662 476 3014 543 praescribens
3043 494 3212 548 neque
3237 480 3603 550 praejudicans,
3628 488 3804 554 quomi-

2279 573 2377 613 nus
2404 563 2764 633 unusquisque
2790 566 3159 636 episcoporum
3184 569 3322 638 quod
3350 579 3493 638 putat
3527 572 3688 641 iaciat,
3726 574 3802 630 ha-

2276 650 2408 707 bens
2462 654 2665 710 arbitrii
2721 658 2801 711 sui
2848 659 3068 714 liberam
3114 670 3445 731 potestatem,
3487 666 3635 719 etiam
3676 670 3800 726 nobis

2274 741 2744 815 qualibuscumque
2775 747 2948 803 locum
2969 749 3133 816 dedit,
3164 751 3383 820 paciﬁce
3406 767 3580 809 secum
3600 754 3691 811 ista
3717 766 3802 811 tra-

2274 834 2471 888 ctandi.
2528 835 2770 892 Praesens
2809 848 2892 894 est
2932 842 3096 906 enim,
3146 857 3251 896 non
3294 844 3465 897 solum
3505 859 3596 914 per
3634 845 3804 904 litteras

2274 940 2420 993 suas,
2450 928 2545 983 sed
2574 930 2731 984 etiam
2762 946 2859 1000 per
2886 932 3054 1002 ipsam
3072 948 3189 1003 qua:
3214 935 3267 988 in
3298 934 3388 989 illo
3407 936 3625 992 maxime
3648 939 3801 1008 viguit,

2273 1025 2328 1072 et
2348 1019 2484 1074 mori
2510 1035 2776 1090 nunquam
2804 1023 2993 1092 potuit,
3022 1024 3353 1079 charitatem.
3378 1025 3508 1081 Huic
3526 1042 3644 1097 ergo
3667 1028 3805 1084 inha-

2271 1123 2394 1164 rere
2420 1119 2476 1164 et
2509 1112 2861 1182 eonglutinari
2888 1114 3221 1182 desiderans,
3269 1116 3316 1172 si
3354 1131 3461 1172 non
3485 1118 3721 1189 impediar
3740 1121 3798 1175 in-

2271 1203 2642 1259 convenientia
2687 1216 3025 1275 peccatorum
3065 1223 3327 1276 meorum,
3367 1211 3679 1267 orationibus
3711 1212 3804 1281 ejus

2269 1292 2500 1364 adjutus,
2544 1295 2744 1351 discam
2787 1298 2833 1352 si
2876 1307 3064 1368 potero
3099 1314 3198 1369 per
3246 1300 3448 1356 litteras
3488 1300 3598 1371 ejus
3638 1312 3803 1372 quanta

2269 1401 2399 1457 pace
2429 1402 2524 1458 per
2557 1404 2681 1444 eum
2723 1390 3014 1447 Ecclesiam
3038 1405 3189 1445 suam
3226 1392 3509 1459 Dominus,
3548 1401 3603 1447 et
3636 1402 3803 1462 quanto

2267 1479 2460 1535 solatio
2501 1480 2916 1551 gubernaverit;
2953 1492 3011 1539 et
3047 1498 3145 1552 per
3172 1483 3288 1554 ejus
3313 1485 3573 1539 sermonis
3593 1483 3801 1540 allectum

2266 1571 2559 1630 visceribus
2605 1573 2915 1630 humilitatis
2952 1574 3188 1643 indutus,
3224 1575 3271 1629 si
3308 1573 3433 1645 quid
3471 1574 3637 1630 verius
3658 1573 3803 1630 sentio

2264 1677 2387 1719 cum
2413 1663 2543 1720 orbe
2569 1673 2851 1734 terrarum,
2878 1682 2984 1722 non
3005 1667 3055 1722 ei
3083 1681 3387 1738 prasponam
3405 1680 3499 1721 cor
3520 1680 3702 1732 meum,
3722 1680 3803 1721 nec

2265 1755 2319 1809 in
2346 1769 2413 1810 eo
2439 1754 2555 1825 ipso
2581 1755 2721 1825 quod
2759 1758 2913 1812 aliter
2940 1759 3176 1813 sentiens
3203 1772 3309 1813 non
3343 1764 3513 1812 tamen
3549 1756 3802 1826 diremptus

2263 1854 2349 1902 est
2374 1846 2442 1902 ab
2479 1847 2609 1902 orbe
2648 1856 2928 1903 terrarum.
2954 1848 3127 1919 Majus
3148 1848 3347 1919 quippe
3373 1848 3427 1904 in
3452 1861 3518 1903 eo
3543 1846 3694 1902 robur
3714 1847 3801 1902 vir-

2264 1936 2391 1992 tutis
2417 1936 2663 2001 eminuit,
2689 1952 2812 1993 cum
2835 1939 2935 1994 ista
2965 1939 3188 2009 quasstio
3213 1938 3447 1993 nondum
3470 1936 3692 1993 discussa
3716 1952 3798 1992 nu-

2262 2034 2419 2094 taret,
2445 2028 2587 2099 quod
2612 2030 2765 2085 aliter
2797 2031 3034 2086 sentiens
3060 2045 3219 2101 quam
3246 2030 3399 2084 multi
3440 2029 3667 2100 collegae,
3707 2038 3802 2083 tan-

2263 2129 2371 2176 tam
2399 2121 2821 2179 moderationem
2846 2124 3093 2189 obtinuit,
3118 2131 3178 2178 ut
3199 2122 3457 2178 Ecclesia:
3486 2123 3574 2177 Dei
3596 2128 3800 2177 Sanctam

2260 2212 2569 2267 societatem
2602 2213 2745 2268 nulla
2784 2213 3086 2269 schismatis
3114 2213 3233 2270 labe
3262 2220 3550 2275 truncaret,
3588 2226 3727 2280 quam
3763 2209 3801 2264 si

2260 2302 2438 2357 omnia
2480 2316 2587 2357 non
2630 2302 2803 2358 solum
2845 2303 3128 2372 veraciter,
3175 2302 3271 2358 sed
3321 2302 3479 2357 etiam
3506 2301 3687 2371 pariter
3707 2299 3802 2354 sine

2260 2393 2362 2449 ista
2408 2394 2602 2450 virtute
2629 2395 2871 2451 sentiret.
2919 2394 3101 2467 Neque
3126 2396 3269 2451 enim
3302 2394 3353 2449 ei
3394 2394 3593 2463 placeo,
3631 2391 3673 2447 si
3708 2389 3801 2460 ejus

2259 2487 2526 2558 ingenium
2553 2486 2959 2559 facultatemque
2983 2486 3250 2545 sermonis
3267 2496 3331 2543 et
3356 2486 3602 2542 doctrinae
3624 2484 3803 2539 uberta-

2260 2588 2365 2634 tem
2394 2587 2579 2635 saneto
2603 2568 2829 2635 concilio
2856 2587 3165 2635 cunctarum
3190 2579 3433 2650 gentium
3456 2620 3471 2644 ,
3494 2578 3575 2633 cui
3601 2574 3802 2647 profecto

2259 2672 2502 2727 interfuit
2531 2689 2625 2743 per
2647 2674 2864 2743 spiritus
2892 2674 3173 2740 unitatem,
3205 2686 3520 2743 prazponere
3542 2670 3762 2725 all‘ectem
3788 2684 3800 2721 :

2258 2764 2552 2833 praesertim
2577 2765 2689 2834 jam
2714 2766 2766 2819 in
2796 2766 2884 2820 tali
2910 2765 3148 2821 veritatis
3167 2766 3291 2820 luce
3323 2765 3511 2835 posito,
3535 2763 3619 2818 ubi
3641 2760 3798 2816 certis-

2257 2857 2391 2912 sime
2415 2858 2588 2913 cernit
2610 2858 2751 2929 quod
2791 2859 2875 2914 hic
2919 2859 3257 2929 paeatissime
3290 2859 3607 2929 requirebat.
3636 2855 3704 2910 Ex
3728 2852 3801 2907 illa

2256 2948 2397 3002 enim
2428 2948 2667 3004 ubertate
2698 2949 2811 3005 habe
2838 2961 3020 3006 nostra
3044 2965 3165 3020 qua:
3189 2948 3442 3006 videntur
3467 2947 3682 3017 eloquia,
3703 2952 3800 2999 tan-

2256 3056 2413 3111 quam
2440 3040 2696 3097 inlantilia
2723 3041 3025 3098 rudimenta
3051 3041 3260 3098 deridet
3306 3060 3321 3096 :
3354 3042 3423 3097 ibi
3450 3040 3587 3096 videt
3611 3051 3705 3109 qua
3728 3050 3800 3091 re-

2255 3132 2377 3203 gula
2407 3134 2614 3203 pietatis
2652 3133 2739 3189 hic
2761 3134 2966 3205 egerit,
3008 3143 3067 3189 ut
3100 3133 3231 3189 nihil
3257 3143 3407 3190 esset
3441 3134 3489 3190 ei
3523 3134 3572 3187 in
3597 3129 3802 3187 Ecclesia

2254 3223 2470 3281 charius
2499 3224 2700 3281 unitate
2729 3243 2744 3281 :
2775 3225 2848 3281 ibi
2871 3226 3031 3282 etiam
3059 3225 3317 3282 ineffabili
3336 3226 3674 3282 delectatione
3698 3236 3803 3279 eon-

2256 3322 2435 3369 tuetur
2474 3330 2633 3386 quam
2677 3315 2896 3386 provida
2932 3324 2988 3371 et
3022 3317 3521 3371 misericordissima
3562 3315 3802 3385 dispensa-

2256 3406 2402 3462 tione
2448 3406 2706 3463 Dominus
2756 3415 2814 3462 ut
2862 3414 3099 3462 tumores
3148 3416 3366 3463 nostros
3402 3414 3627 3473 curaret,
3669 3403 3801 3459 stulta

2254 3496 2440 3551 mundi
2468 3497 2628 3568 elegit
2651 3505 2711 3552 ut
2734 3496 3084 3553 confunderet
3110 3497 3387 3567 sapientes
3415 3499 3468 3563 ¹;
3496 3504 3644 3566 atque
3666 3494 3712 3548 in
3731 3506 3803 3547 or-

2255 3588 2468 3644 dinibus
2514 3589 2878 3646 membrorum
2937 3589 3192 3645 Ecclesiae
3242 3603 3360 3645 suae
3411 3598 3513 3644 tam
3559 3584 3803 3643 salubriter

2254 3680 2433 3735 omnia
2457 3680 2761 3748 collocaret,
2791 3696 2859 3735 ne
2880 3679 2949 3736 de
2977 3680 3192 3751 ingenio
3222 3680 3309 3735 vel
3333 3680 3522 3736 litteris
3545 3678 3664 3741 suis,
3694 3687 3803 3744 quas

2254 3772 2430 3827 adhuc
2454 3772 2762 3842 ignorarent
2788 3772 2942 3842 cujus
2968 3785 3195 3827 munere
3231 3772 3492 3827 haberent
3510 3812 3523 3837 ,
3552 3770 3733 3824 electos
3755 3778 3803 3817 se

2254 3863 2323 3917 ad
2344 3862 2664 3933 adjutorium
2694 3862 3058 3932 evangelicum
3098 3861 3347 3917 homines
3383 3861 3635 3923 dicerent,
3671 3865 3805 3924 atque

2256 3953 2379 4008 inde
2429 3953 2677 4023 pestifera
2713 3953 3025 4008 inflarentur
3062 3952 3336 4023 superbia.
3366 3952 3412 4007 Ο
3450 3966 3604 4021 quam
3639 3944 3805 4018 gaudet

2254 4046 2550 4118 Cyprianus
2569 4049 2583 4101 l
2611 4054 2809 4117 quanto
2829 4046 3071 4101 serenius
3091 4046 3143 4100 in
3173 4045 3258 4099 illa
3282 4045 3405 4101 luce
3419 4052 3705 4105 contuetur,
3725 4051 3804 4106 pro

2255 4147 2452 4208 quanta
2493 4139 2663 4193 salute
2690 4137 2906 4192 humani
2949 4138 3162 4207 generis
3196 4135 3390 4191 factum
3418 4136 3485 4190 sit
3514 4144 3568 4189 ut
3595 4128 3803 4187 invenia-

2258 4240 2344 4285 tur
2367 4230 2563 4300 aliquid
2600 4229 2743 4300 quod
2772 4229 2962 4289 merito
3006 4228 3450 4299 reprehendatur,
3500 4224 3724 4297 quamvis
3761 4218 3807 4275 in

2255 4323 2559 4379 cbristianis
2583 4332 2637 4379 et
2661 4323 2761 4393 piis
2785 4322 2976 4377 litteris
3002 4330 3293 4387 oratorum,
3319 4330 3375 4377 et
3402 4336 3506 4376 non
3536 4315 3803 4374 inveniatur

2258 4418 2310 4473 in
2340 4417 2555 4472 Litteris
2592 4416 2957 4472 Piscatorum?
3000 4415 3075 4471 De
3105 4415 3207 4470 hoc
3243 4430 3345 4485 ego
3376 4417 3396 4447 ²
3426 4414 3615 4486 gaudio
3636 4416 3809 4465 sancta:

2256 4510 2400 4564 illius
2426 4509 2617 4563 anima:
2640 4508 2858 4563 omnino
2884 4521 3105 4563 securus
3125 4548 3140 4574 ,
3171 4522 3347 4577 neque
3371 4507 3481 4562 ullo
3507 4503 3659 4560 modo
3684 4509 3807 4554 meas

2258 4603 2462 4657 litteras
2493 4599 2564 4655 ab
2590 4600 2735 4655 omni
2779 4606 2957 4654 errato
2986 4598 3179 4653 liberas
3207 4597 3381 4653 audeo
3418 4597 3497 4653 vel
3539 4602 3714 4666 putare
3738 4586 3809 4643 vel

2257 4693 2466 4758 dicere;
2499 4707 2670 4761 neque
2700 4690 2841 4745 illius
2867 4690 2989 4744 huic
3017 4689 3297 4744 sententia:
3318 4730 3333 4753 ,
3370 4689 3423 4743 in
3450 4700 3552 4758 qua
3586 4685 3632 4740 ei
3660 4682 3807 4737 visum

2256 4793 2337 4840 est
2362 4783 2516 4838 aliter
2540 4780 2904 4852 suscipiendos
2948 4781 3014 4835 ab
3046 4780 3313 4834 haereticis
3358 4778 3648 4842 venientes,
3672 4783 3809 4843 quam

2260 4874 2343 4931 vel
2371 4876 2421 4929 in
2454 4874 2777 4945 pmteritum
2804 4871 3253 4942 suscipiebantur,
3289 4870 3428 4925 sicut
3454 4870 3565 4940 ipse
3592 4871 3807 4921 testatur.

2259 4966 2344 5021 vel
2384 4981 2524 5022 nunc
2566 4964 2945 5035 suscipiuntur,
2993 4962 3131 5018 sicut
3174 4962 3333 5016 totius
3377 4959 3524 5015 orbis
3563 4948 3810 5012 christiani

2260 5059 2500 5129 plenario
2527 5054 2753 5112 concilio
2782 5053 3111 5110 rationabilis
3147 5049 3476 5107 consuetudo
3504 5048 3700 5102 firmata
3724 5048 3809 5104 esi.

2260 5165 2433 5205 meam
2463 5162 2714 5219 praepono
2739 5146 3055 5202 sententiam
3076 5186 3090 5210 ,
3119 5143 3212 5200 sed
3242 5143 3497 5198 Ecclesia:
3521 5146 3709 5195 saneta:
3734 5144 3810 5187 ca-

2263 5241 2490 5303 tholicae,
2537 5253 2695 5309 quam
2733 5238 2811 5293 sic
2844 5237 2935 5292 ille
2972 5236 3158 5291 dilexit
3189 5242 3244 5290 et
3281 5232 3470 5302 diligit,
3500 5232 3550 5286 in
3590 5242 3687 5299 qua
3724 5234 3813 5277 tam

2262 5332 2478 5387 uberem
2523 5344 2641 5384 eum
2684 5327 2963 5385 tolerantia
3001 5325 3229 5382 fructum
3263 5324 3440 5379 attulit
3485 5339 3499 5375 :
3538 5318 3684 5389 cujus
3709 5312 3813 5370 uni-

2261 5424 2484 5478 versitas
2526 5423 2639 5492 ipse
2683 5436 2788 5476 non
2820 5419 2935 5486 fuit,
2976 5417 3069 5473 sed
3115 5416 3168 5471 in
3199 5416 3316 5485 ejus
3345 5412 3684 5470 universitate
3715 5418 3814 5474 pet-

2328 5622 2342 5652 ι
2367 5622 2439 5669 sic
2453 5624 2557 5666 Mss.
2578 5622 2633 5666 At
2656 5615 2816 5678 editi,‘
2831 5623 2957 5664 Deus
2981 5612 3175 5678 inﬁrma
3197 5608 3363 5678 mundi
3386 5586 3612 5678 (flagitant
3629 5607 3816 5678 ξᾳῖζξοζίξδ

2261 5664 2696 5754 nostros—atram;
2732 5664 2927 5739 inﬁnita
2961 5664 3131 5726 mundi
3166 5672 3323 5737 elegit,
3364 5676 3413 5720 ut
3437 5664 3733 5729 cbnhudet'cl
3751 5672 3815 5710 m-

2328 5757 2614 5870 Lugd.
2639 5810 2754 5855 ven.
2777 5809 2906 5861 Lov.,
2932 5811 3059 5865 ergo.
3158 5805 3212 5849 Μ.
