4008 6468
215 380 297 436 189
1543 375 1742 431 LIBER

1887 375 2097 433 INTUS.
3190 395 3232 435 ο

205 501 411 566 mansit;
434 499 590 569 cujus
613 498 844 553 radicem
871 511 1136 565 nunquam
1164 493 1416 556 deseruit,
1433 492 1525 547 sed
1553 493 1605 546 in
1627 491 1777 560 cujus

203 593 365 650 radice
391 590 654 647 fecundus
675 601 733 645 ut
753 597 915 655 esset,
940 585 1211 642 fecundior
1230 584 1298 639 ab
1322 583 1551 654 agricola
1576 582 1778 637 emlesti

199 692 439 757 purgatus
469 691 591 747 est;
622 698 718 752 pro
745 681 895 751 cujus
918 694 1045 749 pace
1071 693 1134 732 ac
1157 677 1350 741 salute,
1384 690 1453 729 ne
1474 674 1631 728 simul
1656 687 1779 728 eum

198 774 401 833 zizaniis
428 773 798 830 eradicaretur
816 780 869 827 et
892 770 1143 835 triticum,
1170 776 1310 823 tanta
1338 766 1475 820 mala
1507 765 1779 819 hominum

197 882 364 922 secum
397 867 451 920 in
482 865 688 919 unitate
734 863 1142 918 constitutorum
1178 871 1231 915 et
1269 858 1509 913 veritatis
1536 857 1782 913 libertate

195 958 473 1028 redarguit,
507 964 560 1012 et
586 954 860 1011 charitatis
893 954 1085 1009 virtute
1114 950 1384 1008 sustinuit.

254 1049 487 1105 CAPUT
527 1047 880 1103 XVlll.-—24.
902 1044 977 1119 (a)
1001 1045 1147 1101 Unde
1165 1060 1262 1099 nos
1289 1042 1427 1098 idem
1450 1042 1563 1113 ipse
1593 1041 1777 1110 copio—

196 1142 391 1198 sissime
430 1141 727 1208 admonet,
755 1139 951 1193 multos
990 1139 1040 1191 in
1071 1136 1281 1192 delictis
1309 1134 1418 1189 suis
1457 1142 1510 1189 et
1549 1133 1780 1204 peccatis

196 1244 423 1291 mortuos
446 1276 463 1301 ,
490 1233 735 1304 quamvis
761 1230 829 1285 ad
868 1229 1064 1287 Christi
1115 1227 1424 1283 societatem
1450 1234 1504 1280 et
1545 1224 1609 1279 ad
1640 1224 1781 1278 illius

197 1324 443 1381 columba:
474 1325 648 1378 unica:
683 1322 981 1377 innocentis
1028 1329 1085 1375 et
1130 1317 1386 1387 simplicis
1411 1316 1646 1371 membra
1674 1329 1777 1369 non
1806 1358 1815 1359 κ

197 1416 512 1486 pertinentes
526 1414 667 1484 (quae
682 1414 727 1468 si
748 1414 859 1468 sola
881 1412 1190 1483 baptizaret,
1207 1410 1281 1465 illi
1297 1409 1477 1479 utique
1492 1423 1595 1463 non
1612 1407 1782 1476 bapti-

199 1509 409 1578 zarent),
436 1502 617 1579 specie
637 1516 815 1562 tamen
833 1506 975 1559 intus
1002 1502 1168 1558 videri
1189 1514 1242 1557 et
1268 1501 1522 1572 baptizari
1539 1509 1592 1555 et
1617 1499 1781 1569 bapti.

199 1617 322 1656 rare.
338 1600 403 1655 Et
418 1600 471 1653 in
489 1599 569 1654 eis
584 1598 832 1669 quamvis
844 1595 1087 1662 mortuis,
1102 1594 1240 1648 illius
1257 1600 1433 1648 tamen
1451 1591 1779 1662 Baptismum

200 1694 379 1757 vivere,
402 1691 494 1762 qui
516 1706 623 1745 non
646 1691 889 1755 moritur,
904 1696 959 1742 et
982 1701 1126 1741 mors
1154 1685 1231 1740 illi
1254 1700 1360 1739 non
1388 1683 1523 1739 ultra
1547 1682 1781 1737 domina-

199 1785 341 1841 bitur.
368 1783 505 1840 Cum
533 1796 663 1853 ergo
690 1790 745 1837 et
780 1781 922 1835 intus
947 1779 1051 1835 sint
1078 1778 1313 1844 mortui,
1346 1790 1520 1846 neque
1552 1775 1779 1829 latentes

200 1879 329 1951 (nam
349 1892 454 1931 non
476 1874 543 1931 de
569 1876 673 1931 illis
703 1884 847 1930 tanta
883 1873 1086 1927 diceret
1109 1867 1451 1942 Cyprianus),
1468 1868 1556 1938 qui
1570 1867 1653 1922 vel
1673 1880 1777 1921 non

198 1971 481 2043 pertineant
498 1969 566 2025 ad
595 1970 739 2024 illam
763 1968 935 2022 vivam
958 1965 1379 2030 columbam,vel
1400 1962 1630 2018 nondum
1659 1977 1781 2032 per-

200 2065 416 2128 tineant;
446 2073 503 2118 et
527 2063 655 2117 foris
684 2062 790 2117 sint
819 2060 1048 2127 mortui,
1081 2060 1168 2129 qui
1197 2056 1529 2112 manifestius
1557 2055 1622 2110 ad
1660 2070 1779 2111 eam

197 2157 269 2213 vel
293 2172 393 2212 non
438 2156 775 2226 pertineant,
809 2153 890 2208 vel
921 2151 1153 2207 nondum
1190 2150 1528 2221 pertineant;
1561 2162 1778 2203 verum~

199 2262 289 2317 que
324 2248 390 2301 sit
416 2262 518 2299 non
545 2261 691 2311 posse
713 2244 775 2298 ab
801 2260 857 2300 eo
885 2242 1127 2312 viviﬁcari
1168 2242 1402 2304 alterum,
1428 2239 1517 2309 qui
1542 2240 1651 2310 ipse
1675 2255 1776 2293 non

198 2336 709 2393 rieit:manifestum
738 2343 820 2390 est
865 2349 958 2390 eos
984 2334 1079 2405 qui
1123 2333 1264 2387 intus
1306 2346 1336 2385 a
1382 2330 1575 2385 talibus
1603 2329 1776 2399 bapti-

199 2436 390 2494 zantur,
436 2429 482 2483 si
528 2443 655 2483 vera
699 2427 1048 2482 conversione
1086 2424 1263 2481 cordis
1297 2421 1591 2487 accedunt,
1620 2421 1687 2475 ab
1711 2435 1779 2477 eo

200 2518 441 2574 vivificari
493 2518 645 2589 cujus
670 2526 754 2573 est
782 2518 1103 2587 Baptismus.
1134 2514 1188 2570 Si
1219 2524 1397 2569 autem
1427 2513 1625 2568 szeculo
1652 2527 1775 2568 ver-

197 2609 271 2664 bis
293 2620 343 2665 et
371 2624 475 2664 non
502 2607 653 2664 factis
674 2609 997 2671 renuntiant,
1021 2606 1207 2676 quales
1227 2604 1520 2676 Cyprianus
1544 2611 1600 2659 et
1628 2603 1771 2659 intus

197 2706 305 2749 esse
334 2702 576 2758 testatur;
608 2707 707 2747 nec
749 2693 893 2761 ipsos
917 2689 1172 2747 vivificari
1195 2689 1295 2744 nisi
1342 2694 1727 2743 convertantur
1751 2726 1767 2753 ,

197 2793 247 2840 et
268 2794 438 2841 tamen
462 2801 650 2841 verum
678 2785 875 2840 habere
902 2783 1255 2854 Baptismum,
1283 2780 1491 2836 etiamsi
1520 2795 1627 2835 non
1649 2794 1780 2836 con-

198 2886 473 2933 vertantur.
531 2876 680 2934 Unde
707 2877 867 2932 etiam
907 2876 1201 2931 exteriores
1228 2881 1467 2928 mortuos
1493 2914 1508 2939 ,
1533 2871 1778 2943 quamvis

200 2986 344 3040 neque
382 2970 588 3036 vivant,
632 2984 793 3039 neque
845 2967 1134 3033 viviﬁcent,
1188 2963 1386 3020 habere
1438 2972 1615 3018 tamen
1670 2961 1777 3017 Ba-

200 3061 433 3131 ptismum
489 3060 709 3127 vivum,
757 3059 848 3129 qui
896 3058 974 3113 eis
1039 3066 1166 3112 tunc
1236 3054 1404 3126 prosit
1453 3052 1518 3108 ad
1572 3053 1774 3119 vitam,

202 3154 242 3208 si
262 3161 631 3209 convertantur
653 3154 719 3207 ad
752 3166 956 3221 pacem,
988 3150 1234 3205 similiter
1256 3145 1595 3202 manifestum
1622 3153 1724 3202 est.

263 3242 479 3305 CAPUT
500 3243 646 3298 XIX.
668 3273 739 3284 —
765 3242 855 3298 25.
879 3242 1216 3312 Quapropter
1242 3239 1333 3310 qui
1366 3250 1492 3294 tunc
1509 3238 1578 3294 ab
1605 3240 1778 3294 haere-

204 3335 336 3391 sibus
372 3336 651 3391 venientes
700 3335 754 3389 in
801 3333 989 3389 eodem
1021 3332 1222 3387 Christi
1252 3331 1526 3401 Baptismo
1548 3371 1564 3398 ,
1616 3343 1776 3400 quem

204 3426 321 3484 foris
367 3436 720 3498 acceperant,
755 3425 1151 3496 suscipiebant,
1181 3433 1235 3479 et
1275 3420 1524 3478 dicebant
1570 3438 1625 3476 se
1645 3430 1778 3476 vete-

205 3536 302 3575 rem
335 3521 749 3575 consuetudinem
800 3519 969 3589 sequi,
999 3518 1136 3571 sicut
1175 3517 1336 3571 etiam
1375 3529 1518 3570 nunc
1555 3514 1778 3585 suscipit

203 3612 425 3669 Ecclesia
461 3632 473 3667 :
504 3613 700 3668 frustra
740 3622 925 3666 contra
956 3624 1051 3666 eos
1089 3610 1394 3677 dicebatur,
1425 3609 1565 3679 apud
1591 3618 1777 3663 veteres

203 3704 399 3760 hcreses
424 3713 472 3758 et
528 3704 805 3758 schismata
834 3703 851 3733 ⁸
879 3702 1045 3772 prima
1068 3700 1235 3754 adhuc
1260 3701 1417 3771 fuisse
1443 3700 1609 3766 initia,
1645 3706 1699 3754 ut
1724 3698 1778 3752 hi

201 3797 300 3851 illic
324 3806 485 3852 essent
528 3797 614 3867 qui
642 3796 706 3850 de
744 3794 972 3850 Ecclesia
1010 3793 1325 3860 recedebant,
1344 3802 1398 3846 et
1426 3792 1506 3846 hic
1536 3792 1779 3863 baptizari

202 3888 329 3956 prim
355 3892 593 3958 fuerant,
623 3902 749 3958 quos
793 3895 912 3939 tunc
939 3884 1007 3937 ad
1060 3882 1343 3937 Ecclesiam
1384 3890 1680 3938 reuertentes
1728 3890 1778 3936 et

200 3978 530 4047 penitentiam
552 3984 771 4049 agentes,
806 3991 1005 4031 necesse
1024 3990 1125 4029 non
1160 3982 1265 4029 erat
1295 3974 1560 4044 baptizari.
1586 3972 1776 4029 Statim

200 4069 330 4124 enim
369 4078 427 4124 ut
456 4081 793 4138 unaquaque
830 4066 1050 4121 hzeresis
1093 4064 1395 4131 existebat,
1420 4072 1474 4120 et
1494 4079 1525 4119 a
1549 4078 1777 4135 congre-

197 4161 397 4230 gatione
423 4160 705 4217 catholicae
729 4157 1119 4214 communionis
1139 4157 1355 4224 exibat,
1383 4170 1489 4212 non
1530 4156 1648 4212 dico
1673 4155 1778 4211 alio

197 4251 305 4321 die,
334 4251 427 4308 sed
454 4259 510 4308 et
556 4251 674 4321 ipso
716 4249 805 4305 die
832 4257 1044 4320 poterat
1070 4249 1335 4304 irruentes
1378 4249 1431 4302 in
1471 4262 1531 4303 se
1571 4247 1778 4317 aliquos

199 4341 476 4412 baptizare.
508 4342 576 4396 Et
606 4340 726 4396 ideo
749 4342 792 4396 si
837 4349 990 4395 vetus
1018 4339 1136 4395 haec
1167 4346 1283 4395 erat
1325 4337 1654 4394 consuetudo
1678 4379 1692 4404 ,
1720 4346 1779 4394 ut

199 4433 271 4489 sic
292 4435 688 4505 susciperentur
716 4432 895 4503 (quod
924 4446 1023 4487 nec
1068 4432 1167 4501 ipsi
1206 4431 1293 4501 qui
1320 4438 1504 4487 contra
1543 4429 1777 4485 dissere-

198 4524 316 4591 bant
349 4542 546 4597 negare
584 4522 930 4597 potuerunt),
964 4524 1092 4578 nulli
1121 4522 1278 4594 paulo
1306 4522 1563 4578 attentius
1591 4521 1779 4576 adver-

200 4620 319 4674 tenti
345 4628 521 4691 potest
535 4634 656 4676 esse
674 4619 915 4687 dubium,
932 4619 1094 4674 etiam
1112 4632 1205 4673 eos
1232 4617 1310 4673 sic
1338 4624 1773 4686 essesuseeptos,

201 4711 282 4780 qui
298 4713 424 4768 foris
444 4714 499 4768 in
529 4713 824 4768 haeresibus
849 4711 1101 4782 baptizati
1124 4719 1269 4766 sunt.
1750 4708 1761 4721 '

264 4801 348 4859 Q6.
376 4803 509 4859 Illud
536 4813 715 4860 autem
742 4804 869 4875 quid
895 4803 1091 4858 habeat
1115 4804 1338 4857 rationis
1365 4817 1471 4857 non
1500 4801 1657 4858 video
1677 4846 1691 4870 ,
1722 4811 1781 4858 ut

206 4896 414 4949 nondum
461 4895 673 4950 dicatur
725 4897 830 4950 ovis
858 4912 1068 4960 errans,
1110 4895 1195 4949 cui
1244 4896 1501 4964 quaerenti
1551 4896 1777 4950 salutem

209 4981 535 5040 christianam
560 5027 574 5050 ,
612 4986 662 5038 in
714 4985 1088 5041 haereticorum
1136 4983 1372 5040 incidere
1420 5000 1657 5040 errorem
1679 5028 1693 5052 ,
1724 4994 1780 5041 et

206 5074 331 5141 apud
372 5090 467 5131 eos
488 5076 749 5146 contingit
776 5065 1069 5146 baptizari;
1099 5083 1155 5131 et
1182 5075 1298 5133 ovis
1320 5074 1430 5145 jam
1458 5074 1596 5130 facta
1636 5076 1781 5131 diea-

212 5170 286 5218 tur
308 5166 357 5219 in
383 5167 494 5236 ipsa
528 5166 673 5221 intus
702 5166 973 5222 Catholica
991 5208 1005 5232 ,
1035 5167 1124 5237 qui
1155 5166 1351 5221 saeculo
1371 5166 1550 5222 verbis
1575 5166 1703 5221 solis
1725 5174 1781 5223 et

212 5269 305 5309 non
330 5256 480 5314 factis
526 5257 891 5324 renuntiavit,
924 5265 978 5313 et
1016 5259 1068 5311 in
1095 5272 1157 5313 ea
1204 5256 1381 5312 cordis
1423 5256 1651 5313 falsitate
1680 5258 1781 5312 Ba-

214 5346 444 5413 ptismum
466 5349 694 5419 accepit.
724 5350 830 5403 Aut
852 5348 897 5403 si
928 5358 982 5403 et
1010 5348 1128 5403 talis
1154 5363 1259 5402 non
1290 5348 1347 5402 ﬁt
1372 5348 1507 5412 ovis,
1540 5348 1777 5403 nisieum

215 5448 265 5490 se
286 5437 346 5491 ad
383 5438 552 5494 Deum
584 5438 761 5494 veraci
800 5437 961 5493 corde
986 5438 1311 5492 converterit
1344 5455 1356 5491 :
1387 5438 1521 5492 sicut
1550 5440 1648 5493 iste
1673 5454 1776 5493 nou

216 5529 403 5594 quando
430 5530 487 5585 fit
508 5530 624 5586 ovis
648 5529 963 5600 baptizatur,
994 5530 1037 5583 si
1061 5529 1169 5599 jam
1204 5529 1496 5598 baptizatus
1522 5538 1656 5596 erat,
1685 5530 1778 5585 sed

218 5618 313 5672 ovis
336 5621 563 5675 nondum
592 5630 726 5685 erat;
756 5622 831 5675 sic
858 5629 911 5674 et
940 5620 1029 5674 ille
1058 5620 1147 5689 qui
1177 5618 1320 5672 venit
1342 5617 1407 5671 ab
1434 5618 1697 5673 haereticis
1723 5630 1780 5673 ut

273 5710 288 5773 ξ
311 5716 461 5773 Forte,
484 5710 685 5763 hazresis
703 5717 749 5761 et
764 5709 1091 5761 schismatum.

271 5769 335 5834 (a)
354 5769 675 5834 Sequentihus
689 5773 880 5821 duobus
904 5786 973 5834 ea;
993 5773 1140 5821 ilibus
1176 5773 1417 5820 examinat
1439 5770 1649 5833 Cypriani
1677 5771 1780 5832 epi-

218 5829 367 5882 stolam
382 5829 455 5901 Η,
481 5837 539 5901 ad
557 5837 795 5897 quintum.

3370 397 3469 453 190

1890 495 2005 549 ovis
2030 494 2117 548 liat
2139 537 2151 560 ,
2196 511 2299 551 non
2332 507 2453 553 tunc
2480 500 2823 570 baptizandus
2845 510 2928 557 est
2946 545 2961 569 ,
2985 503 3029 558 si
3056 504 3195 575 apud
3220 520 3313 562 eos
3352 509 3464 577 jam

1890 585 2077 641 eodem
2105 586 2374 657 Baptismo
2401 591 2692 661 baptizatus
2713 604 2829 650 erat
2849 638 2862 662 ,
2886 597 3126 665 quamvis
3151 597 3327 654 adhuc
3354 602 3472 655 ovis

1889 693 1997 732 non
2023 689 2154 732 erat.
2183 680 2513 751 Quapropter
2556 699 2675 739 cum
2723 701 2911 741 omnes
2938 687 3097 741 etiam
3140 689 3281 743 intus
3305 691 3427 744 mali
3454 733 3469 758 ,

1888 772 2053 837 avari,
2084 771 2285 840 invidi,
2315 773 2508 830 ebriosi
2535 820 2550 844 ,
2579 786 2630 832 et
2649 788 2831 833 contra
2869 780 3201 849 disciplinam
3227 783 3471 837 christia-

1889 876 2010 915 nam
2034 864 2289 931 viventes,
2318 868 2509 922 merito
2534 867 2637 923 diei
2669 872 2875 939 possint
2898 879 2952 926 et
2979 873 3286 941 mendaces,
3312 882 3368 929 et
3399 883 3469 929 te.

1888 955 2131 1024 nebrosi,
2162 966 2216 1012 et
2263 960 2497 1027 mortui,
2530 971 2583 1016 ct
2624 963 2960 1029 antichristi,
2989 966 3247 1035 numquid
3291 976 3469 1023 tamen

1889 1056 2169 1118 propterea
2213 1066 2317 1105 non
2358 1051 2629 1122 baptizant
2654 1098 2667 1120 ,
2696 1056 2816 1125 quia
2849 1058 2978 1111 nihil
3006 1067 3166 1128 potest
3196 1075 3301 1113 esse
3323 1076 3465 1114 com-

1886 1156 2036 1194 mune
2076 1144 2336 1197 mendacio
2379 1156 2423 1198 et
2453 1148 2647 1200 veritati
2670 1188 2684 1214 ,
2718 1150 2931 1203 tenebris
2978 1160 3024 1205 et
3058 1150 3193 1219 luci,
3226 1154 3376 1206 morti
3420 1163 3468 1207 et

1885 1233 2253 1290 immortalitati
2269 1279 2284 1301 ,
2317 1237 2619 1295 Antichristo
2644 1249 2690 1295 et
2715 1240 2950 1296 Christo!

1955 1324 2045 1379 27.
2070 1326 2185 1381 Νοη
2214 1328 2390 1398 itaque
2433 1331 2495 1384 de
2528 1332 2637 1385 sola
2663 1334 3052 1399 consuetudine,
3086 1335 3175 1390 sed
3213 1337 3373 1392 etiam
3403 1339 3466 1392 de

1884 1420 2105 1474 veritatis
2152 1423 2349 1478 ratione
2394 1427 2686 1496 praesumit,
2740 1429 2827 1497 qui
2881 1429 3145 1485 nullorum
3193 1431 3464 1487 hominum

1885 1512 2233 1580 perversitate
2256 1529 2568 1584 perversum
2596 1516 2710 1572 fieri
2740 1518 2867 1573 dicit
2892 1520 2987 1575 Dei
3015 1521 3415 1577 Sacramentum
3443 1564 3459 1589 ,

1883 1602 2025 1671 quod
2055 1603 2213 1658 etiam
2244 1605 2296 1658 in
2324 1608 2587 1676 perversis
2636 1623 2755 1664 esse
2778 1609 3097 1666 declaratur.
3123 1610 3279 1667 Certe
3301 1612 3460 1668 Joan-

1885 1708 1980 1749 nes
2036 1696 2308 1765 apostolus
2351 1700 2686 1768 apertissime
2742 1700 2901 1768 dicit,
2952 1701 3052 1768 Qui
3101 1703 3206 1757 odit
3256 1707 3463 1773 fratrem

1882 1804 2030 1843 suum
2050 1828 2066 1854 ,
2096 1789 2149 1842 in
2192 1790 2403 1845 tenebris
2429 1800 2502 1845 est
2526 1807 2679 1860 usque
2711 1793 2878 1847 adhuc
2918 1793 3140 1863 (lloan.
3178 1810 3246 1861 tt,
3291 1795 3383 1864 9);
3412 1805 3468 1851 et

1884 1878 2094 1945 iterum,
2132 1879 2230 1947 Qui
2269 1880 2375 1934 odit
2404 1879 2613 1950 fratrem
2645 1899 2791 1937 suum
2812 1922 2829 1951 ,
2857 1884 3110 1938 homicida
3144 1892 3215 1939 est
3243 1883 3351 1957 (Id.
3386 1900 3463 1949 ut,

1885 1969 1975 2042 15)
2009 1989 2024 2025 :
2047 1987 2143 2027 cur
2161 1987 2288 2042 ergo
2319 1973 2460 2029 intus
2487 1974 2619 2030 tales
2638 1975 2941 2044 baptizant,
2966 1990 3100 2047 quos
3123 1976 3175 2031 in
3202 1977 3465 2032 malevola

1883 2062 2081 2118 invidia
2109 2062 2273 2120 fuisse
2297 2062 2593 2136 Cyprianus
2622 2066 2737 2137 ipse
2758 2075 3144 2123 commemorat
3162 2066 3350 2139 (Epist.
3374 2068 3463 2135 75,

1882 2154 1951 2208 ad
1973 2154 2331 2229 Jubaianum).

1952 2246 2179 2303 CAPUT
2202 2247 2483 2324 XX.—(a)
2501 2249 2782 2318 Quomodo
2804 2265 2997 2322 aquam
3014 2251 3237 2308 mundat
3259 2260 3313 2308 et
3339 2265 3464 2307 san-

1882 2339 2079 2395 ctiﬁcat
2092 2340 2384 2398 homicida?
2397 2344 2668 2414 quomodo
2679 2344 3001 2400 benedicunt
3015 2346 3191 2402 oleum
3208 2336 3468 2401 tenebrae?

1883 2431 1940 2487 Si
1963 2440 2141 2487 autem
2166 2434 2305 2489 Deus
2344 2435 2498 2490 adest
2522 2436 2878 2491 Sacramentis
2908 2444 2962 2491 et
2989 2437 3165 2492 verbis
3192 2436 3303 2492 suis
3326 2480 3341 2503 ,
3369 2452 3468 2507 per

1882 2526 2200 2597 qualeslibet
2227 2527 2680 2595 administrentur,
2709 2536 2764 2583 et
2785 2528 3126 2585 Sacramenta
3148 2530 3241 2584 Dei
3268 2530 3466 2599 ubique

1882 2624 2028 2671 recta
2047 2625 2189 2682 sunt,
2214 2627 2267 2672 et
2291 2618 2417 2672 mali
2441 2617 2683 2674 homines
2700 2619 2890 2690 quibus
2915 2618 3045 2674 nihil
3070 2628 3314 2691 prosunt,
3344 2620 3465 2674 ubi-

1880 2723 1985 2781 que
2004 2708 2240 2778 perversi
2267 2717 2408 2764 sunt.

1949 2798 2041 2856 28.
2070 2798 2201 2855 illud
2223 2808 2399 2855 autem
2430 2801 2588 2871 quale
2625 2808 2705 2857 est
2725 2843 2739 2868 ,
2772 2808 2831 2855 ut
2865 2801 2984 2855 ideo
3021 2808 3233 2871 putetur
3262 2800 3462 2854 haereti-

1880 2906 1969 2946 cus
1992 2907 2093 2945 non
2123 2892 2304 2946 habere
2322 2890 2661 2962 Baptismum,
2693 2892 2812 2962 quia
2838 2908 2939 2945 non
2968 2892 3113 2945 habet
3143 2890 3419 2946 Ecclesiam
3439 2891 3467 2944 Ρ

1881 2984 1951 3040 Et
1975 2985 2159 3054 utique
2205 3001 2321 3039 cum
2372 2984 2679 3055 baptizatur,
2712 2986 2863 3039 etiam
2910 2984 2973 3038 de
3019 2992 3196 3037 sancta
3238 2981 3466 3037 Ecclesia

1880 3077 2239 3148 interrogatur.
2266 3075 2430 3143 Quasi
2453 3090 2582 3131 vero
2627 3075 2716 3130 ille
2742 3074 2832 3145 qui
2861 3090 2966 3129 non
2988 3073 3140 3129 factis
3162 3074 3302 3128 intus
3325 3115 3341 3141 ,
3371 3072 3465 3128 sed

1880 3168 2059 3225 verbis
2084 3168 2280 3224 saeculo
2306 3167 2575 3223 renuntiat
2600 3208 2614 3233 ,
2646 3181 2751 3221 non
2775 3166 2877 3220 hoc
2914 3166 2966 3219 in
2994 3165 3263 3234 Baptismo
3302 3166 3469 3218 inter-

1880 3269 2118 3330 rogetur.
2150 3258 2297 3314 Sicut
2322 3274 2450 3330 ergo
2472 3258 2629 3329 hujus
2676 3256 2809 3311 falsa
2836 3257 3114 3327 responsio
3147 3269 3252 3309 non
3298 3254 3468 3309 cfticit

1880 3358 1941 3407 ut
1965 3350 2264 3419 Baptismus
2289 3363 2395 3403 non
2437 3348 2508 3403 sit
2546 3362 2705 3419 quem
2751 3347 3008 3418 percipit;
3037 3346 3113 3400 sic
3140 3355 3197 3401 et
3234 3344 3376 3399 illius
3398 3344 3467 3400 de

1882 3443 2121 3498 Ecclesia
2152 3450 2334 3497 sancta
2380 3441 2512 3496 falsa
2540 3442 2818 3512 responsio
2848 3455 2954 3495 non
3002 3438 3167 3494 efficit
3190 3447 3247 3493 ut
3283 3437 3465 3507 Bapti-
3494 3424 3499 3429 ’

1882 3547 2029 3588 smus
2068 3548 2172 3587 non
2206 3532 2276 3588 sit
2299 3546 2456 3603 quem
2494 3532 2719 3602 percipit
2744 3549 2755 3584 :
2780 3540 2834 3586 et
2862 3530 2999 3584 sicut
3042 3528 3134 3584 ille
3160 3528 3205 3583 si
3240 3535 3422 3597 postea
3447 3567 3463 3591 ,

1880 3624 2022 3694 quod
2051 3624 2307 3679 fallaciter
2352 3622 2737 3694 responderat,
2767 3620 3032 3676 veraciter
3068 3619 3323 3689 impleat,
3356 3631 3463 3671 non

1880 3715 1931 3770 ei
1974 3714 2275 3784 Baptismus
2324 3712 2605 3783 repetitur,
2649 3711 2741 3766 sed
2789 3710 2895 3765 vita
2946 3709 3259 3779 corrigitur;
3291 3708 3367 3763 sic
3413 3717 3474 3777 et

1881 3808 1970 3863 ille
1995 3808 2037 3862 si
2069 3815 2252 3877 postea
2283 3804 2462 3861 veniat
2490 3804 2556 3860 ad
2592 3802 2884 3859 Ecclesiam
2911 3842 2925 3866 ,
2954 3801 3020 3856 de
3044 3815 3145 3870 qua
3166 3800 3466 3869 interroga-

1882 3908 1965 3954 tus
1995 3897 2187 3953 falsum
2237 3894 2588 3966 responderat
2610 3936 2625 3963 ,
2649 3894 2770 3965 quia
2813 3908 2930 3949 eam
2976 3906 3034 3947 se
3071 3890 3269 3947 habere
3296 3930 3309 3955 ,
3336 3890 3479 3953 dum,

1880 4006 1988 4046 non
2014 3989 2253 4056 haberet,
2284 3988 2522 4060 putabat,
2550 3987 2662 4057 ipsa
2692 4000 2847 4057 quam
2870 3999 2974 4040 non
3006 3982 3235 4039 habebat
3276 3983 3327 4037 ei
3372 3982 3466 4036 da-

1881 4092 1987 4150 tur,
2011 4098 2116 4138 non
2142 4082 2283 4152 quod
2307 4090 2587 4151 acceperat
2611 4081 2851 4135 iteratur.
2877 4078 2987 4135 Cur
3010 4087 3187 4133 autem
3215 4077 3281 4132 ad
3304 4076 3479 4145 verba

1880 4191 2000 4247 qua:
2036 4173 2326 4246 procedunt
2355 4188 2423 4228 ex
2446 4187 2540 4227 ore
2565 4171 2849 4227 homicidae
2879 4170 3047 4241 possit
3096 4177 3273 4224 tamen
3322 4169 3481 4231 Deus~

1881 4270 2049 4323 oleum
2077 4267 2414 4333 sanctiﬁcare,
2446 4275 2499 4320 et
2527 4266 2580 4319 in
2606 4264 2757 4318 altari
2781 4263 2916 4332 quod
2943 4262 3163 4316 haeretici
3183 4270 3469 4332 posuerunt-

1882 4376 1983 4415 non
2009 4358 2196 4431 possit,
2227 4358 2410 4413 nescio
2439 4375 2450 4409 :
2477 4356 2576 4410 nisi
2600 4356 2734 4410 forte
2777 4368 2933 4423 quem
2981 4367 3074 4407 cor
3102 4353 3331 4407 hominis
3365 4352 3469 4407 fal-a

1882 4452 2068 4508 laciter
2093 4465 2409 4507 conversum
2442 4448 2585 4503 intus
2613 4462 2718 4502 non
2745 4446 2997 4517 impedit,
3027 4446 3225 4515 lignum
3260 4444 3465 4505 fallaci.-

1881 4553 1967 4600 ter
1988 4543 2216 4615 positum
2244 4541 2464 4612 impedit
2489 4540 2616 4595 foris
2635 4580 2649 4603 ,
2680 4538 2962 4609 quominus
2982 4536 3325 4591 sacramentis
3354 4536 3477 4597 suis,

1881 4634 2070 4690 adesse
2122 4633 2387 4702 dignetur,
2414 4630 2578 4685 nullis
2622 4628 2895 4683 hominum
2936 4624 3249 4681 falsitatibus
3295 4626 3469 4695 impe-.

1881 4726 2043 4781 ditus.
2071 4723 2127 4780 Si
2157 4738 2286 4794 ergo
2314 4722 2380 4777 ad
2411 4722 2513 4776 hoc
2535 4720 2677 4775 valet
2696 4717 2837 4789 quod
2862 4716 3059 4773 dictum
3082 4725 3164 4772 cst
3192 4717 3246 4771 in
3286 4715 3463 4771 Evan-

1881 4817 2019 4889 gelio
2042 4858 2055 4882 ,
2088 4816 2227 4870 Deus
2252 4823 2561 4885 peccatorem
2590 4828 2691 4866 non
2724 4810 2867 4865 audit
2906 4808 3086 4879 (Joan.
3118 4824 3173 4863 tx
3192 4849 3207 4875 ,
3236 4807 3325 4880 51)
3345 4849 3359 4876 ,
3405 4814 3473 4875 ut

1882 4923 1979 4979 per
2020 4914 2352 4977 peccatorem
2398 4909 2741 4959 Sacramenta
2784 4917 2891 4956 non
2937 4901 3296 4966 celebrentur;
3330 4915 3463 4970 quo-

1882 5000 2042 5057 modo
2088 4998 2305 5055 exaudit
2347 4995 2666 5051 homicidam
2710 4994 3121 5065 deprecantem,
3171 4996 3256 5049 vel
3304 5008 3466 5062 super

1882 5106 2073 5163 aquam
2100 5089 2353 5160 Baptismi
2379 5129 2393 5154 ,
2418 5086 2500 5142 vel
2530 5100 2691 5156 super
2732 5086 2927 5151 oleum,
2961 5086 3042 5139 vel
3070 5100 3227 5154 super
3251 5081 3463 5137 Eucha-

1884 5183 2087 5239 ristiam
2114 5224 2128 5249 ,
2158 5182 2240 5236 vel
2272 5194 2433 5249 super
2474 5179 2646 5247 capita
2674 5192 2858 5233 eorum
2909 5176 3100 5243 quibus
3124 5188 3313 5229 manus
3363 5174 3463 5226 im-

1882 5274 2133 5347 ponitur?
2158 5272 2288 5339 Qua:
2316 5270 2494 5326 omnia
2520 5277 2697 5323 tamen
2741 5278 2795 5323 et
2846 5267 2977 5321 fiunt
3013 5275 3066 5321 et
3085 5265 3262 5318 valent
3302 5263 3473 5323 etiam.

1884 5382 1978 5437 per
2021 5362 2351 5429 homicidas,
2382 5360 2434 5416 id
2477 5368 2560 5415 cst
2586 5376 2678 5429 per
2718 5374 2811 5414 eos
2850 5358 2937 5427 qui
2986 5355 3213 5411 oderunt
3242 5353 3462 5421 fratres,

1883 5457 2041 5511 etiam
2089 5455 2142 5509 in
2188 5454 2301 5523 ipsa
2340 5453 2486 5507 intus
2531 5450 2791 5506 Ecclesia.
2819 5448 2950 5502 Cum
2988 5445 3111 5497 dare
3136 5438 3281 5498 nemo
3306 5444 3469 5514 possit

1884 5549 2015 5619 quod
2056 5562 2157 5603 non
2206 5546 2385 5611 habet;
2421 5543 2689 5616 quomodo
2745 5541 2835 5594 dat
2897 5536 3161 5593 homicida
3211 5538 3466 5609 Spiritum

2614 5656 2635 5683 6

1946 5707 2020 5769 (α)
2064 5706 2234 5755 Tribus
2270 5702 2501 5767 proximis
2535 5697 3073 5769 capitibusrespondet
3101 5700 3319 5769 _Cypriani
3361 5703 3466 5757 ept-

1885 5760 2020 5838 stolae
2035 5768 2113 5826 70,
2138 5760 2328 5877 scripta:
2349 5779 2411 5814 ex
2440 5760 2798 5822 carthagittensi
2833 5760 3031 5810 concilio
3055 5761 3112 5818 ad
3144 5760 3473 5821 Saturninum,

1890 5838 2154 5877 Maxuntun.
2182 5842 2209 5875 e
2234 5842 2274 5876 e.

1891 5842 2154 5891 maxumin],
2182 5842 2274 5887 etc.
