4008 6472
533 376 635 433 191
763 389 801 426 ο

533 486 828 541 sanctum?
881 482 947 539 Et
1022 491 1201 538 tamen
1253 481 1366 549 ipse
1421 478 1562 531 intus
1627 474 1787 528 etiam
1855 469 2107 538 baptizat.

534 577 677 634 Deus
721 592 848 646 ergo
873 575 965 630 dat
1004 574 1162 629 etiam
1213 572 1327 642 ipso
1369 567 1667 637 baptizante
1692 563 1945 634 Spiritum
1985 573 2111 614 san-

531 679 699 723 ctum.

605 759 828 815 CAPUT
869 758 1008 812 XXI.
1035 783 1106 797 —-
1131 755 1222 811 29.
1262 753 1414 822 Quod
1453 766 1578 807 vero
1609 751 1719 814 ait,
1766 745 2112 816 Baptizandus

532 859 580 904 et
631 849 941 903 innovandus
981 859 1052 902 est
1102 848 1187 915 qui
1221 846 1288 899 ad
1329 843 1614 898 Ecclesium
1660 841 1831 904 venit,
1884 847 1936 890 ut
1975 837 2112 890 intus

533 959 624 1012 per
661 950 858 996 sanctos
903 940 1263 1008 sancti/icetur;
1303 936 1428 1007 quid
1476 935 1626 989 faciet
1654 974 1668 997 ,
1698 932 1740 986 si
1779 940 1835 986 ct
1874 932 2014 984 intus
2058 932 2111 982 in

533 1049 640 1089 non
678 1042 890 1087 sanctos
919 1031 1238 1085 incurrerit?
1269 1031 1350 1083 Au
1388 1030 1522 1082 forte
1560 1034 1776 1079 sanctus
1828 1029 1912 1077 est
1938 1019 2112 1076 homi-

529 1123 673 1179 cida?
703 1123 772 1177 Et
795 1123 839 1176 si
868 1130 1148 1191 propterea
1175 1121 1475 1190 baptizatur
1502 1119 1554 1172 in
1585 1116 1847 1181 Ecclesia,
1875 1123 1932 1167 ut
1957 1113 2109 1166 etiam

531 1214 626 1267 hoc
653 1215 816 1282 ipsum
837 1213 1054 1281 deponat
1077 1254 1092 1278 ,
1123 1211 1258 1281 quod
1291 1211 1440 1264 honto
1467 1209 1533 1262 ad
1559 1206 1723 1261 Deum
1751 1206 1950 1258 veniens
1988 1204 2109 1256 dum

528 1305 841 1360 sacerdotem
863 1304 1072 1374 quterit,
1106 1304 1160 1357 in
1198 1303 1498 1372 sacrilegum
1527 1299 1706 1370 fraude
1730 1298 1914 1352 erroris
1939 1298 2108 1349 incur-

527 1397 630 1460 rit;
661 1396 748 1449 ubi
777 1404 955 1464 postea
985 1394 1320 1464 depositurus
1348 1401 1463 1458 est,
1495 1392 1540 1447 si
1577 1391 1710 1445 forte
1739 1390 1791 1444 in
1823 1391 1935 1458 ipsa
1967 1389 2107 1443 intus

527 1487 770 1543 Ecclesia
815 1485 940 1540 dum
986 1485 1254 1539 hominem
1304 1484 1396 1538 Dei
1433 1483 1661 1553 quaerit,
1694 1481 1744 1536 in
1787 1478 2107 1533 homicidam

527 1575 713 1633 fraude
733 1579 930 1633 erroris
953 1577 1196 1632 incurrit?
1220 1576 1274 1632 Si
1301 1593 1401 1630 non
1421 1584 1579 1645 potest
1605 1575 1658 1628 in
1685 1575 1884 1627 homine
1909 1570 2104 1641 aliquid

526 1666 680 1720 inane
694 1683 816 1732 esse,
836 1676 882 1719 et
894 1667 1086 1736 aliquid
1098 1665 1390 1736 prwoalere;
1411 1681 1573 1735 quare
1585 1673 1759 1733 potest
1773 1663 1823 1717 in
1839 1661 2104 1716 homicida

527 1757 931 1814 Sacramentum
956 1767 1198 1832 sanctum
1217 1773 1354 1823 esse,
1375 1767 1429 1812 et
1447 1772 1542 1812 cor
1562 1765 1803 1811 sanctum
1831 1772 1934 1809 non
1961 1753 2106 1808 esse?

526 1848 586 1905 Si
614 1850 836 1919 quisquis
858 1849 1107 1920 Spiritum
1126 1861 1351 1903 sanctum
1373 1849 1496 1902 dare
1514 1863 1614 1901 non
1637 1856 1815 1914 potest,
1845 1861 1933 1898 nec
1950 1845 2106 1914 bapti-

525 1956 644 1993 zare
662 1949 844 2009 potest;
869 1955 964 1994 cur
988 1941 1128 1994 intus
1155 1939 1387 2008 baptizat
1413 1937 1702 1992 homicida?
1717 1938 1821 1990 Aut
1840 1934 2105 2006 quomodo

525 2029 780 2098 Spiritum
819 2039 1058 2086 sanctum
1106 2030 1265 2084 habet
1312 2029 1594 2094 homicida,
1636 2043 1757 2083 cum
1801 2027 1973 2080 omnis
2011 2025 2103 2095 qui

524 2117 781 2189 Spiritum
821 2131 1060 2176 sanctum
1097 2120 1272 2186 habet,
1321 2120 1644 2173 illuminazus
1683 2119 1782 2183 sit;
1813 2118 1898 2187 qui
1925 2125 2101 2171 autem

523 2211 628 2266 odit
653 2216 884 2282 fratrem,
913 2212 966 2266 in
989 2212 1199 2267 tenebris
1226 2212 1296 2266 sit
1319 2228 1473 2281 usque
1500 2211 1665 2263 adhuc
1682 2210 1707 2262 ?
1735 2209 1789 2264 Si
1829 2208 1950 2280 quia
1974 2225 2102 2262 unus

523 2312 597 2357 est
624 2299 917 2373 Baptismus
955 2314 1000 2357 et
1045 2321 1172 2358 unus
1202 2305 1429 2374 spiritus,
1466 2303 1586 2358 ideo
1611 2317 1717 2357 non
1746 2311 1966 2372 possunt
2008 2301 2103 2356 ha-

522 2392 650 2450 bere
679 2411 839 2449 unum
867 2395 1134 2466 Baptisms
1158 2396 1248 2465 qui
1275 2410 1379 2449 non
1411 2394 1607 2448 habent
1634 2409 1795 2448 unum
1821 2393 2099 2462 spiritum;

522 2499 620 2540 cur
647 2486 786 2542 intus
807 2487 1060 2542 innocens
1089 2496 1142 2542 et
1171 2485 1433 2542 homicida
1455 2486 1777 2556 Baptismum
1810 2501 1969 2540 unum
2001 2485 2100 2540 ha~

521 2577 668 2646 bent,
697 2588 752 2634 et
777 2579 1022 2636 eumdem
1063 2581 1304 2651 spiritum
1330 2592 1438 2635 non
1465 2578 1700 2634 habent?
1738 2579 1810 2634 ita
1849 2594 1976 2649 ergo
2000 2593 2099 2648 po-

519 2677 626 2725 test
649 2669 934 2727 htereticus
970 2683 1025 2727 et
1057 2672 1350 2728 catholicus
1378 2671 1648 2742 Baptisma
1689 2687 1848 2725 unum
1877 2669 2096 2736 habere,

517 2769 577 2816 et
599 2777 757 2816 unam
788 2763 1078 2819 Eeclesiam
1119 2779 1224 2818 non
1254 2763 1470 2831 habere,
1500 2763 1636 2818 sicut
1662 2772 1883 2833 pOSSunl
1913 2763 1964 2816 in
1992 2761 2098 2816 Ca-

520 2851 716 2906 tholica
748 2853 1003 2908 innocens
1030 2862 1084 2908 et
1113 2852 1375 2909 homicida
1400 2869 1561 2909 unum
1588 2853 1784 2909 habere
1811 2854 2095 2923 Baptisms,

518 2949 576 2996 et
613 2958 773 2997 unum
804 2944 1045 3014 spiritum
1075 2960 1181 3000 non
1223 2945 1421 3003 habere
1449 2964 1463 3000 :
1495 2945 1618 3018 quia
1648 2947 1784 3002 sicut
1822 2962 1986 3001 unum
2017 2955 2100 3001 est

517 3031 809 3102 Baptisma,
833 3034 908 3089 sic
929 3050 1068 3090 unus
1088 3044 1169 3092 est
1189 3037 1415 3106 Spiritus
1441 3048 1494 3094 et
1522 3054 1622 3094 una
1651 3037 1906 3092 Ecclesia.
1937 3037 2009 3091 lta
2039 3037 2096 3092 tit

518 3133 580 3180 ut
603 3125 704 3181 hoc
729 3127 780 3181 in
819 3143 1030 3198 quoque
1069 3130 1463 3200 agnoscendum
1494 3131 1562 3186 sit
1595 3131 1736 3202 quod
1780 3131 1960 3196 habet,
1996 3131 2098 3184 hoc

519 3218 571 3273 ei
608 3216 841 3275 dandum
870 3221 1011 3291 quod
1040 3238 1146 3276 non
1187 3223 1364 3279 habet.
1407 3223 1464 3279 Si
1492 3225 1622 3278 nihil
1659 3234 1820 3295 potest
1855 3234 2024 3277 ratum
2053 3231 2099 3278 et

517 3309 720 3378 firmum
742 3326 847 3364 esse
882 3313 1022 3382 apud
1047 3311 1320 3369 Dominum
1341 3315 1476 3385 quod
1499 3315 1575 3370 illi
1609 3317 1823 3385 faciunt,
1846 3331 1969 3384 quos
1996 3313 2100 3368 Do-

519 3399 684 3454 minus
717 3400 881 3456 hostes
909 3411 957 3456 et
981 3403 1293 3459 adversarios
1322 3422 1438 3460 suos
1475 3423 1582 3461 esse
1603 3406 1760 3473 dicit;
1783 3421 1878 3461 cur
1915 3406 2099 3460 ﬁrmus

519 3499 604 3546 est
622 3491 920 3561 Baptismus
944 3512 1100 3565 quem
1134 3499 1347 3552 tradunt
1381 3499 1698 3554 homicidae?
1729 3501 1806 3553 An
1839 3499 2019 3554 hostes
2045 3508 2099 3554 et

521 3581 855 3640 adversarios
884 3585 1092 3642 Domini
1126 3603 1232 3643 non
1261 3590 1484 3645 dicimus
1511 3589 1844 3645 homicidas?
1876 3590 1974 3655 Qui
1999 3604 2096 3642 au-

519 3681 630 3728 tem
657 3675 761 3729 odit
794 3677 1004 3746 fratrem
1046 3696 1212 3747 suum,
1259 3681 1510 3735 homicida
1551 3690 1640 3734 est.
1672 3680 1951 3746 Quomodo
1973 3696 2099 3750 ergo

518 3763 875 3834 baptizabant,
899 3769 990 3838 qui
1007 3769 1232 3827 oderant
1254 3772 1473 3827 Paulum
1504 3788 1714 3827 servum
1738 3771 1930 3826 Christi
1949 3771 2098 3837 Jesu,

521 3871 585 3912 ac
632 3873 728 3928 per
767 3859 871 3916 hoc
915 3861 1138 3919 oderant
1174 3873 1229 3919 et
1264 3864 1468 3932 Jesum,
1513 3864 1632 3935 quia
1683 3873 1737 3918 et
1791 3862 1951 3918 Saulo
1988 3863 2101 3932 ipse

517 3948 671 4018 dixit,
717 3951 853 4018 Quid
889 3970 966 4007 me
1000 3959 1308 4026 persequeris
1337 3956 1471 4027 (Act.
1514 3973 1588 4021 ιιι,
1615 3955 1711 4026 4)Ῡ
1741 3955 1951 4025 quando
1983 3955 2099 4026 ejus

518 4053 702 4095 servos
740 4045 1154 4114 persequebatur
1189 4063 1200 4098 :
1231 4054 1285 4101 et
1324 4047 1378 4100 in
1420 4046 1527 4102 ﬁne
1566 4047 1679 4116 ipse
1718 4047 1954 4102 dicturus
1994 4057 2098 4115 est,

525 4127 650 4184 Cum
693 4133 778 4184 uni
809 4149 872 4186 ea:
911 4135 1129 4189 minimis
1175 4139 1296 4190 meis
1335 4153 1434 4190 non
1462 4137 1667 4208 fecistis,
1703 4139 1827 4192 mihi
1855 4156 1955 4192 non
1982 4140 2106 4209 feci-

519 4223 612 4276 stis
657 4221 866 4291 (Matth.
916 4241 1038 4291 xxv,
1080 4226 1212 4296 45)?
1255 4227 1632 4294 Quamobrem,
1680 4243 1868 4284 omnes
1907 4230 1995 4298 qui
2038 4246 2102 4284 ex

524 4311 679 4366 nobis
721 4322 935 4378 exeunt,
981 4330 1090 4369 non
1138 4325 1258 4371 sunt
1299 4331 1365 4371 ex
1409 4317 1598 4384 nobis;
1630 4317 1725 4372 sed
1769 4333 1876 4372 non
1918 4334 2104 4376 omnes

527 4404 617 4473 qui
659 4403 934 4458 nobiscum
978 4413 1120 4470 sunt,
1161 4421 1226 4461 ex
1272 4407 1424 4460 nobis
1463 4415 1624 4461 sunt:
1653 4408 1791 4462 sicut
1828 4423 1951 4462 area
1981 4423 2102 4463 cum

530 4494 829 4561 trituratur,
859 4497 1114 4566 quidquid
1138 4497 1258 4552 inde
1279 4499 1436 4564 volat,
1467 4514 1573 4553 non
1599 4509 1683 4554 est
1713 4499 1979 4566 triticum;
2009 4501 2104 4556 sed

529 4602 639 4642 non
665 4587 916 4658 quidquid
953 4589 1022 4644 ibi
1050 4599 1151 4654 est,
1187 4589 1417 4645 triticum
1456 4600 1559 4647 est.
1587 4591 1818 4662 Ideoque
1856 4602 1911 4648 et
1946 4593 2107 4649 Joan-

529 4694 628 4735 nes
657 4679 782 4742 :_Ea:
815 4681 974 4746 nobis,
1004 4682 1192 4752 inquit,
1225 4683 1472 4750 exierunt,
1496 4684 1584 4738 sed
1607 4701 1706 4739 non
1742 4695 1883 4739 erant
1909 4703 1972 4740 ea:
2007 4702 2104 4740 no-

529 4770 626 4825 bis.
673 4769 732 4825 Si
775 4772 905 4824 enim
935 4773 1144 4842 fuissent
1184 4789 1248 4826 ex
1294 4773 1455 4841 nobis,
1499 4775 1884 4844 permansissent
1934 4777 2106 4846 utique

528 4860 786 4915 nobiscum
833 4862 873 4932 (Ι
900 4861 1055 4916 Ιοαη.
1088 4879 1144 4930 ιι,
1175 4861 1286 4934 19).
1334 4864 1664 4934 QuaprOpter
1701 4865 2106 4920 Sacramentum

527 4951 715 5020 gratia:
736 4951 827 5007 dat
853 4953 991 5009 Deus
1014 4955 1172 5009 etiam
1195 4970 1290 5025 per
1315 4955 1515 5021 malos;
1544 4957 1709 5025 ipsam
1735 4973 1858 5012 vero
1881 4960 2102 5028 gratiam

513 5061 545 5099 ιι
567 5057 637 5098 on
666 5043 765 5097 nisi
793 5059 886 5113 per
923 5059 980 5100 se
1007 5045 1178 5115 ipsum
1217 5046 1300 5100 vel
1327 5061 1422 5115 per
1449 5058 1661 5102 sanctos
1706 5063 1851 5114 suos.
1883 5049 1947 5103 Et
1988 5051 2107 5105 ideo

530 5135 900 5192 remissionem
932 5147 1268 5208 peccatorum
1297 5138 1377 5193 vel
1407 5153 1501 5208 per
1526 5154 1584 5194 se
1621 5140 1793 5210 ipsum
1834 5140 1980 5208 facit,
2022 5143 2106 5196 vel

522 5241 627 5302 (per
672 5228 810 5283 illius
854 5228 1116 5284 columbae
1161 5230 1414 5295 membra,
1447 5231 1637 5300 quibus
1666 5233 1778 5287 ait:
1808 5233 1870 5287 Si
1915 5233 1996 5285 cui
2029 5233 2109 5285 di-

533 5320 798 5388 miseritis,
847 5320 1196 5387 dimittentur;
1243 5322 1286 5376 si
1339 5323 1419 5376 cui
1471 5323 1754 5388 tenueritis,
1812 5323 2110 5376 tenebuntur

531 5408 826 5480 (loan.xx,
857 5411 972 5483 25).
1021 5412 1351 5481 Baptismum
1396 5429 1545 5482 vero,
1595 5415 1736 5485 quod
1784 5423 1867 5470 est
1921 5414 2111 5468 Sacra-

534 5511 770 5558 mentum
810 5505 1138 5560 remissionis
1167 5515 1525 5574 peccatorum,
1568 5507 1692 5576 quia
1734 5507 1860 5561 nulli
1889 5505 2108 5560 dubium

531 5600 614 5646 est
641 5591 836 5648 habere
878 5595 1037 5649 etiam
1078 5595 1370 5652 homicidas
1416 5612 1590 5666 posse,
1637 5596 1728 5666 qui
1777 5597 1827 5651 in
1875 5597 2107 5651 tenebris

532 5691 654 5736 sunt
696 5699 863 5753 usque
891 5685 1084 5750 adhuc,
1128 5687 1249 5757 quia
1292 5687 1360 5742 de
1405 5687 1652 5743 cordibus
1680 5703 1862 5743 eorum
1909 5687 2104 5742 frater-

531 5785 656 5827 num
701 5772 877 5828 odium
910 5790 1013 5831 non
1061 5777 1333 5834 exclusum
1376 5788 1456 5833 est
1487 5795 1498 5832 :
1532 5778 1642 5834 sive
1691 5778 1832 5833 nulla
1875 5779 1951 5836 eis
1981 5795 2108 5850 pec.

1281 367 1370 423 DE
1411 361 1746 420 BAPTISMU
1782 354 2056 412 CONTRA
2099 350 2539 424 DONATISTAS,
2581 359 2640 414 S.
2680 361 3044 419 AUGUSTINI

3695 366 3792 422 1οξ

2221 477 2335 522 cata
2357 469 2572 525 dimissa
2598 473 2724 537 sint,
2764 474 2807 527 si
2835 490 2938 527 non
2968 475 3018 528 in
3065 476 3252 532 melius
3277 485 3480 532 mutato
3508 478 3672 534 corde
3700 478 3790 532 ba-

2219 559 2398 626 ptizati
2436 571 2577 626 sunt,
2620 563 2730 616 sive
2756 565 3009 619 continuo
3036 565 3252 621 dimissa
3281 567 3538 623 redierint
3563 585 3577 621 :
3608 577 3664 623 et
3699 583 3787 636 per

2217 665 2277 705 se
2302 651 2494 720 ipsum,
2522 654 2643 723 quia
2673 656 2763 709 Dei
2789 664 2892 720 est,
2919 665 3158 711 sanctum
3185 672 3304 714 esse
3325 660 3714 729 cognoscimus,
3737 672 3790 716 et

2216 742 2329 796 sive
2358 744 2593 798 tradatur
2633 747 2750 800 sive
2777 748 3065 817 accipiatur
3097 764 3128 802 a
3168 749 3380 814 talibus,
3420 751 3562 803 nulla
3601 765 3788 804 eorum

2217 837 2562 905 perversitate
2587 837 2791 902 violari,
2822 840 2933 893 sive
2953 839 3114 905 intus,
3150 842 3262 895 sive
3289 841 3436 895 foris.

2288 927 2511 981 CAPUT
2550 927 2714 981 XXII.
2757 957 2828 968 —-
2868 929 2958 984 50.
2999 931 3229 986 Proinde
3273 932 3639 986 consentimus
3681 931 3755 1002 Cy

2217 1015 2421 1085 priano,
2459 1017 2714 1073 haereticos
2742 1020 3082 1074 remissionem
3118 1022 3240 1074 dare
3285 1039 3384 1075 non
3412 1039 3573 1091 posse,
3606 1023 3754 1092 Bapti

2217 1122 2390 1162 smum
2417 1118 2591 1164 autem
2609 1111 2737 1165 dare
2758 1125 2935 1180 posse,
2960 1113 3099 1182 quod
3122 1113 3330 1182 quidem
3355 1115 3459 1168 illis
3474 1124 3526 1169 et
3541 1111 3785 1170 dantibus

2213 1207 2270 1255 et
2291 1201 2674 1268 accipientibus
2714 1203 2885 1257 valeat
2923 1204 2987 1257 ad
3015 1205 3327 1275 perniciem,
3362 1215 3608 1276 tanquam
3639 1215 3786 1260 tanto

2214 1306 2434 1348 munere
2474 1293 2565 1348 Dei
2607 1294 2745 1349 male
2773 1296 3044 1350 utentibus
3075 1314 3087 1349 :
3116 1298 3254 1352 sicut
3291 1299 3450 1352 etiam
3491 1300 3705 1367 maligni
3735 1308 3788 1353 et

2213 1381 2394 1447 invidi,
2424 1399 2560 1453 quos
2599 1394 2651 1438 et
2679 1386 2821 1439 intus
2860 1401 2980 1441 esse
3007 1387 3120 1456 ipse
3148 1396 3389 1454 testatur,
3417 1390 3785 1444 remissionem

2214 1485 2547 1543 peccatorum
2576 1475 2704 1531 dare
2735 1492 2840 1532 non
2873 1489 3114 1546 possunt,
3155 1495 3275 1533 eum
3320 1495 3412 1535 eos
3456 1481 3785 1550 Baptismum

2211 1565 2337 1620 dare
2365 1582 2519 1634 posse
2544 1582 2730 1622 omnes
2753 1567 3031 1624 fateamur.
3055 1570 3108 1625 Si
3137 1571 3278 1624 enim
3299 1571 3366 1626 de
3393 1571 3475 1624 his
3494 1573 3583 1640 qui
3612 1573 3665 1625 in
3689 1587 3786 1628 nos

2211 1659 2565 1725 peccaverint,
2608 1659 2809 1714 dictum
2857 1669 2957 1726 est,
3008 1662 3069 1716 Si
3119 1679 3220 1715 non
3261 1663 3553 1717 dimiseritis
3583 1672 3786 1732 peccata

2210 1748 2511 1816 hominibus,
2535 1767 2623 1804 nec
2650 1749 2807 1804 Pater
2827 1762 2983 1805 vester
3008 1752 3217 1805 dimittet
3243 1753 3377 1806 vobis
3397 1763 3596 1822 peccata
3621 1763 3786 1808 vestra

2210 1837 2418 1908 (Matth.
2449 1857 2521 1905 νι,
2556 1843 2643 1911 15)
2677 1860 2691 1896 :
2719 1854 2916 1912 quanto
2946 1846 3112 1913 magis
3141 1845 3256 1900 ﬁeri
3282 1860 3388 1899 non
3419 1854 3592 1913 potest
3620 1854 3679 1900 ut
3708 1846 3785 1900 eis

2209 1941 2424 1999 peccata
2452 1933 2801 2001 dimittantur,
2830 1937 2920 2005 qui
2959 1938 3151 1992 fratres
3191 1953 3223 1992 a
3263 1939 3454 2006 quibus
3491 1937 3786 2008 diliguntur

2207 2023 2452 2091 oderunt,
2492 2033 2547 2079 et
2587 2026 2640 2080 in
2681 2027 2795 2096 ipso
2824 2028 2946 2082 odio
2976 2029 3343 2098 baptizantur;
3372 2029 3564 2099 quibus
3603 2040 3784 2084 tamen

2207 2124 2392 2182 postea
2433 2118 2690 2172 correctis
2735 2133 2839 2173 non
2885 2135 3072 2174 rursus
3113 2119 3414 2190 Baptismus
3460 2119 3636 2186 datur,
3687 2119 3786 2174 sed

2211 2203 2324 2274 ipsa
2367 2207 2519 2261 venia
2562 2223 2719 2278 quam
2762 2219 2885 2266 tunc
2926 2213 3168 2281 accipere
3205 2226 3310 2266 non
3353 2220 3680 2277 meruerunt,
3730 2211 3786 2266 in

2207 2311 2333 2350 vera
2361 2301 2711 2355 conversione
2753 2312 3052 2370 przestatur.
3091 2302 3323 2373 Ideoque
3359 2306 3520 2358 etiam
3550 2303 3638 2357 illa
3664 2319 3784 2373 qua:

2203 2387 2271 2443 ad
2293 2387 2544 2455 Quintum
2573 2393 2755 2447 scribit
2792 2393 3108 2464 Cyprianus,
3133 2405 3189 2450 et
3215 2395 3302 2450 illa
3327 2411 3444 2465 qua:
3470 2410 3592 2450 cum
3617 2395 3786 2450 colle-

2202 2481 2282 2550 gis
2321 2481 2432 2536 suis
2456 2482 2706 2549 Liberali,
2735 2485 3010 2551 Caldonio,
3037 2485 3213 2553 Junio,
3246 2495 3300 2541 et
3327 2487 3556 2553 caeteris,
3587 2485 3655 2540 ad
3679 2485 3783 2542 Sa-

2205 2573 2496 2637 turninum,
2525 2575 2830 2640 Maximum,
2859 2586 2914 2632 et
2938 2577 3095 2645 alios,
3119 2578 3255 2633 bene
3275 2577 3605 2633 considerata
3636 2577 3786 2632 nullo

2203 2665 2362 2719 modo
2391 2667 2704 2734 proferenda
2757 2677 2881 2722 sunt
2909 2668 3163 2724 adversus
3195 2670 3355 2724 totius
3399 2669 3652 2724 Ecclesia:
3689 2683 3783 2724 ea.

2204 2753 2412 2810 tholiea:
2432 2756 2859 2824 consensionem,
2881 2758 3032 2828 cujus
3057 2774 3117 2813 se
3146 2758 3221 2812 illi
3244 2758 3480 2813 membra
3505 2773 3625 2813 esse
3651 2774 3788 2829 gau-

2201 2845 2418 2914 debant,
2461 2858 2516 2902 ct
2561 2846 2700 2902 unde
2742 2863 2801 2904 se
2844 2865 3016 2919 neque
3059 2849 3160 2920 ipsi
3203 2849 3576 2920 praeciderunt,
3610 2865 3785 2920 neque

2201 2938 2407 2994 diversa
2459 2939 2750 2996 sentientes
2798 2942 3010 3011 prmcidi
3063 2943 3204 3013 passi
3255 2951 3411 3007 sunt;
3463 2943 3633 2998 donec
3679 2943 3782 2998 ali-

2201 3032 2411 3102 quando
2437 3033 2488 3087 in
2515 3033 2722 3088 Domini
2745 3035 3012 3090 voluntate
3044 3051 3139 3105 per
3159 3037 3450 3106 plenarium
3470 3037 3780 3102 concilium,

2202 3125 2329 3180 licet
2356 3135 2476 3194 post
2501 3127 2697 3180 multos
2734 3142 2925 3194 annos,
2955 3128 3084 3198 quid
3129 3140 3272 3184 esset
3298 3130 3495 3184 rectius
3518 3129 3782 3196 eluceret,

2202 3231 2308 3272 non
2340 3217 2514 3288 aliqua
2549 3219 2785 3274 novitate
2829 3220 3087 3288 instituta,
3129 3221 3223 3278 sed
3270 3221 3582 3293 antiquitate
3624 3223 3784 3278 robo-

2201 3316 2313 3362 rata
2323 3347 2337 3360 .

2271 3399 2498 3455 CAPUT
2540 3399 2727 3454 XXIII.
2769 3402 2954 3456 -δι
2992 3400 3070 3472 (α)
3122 3402 3203 3457 Ad
3255 3402 3565 3472 Pompeium
3616 3401 3779 3457 etiam

2202 3489 2390 3544 scribit
2422 3488 2716 3560 Cyprianus
2743 3491 2810 3546 de
2838 3492 2935 3547 hac
2967 3493 3154 3548 eadem
3193 3509 3273 3560 re,
3304 3493 3392 3548 ubi
3431 3504 3614 3565 aperte
3639 3494 3782 3550 indi-

2203 3589 2287 3633 cat
2313 3578 2659 3648 Stephanum,
2700 3598 2857 3652 quem
2897 3583 3150 3638 Romana:
3188 3585 3436 3639 Ecclesia:
3466 3586 3778 3654 episcopum

2205 3677 2331 3724 tunc
2374 3671 2534 3726 fuisse
2561 3672 2864 3741 didicimus,
2909 3691 3014 3729 non
3057 3676 3232 3731 solum
3275 3677 3377 3731 sibi
3417 3676 3482 3732 ad
3527 3677 3626 3732 ista
3672 3693 3780 3732 non

2203 3762 2562 3828 consensisse,
2613 3779 2795 3819 verum
2853 3767 3013 3820 etiam
3057 3778 3242 3822 contra
3297 3768 3572 3838 scripsisse
3622 3779 3784 3838 atque

2204 3852 2540 3921 praecepisse.
2599 3854 2698 3920 Qui
2751 3856 2932 3925 utique
2994 3857 3292 3926 Stephanus
3344 3874 3448 3913 non
3499 3869 3782 3930 propterea

2205 3945 2582 3998 communicavit
2619 3946 2884 4012 haereticis,
2925 3949 3046 4018 quia
3095 3949 3359 4019 Baptisms
3405 3948 3603 4005 Christi
3641 3951 3785 4020 quod

2207 4035 2260 4090 in
2286 4051 2468 4092 eorum
2504 4041 2852 4108 perversitate
2899 4041 3160 4111 integrum
3207 4043 3468 4098 mansisse
3512 4044 3784 4113 cognovit,

2209 4125 2509 4195 improbare
2546 4143 2651 4182 non
2691 4145 2854 4184 ausus
2879 4140 2979 4185 est.
3007 4131 3140 4186 Nam
3167 4133 3212 4186 si
3243 4148 3348 4187 non
3382 4133 3578 4189 habent
3602 4134 3788 4203 Bapti-

2208 4229 2378 4272 smum
2407 4221 2495 4290 qui
2529 4219 2597 4275 de
2625 4221 2730 4276 Deo
2752 4238 2910 4292 prava
2941 4225 3195 4290 sentiunt,
3227 4224 3329 4279 hoc
3357 4240 3514 4295 posse
3559 4237 3614 4281 et
3644 4227 3788 4282 intus

2207 4311 2467 4379 accidere,
2509 4313 2618 4381 jam
2672 4315 2820 4378 satis,
2875 4322 2932 4368 ut
2983 4315 3234 4383 arbitror,
3285 4316 3609 4386 disputatum
3664 4328 3786 4383 est;

2209 4400 2436 4470 Apostoli
2477 4412 2643 4458 autem
2662 4395 2796 4457 "nihil
2818 4405 3030 4474 quidem
3057 4407 3238 4461 exinde
3277 4418 3614 4477 prwceperunt
3639 4425 3658 4462 :
3691 4410 3789 4464 sed

2209 4495 2537 4550 consuetudo
2558 4496 2646 4550 illa
2665 4512 2784 4566 qua:
2804 4498 3170 4566 opponebatur
3193 4499 3474 4570 Cypriano,
3502 4499 3570 4554 ab
3597 4515 3788 4554 eorum

2213 4585 2493 4640 traditione
2537 4587 2814 4642 exordium
2858 4589 3151 4658 sumpsisse
3193 4589 3454 4644 credenda
3497 4600 3601 4657 est,
3649 4591 3793 4645 sicut

2210 4687 2334 4731 sunt
2357 4679 2517 4732 multa
2547 4695 2666 4750 qum
2688 4681 2930 4735 universa
2958 4690 3104 4737 tenet
3126 4681 3381 4749 Ecclesia,
3411 4691 3465 4737 et
3495 4683 3563 4736 ob
3591 4683 3694 4738 hoc
3722 4684 3792 4738 ab

2211 4771 2512 4838 Apostolis‘
2545 4783 2806 4842 prtccepta
2835 4773 2970 4830 bene
2989 4775 3298 4841 creduntur,
3325 4789 3624 4844 quanquam
3656 4776 3794 4830 scri-

2213 4868 2300 4929 pta
2328 4876 2431 4916 non
2453 4864 2802 4931 reperiantur.

2285 4954 2374 5007 52.
2415 4955 2481 5008 At
2510 4956 2650 5010 enim
2685 4957 2938 5025 scriptum
2978 4966 3059 5012 est
3083 4957 3150 5013 de
3180 4957 3446 5012 haereticis
3488 4958 3623 5026 quod
3651 4975 3684 5012 a
3711 4975 3791 5012 se-

2214 5046 2437 5116 metipsis
2465 5047 2688 5100 damnati
2715 5057 2833 5102 sunt
2863 5048 2990 5117 (Tit.
3019 5065 3095 5114 ttt,
3131 5049 3242 5118 11).
3275 5048 3412 5116 Quid
3442 5064 3592 5117 ergo,
3630 5059 3685 5104 et
3715 5050 3793 5104 illi

2215 5151 2322 5190 non
2351 5153 2380 5189 a
2425 5139 2726 5207 semetipsis
2767 5139 2997 5193 damnati
3040 5149 3178 5204 sunt,
3210 5141 3404 5209 quibus
3430 5140 3632 5195 dictum
3667 5151 3792 5197 est:

2215 5226 2280 5279 In
2314 5243 2411 5296 quo
2437 5229 2566 5281 enim
2596 5229 2810 5282 alterum
2842 5230 3067 5299 judicas,
3111 5231 3421 5300 temetipsum
3447 5231 3798 5285 condemnas?

2217 5319 2308 5373 llis
2346 5329 2520 5374 autem
2546 5321 2674 5376 dicit
2705 5323 2987 5392 Apostolus
3019 5341 3030 5376 :
3063 5324 3162 5390 Qui
3203 5324 3447 5393 prtedicas
3483 5340 3583 5377 non
3607 5324 3797 5392 furan-

2215 5411 2358 5478 dum,
2386 5413 2573 5482 furoris
2619 5411 2793 5483 (Rom.
2822 5430 2878 5479 ιι,
2908 5414 2959 5481 1,
2998 5415 3112 5484 ﬁt),
3138 5423 3267 5470 etc..
3300 5414 3369 5470 Et
3398 5414 3532 5469 tales
3557 5411 3799 5483 proiecto

2281 5662 2295 5691 ι
2323 5667 2440 5708 Tres
2466 5663 2649 5706 tantum
2670 5662 2800 5722 Mss,
2825 5660 2871 5704 et
2909 5655 2966 5704 ob
2990 5653 3092 5722 hoc
3131 5653 3376 5722 Apostolis:
3464 5712 3484 5722 _
3680 5711 3690 5722 ,

2277 5724 2348 5776 (α)
2372 5729 2466 5769 Hoc
2485 5725 2536 5767 et
2556 5711 2876 5780 sequentibus
2899 5717 3135 5780 capitibus
3167 5711 3379 5779 Cypriani
3402 5711 3586 5763 refellit
3611 5711 3802 5775 episto-

2219 5787 2311 5835 lam
2335 5785 2420 5842 71,
2441 5780 2500 5833 ad
2526 5782 2814 5844 Pompeium.
