4008 6482
546 391 659 448 195

552 509 692 565 sicut
728 506 832 562 illis
867 506 1029 563 etiam
1057 502 1382 574 temporibus
1429 500 1543 555 ﬁeri
1585 499 1758 570 potuit
1784 505 1844 553 ut
1873 496 2138 567 Baptisma

557 617 720 656 unum
756 599 1028 664 haberent,
1059 597 1148 668 qui
1176 609 1337 650 unam
1365 609 1514 665 spem
1542 608 1647 648 non
1685 591 1964 646 haberent.
1994 588 2141 655 Quo-

556 691 718 748 modo
744 693 884 747 enim
911 690 1174 745 habebant
1194 703 1353 744 unam
1380 702 1529 758 spem
1551 700 1670 740 cum
1694 683 1893 740 sanctis
1914 689 1969 738 et
1984 680 2140 750 justis

559 783 634 838 illi
653 784 741 854 qui
757 781 1023 844 dicebant,
1042 780 1407 834 Manducemus
1429 788 1474 833 et
1491 777 1735 842 bibamus,
1754 790 1867 828 cras
1883 773 2012 826 enim
2033 787 2144 825 mo-

559 874 808 946 riemur(l
835 873 952 930 Cor.
993 890 1087 941 xv,
1115 872 1227 943 '59),
1273 873 1508 928 dicentes
1550 869 1692 942 quod
1733 883 1841 923 non
1870 873 2014 923 esset
2053 879 2142 920 re-

559 968 820 1024 surrectio
842 967 1208 1023 mortuorum?
1233 966 1299 1020 Et
1325 974 1499 1019 tamen
1528 964 1578 1017 in
1608 963 1737 1032 ipsis
1757 968 1928 1025 erant,
1953 957 2143 1028 quibus

562 1061 701 1116 idem
724 1059 996 1128 apostolus
1021 1057 1170 1123 dicit,
1202 1055 1468 1127 Numquid
1511 1053 1708 1108 Paulus
1737 1069 1828 1122 pro
1854 1051 1990 1105 vobis
2026 1065 2144 1102 cru-

559 1152 742 1220 ciﬁazus
757 1158 826 1204 est
839 1151 865 1204 ?
878 1159 963 1202 aut
978 1149 1030 1202 in
1051 1149 1252 1202 nomine
1274 1146 1428 1201 Pauli
1445 1146 1680 1217 baptizati
1698 1145 1816 1198 estis
1833 1142 1944 1212 (Id.
1964 1158 2004 1209 ι,
2030 1140 2146 1213 1'5)?

563 1240 643 1294 Ad
679 1255 772 1294 eos
808 1240 948 1294 enim
990 1239 1322 1310 apertissime
1361 1237 1578 1304 scribit,
1621 1237 1804 1291 dicens
1834 1253 1847 1288 :
1880 1234 2149 1303 Quomodo

561 1332 765 1402 quidam
793 1333 846 1386 in
877 1333 1012 1386 vobis
1041 1332 1215 1385 dicunt
1241 1330 1359 1402 quia
1384 1329 1679 1384 resurrectio
1707 1338 2022 1384 mortuorum
2047 1342 2150 1381 non

563 1433 633 1478 est
665 1423 774 1497 (Id.
804 1439 892 1487 xv,
917 1424 1045 1494 12)?

635 1513 859 1569 CAPUT
898 1511 1112 1567 XXVII.
1138 1511 1317 1568 —-58.
1358 1511 1426 1566 Et
1460 1510 1601 1582 quod
1645 1510 1697 1564 in
1737 1507 1956 1564 Cantico
1984 1509 2152 1564 canti-

565 1620 748 1661 corum
776 1605 1017 1661 Ecclesia
1044 1606 1118 1659 sic
1143 1605 1484 1671 describitur,
1525 1603 1720 1658 Hortus
1745 1601 2032 1668 conclusus,
2062 1619 2149 1657 so-

565 1713 652 1749 ror
677 1711 788 1749 mea
814 1711 1017 1767 sponsa,
1049 1699 1163 1767 fons
1181 1695 1428 1766 signatus,
1456 1703 1634 1765 puteus
1653 1709 1798 1764 aqua?
1824 1693 1965 1760 vim,
1994 1709 2151 1764 para-

567 1785 708 1840 disus
735 1801 849 1838 cum
887 1787 1055 1856 fructu
1083 1800 1348 1855 pomorum
1380 1783 1553 1855 (Cant.
1577 1799 1651 1849 iv,
1684 1779 1774 1854 12)
1806 1799 1819 1835 :
1854 1781 1957 1838 hoc
1999 1781 2154 1836 intel-

567 1875 733 1945 ligere
759 1891 863 1930 non
888 1875 1058 1930 audeo
1087 1875 1187 1930 nisi
1215 1876 1270 1930 in
1298 1875 1496 1930 sanctis
1519 1883 1572 1930 et
1589 1874 1771 1945 justis,
1805 1889 1910 1929 non
1943 1874 1995 1928 in
2025 1889 2152 1928 ava-

568 1967 644 2022 ris
669 1975 724 2022 et
747 1966 1158 2029 fraudatoribus,
1185 1977 1240 2021 et
1279 1965 1598 2036 raptoribus,
1645 1973 1701 2019 et
1743 1963 2149 2032 feneratoribus,

565 2066 624 2112 et
648 2059 891 2123 ebriosis,
924 2066 979 2113 et
1021 2057 1232 2123 invidis,
1261 2070 1395 2126 quos
1423 2064 1599 2110 tamen
1627 2070 1747 2111 cum
1784 2055 1942 2125 justis
1978 2055 2156 2125 Bapti-

569 2161 744 2203 smum
773 2147 1021 2202 habuisse
1047 2159 1407 2210 communem,
1441 2160 1560 2200 cum
1587 2145 1777 2214 quibus
1814 2159 2154 2201 communem

571 2251 678 2292 non
704 2237 970 2293 habebant
996 2238 1178 2308 utique
1214 2236 1559 2301 charitatem,
1592 2251 1658 2292 ex
1696 2236 1863 2306 ipsius
1899 2235 2152 2308 Cypriani

573 2326 786 2395 litteris,
817 2327 954 2383 sicut
981 2341 1125 2398 saepe
1151 2327 1586 2394 commemoravi,
1623 2327 1841 2383 uberius
1877 2327 2152 2394 discimus,

573 2426 627 2474 et
653 2417 924 2474 docemus.
947 2418 1079 2473 Nam
1109 2417 1251 2474 dicat
1272 2418 1402 2486 mihi
1432 2418 1644 2488 aliquis,
1675 2419 1925 2488 quomodo
1945 2419 2157 2489 irrepse-

572 2509 673 2562 rint
694 2510 748 2564 in
777 2509 974 2564 hortum
1009 2510 1300 2564 conclusum
1326 2519 1374 2564 et
1392 2509 1580 2580 fontem
1601 2511 1873 2581 signatum,
1896 2526 2030 2582 quos
2059 2526 2158 2566 saa-

571 2599 692 2654 eulo
717 2599 893 2655 verbis
918 2599 1045 2655 solis
1070 2609 1124 2655 et
1156 2615 1260 2654 non
1291 2599 1444 2654 factis
1467 2602 1802 2658 renuntiasse
1836 2600 2153 2674 Cyprianus,

571 2696 629 2744 et
645 2699 820 2744 tamen
845 2689 986 2745 intus
1009 2689 1170 2746 fuisse
1192 2691 1445 2746 testatur?
1471 2689 1526 2747 Si
1556 2692 1698 2747 enim
1717 2700 1772 2747 et
1800 2691 1901 2762 ipsi
1925 2693 1994 2748 ibi
2011 2702 2154 2758 sunt,

575 2788 630 2836 et
657 2782 759 2852 ipsi
783 2797 979 2853 sponsa
1015 2781 1213 2837 Christi
1256 2792 1408 2847 sunt;
1461 2783 1601 2838 itane
1630 2798 1757 2839 vero
1787 2784 1908 2840 talis
1944 2793 2026 2840 est
2071 2785 2157 2842 illa

575 2871 691 2927 sine
724 2873 929 2928 macula
960 2881 1014 2927 et
1041 2887 1167 2943 ruga
1199 2871 1418 2944 (Ephcs.
1444 2889 1498 2938 v,
1535 2873 1627 2944 27)
1666 2872 1768 2948 (a),
1802 2883 1855 2928 et
1895 2875 1984 2930 illa
2031 2891 2159 2945 spe-

575 2961 717 3016 ciosa
746 2961 991 3017 columba
1039 2961 1131 3015 tali
1175 2961 1535 3016 membrorum
1578 2972 1732 3032 par-te
1765 2964 2040 3033 turpatur?
2074 2967 2157 3020 An

573 3051 690 3107 istae
717 3061 841 3108 sunt
867 3053 1053 3123 Spinre,
1099 3052 1152 3105 in
1181 3067 1402 3121 quarum
1435 3052 1613 3108 medio
1654 3062 1737 3108 est
1775 3054 1864 3108 illa
1883 3056 2043 3110 sicut
2089 3056 2152 3109 li-

574 3140 731 3208 lium,
762 3141 903 3212 quod
928 3142 980 3196 in
1007 3141 1199 3196 eodem
1228 3141 1446 3196 Cantico
1470 3141 1666 3198 dicitur
1686 3143 1857 3213 (Cant.
1880 3160 1937 3211 ιι,
1968 3143 2056 3217 2)?
2099 3145 2157 3201 In

576 3246 830 3306 quantum
856 3249 984 3306 ergo
1009 3235 1194 3302 lilium,
1223 3235 1277 3289 in
1305 3242 1508 3290 tantum
1529 3243 1584 3290 et
1609 3236 1785 3291 hortus
1809 3237 2076 3292 conclusus
2103 3247 2158 3294 ct

576 3331 690 3399 fons
713 3328 939 3398 signatus
967 3343 986 3381 :
1012 3328 1064 3382 in
1109 3327 1214 3382 illis
1238 3327 1484 3407 videlicet
1517 3327 1696 3398 justis,
1728 3329 1815 3400 qui
1857 3330 1909 3384 in
1949 3331 2160 3387 occulto

573 3417 744 3472 Iudici
770 3425 893 3473 sunt
920 3418 1326 3474 circumcisione
1354 3418 1531 3474 cordis
1553 3419 1725 3490 (Rom.
1759 3437 1815 3489 ιι,
1839 3419 1930 3494 29)
1953 3421 2159 3492 (Omnis

574 3509 718 3565 enim
738 3510 1058 3580 pulchritudo
1077 3511 1200 3580 ﬁlia:
1216 3510 1346 3581 regis
1365 3511 1664 3566 intrinsecus
1685 3511 1855 3584 [Psal.
1872 3513 2156 3587 xuv,ﬂ]),

575 3599 630 3654 in
660 3601 851 3670 quibus
874 3609 956 3658 est
984 3617 1238 3658 numerus
1267 3610 1446 3659 certus
1475 3613 1782 3660 sanctorum
1809 3607 2159 3676 praedestina-

575 3699 662 3747 tus
689 3702 814 3749 ante
854 3693 1036 3748 mundi
1079 3694 1531 3750 constitutionem.
1573 3695 1666 3750 llla
1706 3711 1836 3752 vero
1878 3698 2159 3755 multitudo

573 3784 872 3852 spinarum,
899 3785 1014 3841 sive
1051 3785 1293 3854 occultis,
1323 3787 1438 3842 sive
1475 3787 1676 3858 apertis
1710 3789 2156 3859 separationibus,

573 3874 868 3931 forinsecus
913 3875 1121 3946 adjacet
1160 3890 1321 3948 super
1350 3893 1649 3934 numerum.
1689 3879 2029 3949 Annuntiavi,
2073 3883 2158 3937 in-

571 3967 708 4036 quit,
739 3977 785 4020 ct
811 3968 1007 4022 locutus
1032 3984 1145 4022 sum
1167 3985 1188 4034 ,°
1229 3968 1552 4039 multiplicati
1579 3979 1696 4025 sunt
1724 3986 1874 4042 super
1897 3967 2160 4026 numerum

576 4055 749 4128 (Psal.
772 4074 957 4124 xxxix,
986 4058 1064 4130 6).
1092 4059 1358 4115 Numerus
1385 4075 1512 4132 ergo
1537 4061 1628 4116 ille
1641 4062 1927 4132 iustorum,
1959 4063 2050 4133 qui
2075 4078 2162 4120 se-

574 4147 807 4202 cundum
847 4149 1174 4220 propositum
1201 4151 1374 4206 vocati
1403 4161 1527 4206 sunt
1553 4151 1729 4223 (Rom.
1767 4170 1880 4220 viu,
1908 4154 2044 4223 28),
2093 4154 2160 4211 de

574 4238 767 4308 quibus
785 4239 982 4294 dictum
1003 4250 1103 4311 est,
1128 4238 1282 4295 Novit
1301 4240 1549 4296 Dominus
1570 4243 1654 4312 qui
1669 4252 1785 4297 sunt
1806 4245 1916 4314 ejus
1936 4244 2006 4315 (Il
2020 4244 2156 4299 Tim.

574 4344 637 4396 ιι,
670 4328 794 4400 l9);
823 4330 936 4401 ipse
955 4339 1038 4385 est
1063 4331 1239 4386 hortus
1258 4333 1540 4400 conclusus,
1570 4336 1682 4405 fons
1707 4336 1955 4406 signatus,
1983 4346 2160 4406 puteus

574 4436 722 4492 aqua:
740 4422 882 4488 viva,
910 4422 1177 4493 paradisus
1201 4439 1316 4476 cum
1333 4427 1504 4495 [ructu
1534 4441 1818 4494 pomorum.
1843 4427 1917 4481 Ex
1941 4427 2041 4482 hoc
2062 4445 2160 4483 nu-

574 4528 728 4570 mero
767 4513 980 4586 quidam
1031 4515 1374 4586 spiritualiter
1408 4515 1622 4584 vivunt,
1664 4526 1719 4572 et
1757 4521 2157 4589 supereminen-

576 4615 684 4661 tcm
704 4606 844 4660 viam
873 4606 1146 4662 charitatis
1171 4606 1564 4677 ingrediuntur;
1598 4615 1651 4663 et
1673 4623 1792 4664 cum
1823 4625 2161 4681 praeoccupa-

577 4705 689 4752 tum
720 4697 989 4754 hominem
1031 4697 1084 4753 in
1132 4699 1309 4770 aliquo
1333 4698 1528 4754 delicto
1572 4700 1839 4756 instruunt
1878 4703 1929 4756 in
1969 4704 2157 4773 spiritu

581 4791 820 4858 enitatis,
850 4790 1135 4847 intendunt
1155 4807 1222 4846 ne
1249 4800 1303 4846 et
1323 4791 1421 4863 ipsi
1453 4801 1724 4849 tententur
1753 4793 1946 4866 (Galat.
1976 4812 2052 4862 vr,
2078 4797 2156 4867 l);

575 4890 630 4936 ct
654 4896 777 4938 cum
802 4881 937 4939 forte
957 4892 1011 4938 et
1038 4883 1138 4954 ipsi
1165 4894 1622 4954 praeoccupantur,
1659 4887 1967 4957 reprimitur
1997 4888 2049 4942 in
2077 4889 2159 4944 cis

575 4972 976 5043 aliquantulum,
1016 4988 1121 5029 non
1149 4983 1328 5030 autem
1359 4975 1709 5047 exstinguitur
1733 4977 2008 5034 charitatis
2031 4979 2160 5034 alle-

573 5071 724 5132 ctus,
780 5080 1069 5136 rursusque
1108 5065 1386 5136 insurgens
1439 5076 1493 5122 et
1539 5067 1882 5126 inardescens
1931 5070 2156 5140 pristino

574 5159 755 5214 cursui
798 5159 1112 5214 restituitur.
1159 5157 1366 5216 Norant
1406 5160 1546 5215 enim
1592 5160 1804 5229 dicere,
1855 5161 2154 5218 Dormitavit

573 5253 745 5306 anima
763 5268 872 5306 nica
888 5268 993 5322 pra:
1011 5252 1190 5318 taedio;
1220 5254 1466 5322 conﬁrma
1493 5270 1572 5308 me
1596 5255 1648 5308 in
1673 5255 1832 5310 verbis
1859 5258 1956 5311 tuis
1979 5256 2150 5328 (Psal.

573 5355 754 5409 cxvul,
781 5343 894 5413 28).
919 5343 1050 5400 Cum
1081 5353 1258 5400 autem
1283 5344 1478 5416 aliquid
1501 5345 1656 5402 aliter
1681 5348 1912 5416 sapiunt,
1942 5349 1992 5404 id
2021 5366 2152 5420 quo-

573 5447 677 5501 que
706 5434 810 5489 illis
840 5438 892 5490 in
925 5435 1197 5492 charitatis
1237 5437 1512 5509 ﬂagrantia
1551 5441 2004 5509 permanentibus,
2053 5459 2152 5499 nec

576 5527 940 5592 rumpentibus
956 5529 1222 5585 vinculum
1243 5530 1412 5601 pacis,
1441 5530 1581 5585 Deus
1605 5531 1862 5587 revelabit
1889 5532 2148 5606 (Philipp.

576 5629 648 5680 ιιι,
683 5615 791 5685 15).
819 5615 1041 5684 Quidam
1062 5635 1190 5676 vero
1219 5621 1392 5677 adhuc
1414 5623 1652 5678 carnales
1673 5631 1730 5678 et
1748 5624 2004 5680 animales
2030 5641 2154 5696 pro-

575 5715 754 5763 vectus
780 5722 904 5764 suos
929 5710 1185 5768 instanter
1203 5721 1476 5778 exercent,
1500 5721 1554 5770 et
1579 5721 1637 5770 ut
1661 5715 1780 5771 cibo
1796 5716 2147 5787 spiritualium

635 5839 704 5899 (α)
729 5844 761 5888 u
786 5847 986 5894 Retraet.
1003 5878 1019 5905 ,
1037 5856 1140 5907 cap.
1167 5846 1224 5895 t8

1298 387 1386 443 nu
1425 383 1759 442 mensae
1796 379 2068 438 comm
2110 341 2550 444 nonarrsris,
2590 378 2647 434 s.
2690 377 3055 436 AUGUSTINI

3719 343 3818 435 ias

2252 492 2380 547 ﬁant
2407 493 2597 556 idonei,
2627 500 2929 546 sanctorum
2954 491 3324 562 mysteriorum
3340 491 3476 548 laete
3493 491 3826 555 nutriuntur,

2248 601 2308 640 ea
2336 601 2453 655 quae
2481 584 2531 638 in
2555 584 2733 654 pravis
2761 584 3004 638 moribus
3037 584 3277 654 populari
3304 583 3466 639 etiam
3488 581 3690 654 judicio
3720 599 3832 638 ma-

2249 675 2442 732 nifesta
2473 683 2616 741 sunt,
2648 675 2698 728 in
2724 675 2817 729 Dci
2850 676 3041 730 timore
3063 675 3337 740 devitant;
3365 684 3420 730 et
3445 682 3502 729 ut
3530 675 3707 728 minus
3727 674 3831 728 mi-

2248 782 2454 836 nusque
2489 765 2648 821 rebus
2693 765 2918 820 terrenis
2954 773 3010 821 et
3050 767 3430 836 temporalibus
3476 766 3833 834 delectentur,

2249 856 2651 928 vigilantissime
2692 866 2968 927 satagunt;
3017 857 3251 929 regulam
3284 857 3405 914 ﬁdei
3436 857 3720 929 diligenter
3754 859 3836 913 in-

2250 949 2497 1018 quisitam
2525 947 2829 1003 ﬁrmissime
2856 957 3054 1014 tenent,
3084 957 3139 1004 et
3167 948 3211 1003 si
3246 945 3372 1020 quid
3397 949 3465 1004 ab
3488 963 3552 1005 ea
3590 948 3834 1014 deviam,

2251 1038 2358 1093 cito
2410 1039 2724 1094 auctoritate
2757 1039 3018 1094 catholica
3069 1040 3440 1111 corriguntur;
3492 1041 3734 1112 quamvis
3786 1041 3837 1094 in

2251 1128 2368 1199 ejus
2407 1129 2587 1185 verbis
2615 1143 2712 1199 pro
2739 1143 2898 1185 sensu
2941 1129 3164 1198 carnali,
3195 1131 3356 1186 variis
3393 1130 3567 1186 adhuc
3605 1131 3836 1201 phanta-

2253 1228 2482 1275 smatum
2514 1220 2858 1276 concursibus
2888 1219 3164 1275 ﬂuctuent.
3191 1219 3327 1276 Sunt
3349 1221 3510 1286 etiam
3528 1222 3744 1292 quidam
3773 1239 3838 1277 ex

2253 1327 2320 1368 eo
2357 1327 2582 1368 numero
2607 1313 2697 1384 qui
2737 1312 2912 1367 adhuc
2954 1313 3198 1384 nequiter
3223 1313 3421 1378 vivant,
3463 1323 3553 1369 aut
3581 1315 3743 1369 etiam
3785 1315 3838 1370 in

2256 1403 2551 1459 haeresibus
2574 1403 2660 1458 vel
2696 1403 2750 1458 in
2779 1402 3068 1460 Gentilium
3103 1404 3568 1474 superstitionibus
3591 1405 3838 1475 jaceant:

2255 1502 2310 1550 et
2335 1502 2510 1549 tamen
2530 1494 2694 1549 etiam
2721 1494 2827 1549 illic
2855 1495 2991 1548 novit
3015 1492 3265 1549 Dominus
3287 1495 3374 1566 qui
3390 1503 3504 1550 sunt
3529 1496 3659 1566 ejus.
3681 1495 3844 1551 Nam-

2255 1601 2358 1656 que
2385 1587 2437 1640 in
2469 1587 2556 1640 illa
2580 1585 2831 1642 ineﬂ‘abili
2859 1586 3192 1656 praescientia
3231 1587 3357 1656 Dei,
3389 1588 3538 1642 multi
3581 1589 3671 1658 qui
3711 1587 3843 1645 foris

2256 1679 2522 1746 videntur,
2551 1679 2694 1734 intus
2713 1687 2874 1746 sunt;
2905 1687 2960 1735 et
2983 1679 3158 1746 multi,
3185 1680 3272 1750 qui
3299 1680 3439 1735 intus
3466 1679 3735 1748 videntur,
3760 1680 3844 1737 ΐο-

2257 1771 2332 1826 ris
2352 1778 2497 1825 sunt.
2528 1771 2604 1825 Ex
2632 1771 2737 1826 illis
2761 1786 2890 1842 ergo
2917 1771 3186 1839 omnibus,
3218 1772 3327 1842 qui,
3357 1780 3414 1826 ut
3441 1772 3512 1827 ita
3539 1771 3740 1840 dicam,
3765 1773 3845 1828 iu-

2258 1862 2520 1917 trinsecus
2544 1871 2599 1917 et
2625 1862 2678 1916 in
2704 1861 2918 1918 occulto
2952 1862 3095 1918 intus
3117 1871 3259 1927 sunt,
3300 1852 3512 1918 censlat
3547 1863 3636 1918 ille
3670 1864 3846 1918 hortus

2257 1955 2548 2021 conclusus,
2573 1955 2688 2026 fons
2716 1956 2969 2027 signatus,
3005 1964 3185 2026 puteus
3214 1971 3362 2026 aqua:
3389 1956 3532 2021 victe,
3575 1957 3848 2027 paradisus

2257 2064 2372 2102 cum
2393 2047 2565 2117 fructu
2592 2063 2881 2119 pomorum.
2907 2047 3110 2103 Horum
3137 2063 3359 2104 munera
3384 2063 3638 2105 concessa
3655 2049 3849 2106 divinb-

2260 2149 2366 2202 tus,
2398 2138 2588 2208 partim
2617 2145 2742 2193 sunt
2767 2137 3001 2208 propria,
3029 2138 3168 2194 sicut
3191 2137 3245 2193 in
3276 2139 3380 2194 hoc
3402 2149 3642 2211 tempore
3666 2140 3849 2197 inlati-

2257 2232 2446 2304 gabilis
2487 2231 2740 2298 charitas,
2783 2240 2838 2287 et
2884 2232 2936 2286 in
2983 2230 3161 2287 futuro
3207 2233 3404 2288 smculo
3446 2235 3555 2288 vita
3608 2245 3847 2303 azterna;

2260 2324 2456 2395 partim
2505 2338 2633 2378 vero
2687 2339 2812 2379 cum
2864 2324 3021 2380 malis
3068 2325 3442 2396 perversisque
3495 2329 3847 2400 communia,

2259 2414 2398 2468 sicut
2437 2414 2616 2469 omnia
2657 2423 2870 2481 caetera,
2915 2415 2969 2470 in
3011 2414 3205 2486 quibus
3242 2423 3368 2471 sunt
3407 2425 3462 2473 et
3501 2431 3848 2477 sacrosancta

2263 2505 2544 2578 mysteria.

2333 2596 2558 2652 CAPUT
2584 2596 2822 2651 XXVIII.
2849 2626 2921 2636 —
2941 2597 3029 2653 39.
3071 2597 3208 2653 Hinc
3231 2597 3407 2670 itaque
3429 2597 3536 2669 jam
3564 2599 3772 2657 facilior
3798 2613 3853 2658 et

2260 2689 2558 2759 expeditior
2585 2688 2742 2744 nobis
2777 2704 2916 2744 arca:
2945 2689 3106 2753 illius,
3134 2689 3289 2759 cujus
3330 2690 3442 2745 Noe
3481 2690 3772 2748 fabricator
3801 2704 3854 2749 et

2259 2779 2582 2850 gubernator
2612 2779 2708 2833 luit
2734 2778 2883 2849 (Gen.
2905 2795 2958 2834 vr
2982 2789 3028 2834 et
3054 2780 3172 2852 vn),
3200 2779 3556 2835 consideratio
3586 2786 3846 2853 proponi-

2262 2878 2368 2924 tur.
2399 2871 2488 2925 Ait
2509 2861 2650 2925 enim
2681 2870 2870 2925 Petrus
2901 2887 2913 2923 :
2944 2868 3012 2924 In
3035 2887 3155 2924 arca
3185 2869 3301 2925 Noe
3328 2873 3496 2943 pauci,
3527 2872 3582 2925 id
3607 2881 3706 2940 est,
3741 2884 3853 2929 octo

2260 2960 2445 3014 animm
2463 2960 2723 3014 hominum
2745 2961 2898 3014 salute
2921 2962 3070 3031 facta
3102 2971 3219 3015 sunt
3258 2977 3348 3030 per
3371 2978 3556 3030 aquam
3585 2978 3604 3017 :
3631 2964 3772 3034 quod
3805 2973 3852 3020 et

2261 3070 2346 3108 vos
2371 3053 2524 3107 simili
2545 3056 2710 3126 forma
2737 3051 3002 3124 Baptisma
3038 3054 3204 3108 salvos
3239 3054 3361 3124 facit
3385 3071 3405 3119 ;
3445 3071 3544 3109 non
3571 3057 3740 3112 carnis
3766 3058 3853 3112 dc.

2263 3144 2446 3215 positio
2473 3144 2720 3208 sordium,
2759 3144 2847 3198 sed
2880 3145 3200 3198 conscientia:
3245 3145 3388 3199 bona:
3423 3146 3753 3218 interrogatio
3796 3148 3817 3220 (
3835 3150 3852 3205 ι

2265 3232 2417 3290 Petr.
2443 3251 2519 3298 Ill,
2549 3234 2642 3302 20,
2670 3233 2787 3307 ει).
2810 3235 3146 3306 QuaprOpter
3165 3236 3209 3290 si
3231 3245 3487 3306 apparent
3513 3236 3846 3295 hominibus‘

2263 3325 2316 3382 in
2345 3328 2546 3382 unitate
2571 3327 2830 3382 catholica
2862 3327 3134 3398 baptizati,
3167 3328 3255 3398 qui
3296 3329 3493 3384 sacculo
3519 3331 3697 3386 verbis
3721 3332 3847 3388 solis

2262 3428 2317 3475 et
2346 3436 2450 3474 non
2487 3419 2638 3475 factis
2680 3421 3019 3486 renuntiant;
3063 3421 3328 3490 quomodo
3353 3423 3620 3491 pertinent
3647 3423 3716 3478 ad
3747 3423 3846 3479 hu-

2257 3511 2345 3583 jus
2364 3527 2502 3567 arcae
2531 3512 2844 3584 mysterium
2865 3552 2881 3580 ,
2929 3512 2981 3566 in
3009 3511 3202 3582 quibus
3242 3527 3348 3567 non
3387 3521 3468 3568 est
3505 3515 3844 3571 conscientiae

2263 3602 2420 3659 bona:
2464 3603 2851 3674 interrogatio?
2901 3604 3007 3657 Aut
3066 3601 3334 3672 quomodo
3388 3604 3519 3658 salvi
3572 3602 3707 3660 llunt
3755 3617 3847 3676 per

2261 3709 2476 3766 aquam,
2503 3694 2594 3765 qui
2623 3703 2807 3748 sancto
2835 3693 3162 3764 Baptismate
3193 3693 3328 3748 male
3362 3702 3590 3758 utentes,
3619 3710 3744 3750 cum
3771 3698 3845 3751 vi-

2262 3785 2487 3841 deantur
2505 3800 2625 3841 esse
2653 3785 2818 3852 intus,
2843 3799 3010 3856 usque
3050 3785 3102 3839 in
3141 3784 3298 3840 linem
3333 3784 3456 3840 vita:
3492 3787 3542 3841 in
3573 3785 3846 3856 ﬂagitiosis

2263 3886 2316 3933 et
2337 3875 2558 3947 perditis
2595 3877 2834 3932 moribus
2872 3877 3252 3946 perseverant?
3291 3877 3396 3931 Aut
3434 3878 3704 3946 quomodo
3743 3889 3849 3935 non

2263 3976 2390 4023 sunt
2419 3983 2512 4038 per
2535 3983 2725 4038 aquam
2754 3967 2964 4033 salvati,
3011 3981 3145 4038 quos
3186 3967 3238 4022 in
3279 3969 3604 4038 prmteritum
3633 3983 3761 4023 cum
3786 3987 3849 4026 eo

2263 4057 2608 4128 Baptismate,
2639 4057 2780 4129 quod
2811 4058 2864 4112 in
2895 4057 3085 4112 haeresi
3117 4067 3452 4129 acceperant,
3481 4058 3532 4113 in
3553 4059 3848 4115 Ecclesiam

2262 4150 2575 4220 simpliciter
2612 4150 2878 4205 admissos
2917 4149 3214 4220 Cyprianus
3258 4150 3371 4220 ipse
3421 4152 3849 4207 commemorat?

2264 4241 2463 4297 Eadem
2483 4241 2680 4314 quippe
2713 4257 2851 4296 arca:
2876 4241 3050 4296 unitas
3088 4256 3182 4296 eos
3224 4242 3400 4296 salvos
3446 4229 3595 4308 fecit,
3649 4243 3704 4297 in
3746 4256 3848 4314 qua

2265 4347 2421 4386 nemo
2455 4332 2559 4386 nisi
2599 4347 2695 4402 per
2737 4346 2930 4401 aquam
2971 4331 3203 4386 salvatus
3229 4341 3329 4387 est.
3360 4332 3480 4403 Ipse
3512 4333 3656 4388 enim
3679 4333 3847 4390 dicit:

2265 4423 2457 4478 Potens
2481 4434 2553 4478 est
2571 4421 2819 4477 Dominus
2842 4423 3183 4477 misericordia
3203 4440 3297 4478 sua
3317 4424 3686 4495 indulgentiam
3707 4426 3846 4489 dare,

2263 4526 2309 4569 et
2332 4531 2418 4568 eos
2445 4515 2528 4583 qui
2552 4515 2620 4567 ad
2648 4513 2923 4568 Ecclesium
2951 4513 3248 4585 simpliciter
3273 4517 3500 4582 admissi,
3534 4517 3588 4572 in
3614 4516 3845 4573 Ecclesia

2263 4605 2594 4672 dormierunt,
2637 4605 2699 4658 ab
2742 4604 2983 4660 Ecclesia
3010 4622 3116 4660 sua:
3148 4607 3435 4661 muneribus
3470 4624 3570 4661 non
3609 4625 3849 4680 separare

2263 4695 2519 4768 (Epistola
2539 4697 2628 4762 75,
2652 4696 2719 4750 ad
2739 4695 3090 4767 Jubaianum).
3123 4697 3177 4751 Si
3210 4713 3312 4751 non
3351 4712 3445 4768 per
3474 4714 3690 4769 aquam,
3715 4716 3847 4769 quo-

2263 4789 2422 4843 modo
2452 4789 2505 4842 in
2533 4788 2694 4843 arca?
2722 4788 2776 4844 Si
2806 4803 2908 4843 non
2949 4789 3002 4843 in
3030 4803 3175 4852 arca,
3197 4788 3462 4860 quomodo
3490 4791 3540 4844 in
3570 4785 3845 4848 Ecclesia?

2263 4877 2319 4933 Si
2345 4890 2520 4932 autem
2552 4879 2604 4933 in
2639 4879 2896 4943 Ecclesia,
2937 4879 3119 4948 utique
3148 4879 3200 4932 in
3237 4895 3357 4933 arca
3385 4899 3398 4934 :
3427 4889 3480 4934 et
3516 4881 3558 4934 si
3602 4881 3657 4934 in
3703 4898 3844 4947 arca,
3926 4951 3932 4955 Α

2263 4971 2441 5040 utique
2467 4985 2562 5039 per
2589 4985 2804 5040 aquam.
2833 4969 3014 5024 Potest
3035 4986 3162 5040 ergo
3187 4970 3298 5026 fieri
3320 4981 3378 5026 ut
3401 4981 3454 5026 ct
3481 4973 3699 5043 quidam
3725 4976 3846 5030 loris
3919 5040 3922 5042 γ

2263 5059 2533 5130 baptizati,
2563 5076 2654 5130 per
2682 5060 2778 5114 Dei
2808 5059 3194 5129 prmseientiam
3224 5063 3399 5116 verius
3429 5063 3569 5118 intus
3599 5063 3846 5134 baptizati

2261 5153 2613 5224 deputentur;
2651 5154 2776 5222 quia
2819 5153 2925 5207 illic
2964 5154 3041 5208 eis
3081 5170 3212 5224 aqua
3266 5157 3447 5227 incipit
3489 5158 3752 5227 prodesse
3781 5161 3842 5213 ad

2261 5243 2518 5306 salutem;
2553 5258 2725 5312 neque
2750 5243 2890 5298 enim
2919 5243 3077 5298 aliter
3100 5244 3204 5300 dici
3232 5259 3454 5316 possunt
3478 5248 3610 5302 salvi
3643 5247 3769 5305 facti
3797 5251 3844 5305 in

2259 5348 2382 5388 arca
2413 5333 2512 5387 nisi
2536 5348 2632 5403 per
2651 5349 2838 5403 aquam
2873 5352 2886 5388 :
2919 5344 2972 5390 et
2993 5351 3180 5391 rursus
3201 5337 3437 5408 quidam,
3469 5339 3556 5409 qui
3585 5339 3845 5396 videban-

2260 5433 2345 5478 tur
2371 5425 2510 5478 intus
2539 5424 2806 5494 baptizati,
2840 5440 2935 5495 per
2954 5420 3197 5481 eamdem
3229 5429 3614 5498 prtescientiam
3647 5431 3741 5486 Dei
3763 5430 3845 5487 fo-

2258 5513 2332 5568 ris
2360 5513 2608 5584 baptizati
2641 5515 2816 5570 verius
2843 5515 3160 5584 deputentur
3192 5536 3202 5569 :
3235 5519 3373 5574 male
3411 5520 3606 5590 quippe
3632 5530 3844 5579 utentes

2322 5731 2514 5800 fEditio
2535 5739 2655 5800 A_m.:
2676 5731 3028 5800 sicutapparct
3051 5732 3280 5800 homines.
3323 5737 3395 5800 sle
3431 5738 3573 5787 etiam
3613 5745 3710 5800 Fax;
3759 5737 3843 5790 sed

2258 5792 2393 5866 infra,
2412 5793 2531 5852 loco,
2557 5793 2802 5866 baptismi,
2821 5792 2968 5866 habet
2992 5801 3084 5866 lir..,
3110 5796 3359 5866 baptismi.
3391 5806 3443 5848 At
3469 5808 3569 5849 Mss.
3597 5792 3838 5866 plerique,

2257 5863 2376 5905 a‘lcttl
2401 5862 2629 5918 apparent
2655 5855 2932 5906 hominibus.
2946 5893 2955 5904 .
2968 5897 2976 5904 .
2987 5894 3016 5903 ..
3041 5855 3278 5920 (inplicati.
