4008 6464
216 365 297 419 19⁸1

212 478 471 549 Baptisme,
499 490 589 547 per
616 491 802 546 aquam
835 476 1159 543 moriuntur;
1186 476 1325 547 quod
1354 477 1479 531 nulli
1509 486 1636 534 tunc
1656 494 1747 534 ae-

209 572 333 636 cidit,
362 570 457 625 nisi
492 570 577 639 qui
617 580 807 639 prmter
840 584 1018 626 arcam
1064 570 1182 624 fuit.
1212 570 1368 625 Certe
1406 571 1748 627 manifestum

207 672 289 726 est,
319 660 365 714 id
388 659 522 730 quod
541 659 752 724 dicitur,
778 661 829 715 in
856 660 1090 715 Ecclesia
1122 661 1264 718 intus
1286 668 1342 716 et
1369 660 1519 729 foris,
1558 663 1611 717 in
1634 677 1753 718 eor-

205 750 277 817 de,
298 764 394 804 non
416 749 464 802 in
486 762 709 818 corpore
727 750 1094 821 cogitandum;
1123 750 1549 822 quandoquidem
1567 768 1755 809 omnes

204 840 278 908 qui
308 838 459 895 corde
496 849 617 893 sunt
654 840 815 907 intus,
860 841 914 896 in
956 855 1097 896 arca:
1136 842 1339 897 unitate
1380 857 1474 913 per
1508 845 1752 901 eamdem

204 943 368 999 aquam
403 930 531 984 salvi
573 929 724 996 fiunt,
762 947 859 1002 per
902 947 1058 1002 quam
1088 947 1273 988 omnes
1302 934 1393 1005 qui
1429 935 1591 991 corde
1628 945 1755 993 sunt

205 1022 341 1087 feris,
377 1022 492 1076 sive
531 1022 689 1076 etiam
735 1037 961 1093 corpore
999 1023 1128 1080 feris
1166 1025 1292 1091 sint,
1324 1026 1436 1081 sive
1479 1041 1582 1082 non
1623 1027 1749 1095 sint,

204 1118 419 1179 tanquam
462 1110 680 1165 unitatis
723 1112 1012 1167 adversarii
1061 1114 1377 1170 moriuntur.
1426 1114 1575 1172 Sicut
1626 1132 1753 1188 ergo

202 1215 287 1254 non
314 1200 426 1265 alia,
454 1200 548 1257 sed
586 1202 771 1257 eadem
798 1217 935 1273 aqua
982 1211 1034 1258 et
1080 1202 1132 1257 in
1175 1219 1297 1259 arca
1339 1208 1538 1276 positos
1578 1208 1753 1264 salvos

202 1290 317 1353 fecit,
346 1301 394 1345 et
417 1301 565 1345 extra
592 1308 768 1348 aream
802 1294 1003 1362 positos
1034 1294 1332 1361 interemit;
1379 1299 1457 1351 sic
1486 1312 1589 1352 non
1620 1299 1745 1364 alio,

1544 364 1746 420 LIBER
1783 366 2069 424 SEXTUS.

3337 394 3441 451 198

1859 482 1951 538 sed
1978 483 2163 540 eodem
2194 486 2462 557 Baptismo
2489 499 2545 547 et
2586 494 2707 549 boui
2737 496 2986 554 catho.ici
3026 501 3157 557 salvi
3198 501 3350 573 fiunt,
3381 516 3442 563 et

1859 573 1982 627 mali
2007 575 2251 631 catholici
2276 580 2359 634 vel
2394 580 2630 639 hazretici
2660 599 2897 654 pereunt.
2927 589 3066 656 Quid
3100 602 3279 652 autem
3308 597 3436 653 bea-

1858 662 2096 719 tissimus
2124 665 2418 738 Cyprianus
2444 672 2510 726 de
2539 672 2811 732 Catholica
2840 680 3058 747 sentiat,
3088 693 3143 738 et
3167 686 3437 755 quomodo

1855 756 1970 826 ejus
1989 759 2298 815 auctoritate
2320 764 2526 831 penitus
2540 767 2848 824 obterantur
2862 770 3114 841 haeretici,
3134 792 3437 849 quanquam

1856 847 2025 902 multa
2053 848 2299 919 dixerim,
2325 868 2568 910 seorsum
2600 865 2798 927 tamen,
2830 863 2872 917 si
2905 864 3129 921 Domine
3154 847 3432 937 placuerit,

1857 937 2128 1008 aliquanto
2172 941 2388 999 uberius
2438 954 2598 1017 atque
2647 950 2977 1009 manifestius
3023 956 3202 1013 dicere
3247 961 3437 1028 statui,

1857 1042 1979 1083 cum
2010 1031 2156 1099 prius
2182 1032 2249 1089 de
2277 1037 2507 1092 concilio
2542 1038 2658 1110 ejus
2684 1041 2871 1098 dixero
2909 1063 3026 1115 qua:
3063 1049 3245 1106 deberi
3276 1067 3305 1106 a
3351 1069 3439 1109 me

1856 1129 2003 1265 guto,
2034 1124 2176 1195 quod
2199 1125 2251 1181 in
2272 1127 2367 1183 Dei
2386 1129 2655 1189 voluntate
2679 1138 2920 1206 sequenti
2956 1141 3222 1200 volumine
3245 1159 3436 1215 aggre-

1895 1227 1993 1265 iar.

1895 1227 1993 1266 tar.

205 1404 3423 1453 —__———————_—,—_——~——-‘_

1260 1481 1737 1587 LIBER
1783 1484 2073 1593 SEX
2093 1489 2445 1600 Tl/‘S.-

290 1669 330 1710 ιη
351 1676 443 1725 quo
458 1664 838 1727 Cartimginense
858 1665 1109 1717 concilium
1123 1667 1187 1719 de
1210 1668 1550 1719 haereticorum
1576 1671 1879 1733 Baptismate,
1904 1686 2019 1724 cura
2042 1681 2094 1725 et
2114 1681 2400 1731 auctoritate
2422 1686 2637 1746 Cypriani
2660 1686 2980 1753 celebratum,
3007 1698 3318 1758 expenditur.

1592 1781 2018 1843 4mm-

250 1887 452 1943 CAPUT
478 1888 765 1946 PRIMUM.
786 1921 857 1931 —
882 1892 933 1946 1.
965 1892 1183 1948 Poterat
1204 1892 1312 1963 jam
1347 1893 1571 1948 fortasse
1596 1892 1746 1947 sum-

197 1995 309 2044 cere,
338 1981 472 2051 quod
502 1983 664 2038 toties
691 1984 931 2053 repetitis
956 1984 1272 2054 rationibus,
1305 1994 1359 2041 et
1383 1985 1745 2056 multipliciter

196 2071 474 2140 disputando
505 2074 736 2130 versatis
762 2086 925 2146 atque
971 2078 1211 2133 tractatis
1230 2120 1246 2146 ,
1291 2078 1556 2149 adjunctis
1581 2080 1743 2135 etiam

194 2163 451 2219 divinarum
472 2166 874 2237 Scripturarum
895 2168 1250 2239 documentis,
1268 2180 1323 2226 et
1344 2171 1507 2241 ipsius
1526 2170 1745 2243 Cypria-

196 2256 235 2308 ni
271 2265 337 2310 tet
375 2257 698 2314 testimoniis
743 2259 1189 2331 suifragantibus,
1228 2262 1338 2332 jam
1379 2264 1541 2319 etiam
1581 2263 1745 2320 corde

194 2348 415 2404 tardiores
433 2391 447 2416 ,
479 2360 743 2422 quantum
784 2352 1032 2409 existimo
1049 2394 1063 2419 ,
1090 2355 1388 2426 intelligunt
1414 2356 1743 2426 Baptismum

192 2439 353 2495 Christi
378 2443 524 2497 nulla
554 2445 909 2514 perversitate
939 2446 1171 2502 hominis
1190 2489 1207 2515 ,
1239 2449 1354 2503 sive
1390 2448 1599 2515 dantis,
1627 2449 1743 2506 sive

192 2532 482 2601 accipientis,
524 2548 687 2604 posse
712 2535 923 2593 violari.
950 2536 1061 2593 Nee
1087 2538 1157 2593 ob
1180 2539 1322 2595 aliud
1352 2539 1457 2596 illis
1482 2542 1742 2611 temperi-

192 2621 286 2688 bus,
306 2626 511 2694 quando
542 2627 645 2682 ista
671 2629 897 2697 qumstio
925 2638 1110 2684 contra
1135 2637 1369 2686 veterem
1396 2632 1742 2688 consuetudi-

192 2717 321 2769 nem‘
356 2716 812 2787 disputationibus
860 2720 1005 2775 salva
1048 2721 1307 2777 charitate
1350 2731 1511 2794 atque
1537 2723 1741 2780 unitate

191 2802 537 2862 altercantibus
596 2807 1020 2877 discutiebatur,
1071 2810 1244 2866 visum
1294 2822 1377 2867 est
1424 2813 1741 2881 quibusdam

190 2894 317 2947 etiam
351 2897 584 2968 egregiis
609 2898 737 2955 viris
778 2900 1109 2956 antistitibus
1137 2901 1374 2970 Christi,
1423 2903 1562 2959 inter
1605 2918 1741 2974 quos

191 2988 413 3057 praecipue
438 2991 635 3046 beatus
657 2991 957 3063 Cyprianus
984 2994 1272 3059 eminebat,
1306 3009 1413 3050 non
1443 3009 1562 3051 esse
1582 3010 1740 3065 posse

190 3078 298 3145 apud
320 3079 601 3137 hmreticos
629 3082 717 3137 vel
756 3083 1124 3139 schismaticos
1150 3084 1475 3156 Baptismum
1505 3084 1735 3153 Christi,

189 3168 267 3222 nisi
288 3171 395 3239 quia
424 3186 536 3227 non
564 3172 987 3243 distinguebatur
1015 3173 1416 3231 Saeramentum
1431 3176 1501 3232 ab
1524 3176 1735 3244 effectu,

190 3258 251 3312 vel
272 3274 357 3315 usu
379 3262 738 3318 Sacramenti.
770 3262 838 3318 Et
864 3264 983 3334 quia
1023 3264 1141 3335 ejus
1179 3265 1400 3323 effectus
1424 3277 1585 3337 atque
1612 3281 1739 3323 usus

190 3347 229 3400 in
246 3348 548 3414 liberatione
587 3366 619 3407 a
663 3354 896 3422 peccatis
936 3362 993 3409 et
1032 3354 1212 3410 cordis
1250 3355 1569 3412 rectitudine
1598 3357 1737 3426 apud

189 3436 426 3495 hereticos
450 3458 565 3498 non
588 3443 974 3510 inveniebatur,
1002 3445 1174 3515 ipsum
1191 3461 1404 3517 quoque
1423 3446 1739 3503 Sacramen-

188 3538 274 3584 tum
298 3548 394 3587 non
422 3535 537 3589 illic
560 3549 679 3590 esse
708 3536 1007 3605 putabatur.
1032 3537 1137 3594 Sed
1158 3539 1590 3594 convertentibus
1611 3553 1737 3594 ocu-

190 3618 249 3674 les
282 3622 339 3676 ad
366 3623 641 3681 interioris
671 3626 836 3696 paleae
877 3629 1265 3685 multitudinem
1290 3670 1306 3695 ,
1332 3643 1456 3685 eum
1484 3639 1539 3686 et
1566 3630 1620 3685 hi
1646 3632 1737 3702 qui

188 3708 227 3761 in
248 3710 343 3779 ipsa
368 3715 575 3769 unitate
603 3717 843 3785 perversi
872 3726 996 3773 sunt
1026 3727 1081 3774 et
1112 3719 1320 3790 perdite
1342 3720 1549 3787 vivunt,
1577 3736 1738 3791 appa-

188 3813 309 3857 reant
339 3807 711 3863 remissionem
743 3818 1079 3878 peccatorum
1121 3826 1221 3867 nec
1265 3811 1395 3868 dare
1437 3827 1596 3882 posse
1640 3828 1739 3869 nec

189 3891 377 3960 habere;
399 3899 528 3968 quia
556 3912 663 3953 non
684 3899 951 3971 malignis,
969 3902 1064 3956 scd
1090 3902 1244 3957 bonis
1269 3901 1390 3957 ﬁliis
1413 3902 1612 3958 dictum
1634 3912 1735 3970 est,

190 3981 235 4036 Si
254 3990 325 4040 cui
346 3989 641 4046 dimicet-itis
664 4002 888 4062 peccata,
917 3992 1231 4048 dimittantur
1254 3994 1332 4057 ei;
1352 3994 1396 4048 si
1421 3994 1505 4048 cui
1524 3996 1740 4049 tenueri-

188 4075 251 4143 lit,
265 4082 552 4137 tenebuntur
570 4083 618 4153 (l
631 4082 790 4138 Joau.
810 4100 905 4153 xx,
921 4083 1013 4157 25)
1037 4104 1049 4140 :
1072 4086 1269 4142 habere
1292 4096 1489 4151 tamen,
1512 4094 1565 4143 et
1585 4086 1735 4155 dare,

186 4171 229 4217 et
248 4169 471 4240 accipere
491 4173 754 4243 Baptismi
775 4173 1201 4242 Saeramentum,
1222 4176 1352 4232 satis
1370 4177 1534 4232 eluxit
1558 4188 1738 4248 pasto-

186 4258 308 4316 ribus
332 4263 587 4321 Ecclesize
615 4266 892 4323 catholicae
920 4276 1033 4322 toto
1060 4269 1190 4325 orbe
1212 4267 1419 4324 diﬂ'usae
1436 4309 1453 4335 ,
1480 4284 1738 4341 per-quos

187 4362 335 4418 postea
360 4357 588 4429 plenarii
610 4359 822 4413 concilii
850 4361 1164 4416 auctoritate
1193 4360 1465 4431 originalis
1492 4374 1727 4417 consue-

187 4442 289 4499 tudo
310 4444 511 4503 lirmata
542 4458 660 4514 est;
689 4450 851 4505 etiam
884 4465 1061 4517 ovem,
1102 4466 1219 4521 quae
1255 4450 1383 4506 feris
1411 4450 1655 4517 errabat,
1682 4459 1738 4507 et

186 4533 471 4597 dominicum
503 4541 870 4597 characterem
909 4557 939 4597 a
970 4541 1244 4598 fallacibus
1285 4542 1739 4614 deprredatoribus

185 4631 274 4685 suis
293 4632 413 4690 foris
438 4643 745 4706 acceperat,
772 4637 1071 4691 venientem
1098 4635 1164 4690 ad
1189 4635 1493 4691 christiana;
1522 4635 1740 4691 unitatis

186 4722 413 4794 salutem,
442 4728 514 4782 ab
541 4742 727 4783 errore
763 4728 988 4797 corrigi,
1020 4741 1049 4781 a
1079 4726 1382 4795 captivitate
1427 4726 1678 4793 liberari,
1708 4741 1738 4780 a

186 4811 373 4873 vulnere
396 4820 613 4884 sanari,
645 4817 1009 4874 characterem
1043 4829 1218 4873 tamen
1248 4820 1299 4871 in
1327 4833 1387 4872 ea
1413 4817 1738 4872 dominicum

187 4909 368 4973 agnosci
388 4911 567 4979 potius
586 4923 744 4979 quam
766 4908 1051 4979 improbari
1077 4927 1090 4963 :
1116 4907 1542 4979 quandoquidem
1568 4908 1738 4977 ipsum

187 4992 520 5055 characterem
544 5000 693 5054 multi
718 5008 773 5055 et
800 5000 906 5070 lupi
931 5008 987 5055 et
1011 4999 1149 5069 lupis
1175 4998 1416 5069 inﬁgunt,
1440 4998 1532 5068 qui
1557 4997 1741 5053 viden-

187 5094 256 5140 tur
278 5091 487 5159 quidem
515 5092 657 5147 intus
691 5107 844 5157 esse,
871 5100 1240 5147 verumtamen
1276 5090 1340 5145 ad
1378 5091 1519 5145 illam
1551 5105 1702 5145 ovem
1723 5131 1737 5157 ,

186 5192 286 5245 qua:
309 5181 465 5237 etiam
494 5199 563 5238 ex
592 5183 775 5238 multis
804 5199 907 5238 una
931 5192 1037 5249 est,
1062 5198 1166 5237 non
1196 5183 1467 5253 pertinere
1488 5224 1503 5247 ,
1532 5196 1742 5236 morum

186 5282 378 5327 suorum
407 5274 667 5330 fructibus
694 5275 1100 5340 convincuntur,
1146 5274 1199 5329 in
1248 5275 1439 5346 quibus
1486 5275 1538 5329 in
1584 5274 1743 5329 finem

188 5374 332 5432 usque
354 5366 680 5435 perdurant:
710 5367 830 5438 quia
870 5366 1159 5422 secundum
1204 5366 1590 5435 pracseientiam
1617 5366 1741 5433 Dei,

188 5454 305 5511 sicut
330 5459 509 5513 multae
535 5475 664 5515 oves
688 5469 867 5515 errant
897 5459 1131 5515 exterius
1148 5500 1164 5526 ,
1194 5460 1271 5514 sic
1295 5458 1447 5512 multi
1482 5458 1588 5527 lupi
1612 5458 1744 5513 insi-

188 5543 376 5603 diantur
397 5551 646 5616 interius;
673 5551 810 5607 inter
836 5566 970 5621 quos
999 5558 1176 5605 tamen
1207 5549 1352 5603 nevit
1374 5548 1631 5603 Dominus
1655 5546 1743 5617 qui

187 5648 293 5694 sunt
316 5644 452 5710 ejus,
481 5644 565 5713 qui
585 5657 693 5698 non
718 5642 938 5698 audiunt
958 5657 1145 5698 vocem
1172 5641 1272 5697 nisi
1305 5641 1556 5712 pastoris,
1584 5639 1743 5697 etiam

239 5776 253 5806 ⁸
276 5786 366 5826 Αιιι.
400 5784 474 5829 Er.
500 5786 548 5829 ct
570 5786 695 5843 Mss,
723 5784 885 5829 contra
906 5776 1067 5829 utilem
1094 5775 1496 5828 communiumin.

1856 1909 1975 1951 cum
2006 1897 2197 1957 clamat
2225 1919 2321 1974 per
2346 1906 2545 1964 similes
2574 1910 2961 1972 Pharisaeorum
2980 1960 2994 1983 ,
3029 1919 3096 1976 de
3132 1923 3326 1993 quibus
3353 1926 3438 1983 di-

1852 1998 2159 2090 ctum—est,
2208 1996 2336 2063 Quae
2390 2000 2582 2069 dicunt,
2631 2007 2782 2075 facile
2837 2008 3048 2080 (Matth.
3116 2029 3279 2083 xxm,
3330 2016 3428 2090 3).

1921 2081 1987 2178 2.
2008 2083 2159 2178 Sicut
2183 2088 2325 2143 enim
2357 2090 2519 2147 homo
2548 2096 2837 2164 spiritualis
2863 2099 3068 2158 habens
3097 2081 3272 2160 finem
3292 2081 3433 2178 prte-

1850 2176 2012 2245 cepti,
2035 2176 2087 2232 id
2116 2187 2218 2245 est,
2242 2180 2556 2241 charitatem
2588 2188 2655 2243 de
2684 2190 2846 2247 corde
2878 2209 3011 2263 puro
3036 2203 3092 2250 et
3110 2176 3434 2254 conscientia

1849 2263 1987 2320 bona
2017 2275 2072 2323 et
2099 2268 2203 2326 fide
2228 2287 2332 2327 non
2364 2274 2484 2331 ficta
2513 2276 2556 2351 (Ι
2587 2278 2721 2335 Tim.
2752 2298 2799 2349 ι,
2828 2283 2905 2355 5),
2941 2296 3115 2355 potest
3141 2289 3343 2360 aliquid
3365 2306 3431 2347 ex

1849 2370 2077 2428 corpore
2119 2364 2261 2432 quod
2304 2366 2477 2423 adhuc
2516 2374 2880 2444 corrumpitur
2920 2385 2975 2432 et
3021 2390 3273 2450 aggravat
3313 2384 3433 2438 ani-

1849 2462 1991 2503 mam
2018 2451 2037 2520 (
2060 2451 2190 2522 Sap.
2220 2471 2292 2521 rx,
2321 2458 2447 2528 15),
2478 2461 2653 2516 minus
2682 2463 2881 2533 liquide
2907 2482 3159 2536 cernere,
3191 2480 3246 2527 et
3279 2473 3435 2530 aliter

1848 2556 2037 2613 sapere
2059 2547 2200 2617 quod
2231 2548 2286 2603 in
2315 2550 2501 2607 eadem
2524 2552 2783 2612 charitate
2805 2562 3133 2627 permanenti
3156 2564 3294 2619 Deus
3310 2580 3431 2621 cum

1846 2635 2074 2695 voluerit
2108 2641 2367 2698 revelabit
2402 2642 2680 2717 (Philipp.
2710 2663 2787 2713 Ill,
2828 2651 2895 2705 15
2918 2653 2937 2721 )
2964 2670 2976 2704 :
3000 2654 3077 2708 sic
3120 2654 3173 2709 in
3217 2655 3433 2713 homine

1847 2728 2049 2783 carnali
2078 2738 2239 2801 atque
2264 2748 2515 2803 perverso
2544 2747 2719 2807 potest
2742 2740 2955 2812 aliquod
2988 2744 3184 2799 bonum
3214 2756 3269 2801 ct
3302 2749 3434 2805 utile

1846 2820 2104 2890 reperiri,
2148 2824 2290 2893 quod
2332 2826 2544 2884 aliunde
2580 2830 2680 2899 sit,
2720 2847 2826 2888 non
2862 2849 2928 2889 ex
2972 2835 3106 2906 ipse.
3135 2837 3265 2892 Nam
3298 2848 3351 2894 ut
3375 2836 3431 2895 in

1846 2912 2064 2982 palmite
2090 2913 2362 2973 fruetueso
2391 2920 2657 2978 invenitur
2680 2923 2879 2995 aliquid
2918 2928 3059 2997 quod
3100 2931 3429 3001 purgandum

1846 3003 1937 3071 sit,
1964 3015 2023 3060 ut
2047 3007 2304 3077 majorem
2326 3012 2553 3068 fructum
2575 3012 2739 3083 ferat;
2760 3017 2828 3071 ita
2851 3026 2904 3073 et
2921 3018 2971 3073 in
2991 3021 3249 3083 arundine
3265 3022 3431 3079 sterili

1845 3102 2001 3166 atque
2026 3097 2172 3153 arida
2199 3100 2281 3156 vel
2294 3102 2503 3174 alligata
2532 3106 2669 3161 solet
2693 3122 2791 3162 uva
2822 3109 3075 3178 pendere.
3101 3112 3164 3166 Et
3190 3112 3309 3167 ideo
3326 3114 3430 3168 sic-

1847 3194 1905 3242 ut
1957 3189 2174 3245 stultum
2204 3202 2288 3247 est
2316 3192 2576 3252 fructiferi
2604 3199 2837 3268 palmitis
2866 3214 3209 3273 purgamenta
3240 3205 3426 3277 dilige-

1844 3292 1925 3346 re,
1952 3282 2234 3338 commode
2252 3292 2429 3342 autem
2458 3286 2579 3343 facit
2604 3290 2693 3359 qui
2718 3306 2874 3361 poma
2902 3294 3082 3349 suavia
3108 3296 3432 3368 ubicumque

1844 3383 2103 3442 suSpensa
2130 3389 2235 3429 non
2264 3378 2468 3447 respuit
2496 3396 2509 3432 :
2541 3379 2612 3434 ita
2641 3382 2879 3452 quisquis
2908 3384 2976 3441 ab
3012 3386 3212 3442 unitate
3238 3389 3430 3457 praeei-

1844 3473 1936 3516 sus
1962 3471 2240 3534 propterea
2267 3467 2588 3539 rebaptizat,
2624 3473 2743 3543 quia
2768 3473 3037 3546 Cypriane
3064 3479 3234 3534 visum
3258 3488 3340 3535 est
3364 3480 3434 3537 ab

1845 3551 2109 3613 hmreticis
2134 3558 2408 3616 venientes
2427 3561 2603 3618 denuo
2624 3564 2877 3636 baptizari
2904 3578 3181 3638 oportere;
3210 3571 3403 3627 laudan
3430 3604 3431 3607 η

1843 3643 1911 3700 da
1953 3646 2007 3702 in
2047 3655 2195 3704 tanto
2236 3649 2352 3707 viro
2391 3662 2687 3722 aversatur,
2714 3664 2769 3711 et
2801 3659 3129 3714 emendanda
3172 3670 3429 3730 sectatur.

1842 3751 1944 3792 nec
1968 3752 2030 3793 ea
2056 3738 2168 3809 ipsa
2207 3756 2326 3811 quae
2371 3753 2605 3835 sectatur
2642 3748 2960 3817 assequitur.
2997 3750 3090 3805 ille
3122 3752 3265 3806 enim
3302 3752 3430 3808 dum

1844 3827 1959 3883 zelo
1984 3828 2078 3884 Dei
2105 3832 2338 3901 graviter
2359 3827 2656 3890 detestatur
2682 3852 2776 3891 eos
2802 3839 2891 3908 qui
2917 3854 2975 3894 se
3012 3840 3081 3894 ab
3108 3842 3306 3897 unitate
3338 3860 3426 3899 se-

1843 3929 2182 3989 paraverunt,
2203 3922 2364 3977 etiam
2388 3923 2456 3979 ab
2477 3925 2591 3994 ipso
2617 3926 2887 3996 Baptismo
2906 3940 3178 3998 separates
3196 3946 3317 3987 esse
3336 3947 3429 3987 aro

1842 4008 2065 4065 bitratus
2085 4018 2166 4065 est
2187 4029 2199 4064 :
2218 4011 2305 4067 isti
2324 4022 2500 4069 autem
2529 4030 2712 4085 parum
2738 4016 2954 4072 sceleris
2981 4027 3226 4088 putantes
3246 4062 3259 4083 ,
3287 4021 3435 4091 quod

1843 4100 1944 4171 ipsi
1968 4117 1999 4157 a
2022 4101 2217 4158 Christi
2248 4104 2447 4161 unitate
2471 4108 2699 4177 separati
2728 4117 2873 4176 sunt,
2904 4110 3062 4165 etiam
3098 4111 3428 4182 Baptismum

1843 4190 1958 4265 ejus
1984 4192 2091 4248 illic
2114 4209 2219 4250 non
2248 4209 2389 4263 esse,
2420 4204 2474 4250 et
2501 4212 2682 4252 secum
2712 4200 2904 4256 exiisse
2924 4202 3267 4259 contendunt.
3296 4203 3427 4259 Tam

1844 4299 1972 4355 ergo
1995 4284 2149 4356 longe
2172 4294 2342 4342 sunta
2369 4286 2690 4345 fecunditate
2706 4287 2975 4362 Cypriani,
3010 4302 3065 4347 ut
3096 4308 3193 4348 nec
3221 4308 3416 4365 purga~

1845 4378 2039 4433 mentis
2068 4379 2183 4448 ejus
2207 4389 2501 4451 aequentur.

1915 4469 2143 4528 CAPUT
2175 4470 2236 4525 ll.
2258 4504 2327 4511 —
2347 4472 2401 4528 5.
2430 4471 2559 4528 Item
2583 4473 2822 4544 quisquis
2842 4489 2945 4528 non
2976 4473 3175 4530 habens
3198 4476 3435 4533 charita-

1846 4568 2053 4628 tem,'et
2079 4562 2313 4632 perditas
2339 4562 2450 4618 vias
2474 4578 2679 4617 merum
2712 4563 3012 4634 ingrediens
3041 4565 3431 4634 pessimorum,

1847 4653 1990 4708 intus
2019 4654 2225 4709 videtur
2253 4668 2373 4710 esse
2392 4669 2513 4709 cum
2538 4654 2667 4709 foris
2691 4654 2779 4722 sit,
2802 4662 2857 4709 et
2882 4655 3209 4724 Baptismum
3231 4656 3437 4713 Christi.

1848 4760 1946 4802 nec
1977 4746 2027 4802 in
2058 4746 2320 4802 haereticis
2346 4748 2565 4816 repetit;
2606 4748 2737 4801 nihil
2777 4747 2890 4817 ejus
2921 4748 3132 4817 adjuvat
3174 4751 3429 4806 sterilita-

1850 4846 1987 4904 tem,
2026 4837 2167 4907 qnod
2203 4852 2307 4891 non
2344 4836 2653 4893 fecundatur
2689 4852 2819 4900 suo,
2857 4837 2949 4893 sed
2982 4837 3153 4893 fructu
3180 4850 3434 4896 oneratur

1848 4929 2040 4983 aliene.
2068 4928 2207 4983 Fieri
2232 4940 2410 4983 autem
2453 4936 2625 4998 potest
2654 4937 2712 4983 ut
2735 4929 2926 4999 aliquis
2954 4930 3129 5000 vigeat
3169 4932 3219 4985 in
3251 4931 3435 4986 radice

1848 5022 2140 5088 charitatis,
2164 5031 2218 5077 et
2239 5022 2290 5076 in
2315 5038 2420 5092 que
2439 5020 2734 5092 Cyprianus
2759 5021 2913 5076 aliter
2934 5023 3104 5093 sapuit
3130 5023 3431 5077 rectissime

1850 5115 2038 5184 sapiat,
2069 5121 2122 5169 et
2150 5122 2323 5168 tamen
2355 5112 2407 5167 iu
2436 5113 2698 5184 Cypriane
2743 5129 2899 5183 quam
2946 5114 2997 5167 in
3042 5114 3143 5167 isto
3175 5113 3322 5183 plura
3348 5111 3429 5167 fe-

1849 5206 2020 5261 cunda
2053 5204 2154 5258 sint
2181 5247 2195 5269 ,
2234 5213 2287 5259 et
2326 5204 2377 5259 in
2420 5203 2521 5258 iste
2548 5219 2706 5274 quam
2737 5204 2787 5258 in
2816 5204 3084 5276 Cypriane
3109 5203 3259 5273 plura
3304 5217 3430 5269 pur-

1850 5298 2018 5369 ganda
2046 5298 2170 5351 sint.
2195 5296 2309 5351 Non
2350 5296 2519 5351 selum
2547 5296 2723 5368 itaque
2752 5298 2919 5351 malos
2952 5294 3240 5350 catholicos
3280 5293 3434 5347 nullo

1853 5391 2011 5447 modo
2035 5404 2404 5460 comparamus
2425 5430 2438 5453 ,
2471 5388 2563 5443 sed
2592 5404 2691 5443 nec
2717 5388 2885 5443 boues
2913 5386 3065 5440 facile
3090 5401 3428 5455 cemquamus

1852 5484 2006 5538 beato
2033 5481 2319 5553 Cypriane,
2348 5496 2503 5551 quem
2529 5480 2665 5533 inter
2690 5494 2839 5533 raros
2866 5486 2917 5531 et
2942 5490 3137 5545 paucos
3166 5476 3432 5531 excellen-

1855 5575 2069 5630 tissiman
2111 5573 2294 5643 gratim
2338 5572 2481 5624 viros
2524 5578 2766 5623 numerat
2814 5568 2895 5636 pia
2942 5574 3109 5620 mater
3151 5566 3427 5623 Ecclesia:

1853 5668 2096 5739 quamvis
2114 5667 2199 5721 isti
2217 5673 2272 5721 et
2297 5663 2434 5735 apud
2463 5662 2740 5716 licerelicos
2759 5672 3081 5730 cognoscant
3101 5661 3430 5731 Baptismum

1853 5760 2071 5825 Christi,
2105 5759 2178 5813 illi
2209 5766 2382 5813 autem
2410 5754 2564 5808 aliter
2586 5753 2753 5808 visum
2784 5753 2888 5819 sit;
2917 5761 2972 5809 ut
2998 5769 3091 5825 per
3116 5769 3236 5811 eum
3259 5755 3437 5809 minus

3442 1645 3470 1691 ἤ
