4008 6464
527 382 628 440 199

529 496 724 568 aliquid
751 494 1037 562 videntem,
1066 503 1120 550 et
1147 491 1198 548 in
1229 494 1429 548 unitate
1458 493 1760 547 ﬁrmissime
1792 505 2112 562 permanen-

531 597 660 653 tem,
685 587 1017 643 manifestius
1042 586 1504 641 demonstraretur
1528 582 1810 645 hmreticis,
1845 596 2002 650 quam
2034 595 2119 633 sa-

531 681 733 747 crilego
747 679 949 736 scelere
967 686 1300 746 rumperetur
1311 677 1576 731 vinculum
1599 677 1760 745 pacis.
1776 673 1958 744 Neque
1973 675 2115 727 enim

537 771 788 824 Pharisrei
819 769 968 834 (reci,
995 769 1239 837 quamvis
1253 767 1494 822 dicentes
1514 765 1795 836 aliquando
1829 764 1970 834 quod
2003 763 2118 817 ﬁeri

533 862 780 921 debebat,
798 858 1138 929 comparandi
1161 867 1312 912 erant
1332 858 1573 927 apostolo
1591 858 1769 922 Petro,
1785 855 2022 926 quamvis
2041 855 2092 907 di
2107 883 2122 895 -

536 954 675 1006 eenti
705 951 988 1022 aliquando
1012 949 1152 1020 quod
1175 949 1288 1004 ﬁeri
1308 965 1411 1002 non
1431 949 1678 1003 debebat.
1704 947 1819 1002 Non
1837 946 2008 1000 solum
2027 960 2123 997 au—

538 1052 643 1096 tem
663 1044 882 1096 istorum
900 1041 1118 1095 ariditas
1135 1039 1535 1094 iliiusviriditati
1553 1037 1872 1093 conferenda
1890 1053 1991 1091 non
2011 1044 2120 1092 est:

538 1133 630 1186 sed
657 1147 756 1187 nec
770 1133 994 1187 aliorum
1015 1131 1216 1185 fructus
1236 1131 1378 1184 illius
1393 1130 1619 1184 ubertati
1637 1128 1996 1198 adaequandos
2015 1136 2118 1181 est.

540 1221 738 1276 Gentes
753 1222 894 1277 enim
913 1222 1352 1291 nemojudaizarc
1371 1235 1512 1274 nunc
1524 1220 1684 1290 cogit,
1703 1235 1802 1274 nec
1819 1219 2126 1288 ideoZtamen

539 1314 816 1382 quisquam
835 1315 1043 1367 nuncin
1063 1313 1298 1367 Ecclesia
1316 1312 1699 1381 quantumlibet
1717 1310 2015 1380 profecerit,
2032 1310 2127 1364 Pc-

541 1403 755 1457 stolatui
785 1402 1142 1458 confcrendus
1166 1413 1266 1458 est.
1289 1402 1624 1472 Quapropter
1650 1401 1880 1456 reddens
1898 1400 2129 1455 debitam

543 1494 609 1547 tri
650 1498 1106 1563 aporeverentiam
1132 1535 1148 1559 ,
1190 1493 1512 1564 dignumque
1555 1493 1810 1548 honorem
1832 1534 1847 1558 ,
1879 1499 2132 1561 quantum

543 1583 712 1645 valeo,
733 1584 1040 1653 persolvens
1072 1583 1290 1652 paciﬁco
1311 1583 1561 1652 episeopo
1577 1583 1879 1652 ctglorioso
1909 1582 2130 1652 martyri

543 1672 811 1744 Cypriane
828 1717 844 1740 ,
876 1674 1049 1729 audeo
1075 1683 1249 1727 tamen
1275 1674 1452 1728 dicere
1477 1689 1598 1728 eum
1627 1673 1780 1728 aliter
1800 1672 2033 1727 sensisse
2065 1673 2134 1726 de

550 1767 904 1820 schismatieis
929 1768 1010 1821 vel
1053 1767 1319 1821 haereticis
1343 1764 1707 1836 baptizandis,
1745 1779 1902 1834 quam
1950 1773 2134 1834 postea

549 1855 747 1908 veritas
777 1855 1028 1924 prodidit,
1062 1871 1166 1908 non
1195 1871 1262 1909 ex
1297 1870 1434 1918 mea,
1466 1854 1558 1909 sed
1580 1869 1642 1908 ex
1676 1854 1938 1908 universae
1959 1852 2137 1907 Eccle-

547 1945 641 1998 sia:
682 1947 981 2013 sententia,
1029 1945 1251 2016 plenarii
1294 1945 1506 1999 concilii
1549 1944 1862 1998 auctoritate
1888 1943 2134 1998 roborata

549 2043 707 2105 atque
737 2035 944 2090 ﬁrmata
974 2053 986 2088 :
1021 2036 1158 2090 sicut
1181 2051 1444 2090 venerans
1474 2050 1571 2104 pro
1600 2036 1678 2089 sui
1709 2035 1900 2089 merito
1921 2034 2134 2089 Petrum

548 2130 782 2199 primum
809 2129 1183 2198 Apostolorum
1215 2136 1270 2183 et
1297 2127 1775 2182 eminentissimum
1804 2137 2097 2198 martyrum
2117 2165 2133 2191 ,

503 2256 518 2275 .
549 2218 720 2273 audeo
751 2227 923 2273 tamen
955 2218 1157 2282 dicere,
1191 2235 1295 2273 non
1323 2234 1448 2272 eum
1478 2227 1623 2273 recte
1653 2217 1840 2271 fecisse
1866 2227 1922 2271 ut
1942 2216 2138 2272 Gentes

546 2306 818 2375 judaizare
847 2318 1102 2376 cogeret;
1131 2309 1290 2363 etiam
1325 2309 1424 2360 hoc
1453 2308 1593 2361 enim
1615 2307 1754 2372 dico,
1780 2322 1885 2377 non
1911 2322 1973 2360 ex
1997 2321 2134 2374 mea,

550 2397 643 2452 sed
673 2414 739 2454 ex
767 2399 990 2468 apostoli
1034 2400 1181 2454 Pauli
1229 2399 1451 2455 salutari
1502 2397 1761 2464 doctrina,
1812 2413 1908 2468 per
1948 2397 2136 2452 Eccle-

550 2489 682 2543 siam
713 2491 1014 2544 universam
1040 2500 1243 2546 retenta
1271 2499 1430 2562 atque
1457 2500 1664 2544 servata
1700 2489 1893 2561 (Gafat.
1918 2505 1976 2556 tt,
2009 2489 2132 2559 14).

625 2581 679 2635 4.
713 2581 995 2650 Disputans
1033 2597 1161 2653 ergo
1202 2581 1270 2637 de
1308 2582 1570 2637 sententia
1599 2581 1880 2654 Cypriani,
1915 2582 2137 2636 multum

555 2673 690 2728 infra
722 2675 908 2728 merita
939 2675 1144 2745 positus
1169 2673 1438 2745 Cypriani,
1472 2673 1593 2728 dico
1621 2684 2012 2728 sacramentum
2042 2672 2140 2726 Ba-

553 2767 732 2835 ptismi
773 2776 829 2821 et
867 2766 1040 2822 bonos
1064 2775 1117 2821 et
1144 2767 1313 2820 malos
1343 2780 1496 2836 posse
1526 2764 1720 2819 habere
1742 2805 1756 2828 ,
1790 2778 1948 2833 posse
1979 2763 2136 2832 dare,

557 2871 718 2926 posse
746 2859 989 2928 accipere
1021 2877 1033 2912 :
1065 2868 1120 2914 et
1149 2858 1318 2912 bonos
1346 2856 1561 2928 quidem
1591 2857 1787 2910 utiliter
1811 2871 1874 2911 ac
1911 2856 2139 2910 salubri-

555 2958 657 3014 ter,
690 2949 860 3003 malos
898 2957 1076 3003 autem
1109 2949 1406 3019 perniciose
1451 2957 1610 3018 atque
1656 2947 1968 3018 pmnaliter;
2019 2963 2138 3002 cum

557 3039 685 3094 illud
717 3048 891 3095 tamen
915 3041 966 3094 in
991 3041 1230 3111 utrisque
1254 3040 1326 3095 sit
1351 3039 1625 3109 mqualiter
1651 3039 1913 3110 integrum
1941 3057 1954 3092 :
1983 3047 2141 3110 atque

556 3131 691 3185 nihil
724 3131 983 3186 interesse
1010 3131 1077 3186 ad
1105 3131 1220 3201 ejus
1261 3130 1519 3199 aequalem
1563 3130 1615 3183 in
1645 3130 1892 3184 omnibus
1921 3130 2140 3200 integri-

553 3227 737 3284 tatem,
757 3230 957 3292 quanto
979 3220 1128 3291 pejor
1157 3220 1208 3274 id
1238 3219 1434 3275 habeat
1463 3219 1602 3274 inter
1629 3219 1821 3284 malos,
1852 3220 1989 3274 sicut
2010 3219 2139 3274 nihil

554 3311 775 3367 interest
801 3322 1002 3382 quanto
1021 3309 1024 3312 ’
1043 3311 1234 3368 melior
1261 3311 1312 3366 id
1341 3310 1534 3366 habeat
1563 3311 1702 3366 inter
1726 3311 1914 3366 bonos.
1940 3312 2016 3366 Ac
2045 3326 2142 3381 per

556 3405 657 3458 hoc
683 3408 841 3460 etiam
871 3405 1002 3460 nihil
1033 3405 1253 3460 interest
1282 3413 1479 3476 quanto
1505 3404 1660 3476 pejor
1684 3405 1735 3459 id
1773 3404 1971 3467 tradat,
2004 3405 2141 3459 sicut

557 3485 687 3551 nihil
716 3498 936 3554 interest
963 3509 1160 3568 quanto
1191 3496 1418 3552 melior:
1451 3505 1609 3566 atque
1637 3497 1706 3549 ita
1755 3495 1882 3549 nihil
1915 3497 2139 3551 interest

555 3598 756 3659 quanto
783 3589 932 3661 pejor
968 3591 1018 3645 id
1049 3590 1306 3660 accipiat,
1338 3589 1476 3643 sicut
1505 3588 1632 3642 nihil
1677 3589 1899 3643 interest
1937 3598 2140 3658 quanto

556 3680 766 3735 melior.
791 3680 920 3736 Illud
953 3681 1095 3738 enim
1126 3696 1218 3750 per
1246 3695 1306 3735 se
1331 3681 1503 3749 ipsum
1529 3721 1542 3742 .
1585 3688 1639 3734 et
1682 3679 1732 3732 in
1777 3679 1856 3733 eis
1897 3679 1988 3749 qui
2034 3694 2139 3733 non

555 3771 832 3841 aequaliter
854 3771 980 3841 justi
1004 3779 1146 3836 sunt,
1174 3779 1227 3826 et
1253 3771 1302 3824 in
1331 3770 1408 3825 eis
1430 3769 1518 3840 qui
1541 3785 1644 3824 non
1674 3769 1948 3839 :rqualiter
1968 3768 2130 3839 iniqui

554 3871 698 3929 sunt,
728 3864 1006 3934 mqualitcr
1032 3873 1270 3918 sanctum
1301 3872 1401 3917 est.

624 3957 854 4013 CAPUT
881 3957 969 4012 111.
991 3988 1060 3997 -
1080 3957 1132 4012 5.
1158 3955 1364 4010 llabere
1384 3964 1558 4009 autem
1587 3953 1934 4023 Baptismum,
1959 3962 2014 4008 et
2035 3961 2140 4006 tra-

558 4048 687 4104 dere
711 4091 726 4115 ,
755 4057 810 4104 et
837 4048 1080 4120 accipere
1110 4048 1280 4102 malos
1327 4062 1658 4116 nequaquam
1693 4046 1744 4099 in
1775 4045 1964 4100 melius
1995 4060 2141 4099 com-

560 4147 824 4203 mutatos,
873 4147 928 4193 et
972 4138 1040 4193 de
1084 4137 1371 4208 Scripturis
1417 4136 1718 4200 canonicis,
1768 4145 1837 4210 et,
1869 4134 1936 4190 de
1979 4135 2141 4204 ipsius

557 4229 808 4306 Cypriani
844 4230 1054 4296 litteris,
1085 4230 1232 4295 satis,
1257 4237 1314 4282 ut
1339 4228 1591 4287 arbitror.
1620 4227 2136 4281 demonstravimus:

557 4338 693 4394 quos
715 4337 818 4377 non
843 4322 1110 4391 pertinere
1135 4321 1200 4375 ad
1229 4329 1466 4375 sanctam
1493 4319 1785 4374 Ecclesiam
1813 4320 1931 4385 Dei,
1955 4335 2141 4390 quam-

558 4415 641 4471 vis
667 4415 809 4469 intus
833 4427 952 4469 esse
981 4412 1282 4475 videantur,
1307 4425 1370 4467 ex
1399 4411 1501 4464 hoc
1520 4410 1858 4479 apertissime
1885 4421 2135 4482 apparet,

559 4507 680 4576 quia
699 4505 783 4561 isti
805 4507 938 4559 sunt‘
954 4503 1119 4566 avari,
1143 4509 1404 4570 raptores,
1438 4500 1786 4567 feneratores,
1817 4501 2001 4566 invidi,
2025 4519 2141 4557 ma-

556 4599 756 4661 levoli.
801 4607 855 4652 et.
904 4605 1099 4652 extera
1151 4592 1481 4663 hujusmodi;
1528 4592 1614 4647 illa
1665 4601 1841 4648 autem
1895 4595 2138 4649 columba

557 4691 713 4746 unica
743 4687 912 4762 (Cant.
943 4705 1014 4754 vi,
1042 4684 1120 4759 8),
1156 4683 1342 4755 pudica
1374 4693 1428 4739 et
1453 4692 1628 4750 casta,
1659 4697 1855 4754 sponsa
1887 4685 2002 4740 sine
2029 4701 2140 4738 ma-

559 4781 674 4837 cula
704 4790 758 4835 ct
797 4794 924 4851 ruga
966 4778 1197 4850 (Ephes.
1226 4791 1279 4841 v,
1306 4774 1414 4846 27)
1452 4773 1553 4848 (a),
1599 4774 1783 4830 hortus
1821 4776 2103 4830 conclusus
2123 4820 2136 4844 ,

560 4873 676 4928 fons
703 4873 958 4943 signatus,
987 4870 1264 4942 paradisus
1289 4884 1408 4924 cum
1438 4867 1606 4922 fructu
1637 4883 1917 4938 pomorum
1949 4867 2132 4943 (Cant.

557 4983 630 5032 ιν,
657 4967 743 5030 12,
772 4965 882 5038 15),
913 4975 968 5021 et
999 4973 1189 5020 cratera
1217 4979 1334 5033 qua:
1355 4961 1422 5017 de
1444 4961 1529 5016 illa
1554 4961 1800 5016 similiter
1825 4961 1962 5017 dicta
1986 4973 2134 5018 sunt:

557 5059 697 5129 quod
726 5072 829 5113 non
861 5057 1170 5127 tutelligitur
1201 5055 1302 5109 nisi
1327 5054 1377 5108 in
1407 5053 1560 5108 bonis
1580 5062 1635 5108 et
1659 5053 1854 5108 sanctis
1882 5061 1936 5108 et
1956 5054 2133 5122 justis,

560 5151 609 5208 id
641 5160 741 5216 est,
773 5165 878 5206 non
911 5158 1112 5205 tantum
1157 5147 1444 5203 secundum
1475 5147 1814 5217 operationes
1855 5163 2135 5202 munerum

561 5241 653 5298 Dei
682 5243 834 5298 bonis
859 5241 1116 5310 malisque
1141 5253 1451 5293 communes
1469 5278 1485 5303 ,
1527 5235 1623 5291 sed
1661 5238 1819 5292 etiam
1848 5238 2135 5292 secundum

563 5333 798 5388 intimam
819 5341 874 5388 et
902 5329 1383 5403 supereminentcm
1405 5328 1716 5384 charitatem
1739 5327 1990 5398 Spiritum
2018 5342 2140 5381 san-

561 5432 703 5479 ctum
731 5423 1070 5487 habentibus,
1100 5422 1291 5492 quibus
1331 5419 1587 5474 Dominus
1611 5418 1759 5481 dicit,
1794 5418 1855 5473 Si
1883 5419 1961 5473 cui
1984 5419 2107 5472 dimi
2117 5449 2137 5460 -

561 5508 722 5562 seritis
751 5517 974 5576 peccata,
1002 5507 1316 5562 dimittantur
1344 5505 1390 5559 ei
1407 5519 1426 5568 ;
1445 5511 1493 5559 et
1514 5503 1558 5558 si
1586 5505 1667 5557 cui
1687 5503 1970 5570 tenueritis,
1997 5511 2135 5556 tene-
2178 5510 2182 5514 '

559 5599 743 5654 buntur
773 5597 948 5672 (Joan.
976 5616 1068 5662 xx,
1097 5597 1213 5672 25).

629 5690 853 5748 CAPUT
882 5691 967 5746 IV.
989 5690 1131 5746 —6.
1161 5691 1238 5746 Ac
1267 5705 1362 5760 per
1393 5687 1494 5742 hoc
1535 5685 1668 5742 nihil
1712 5687 1966 5742 idoneum
1997 5685 2095 5742 dici
2119 5730 2133 5754 ,

615 5847 687 5912 (ιι)
711 5853 745 5897 ιι
769 5854 994 5907 ttetract.,
1016 5857 1121 5908 cap.
1149 5843 1223 5896 t8.

1304 378 1391 434 DE
1431 375 1765 434 BAPTISMO
1801 373 2073 431 CONTRA
2118 369 2561 439 DONATISTAS,
2595 371 2653 427 S.
2685 369 3051 429 AUGUSTINI

3698 375 3800 432 200

2229 505 2325 543 cur
2370 504 2474 544 non
2519 491 2682 559 possit
2710 492 2880 545 malus
2903 492 3062 546 etiam
3090 491 3296 548 tradere
3323 491 3649 563 Baptismum
3670 535 3686 560 ,
3717 495 3804 564 qui

2233 594 2404 652 potest
2449 585 2680 650 habere;
2714 595 2767 639 et
2797 587 2930 639 sicut
2975 587 3276 656 perniciose
3323 587 3516 646 habet.
3551 587 3622 641 ita
3648 589 3802 643 etiam

2231 675 2534 743 perniciose
2566 673 2807 740 tradere;
2838 691 2942 729 non
2980 677 3100 745 quia
3135 677 3238 731 tale
3265 677 3456 746 aliquid
3489 678 3680 744 tradit,
3713 695 3808 733 nec

2231 765 2350 833 quia
2384 766 2503 818 talis
2539 766 2695 820 uadit
2717 808 2729 830 ,
2757 766 2848 821 sed
2870 767 2991 837 quia
3022 768 3108 821 tali
3141 767 3298 821 tradit
3325 769 3366 822 ¹.
3393 768 3522 822 Nam
3551 784 3672 823 cum
3701 785 3808 822 ma-

2236 855 2314 908 lus
2356 855 2521 909 tradit
2563 856 2731 921 bono,
2779 857 2832 910 id
2872 866 2982 918 est.
3024 858 3075 910 in
3114 857 3332 911 unitatis
3371 857 3608 924 vinculo,
3635 858 3809 914 veraci

2233 949 2584 1003 conversione
2611 958 2833 1014 mutato,
2859 949 2996 1003 inter
3021 949 3216 1002 bonum
3243 949 3644 1004 Sacramentum
3669 951 3808 1020 quod

2236 1041 2479 1107 traditur,
2503 1052 2557 1096 et
2583 1041 2778 1095 bonum
2806 1041 3014 1096 ﬁdelem
3042 1043 3124 1095 cui
3155 1043 3394 1107 traditur,
3422 1042 3679 1097 tradentis
3703 1058 3813 1097 ma-

2233 1133 2345 1187 litia
2391 1149 2496 1188 nou
2543 1145 2752 1204 separat
2772 1137 2815 1185 ².
2858 1133 3071 1188 Etcum
3117 1135 3189 1189 illi
3233 1137 3492 1190 veraciter
3533 1135 3600 1190 ad
3645 1136 3812 1192 Deum

2237 1239 2502 1280 converso
2548 1237 2761 1296 peccata
2811 1225 3164 1289 dimittuntur,
3219 1227 3285 1279 ab
3331 1227 3409 1281 eis
3455 1227 3812 1294 dimittuntur,

2238 1315 2428 1384 quibus
2470 1316 2625 1385 ipsa'
2666 1319 2838 1370 veraci
2884 1318 3234 1370 conversione
3270 1318 3625 1387 conjungitur.
3670 1317 3814 1372 ldem

2237 1411 2432 1480 quippe
2477 1409 2706 1481 Spiritus
2751 1418 2966 1464 sanctus
3006 1425 3068 1464 ea
3116 1410 3364 1474 dimittit,
3411 1412 3499 1482 qui
3545 1410 3701 1466 datus
3739 1419 3818 1465 est

2239 1501 2486 1555 omnibus
2517 1502 2716 1555 sanctis
2753 1500 2852 1554 sibi
2893 1501 3152 1555 cbaritate
3174 1501 3593 1565 cohaerentibus,
3620 1503 3734 1556 sive
3761 1517 3818 1556 se

2242 1592 2488 1646 noverint
2536 1591 2903 1661 corporaliter,
2951 1592 3063 1646 sive
3108 1607 3214 1646 non
3259 1593 3518 1648 noverint.
3562 1591 3818 1648 Similiter

2241 1697 2361 1736 cum
2401 1681 2623 1752 alicujus
2650 1691 2865 1752 peccata
2894 1690 3162 1747 tenentur,
3193 1683 3261 1738 ab
3288 1683 3366 1738 eis
3407 1683 3589 1752 utique
3633 1695 3820 1738 tenen-

2242 1781 2350 1838 tur,
2377 1788 2408 1827 a
2435 1773 2630 1843 quibus
2658 1789 2717 1828 se
2744 1772 2854 1837 ille,
2878 1774 2962 1826 cui
2996 1782 3262 1836 tenentur,
3287 1778 3411 1828 vita:
3431 1773 3822 1828 dissimilitudi-

2241 1879 2310 1918 ne
2330 1873 2380 1918 et
2407 1863 2552 1933 pravi
2582 1863 2761 1918 cordis
2789 1864 3064 1918 aversione
3090 1863 3365 1933 disjungit,
3396 1865 3508 1920 sive
3536 1864 3683 1920 illum
3705 1879 3822 1921 cor-

2244 1954 2496 2023 poraliter
2520 1955 2790 2019 noverint,
2812 1954 2925 2008 sive
2946 1969 3052 2008 non
3076 1955 3346 2008 noverint.

2312 2044 2538 2101 CAPUT
2582 2047 2642 2099 V.
2682 2076 2751 2086 —
2809 2047 2860 2100 7.
2919 2046 3251 2118 Quapropter
3297 2061 3484 2102 omnes
3539 2047 3667 2105 mali
3709 2049 3825 2118 Spi-

2243 2137 2506 2194 ritualiter
2546 2153 2579 2192 a
2617 2139 2769 2194 bonis
2813 2138 3038 2208 sejuncti
3101 2147 3224 2192 sunt
3272 2155 3285 2190 :
3339 2138 3386 2193 si
3427 2147 3606 2194 autem
3654 2140 3822 2194 etiam

2243 2234 2588 2303 corporaliter
2623 2243 2808 2304 aperta
2855 2233 3187 2288 dissensione
3238 2242 3569 2304 separentur,
3615 2233 3828 2302 pejores

2246 2325 2402 2379 ﬁunt.
2445 2323 2570 2392 Sed,
2600 2333 2657 2378 ut
2689 2324 2889 2379 dictum
2921 2331 3025 2389 est,
3057 2322 3190 2377 nihil
3219 2323 3438 2377 interest
3463 2321 3529 2375 ad
3566 2320 3826 2390 Baptismi

2243 2421 2601 2485 sanctitatem,
2619 2427 2816 2488 quanto
2831 2419 3054 2488 quisque
3076 2417 3224 2487 pejor
3241 2415 3293 2471 id
3317 2415 3528 2482 habeat,
3551 2423 3608 2471 et
3629 2422 3828 2485 quanto

2246 2515 2396 2583 pejor
2423 2513 2472 2568 id
2501 2513 2706 2568 tradat:
2733 2519 2906 2582 potest
2933 2520 3110 2566 tamen
3138 2509 3347 2564 tradere
3370 2517 3669 2579 separatus,
3693 2507 3830 2561 sicut

2245 2612 2422 2672 potest
2462 2603 2658 2658 habere
2700 2611 3010 2673 separatus;
3060 2600 3154 2656 sed
3195 2615 3352 2668 quam
3390 2599 3689 2670 perniciose
3731 2598 3829 2651 ha-

2244 2694 2393 2760 bere,
2425 2702 2530 2748 tam
2573 2695 2873 2764 perniciose
2917 2692 3144 2748 tradere.
3189 2692 3284 2747 llle
3321 2703 3498 2746 autem
3527 2691 3612 2746 cui
3644 2689 3826 2754 tradit,

2245 2793 2419 2856 potest
2445 2785 2728 2841 salubriter
2767 2788 3029 2856 accipere,
3065 2785 3110 2839 si
3141 2784 3255 2854 ipse
3286 2798 3389 2838 non
3428 2791 3708 2852 separatus
3734 2796 3830 2836 ac-

2245 2877 2445 2946 cipiat:
2489 2877 2624 2932 sicut
2654 2877 2923 2947 plerisque
2952 2875 3145 2932 accidit
3173 2883 3231 2930 ut
3265 2873 3530 2930 catholico
3555 2873 3738 2927 animo
3777 2881 3830 2927 et

2244 2969 2407 3024 corde
2431 2969 2500 3024 ab
2531 2969 2735 3024 unitate
2776 2969 2920 3037 pacis
2949 2981 3054 3022 non
3085 2967 3335 3033 alienato,
3367 2965 3540 3034 aliqua
3587 2964 3828 3019 necessi-

2246 3069 2354 3116 tate
2381 3060 2570 3114 mortis
2595 3059 2831 3130 urgentis
2858 3059 2910 3114 in
2935 3059 3164 3128 aliquem
3193 3055 3499 3111 hatreticum
3538 3055 3827 3120 irruerent,

2245 3166 2299 3214 et
2327 3157 2395 3212 ab
2440 3170 2506 3210 eo
2538 3153 2738 3218 Christi
2785 3153 3103 3223 baptismum
3147 3151 3265 3208 sine
3307 3150 3452 3204 illius
3478 3148 3830 3220 perversitate

2246 3248 2602 3319 perciperent,
2632 3255 2688 3302 et
2726 3247 2840 3303 sive
2883 3244 3139 3309 defuncti,
3185 3245 3299 3300 sive
3349 3244 3577 3310 liberati,
3623 3257 3828 3313 nequa-

2245 3356 2404 3412 quam
2430 3340 2569 3410 apud
2597 3355 2690 3396 eos
2717 3346 3075 3404 remanerent,
3105 3336 3172 3392 ad
3196 3351 3329 3408 quos
3357 3349 3628 3407 nunquam
3666 3336 3829 3391 corde

2247 3431 2585 3487 transierant.
2614 3431 2669 3486 Si
2699 3439 2877 3486 autem
2898 3430 3060 3486 etiam
3097 3429 3210 3498 ipse
3233 3436 3509 3497 separatus
3536 3427 3824 3496 acceperit.

2246 3532 2394 3577 tanto
2433 3523 2784 3593 perniciosius
2811 3521 3020 3593 accipit,
3047 3528 3247 3591 quanto
3264 3518 3469 3588 majus‘
3507 3520 3708 3574 bonum
3747 3529 3830 3573 est

2245 3614 2386 3684 quod
2418 3629 2522 3668 non
2552 3615 2688 3669 bene
2711 3614 2905 3682 accipit
2935 3629 2948 3666 :
2979 3621 3032 3668 et
3057 3621 3203 3667 tanto
3242 3612 3411 3682 magis
3448 3611 3590 3665 valet
3617 3610 3686 3664 ad
3713 3611 3827 3664 exi-

2245 3707 2378 3760 tium
2421 3715 2686 3775 separato,
2726 3715 2926 3776 quanto
2954 3707 3124 3777 magis
3153 3713 3334 3775 posset
3372 3705 3438 3758 ad
3477 3704 3704 3759 salutem
3736 3719 3828 3758 va-

2245 3796 2356 3851 lere
2391 3796 2702 3865 conjuncto.
2734 3797 2798 3849 Et
2828 3796 2950 3851 ideo
2972 3795 3020 3850 si
3057 3796 3124 3850 ab
3169 3795 3254 3849 illa
3281 3795 3625 3865 perversitate
3647 3809 3830 3848 corre-

2243 3895 2384 3953 ctus,
2404 3896 2458 3940 et
2484 3900 2513 3940 a
2538 3886 2870 3955 separatione
2891 3901 3180 3942 conversus
3203 3886 3408 3940 venerit
3429 3883 3496 3939 ad
3511 3883 3827 3938 catholicam

2243 3993 2452 4048 pacem,
2476 3978 2575 4031 sub
2601 3976 2791 4032 eodem
2832 3977 3157 4047 Baptismate
3185 3975 3325 4046 quod
3365 3983 3674 4044 acceperat,
3713 3975 3830 4042 ejus

2245 4078 2460 4140 peccata
2489 4069 2829 4124 dimittuntur
2865 4076 3084 4138 propter
3112 4068 3380 4122 vinculum
3408 4065 3706 4130 charitatis,
3730 4067 3830 4120 sub

2243 4177 2350 4232 quo
2377 4162 2700 4232 Baptismate
2733 4169 2950 4230 peccata
2976 4159 3093 4230 ejus
3135 4159 3451 4214 tenebantur
3497 4166 3717 4228 propter
3740 4172 3830 4210 sa.

2245 4258 2517 4328 erllegium
2539 4255 2854 4311 divisionis:
2885 4255 3008 4324 quia
3048 4253 3173 4309 illud
3201 4261 3256 4308 et
3282 4253 3333 4306 in
3364 4253 3579 4307 homine
3603 4251 3753 4320 justo
3777 4260 3831 4306 ct

2246 4350 2297 4402 in
2328 4349 2542 4403 homine
2567 4347 2765 4417 injusto
2815 4359 3028 4414 semper
3065 4352 3310 4398 sanctum
3353 4351 3453 4406 est,
3481 4341 3622 4412 quod
3652 4356 3831 4411 neque

2243 4440 2494 4508 aequitate
2537 4439 2760 4510 alicujus
2807 4445 3050 4508 augetur,
3078 4451 3250 4506 neque
3278 4435 3500 4504 alicujus
3549 4434 3829 4505 iniquitate

2245 4531 2522 4587 minuitur.

2315 4624 2368 4678 8.
2409 4621 2538 4691 Qua:
2565 4635 2686 4677 cum
2717 4622 2788 4677 ita
2819 4619 2946 4686 sint,
2972 4618 3100 4690 quid
3126 4618 3248 4674 huic
3275 4625 3380 4673 tam
3411 4616 3710 4688 perspicuae
3739 4633 3830 4671 ve-

2245 4715 2385 4768 ritati
2422 4713 2607 4777 ofﬁcit,
2641 4713 2782 4784 quod
2810 4713 2960 4768 multi
2990 4711 3289 4782 coepiscopi
3311 4710 3575 4783 Cypriane
3605 4711 3656 4766 in
3687 4712 3830 4767 illam

2247 4807 2563 4862 sententiam
2611 4812 3019 4870 consenserunt,
3067 4817 3297 4873 suasque
3346 4804 3398 4858 in
3448 4802 3588 4857 idem
3633 4816 3832 4857 conve-

2246 4899 2453 4954 nientes
2481 4897 2723 4968 proprias
2749 4897 3103 4966 protulerunt,
3135 4895 3234 4948 nisi
3271 4903 3330 4948 ut
3359 4892 3526 4963 magis
3555 4893 3830 4962 magisque

2247 4991 2382 5045 illius
2411 4990 2507 5045 viri
2526 5005 2648 5059 erga
2665 4989 2920 5044 unitatem
2937 4986 3133 5042 Christi
3151 4986 3382 5040 charitas
3407 4986 3748 5040 innotescat?
3775 4985 3828 5040 Si

2244 5083 2384 5138 enim
2413 5083 2560 5136 solus
2598 5081 2694 5134 ista
2723 5080 2961 5135 sentiens
2998 5078 3143 5133 nullo
3173 5079 3539 5134 consentiente
3581 5092 3832 5132 remane-

2244 5183 2344 5238 ret,
2375 5174 2644 5227 videretur
2681 5180 2961 5242 propterea
2989 5169 3297 5240 refriguisse
3335 5170 3402 5224 ab
3445 5169 3650 5224 scelere
3689 5169 3836 5223 schi-

2243 5267 2450 5333 smatis,
2469 5265 2590 5335 quia
2616 5265 2792 5319 socios
2819 5280 2921 5319 non
2951 5263 3254 5317 inveniebat
3278 5261 3509 5316 erroris:
3546 5269 3654 5315 tam
3687 5263 3834 5314 m'sl-

2309 5467 2326 5498 ι
2351 5464 2675 5514 Levanienses
2710 5463 2848 5512 libris
2873 5462 3098 5512 omnibus
3129 5460 3274 5511 editis
3312 5464 3364 5509 et
3389 5459 3732 5521 manuscriptis
3753 5472 3812 5507 ro

2242 5527 2536 5640 :ue‘tiaplihus
2555 5531 2894 5585 correxerunt,
2928 5537 3015 5574 nec
3038 5521 3150 5586 quia
3175 5523 3261 5574 tati
3282 5521 3451 5582 tradit,
3480 5519 3566 5572 sed
3590 5519 3706 5584 quia
3721 5527 3830 5572 tam

2262 5604 2318 5640 ra
2357 5605 2370 5639 ι
2397 5627 2408 5639 .

2241 5596 2408 5643 tradit.

2307 5657 2326 5685 ³
2347 5660 2469 5710 Αιῐι.,
2506 5647 2691 5700 malitia
2725 5652 2995 5708 separatur.
3023 5652 3096 5696 Er.
3122 5653 3178 5710 et
3195 5657 3367 5696 omnes
3387 5651 3515 5706 δίει,
3535 5641 3728 5696 malitia
3749 5656 3822 5694 su.

2241 5722 2442 5781 petatur
2456 5709 2481 5781 ;_
2495 5714 2679 5781 omissa
2693 5718 2908 5773 negante
2932 5709 3180 5773 particula.

2309 5780 2329 5845 ξ
2353 5771 2483 5838 Apud
2507 5781 2638 5845 Lov.,
2661 5771 2781 5834 ipse:
2815 5830 2826 5845 θ

2308 5840 2329 5869 ⁸
2353 5847 2452 5888 Am.
2474 5843 2526 5886 et
2550 5843 2673 5894 MSS.,
2696 5840 2865 5896 magis.
