4008 6468
178 605 241 660 tis
284 608 459 657 autem
509 598 611 656 sibi
660 598 1132 668 consentientibus,
1172 597 1315 669 quod
1366 610 1486 654 cum
1528 599 1737 655 caeteris

175 698 372 755 diversa
402 694 748 751 sentientibus
776 694 830 749 in
873 693 1075 749 unitate
1120 694 1429 764 permansit,
1462 692 1740 748 catholicae

173 789 517 848 universitatis
541 788 939 844 sanctissimum
968 786 1261 851 vinculum,
1292 799 1397 839 non
1427 786 1618 839 timore
1647 796 1738 838 so-

173 884 416 951 litudinis,
446 882 539 939 sed
571 882 715 953 pacis
751 896 934 937 amore
960 883 1212 937 servavit.
1258 878 1593 949 Quapropter
1619 888 1741 947 pos-

175 986 247 1033 set
274 975 481 1047 quidem
515 974 628 1045 jam
657 973 827 1029 videri
855 971 1204 1044 superﬂuum,
1234 980 1550 1028 ceterorum
1578 968 1740 1023 etiam

177 1069 303 1124 illius
338 1066 547 1122 concilii
593 1066 965 1137 episcoporum
1014 1064 1252 1136 singulas
1296 1072 1593 1120 retractare
1620 1076 1744 1117 sen-

177 1159 382 1215 tentias:
408 1156 503 1214 sed
524 1159 773 1228 quoniam
803 1157 964 1214 corde
989 1156 1253 1213 tardiores
1272 1171 1379 1213 non
1409 1163 1595 1228 putant
1624 1167 1745 1211 esse

175 1266 491 1322 responsum,
524 1249 571 1305 si
598 1251 755 1306 alicui
804 1252 923 1309 loco
958 1250 1213 1321 cujusque
1244 1250 1507 1306 sermonis
1535 1262 1641 1303 non
1671 1246 1744 1302 ibi

174 1342 256 1399 sed
282 1344 403 1399 alibi
435 1343 841 1414 respondeatur,
865 1342 1006 1414 quod
1044 1343 1168 1397 illuc
1197 1342 1359 1397 etiam
1387 1340 1555 1412 possit
1588 1337 1743 1393 adbi-

176 1436 307 1503 beri;
348 1436 540 1492 melius
583 1437 807 1492 multum
847 1436 1074 1508 legendo
1112 1443 1411 1491 atteruntur
1450 1442 1507 1489 ut
1543 1447 1744 1489 acuan-

176 1536 267 1593 tur,
296 1543 450 1599 quam
480 1542 673 1601 parum
719 1527 1068 1601 intelligendo
1095 1534 1495 1600 conqueruntur
1521 1534 1582 1581 ut
1622 1524 1747 1581 red-

176 1631 465 1692 arguantur.

233 1714 450 1771 CAPUT
491 1714 583 1771 Vl.
621 1744 695 1758 -—
730 1713 787 1771 9.
836 1714 1075 1771 anum
1112 1728 1241 1787 ergo
1280 1715 1448 1787 ipsius
1493 1712 1747 1785 Cypriani

177 1806 627 1875 consultationem,
646 1824 752 1880 qua
778 1807 1043 1863 indicatur
1064 1808 1240 1863 anima
1262 1806 1481 1879 paciﬁca
1508 1814 1561 1862 et
1580 1821 1749 1861 exun-

177 1898 289 1955 dans
313 1900 474 1957 ubere
504 1900 804 1969 cbaritatis,
836 1900 978 1957 unde
1001 1901 1283 1956 consilium
1312 1900 1490 1971 ipsum
1534 1899 1743 1970 incipit,

178 1991 348 2049 iterum
376 1993 826 2050 considerandam
852 2009 1357 2050 commemoremus.
1390 1994 1633 2061 Audistis,
1669 1993 1749 2047 in—

177 2085 291 2154 quit,
328 2086 542 2156 collega:
575 2085 909 2154 dilectissimi,
948 2086 1072 2158 quid
1100 2087 1225 2140 mihi
1252 2085 1536 2141 Jubaianus
1583 2086 1751 2156 coepi-

178 2194 335 2250 scopus
379 2187 555 2234 noster
581 2180 856 2250 scripserit,
900 2179 1169 2233 consulens
1216 2179 1609 2233 mediocritatem
1658 2193 1752 2233 no-

179 2278 311 2326 stram
336 2272 397 2327 de
433 2272 619 2326 illicito
658 2279 704 2326 et
740 2274 956 2343 profano
996 2270 1347 2325 hereticorum
1372 2270 1675 2341 Baptismo;
1704 2277 1753 2324 et

180 2363 281 2433 quid
324 2380 413 2435 ego
457 2363 507 2417 ei
554 2364 921 2433 rescripserim,
949 2379 1155 2418 censeas
1202 2364 1391 2417 scilicet
1426 2362 1562 2433 quod
1599 2361 1753 2417 semel

182 2463 306 2525 atque
330 2455 513 2509 iterum
546 2462 591 2509 et
618 2470 753 2525 stupe
772 2455 1078 2522 censuimus,
1096 2456 1353 2509 htereticos
1374 2454 1443 2508 ad
1472 2452 1753 2508 Ecclesium

182 2548 418 2615 venientes,
453 2547 713 2603 Ecclesia!
761 2548 1024 2617 Baptismo
1067 2547 1314 2618 baptizari
1357 2555 1403 2601 et
1445 2545 1755 2616 sanctificari

183 2649 396 2710 Oportere.
424 2640 570 2695 Item
590 2639 732 2695 lecta
755 2648 871 2695 sunt
910 2640 1045 2694 vobis
1071 2648 1118 2693 et
1141 2640 1260 2693 alia:
1282 2638 1526 2693 Jubaiani
1551 2639 1749 2707 littera,

184 2734 333 2801 quibus
362 2752 451 2803 pro
491 2751 593 2789 sua
626 2735 821 2788 sincera
849 2742 896 2787 et
936 2732 1173 2804 religiosa
1211 2732 1493 2799 devotione,
1538 2732 1608 2786 ad
1641 2731 1755 2803 epi-

186 2827 339 2880 stolam
366 2837 600 2881 nostram
638 2827 937 2893 rescribens,
970 2842 1074 2880 non
1115 2834 1309 2879 tantunt
1354 2826 1623 2893 consensit,
1670 2824 1757 2880 sed

187 2924 222 2968 et
245 2917 531 2972 instructum
560 2934 614 2972 se
648 2934 753 2972 esse
781 2918 970 2989 gratias
1007 2918 1126 2989 egit.
1174 2916 1417 2989 Superest
1457 2925 1511 2971 ut
1551 2916 1613 2971 de
1662 2918 1757 2970 hac

188 3004 282 3075 ipsa
318 3026 369 3064 re
410 3010 609 3080 singuli
654 3010 776 3079 quid
804 3010 1080 3064 sentiamus
1110 3013 1469 3079 proferamus;
1512 3009 1760 3063 neminem

189 3098 453 3170 iudicantes,
485 3110 584 3155 aut
604 3118 634 3153 a
646 3102 767 3171 jure
781 3102 1148 3156 communionis
1165 3102 1402 3172 aliquem,
1436 3101 1481 3155 si
1508 3102 1759 3155 diversum

188 3194 394 3261 senserit,
439 3204 754 3248 amaventes.
812 3192 993 3264 Neque
1035 3194 1168 3247 enim
1218 3195 1482 3263 quisquam
1530 3203 1759 3248 nostrum

191 3285 447 3355 episcopum
470 3304 530 3341 se
555 3286 910 3358 episcoporum
945 3286 1222 3350 constituit,
1256 3296 1345 3338 aut
1373 3286 1634 3356 tyrannico
1664 3297 1762 3340 ter-

190 3390 281 3431 rore
302 3381 363 3432 ad
404 3378 718 3451 obsequendi
761 3381 1105 3433 necessitatem
1147 3379 1365 3449 collegas
1410 3396 1528 3432 suos
1557 3379 1761 3451 adigit:

193 3472 359 3535 mdo
384 3471 569 3526 habeat
593 3473 758 3525 omnis
783 3472 1049 3542 episcOpus
1077 3487 1168 3540 pro
1200 3472 1400 3525 licentia
1430 3471 1675 3525 libertatis
1712 3480 1761 3525 et

192 3565 415 3629 potestatis
442 3580 561 3620 sua:
588 3566 854 3619 arbitrium
899 3565 1185 3633 proprium,
1215 3573 1415 3633 tamque
1433 3564 1659 3633 judicari
1699 3563 1761 3617 ab

194 3655 273 3710 alio
296 3675 386 3713 non
412 3659 600 3730 possit,
624 3664 775 3729 quam
805 3675 894 3713 nec
923 3658 1031 3728 ipse
1062 3667 1220 3729 potest
1243 3659 1458 3712 alterum
1492 3659 1759 3729 judicare;

195 3747 261 3799 sed
282 3761 619 3821 exspectemus
653 3750 872 3804 universi
906 3749 1162 3821 judicium
1192 3747 1403 3802 Domini
1450 3750 1608 3803 nostri
1637 3750 1781 3823 Iesu

196 3835 366 3909 Christi,
390 3846 475 3914 qui
518 3861 657 3899 unus
695 3852 739 3899 et
766 3844 904 3898 solus
943 3844 1089 3897 habet
1126 3852 1418 3912 potestatem
1464 3852 1511 3897 et
1558 3860 1761 3915 priapo-

206 3935 321 3988 tendi
358 3954 447 3992 nos
488 3939 549 3991 in
603 3936 846 3991 Ecclesia:
890 3953 996 3991 sua:
1045 3936 1423 4008 gubernatione,
1463 3947 1513 3993 et
1541 3938 1603 3993 de
1646 3948 1764 3992 actu

202 4033 339 4079 nostro
354 4027 632 4097 judicandi
661 4026 752 4098 (In
779 4028 993 4082 concilio
1018 4026 1457 4099 Carthaginensi

254 4114 460 4175 CAPUT
504 4117 624 4173 νη.
648 4148 720 4158 -—
760 4118 847 4173 l0.
890 4118 1006 4173 Jam
1038 4118 1187 4186 satis,
1222 4126 1477 4189 quantum
1509 4119 1758 4187 arbitror,

205 4221 286 4262 non
311 4211 474 4267 solum
507 4210 582 4266 ad
611 4211 892 4282 epistolam
921 4225 1079 4281 quam
1114 4210 1377 4266 Jubaiano
1402 4211 1636 4281 scripsit,
1669 4211 1764 4267 sed

201 4302 331 4358 etiam
363 4305 426 4361 ad
456 4306 607 4360 illam
648 4319 806 4375 quam
850 4303 916 4359 ad
946 4303 1203 4372 Quintum
1228 4304 1396 4369 dedit,
1423 4313 1474 4359 et
1501 4303 1568 4359 ad
1618 4304 1764 4360 illam

203 4407 331 4462 quam
357 4411 472 4452 cum
505 4395 829 4467 quibusdam
858 4395 1079 4466 collegis
1107 4394 1173 4449 ad
1218 4395 1477 4466 quosdam
1508 4396 1761 4468 collegas,

206 4494 248 4538 et
267 4488 323 4543 ad
347 4488 488 4545 illam
520 4503 687 4560 quam
717 4487 784 4542 ad
828 4487 1161 4557 Pompeium,
1190 4497 1445 4558 quantum
1475 4489 1762 4559 potuimus,

207 4587 284 4642 pro
319 4582 662 4636 universitate
706 4579 982 4636 catholica:
1028 4581 1397 4635 consensionis
1444 4590 1603 4651 atque
1632 4596 1764 4636 con-

207 4667 311 4737 cilii,
339 4670 390 4726 in
416 4672 577 4742 cujus
601 4669 809 4725 unitate
836 4673 921 4723 isti
952 4682 1199 4741 tanquam
1231 4674 1314 4742 pia
1343 4674 1581 4729 membra
1612 4690 1765 4729 man-

210 4770 377 4829 serunt,
408 4764 564 4819 libris
595 4761 958 4832 superioribus
987 4762 1393 4832 disputavimus.
1432 4764 1768 4836 Quapmpter

207 4848 292 4918 iam
318 4865 672 4928 opportunum
696 4854 933 4921 videtur,
962 4854 1087 4924 quid
1121 4856 1282 4910 etiam
1313 4857 1493 4911 cmteri
1534 4856 1768 4928 singilla-

212 4942 286 4998 tim
317 4949 621 5005 censuerint
660 4947 1003 5003 considerare
1030 4962 1090 5003 ea
1141 4948 1406 5017 libertate,
1426 4964 1583 5019 quam
1616 4952 1769 5009 nobis

212 5035 343 5095 etiam
368 5041 481 5112 ipse
514 5058 621 5097 non
664 5041 955 5112 abrogavit,
990 5041 1191 5106 dicens,
1224 5040 1491 5096 Neminem
1524 5044 1770 5113 judican-

212 5133 286 5195 εει,
307 5142 384 5185 aut
417 5151 449 5187 a
479 5135 604 5204 jure
631 5118 997 5187 communionis
1025 5132 1266 5203 aliquem,
1294 5133 1339 5187 si
1367 5134 1618 5189 diversunt
1655 5152 1773 5191 sen-

212 5222 325 5289 serit,
349 5236 651 5281 amoventes.
684 5224 837 5293 Quod
880 5240 1002 5280 etim
1054 5239 1160 5278 non
1192 5226 1208 5256 ¹
1230 5235 1507 5296 propterea
1539 5226 1767 5295 dixisse,

214 5320 259 5365 ut
274 5317 610 5387 cogitationes
642 5316 832 5372 tacitas
854 5316 1203 5386 collegarum,
1231 5324 1479 5387 tanquam
1503 5317 1569 5372 de
1590 5317 1771 5374 abdito

217 5409 371 5456 emtas
409 5410 497 5463 tali
530 5409 819 5465 securitate
850 5416 1109 5477 captaret,
1141 5408 1236 5463 sed
1266 5407 1406 5478 quod
1445 5423 1629 5463 revera
1675 5424 1772 5479 pa-

218 5503 315 5546 cem
343 5497 703 5568 unitatemque
732 5501 997 5571 diligeret,
1027 5516 1093 5555 ex
1134 5500 1253 5555 aliis
1295 5499 1559 5555 similibus
1590 5501 1774 5557 videre

218 5577 498 5641 facillimum
549 5597 665 5654 est,
710 5590 799 5645 ubi
843 5590 909 5645 ad
951 5591 1190 5663 singulos
1239 5591 1474 5661 scripsit,
1524 5591 1661 5645 sicut
1707 5593 1774 5647 ad

218 5667 366 5741 ipsum
408 5677 742 5736 Jubaianum.
786 5681 914 5737 Haec
956 5683 1066 5751 tibi,
1110 5683 1300 5753 inquit,
1351 5681 1633 5735 brevissime
1683 5700 1776 5752 pro

220 5775 368 5821 nostra
392 5771 730 5827 mediocritate
754 5774 1123 5843 rescripsimus,
1155 5778 1312 5845 frater
1338 5771 1652 5841 charissime,
1684 5790 1774 5828 ne-

272 5919 286 5993 ξ
306 5926 354 5991 ln
377 5924 539 5974 editis:
561 5928 745 5993 additur
766 5928 863 5989 hic,
881 5934 1012 5991 puto,
1024 5928 1151 5993 quod
1174 5929 1382 5981 verbum
1402 5927 1663 5991 redundat,
1684 5938 1779 5982 nec

219 5985 284 6031 est
304 5985 350 6032 in
371 5991 717 6054 manuscriptis.

439 6070 659 6138 Sacr.
708 6076 990 6139 Aususr.
1034 6076 1147 6140 IX.

1513 484 1718 545 LIBER
1756 483 2045 544 SEXTUS.

1852 598 1979 652 mini
2000 598 2393 669 prescribentes,
2420 608 2510 655 aut
2546 602 2952 673 prajudicantes,
2979 607 3243 674 quominus
3264 623 3432 663 unus-

1847 690 2053 761 quisque
2087 691 2441 763 episcoporum
2464 694 2601 764 quod
2626 702 2768 765 putat
2803 696 2978 766 faciat,
3020 696 3207 752 habens
3234 699 3435 752 arbim'i

1848 783 1930 837 sui
1958 783 2165 839 liberam
2190 794 2507 856 potestatem.
2532 786 2600 841 Et
2628 803 2695 843 ne
2721 789 3020 859 quisquam,
3044 790 3089 845 si
3118 790 3218 847 hac
3242 791 3433 849 eadem

1850 873 2017 930 libera
2046 885 2306 946 potestate
2330 878 2543 934 diversa
2572 879 2810 947 sentiret,
2838 880 3115 951 pellendus
3142 898 3175 939 a
3202 893 3432 941 cetero-

1850 981 1969 1021 rum
1998 970 2268 1025 consortio
2298 970 2583 1037 videretur,
2604 973 2840 1043 sequitur
2866 981 2920 1028 et
2942 972 3091 1040 dicit,
3118 972 3250 1042 Nos,
3268 992 3437 1046 quan-

1851 1066 1955 1111 tum
1978 1060 2033 1113 in
2060 1062 2205 1115 nobis
2234 1071 2327 1129 σε,
2358 1072 2562 1134 prapter
2595 1064 2853 1119 haereticos
2886 1081 3001 1120 cum
3032 1066 3236 1139 collegis
3270 1079 3319 1122 et
3350 1085 3437 1124 co-

1850 1152 2096 1224 episcopis
2135 1156 2319 1210 nostris
2346 1172 2447 1209 non
2468 1158 2832 1224 contendimus,
2865 1175 2979 1213 cum
3003 1160 3183 1231 quibus
3211 1161 3438 1215 divinam

1851 1244 2173 1299 concordiam
2218 1256 2264 1300 et
2306 1246 2610 1301 dominicam
2657 1265 2831 1319 pacem
2875 1259 3099 1305 tenemus
3125 1266 3144 1305 :
3180 1260 3235 1307 et
3276 1252 3438 1323 paulo

1852 1344 1992 1405 post,
2024 1335 2287 1406 Servatur,
2320 1338 2509 1409 inquit,
2540 1355 2574 1392 a
2600 1338 2741 1394 nobis
2769 1340 3015 1411 patienter
3040 1352 3087 1397 et
3113 1341 3291 1397 leniter
3314 1342 3438 1397 cha-

1851 1426 1977 1481 ritas
2028 1429 2190 1482 animi
2227 1429 2443 1502 collegii,
2477 1430 2657 1498 honor,
2703 1432 2960 1487 vinculum
2998 1434 3138 1504 ﬁdei,
3166 1436 3439 1491 concordia

1850 1519 2121 1573 sacerdotii
2146 1519 2339 1594 (Epist.
2366 1522 2479 1592 75).
2505 1522 2594 1579 Sic
2616 1531 2672 1577 et
2700 1524 2752 1579 in
2782 1525 3005 1595 epistola
3036 1542 3193 1597 quam
3223 1528 3440 1598 scripsit

1851 1611 1916 1667 ad
1964 1612 2231 1683 Magnum,
2262 1630 2383 1670 cum
2428 1615 2495 1671 de
2532 1616 2805 1687 Baptismo
2853 1619 3138 1674 tinctorum
3166 1629 3221 1677 et
3252 1622 3435 1692 perfu-

1852 1717 2033 1759 sorum
2063 1716 2413 1776 quaereretur,
2441 1715 2618 1763 utrum
2646 1709 2847 1780 aliquid
2879 1713 3161 1768 interesset
3190 1727 3203 1767 :
3241 1715 3358 1780 Qua
3380 1714 3437 1770 in

1854 1809 2015 1867 parte,
2046 1799 2234 1870 inquit,
2260 1802 2446 1855 nemini
2466 1803 2761 1857 verecundia
2780 1812 2827 1857 et
2848 1805 3092 1861 modestia
3118 1817 3293 1861 nostra
3317 1824 3445 1879 pra-

1845 1890 2068 1962 judicat,
2095 1894 2361 1963 quominus
2395 1897 2736 1968 unusquisque
2773 1899 2907 1968 quod
2948 1901 3196 1970 putaverit
3237 1902 3439 1967 sentiat,

1854 1990 1901 2037 et
1921 1984 2057 2053 quod
2087 1986 2296 2040 senserit
2325 1988 2479 2058 faciat
2508 1988 2697 2061 (Epist.
2722 1989 2833 2060 69).
2862 1991 3066 2057 Quibus
3089 1994 3205 2063 ejus
3232 2010 3442 2051 sermo-

1855 2076 2012 2131 nibus
2039 2079 2169 2133 satis
2196 2089 2438 2149 apparet,
2468 2080 2561 2137 illo
2590 2091 2830 2153 tempore
2854 2083 2923 2138 ab
2953 2085 3031 2139 eis
3059 2086 3159 2140 ista
3192 2101 3311 2143 esse
3334 2096 3445 2143 tra-

1854 2178 2017 2235 ctata,
2046 2184 2152 2240 quo
2176 2171 2416 2228 nondum
2446 2174 2717 2230 declarata
2755 2175 2871 2231 sine
2898 2177 3177 2249 ambagine
3223 2179 3441 2237 haurie-

1856 2260 2070 2330 bantur,
2098 2264 2193 2319 sed
2237 2264 2411 2321 adhuc
2456 2267 2635 2323 clausa
2679 2284 2874 2340 magno
2917 2271 3195 2327 molimine
3232 2289 3443 2344 qumre-

1857 2352 2071 2409 bantur.
2103 2354 2212 2410 Nos
2249 2371 2378 2427 ergo
2403 2356 2513 2426 jam
2540 2358 2606 2414 de
2645 2359 2902 2430 Baptismi
2946 2362 3287 2431 simplicitate
3327 2366 3447 2421 ubi-

1858 2462 1962 2518 que
1990 2448 2414 2519 aguoscendam‘
2459 2452 2901 2507 consuetudinem
2951 2454 3214 2510 universa:
3252 2457 3445 2513 Eccle-

1860 2541 1975 2608 siae,
2002 2541 2164 2597 etiam
2194 2542 2436 2597 conciliis
2478 2544 2869 2600 universalibus
2910 2546 3215 2602 roboratam
3247 2557 3440 2604 tenen-

1861 2639 1964 2698 tes,
1982 2642 2200 2704 accepta
2220 2648 2431 2704 quoque
2451 2650 2517 2690 ex
2542 2636 2721 2692 verbis
2735 2635 2983 2708 Cypriani
3007 2638 3208 2707 majore
3231 2638 3444 2708 ﬁducia,

1862 2739 1959 2795 per
1988 2741 2106 2796 qum
2148 2726 2279 2782 mihi
2318 2729 2480 2783 etiam
2511 2736 2636 2784 tunc
2671 2729 2857 2786 liceret
2882 2732 3028 2786 salvo
3062 2732 3182 2801 jure
3206 2747 3452 2789 commu-

1864 2821 2041 2875 nionis
2067 2820 2278 2876 diversa
2306 2822 2529 2887 sentire,
2556 2822 2761 2879 unitate
2789 2823 3004 2893 quidem
3049 2824 3264 2894 prazlata
3294 2833 3457 2897 atque

1863 2911 2096 2979 laudata,
2141 2914 2351 2984 qualem
2395 2914 2583 2970 beatus
2605 2915 2905 2987 cyprianus
2951 2924 3002 2970 et
3047 2915 3163 2986 ejus
3203 2916 3449 2988 collegae,

1862 3005 1953 3077 qui
2000 3021 2121 3061 cum
2161 3021 2227 3062 eo
2269 3008 2556 3063 concilium
2606 3007 2735 3063 illud
2782 3007 3042 3076 fecerunt,
3090 3024 3212 3065 cum
3244 3010 3458 3065 diversa

1864 3100 2219 3156 sentientibus
2246 3110 2558 3168 tenuerunt,
2592 3101 2966 3157 haereticorum
3002 3112 3057 3158 et
3085 3102 3457 3159 scliismatico-

1866 3208 1983 3247 rum
2034 3192 2319 3249 seditiosas
2347 3194 2645 3248 calumnias
2695 3193 3067 3264 proturbantes
3112 3202 3271 3265 atque
3300 3210 3457 3250 ever-

1866 3292 2044 3340 tentes
2075 3287 2129 3340 in
2156 3286 2374 3341 nomine
2405 3285 2617 3340 Domini
2644 3286 2812 3340 nostri
2842 3284 2966 3340 Jesu
2997 3285 3219 3351 Christi,
3247 3286 3336 3356 qui
3363 3301 3460 3356 per

1865 3376 2183 3446 Apostolum
2211 3392 2365 3433 suum
2395 3377 2622 3447 loquens
2663 3378 2757 3444 ait,
2790 3376 3105 3445 Sit/ferentes
3148 3379 3360 3433 invicem
3404 3380 3461 3433 in

1867 3466 2176 3533 dilectione;
2214 3468 2471 3523 studentes
2497 3485 2698 3523 servare
2726 3470 2969 3523 unitatem
3017 3471 3225 3541 spiritus
3250 3472 3303 3524 in
3347 3472 3459 3524 vin-

1868 3561 1982 3615 culo
2026 3562 2165 3631 pacis
2192 3560 2407 3635 (Ephes.
2436 3576 2513 3627 tv,
2536 3562 2591 3629 2,
2624 3562 2719 3633 5);
2760 3578 2856 3632 per
2892 3578 3049 3631 quem
3073 3565 3233 3618 etiam
3262 3564 3355 3629 ait,
3400 3564 3462 3619 St

1867 3654 1991 3723 quid
2012 3655 2159 3709 aliter
2181 3655 2381 3726 sapitis,
2408 3656 2463 3709 id
2490 3671 2685 3726 quoque
2706 3654 2844 3709 vobis
2874 3654 3010 3709 Deus
3040 3657 3273 3710 revelabit
3304 3656 3461 3726 (Phi-

1871 3746 1999 3817 lipp.
2048 3763 2125 3815 nt,
2173 3748 2315 3820 i5):
2368 3758 2675 3802 sanctorum
2721 3749 3094 3818 episc0porum
3147 3749 3459 3814 sententias,

1869 3837 2017 3891 salvo
2055 3852 2175 3893 cum
2204 3838 2283 3893 eis
2312 3838 2525 3893 vinculo
2556 3838 2774 3892 unitatis
2802 3848 2856 3893 et
2882 3838 3045 3909 pacis,
3078 3840 3131 3893 in
3178 3854 3283 3909 quo
3329 3840 3463 3893 reti-

1869 3928 2048 3985 nendo
2068 3944 2185 3997 eos,
2209 3938 2465 4000 quantum
2489 3929 2604 3999 ipse
2628 3929 2888 3983 Dominus
2909 3930 3144 3999 adjuvat,
3166 3930 3460 4000 imitamur,

1870 4020 2289 4077 considerandas
2320 4030 2375 4077 et
2419 4020 2823 4091 pertractandas
2850 4022 3207 4093 aggredimur.

1942 4113 2171 4170 CAPUT
2213 4110 2343 4169 Vlll.
2383 4144 2455 4155 —
2496 4116 2581 4171 ll.
2624 4114 2869 4171 Calcilius
2897 4132 2927 4171 a
2967 4116 3102 4171 Bilta
3144 4116 3320 4171 dixit:
3354 4116 3465 4188 Ego

1870 4222 2027 4259 unum
2053 4204 2371 4276 Baptismum
2405 4207 2458 4260 in
2493 4206 2721 4261 Ecclesia
2748 4208 2857 4261 sola
2891 4208 3016 4275 scio,
3039 4217 3086 4262 et
3110 4218 3252 4264 extra
3290 4207 3467 4263 Eccle-

1870 4299 2000 4354 siam
2044 4299 2264 4354 nullum.
2304 4297 2406 4353 Hic
2432 4300 2524 4353 erit
2552 4316 2726 4363 unum,
2758 4299 2841 4353 ubi
2869 4316 2983 4369 spes
3022 4315 3138 4353 vera
3166 4309 3240 4353 est
3267 4310 3312 4354 et
3340 4301 3468 4369 ﬁdes

1870 4399 2024 4446 certa.
2069 4390 2158 4446 Sic
2188 4392 2320 4446 enint
2350 4393 2591 4462 scriptum
2628 4402 2701 4447 est
2726 4409 2746 4448 :
2780 4411 2799 4445 ι
2852 4392 2967 4447 Una
3005 4393 3152 4462 fides,
3184 4410 3286 4447 una
3328 4412 3463 4465 spes,

1879 4503 1897 4536 ι
1944 4501 2100 4539 unum
2134 4483 2400 4555 Baptisma
2433 4504 2451 4536 ι
2488 4484 2702 4555 (Ephes.
2736 4501 2807 4551 tv,
2840 4485 2894 4552 4,
2922 4486 2999 4554 5).
3046 4484 3167 4539 Non
3192 4487 3331 4555 apud
3358 4487 3466 4540 hm-

1872 4579 2077 4645 reticos,
2108 4578 2194 4632 ubi
2224 4594 2339 4649 spes
2367 4578 2510 4631 nulla
2537 4587 2609 4632 est
2642 4587 2688 4631 et
2725 4579 2850 4647 fides
2888 4577 3041 4646 falsa,
3068 4578 3154 4631 ubi
3183 4579 3351 4632 omnia
3379 4596 3469 4650 per

1873 4670 2192 4725 mendacium
2218 4678 2458 4741 aguntur,
2492 4669 2577 4722 ubi
2603 4669 2853 4723 exorcizat
2883 4669 3243 4735 dwmouiacus,
3275 4670 3469 4725 Sacra-

1873 4775 2098 4821 mentum
2124 4766 2401 4835 interrogat
2441 4764 2585 4833 cuius
2626 4780 2681 4817 os
2719 4773 2765 4817 et
2803 4764 2949 4818 verba
2988 4780 3167 4818 cancer
3211 4766 3469 4835 emittunt,

1875 4860 2029 4929 ﬁdem
2055 4859 2140 4911 dat
2164 4857 2409 4927 inﬁdelis,
2434 4857 2628 4911 veniam
2655 4856 2951 4911 delictorum
2976 4857 3147 4911 tribuit
3171 4859 3466 4924 sceleratus,

1876 4962 1922 5007 et
1945 4952 1998 5005 in
2028 4950 2229 5004 nomine
2256 4948 2445 5005 Christi
2471 4950 2616 5020 tingit
2654 4950 3000 5018 antichristus,
3024 4951 3267 5005 benedici!
3294 4970 3326 5006 a
3357 4952 3466 5006 Deo

1877 5043 2195 5108 maledictus,
2227 5042 2381 5095 vitam
2424 5042 2689 5112 pollicetur
2710 5052 2957 5108 ntortuus,
2987 5060 3162 5115 pacem
3188 5044 3276 5097 dat
3297 5045 3468 5113 impa-

1876 5140 2073 5209 ci/icus,
2116 5137 2282 5193 Deum
2319 5139 2515 5193 invocat
2547 5138 2887 5209 blasphemus,
2920 5140 3254 5193 sacerdotium
3296 5136 3469 5190 admi-

1878 5234 2061 5287 nistrat
2088 5237 2353 5303 profanus,
2384 5233 2524 5302 ponit
2549 5232 2713 5286 altare
2735 5233 3029 5305 sacrilegus.
3054 5232 3135 5285 Ad
3163 5232 3269 5285 htec
3293 5229 3467 5284 omnia

1879 5327 2070 5380 accedit
2098 5334 2145 5379 et
2182 5324 2311 5379 illud
2349 5325 2562 5393 malum,
2590 5335 2643 5379 ut
2666 5330 2873 5379 antistes
2916 5324 3104 5377 diaboli
3148 5321 3333 5375 audeat
3362 5320 3472 5376 Ett-

1880 5418 2173 5473 charistiam
2217 5417 2403 5485 facere.
2436 5417 2536 5471 Aut
2578 5419 2664 5489 qui
2702 5416 2805 5470 illis
2847 5415 3118 5481 adsistunt,
3149 5414 3318 5468 dicunt
3363 5415 3471 5471 hcce

1882 5511 2082 5564 omnia’
2110 5510 2243 5579 falsa
2280 5526 2385 5564 esse
2426 5510 2489 5563 de
2519 5510 2785 5565 ltwreticis.
2820 5507 2948 5561 Ecce
2983 5507 3052 5560 ad
3079 5508 3249 5578 qualia
3275 5510 3473 5581 cogitur

1886 5605 2113 5660 Ecclesia
2140 5606 2441 5671 consentire,
2471 5614 2517 5658 et
2546 5604 2653 5658 sine
2691 5600 2953 5671 Baptismo
2991 5610 3037 5656 et
3072 5600 3219 5657 venia
3258 5603 3474 5659 delicto-

1951 5808 2090 5869 ἕλω.
2139 5811 2190 5854 et
2225 5810 2319 5863 Er.,
2343 5802 2537 5869 _ubique
2574 5802 3048 5869 adgnoscendum.
3100 5804 3288 5869 Aliquot
3321 5811 3473 5869 Mss._,

1885 5865 2057 5930 ubique
2082 5865 2384 5929 agnoscenda
2412 5876 2429 5913 :
2454 5864 2551 5912 non
2575 5864 2735 5925 male,
2769 5866 2812 5915 si
2839 5866 3059 5930 jungitur
3094 5864 3223 5929 ctuti,
3245 5864 3478 5932 “inplici-

1884 5934 2089 6041 mf'sm.
2116 5998 2168 6041 et
2186 5996 2291 6040 Mss.
2318 5988 2563 6051 omittunt,
2582 5989 2760 6044 mnia.

2946 6076 3190 6159 (Sept)
