4008 6470
459 418 567 477 sos

464 552 581 598 rum
602 530 972 592 communicare
996 525 1326 598 compellitur.
1362 522 1529 591 Quam
1550 534 1679 583 rem,
1721 515 1925 588 fratres,
1969 508 2055 581 fu-

412 620 423 641 ’
467 642 587 705 gere
610 640 670 684 ac
692 626 853 683 vitare
876 623 1131 687 debemus,
1158 625 1207 673 et
1230 631 1262 670 a
1300 622 1440 670 tanta
1458 610 1647 669 scelere
1679 620 1772 663 nos
1794 614 2051 677 separare,

470 697 523 780 et
543 732 705 778 unum
732 716 995 790 Baptismo
1038 719 1221 778 tenere,
1257 705 1393 778 quod
1431 702 1527 761 soli
1570 697 1816 757 Ecclesia:
1855 707 2058 751 conces-

473 821 710 875 Μαι.

550 908 641 969 η.
682 907 764 965 Ad
808 904 924 961 hate
968 898 1301 974 respondeo,
1332 895 1584 970 quoniam
1614 887 1855 965 quisquis
1897 885 2062 944 etiam

479 1006 625 1063 intus
648 998 935 1058 conﬁtetur
957 1008 1020 1053 se
1059 993 1228 1049 Deum
1260 1004 1441 1058 nosse,
1485 985 1637 1043 factis
1674 991 1855 1040 autem
1885 985 2064 1051 negat,

480 1096 665 1169 quales
688 1097 816 1151 sunt
837 1087 985 1146 avari
1012 1093 1068 1144 et
1104 1083 1288 1151 invidi,
1322 1093 1378 1140 et
1404 1080 1496 1153 qui
1525 1086 1745 1151 propter
1770 1075 2066 1131 fraternum

479 1165 685 1256 odium,
721 1198 831 1241 non
872 1196 1017 1251 meo,
1059 1178 1156 1237 sed
1186 1177 1357 1234 sancti
1401 1173 1624 1232 Joannis
1651 1168 1878 1244 apostoli
1920 1165 2070 1223 testi-

480 1278 665 1338 monio
692 1272 942 1334 dicuntur
969 1270 1250 1330 homicidte
1283 1269 1337 1343 (ι
1364 1266 1521 1323 loan.
1551 1278 1628 1333 ιιι,
1671 1260 1801 1345 l5);
1831 1268 1884 1318 et
1920 1272 2069 1331 spem

479 1387 592 1430 non
629 1370 859 1435 habent,
904 1366 1029 1440 quia
1068 1362 1266 1422 malam
1314 1357 1698 1417 conscientiam
1744 1361 1975 1426 gerunt;
2019 1358 2075 1407 et

481 1461 675 1538 perﬁdi
704 1470 849 1530 sunt,
876 1460 1000 1533 quia
1047 1472 1156 1514 non
1202 1454 1257 1512 id
1283 1460 1447 1527 agunt
1473 1449 1614 1524 quod
1645 1450 1754 1507 Deo
1779 1451 2072 1538 voverunt;

484 1537 542 1617 et
571 1556 878 1620 mendaces,
909 1554 1035 1626 quia
1077 1552 1208 1607 falsa
1254 1547 1607 1626 proﬁtentur;
1636 1551 1690 1601 et
1732 1537 2070 1607 daemoniaci,

486 1650 611 1724 quia
637 1649 851 1707 diabolo
883 1624 941 1703 et
961 1644 1167 1717 angelis
1188 1641 1305 1715 ejus
1334 1640 1388 1698 in
1428 1654 1526 1696 suo
1549 1624 1713 1693 cerde
1736 1635 1911 1691 locum
1943 1645 2080 1703 prae—

486 1744 653 1809 bent;
703 1750 759 1798 et
796 1732 961 1796 verba
1001 1750 1190 1795 eorum
1228 1731 1565 1807 putredinem
1609 1734 1915 1800 operantur,
1956 1738 2080 1780 cum

490 1840 843 1904 corrumpunt
892 1831 1064 1887 honos
1114 1841 1294 1884 mores
1346 1840 1444 1897 per
1487 1822 1751 1893 colloquia
1797 1819 1974 1883 mala;
2026 1824 2084 1873 et

491 1928 734 1986 inﬁdeles
759 1932 903 1992 sunt,
931 1922 1187 1996 quoniam
1233 1919 1375 1993 quod
1426 1919 1570 1975 Deus
1615 1915 1810 1970 talibus
1853 1912 2085 1968 minatur

491 2019 752 2087 irrident;
797 2024 853 2075 et
882 2015 1150 2083 scelerati,
1183 2013 1307 2085 quia
1346 2009 1552 2067 nefarie
1575 2008 1798 2072 vivunt;
1849 2012 1904 2060 et
1943 2001 2084 2058 anti-

493 2112 704 2181 christi,
747 2109 871 2183 quia
916 2120 1099 2165 mores
1128 2120 1317 2163 eorum
1348 2102 1561 2161 Christo
1609 2099 1991 2165 adversantur;
2034 2102 2090 2151 et

495 2205 663 2262 aDeo
686 2200 979 2270 maledicti,
1007 2201 1131 2273 quia
1173 2197 1371 2270 ubique
1410 2195 1547 2251 tales
1586 2201 1770 2251 sancta
1814 2189 2089 2262 Scriptura

497 2300 844 2364 exsecratur;
888 2302 944 2352 et
968 2292 1192 2360 mortui,
1219 2291 1343 2363 quia
1369 2296 1557 2346 carent
1595 2284 1983 2357 vitajustitiae;
2033 2287 2089 2338 et

498 2392 773 2463 impacati,
818 2390 941 2463 quia
986 2385 1269 2445 contrariis
1316 2382 1472 2440 factis
1522 2396 1644 2438 cum
1699 2379 1793 2435 Dei
1842 2389 2094 2434 sermone

498 2482 825 2556 conﬂigunt;
871 2491 928 2539 et
975 2474 1299 2551 blasphemi,
1345 2475 1469 2549 quia
1511 2490 1606 2547 per
1634 2487 1821 2531 eorum
1854 2469 2093 2541 perditos

498 2583 649 2633 actus
677 2572 883 2632 nomini
907 2572 1201 2629 christiano
1228 2568 1558 2640 derogatur;
1602 2574 1657 2622 et
1696 2560 1926 2637 profani,
1971 2561 2096 2632 quia

500 2669 571 2724 ab
606 2665 700 2724 illo
741 2666 838 2723 Dei
876 2662 1187 2722 sanctuario
1223 2659 1573 2733 spiritualiter
1610 2657 1866 2713 interiore
1902 2651 2097 2710 seclusi

501 2766 661 2825 sunt;
693 2766 749 2816 et
772 2756 1039 2828 sacrilegi,
1064 2751 1191 2829 quia
1221 2753 1276 2808 in
1302 2766 1359 2808 se
1386 2749 1518 2823 ipsis
1543 2748 1804 2819 templum
1836 2745 1929 2801 Dei
1959 2743 2099 2799 male

502 2850 738 2919 vivendo
756 2855 1138 2919 corrumpunt;
1171 2852 1226 2900 et
1248 2842 1517 2925 antistites
1536 2838 1756 2906 diaboli,
1774 2837 1898 2909 quia
1922 2834 2099 2891 fraudi

506 2952 561 3002 et
587 2941 846 3010 avaritia,
865 2955 984 3012 quae
1009 2944 1094 2994 est
1112 2934 1432 3000 idololatria,
1452 2933 1709 2990 serviunt.
1740 2928 1899 2985 Tales
1921 2937 2100 2984 autem

506 3036 813 3104 nonnullos,
841 3034 951 3090 imo
974 3033 1258 3104 plurimos,
1287 3038 1341 3085 et
1376 3026 1649 3099 apostolus
1676 3024 1871 3082 Paulus
1895 3031 1949 3079 ct
1984 3020 2101 3092 epi-

505 3142 702 3202 scopus
743 3126 1041 3201 Cyprianus
1088 3123 1250 3180 etiam
1304 3120 1447 3178 intus
1491 3133 1611 3175 esse
1658 3124 1937 3173 testantur.
1996 3114 2103 3170 Cur

507 3238 636 3296 ergo
662 3222 751 3279 isti
790 3214 1101 3293 baptizant?
1139 3215 1247 3275 Cur
1288 3215 1450 3272 etiam
1498 3208 1716 3285 quidam
1760 3209 1852 3283 qui
1902 3208 2100 3265 saeculo

507 3314 689 3374 verbis
712 3322 769 3371 et
809 3327 919 3369 non
958 3309 1116 3368 factis
1143 3309 1475 3375 renuntiant,
1504 3306 1572 3362 ab
1600 3302 1905 3376 hujusmodi
1935 3301 2101 3357 mori-

509 3406 613 3463 bus
662 3420 772 3462 non
823 3404 1012 3460 mutati
1062 3402 1423 3473 baptizantur,
1472 3407 1526 3455 et
1568 3396 1783 3469 quando
1833 3403 2107 3452 mutantur

509 3512 622 3554 non
645 3492 1084 3568 rebaptizantur?
1109 3494 1360 3550 .lamvero
1380 3490 1523 3564 quod
1552 3489 1855 3561 indignatur
1880 3495 1935 3544 et
1953 3486 2103 3555 dicit,

513 3589 648 3645 Ecce
676 3589 742 3644 ad
768 3588 945 3662 qualia
985 3586 1217 3643 Ecclesia
1244 3585 1441 3658 cogitur
1463 3582 1761 3646 consentire,
1791 3589 1839 3635 et
1865 3579 1973 3635 sine
1995 3576 2105 3633 Ba-

514 3681 701 3753 ptismo
725 3689 772 3735 et
810 3679 956 3736 venia
986 3677 1288 3733 delictorum
1333 3673 1705 3729 communicare
1752 3670 2109 3742 compellitur;

513 3774 621 3831 nisi
648 3781 829 3832 essent
855 3771 1038 3830 caeteri
1064 3770 1305 3844 episcopi
1331 3770 1422 3841 qui
1459 3767 1596 3824 alios
1622 3762 1690 3825 ad
1731 3766 1834 3822 ista
1871 3762 2111 3836 compel-

514 3871 710 3937 lerent,
742 3886 850 3927 non
879 3870 1062 3941 utique
1087 3867 1205 3923 haec
1229 3865 1450 3922 diceret.
1481 3861 1636 3921 Unde
1679 3861 1840 3918 etiam
1870 3857 2113 3915 ostendi-

515 3973 611 4021 tur
648 3963 771 4019 illos
801 3974 929 4018 tunc
955 3960 1167 4016 veriora
1211 3957 1468 4024 sensisse,
1497 3955 1588 4026 qui
1628 3967 1737 4010 non
1775 3954 2114 4008 recesserunt

519 4074 552 4114 a
578 4057 802 4129 pristina
827 4052 1235 4119 consuetudine,
1266 4065 1386 4123 quae
1427 4056 1615 4119 postea
1642 4044 1852 4102 concilii
1891 4042 2112 4100 univer-

518 4153 680 4211 sitate
708 4128 913 4216 ﬁrmata
942 4156 1044 4205 est.
1080 4145 1221 4216 Quid
1261 4153 1344 4202 est
1384 4150 1564 4199 autem
1591 4137 1737 4213 quod
1776 4138 2018 4209 adiungit
2059 4144 2117 4192 et

521 4245 674 4314 dicit,
707 4216 873 4312 attain
896 4255 1025 4308 rem,
1061 4238 1270 4310 fratres,
1302 4240 1477 4309 fugere
1501 4251 1561 4289 ac
1588 4234 1746 4288 vitare
1785 4232 2041 4298 debemus,
2070 4216 2119 4284 et

524 4354 557 4394 a
584 4344 725 4393 tanta
756 4333 942 4391 scelere
973 4346 1067 4386 nos
1094 4328 1379 4404 separare?
1404 4326 1463 4383 Si
1487 4325 1629 4382 enim
1658 4323 1762 4379 hoc
1789 4323 1863 4379 ita
1886 4321 2033 4388 dicit,
2059 4326 2119 4377 ut

522 4430 627 4489 ista
652 4443 762 4484 non
797 4426 956 4482 faciat
985 4438 1086 4481 nec
1114 4421 1395 4494 approbet,
1424 4419 1529 4476 alia
1569 4431 1658 4474 res
1686 4424 1770 4472 est
1800 4434 1815 4472 :
1856 4414 1901 4471 si
1940 4423 2119 4471 autem

524 4532 589 4581 ut
614 4522 823 4579 diversa
848 4518 1141 4585 sentientes
1170 4514 1390 4571 damnet
1427 4519 1482 4570 et
1526 4517 1790 4583 segreget,
1817 4507 2082 4581 prioribus
2099 4507 2117 4539 ⁸

526 4616 732 4677 resistit
765 4613 945 4671 verbis
971 4610 1257 4684 Cypriani,
1310 4606 1503 4680 quibus
1545 4605 1639 4673 ait,
1674 4603 1943 4660 Neminem
1980 4602 2122 4677 judi-

529 4719 723 4778 canles,
759 4716 849 4765 aut
892 4724 925 4761 a
955 4706 1077 4778 jure
1115 4700 1485 4759 communionis
1527 4698 1766 4771 aliquem,
1798 4697 1843 4753 si
1869 4695 2124 4752 diversum

529 4805 762 4875 seruerit,
791 4808 1099 4859 amouentes.

603 4894 832 4957 CAPUT
868 4892 961 4951 IX.
986 4921 1061 4936 -—-
1086 4889 1175 4947 i5.
1205 4887 1415 4944 Primus
1443 4885 1596 4944 Felix
1630 4904 1661 4941 a
1690 4884 1917 4958 Migirpa
1951 4884 2079 4941 dixit
2104 4899 2124 4939 :

532 4992 724 5053 Censeo
743 5004 942 5063 omnem
970 4985 1226 5042 hominem
1249 4982 1312 5037 ab
1345 4980 1523 5038 heresi
1549 4979 1826 5036 venientem
1860 4977 2126 5049 baptizan-

533 5087 676 5144 dum.
706 5081 927 5140 Frustra
959 5080 1093 5135 enim
1114 5076 1222 5132 illic
1253 5082 1399 5149 putat
1427 5092 1481 5130 se
1502 5089 1610 5128 esse
1633 5072 1944 5144 baptizatum
1968 5111 1982 5135 ,
2014 5084 2127 5123 cum

534 5198 638 5238 non
663 5180 731 5236 sit
766 5175 1063 5249 Baptisma,
1104 5170 1202 5226 nisi
1232 5169 1288 5224 in
1325 5165 1594 5233 Ecclesia,
1625 5181 1781 5219 unum
1818 5172 1865 5217 et
1909 5178 2080 5217 uerum
2109 5177 2130 5216 :

536 5274 656 5348 quia
674 5282 720 5329 et
739 5269 994 5327 Dominus
1012 5281 1164 5333 unus,
1190 5272 1239 5319 et
1269 5262 1395 5332 fides
1419 5276 1543 5327 una,
1571 5267 1619 5313 et
1640 5274 1741 5312 una
1766 5255 2001 5311 Ecclesia
2021 5264 2093 5310 est
2113 5295 2129 5323 ,

537 5344 593 5420 in
611 5380 712 5437 qua
737 5370 838 5419 stat
856 5374 1017 5416 unum
1034 5354 1319 5429 Baptisma,
1342 5361 1388 5407 et
1408 5350 1671 5419 sanctitas,
1693 5357 1742 5404 et
1768 5356 1967 5402 cratera.
1995 5344 2135 5400 Nam

540 5472 655 5530 quat
681 5456 803 5527 foris
832 5458 1146 5517 exercentur,
1176 5446 1377 5503 nullum
1399 5443 1580 5500 habent
1602 5442 1781 5498 salutis
1802 5438 2037 5508 effectum
2051 5441 2096 5494 ³.

607 5592 627 5653 ᾳ
650 5595 705 5641 ω
723 5594 856 5653 ".88"
873 5584 1008 5653 Prior
1116 5641 1146 5653 ..
1274 5637 1475 5653 “LL.--
1507 5633 1626 5653 42.4.
1676 5640 1717 5653 ,Α
1748 5645 1852 5653 ---μ
1876 5631 2108 5653 κάμω.ηά

605 5652 629 5684 ³
1045 5641 1184 5696 Felix
1205 5654 1237 5693 α
1265 5637 1477 5703 Migirpa
1498 5633 1645 5703 diajit,
1671 5640 1723 5703 et
1744 5645 1854 5697 quae
1876 5631 2137 5703 subsequi-

544 5723 626 5767 tur
646 5694 1274 5777 delicisséutentia,
1295 5694 2138 5777 abestotnninouabnamerb‘aehiéna

546 5756 797 5829 531633?
788 5756 841 5824 et.
857 5756 1181 5829 ’ἐῖὀιιῖιιίιιιιε
1216 5756 1553 5829 manuscriptis
1576 5773 1589 5810 :
1615 5759 1874 5829 quibusin
1896 5756 2141 5829 codicibus

544 5820 1329 5912 ὖιῖίῷἓίρὲὶίῶδιωνίωιονρίξβί
1351 5820 1574 5912 νθειὲηιὶφν
1597 5820 1894 5912 αῗέΕῗηξΞΞὲ
1912 5820 2142 5912 Ξῗῖείᾟυο

866 5880 1056 5947 ἶξιῖίνέᾶ
1188 5880 1334 5955 ήκω
1348 5902 1380 5939 a
1402 5880 1609 5954 Migirpa
1625 5881 1769 5955 dixit,
1790 5880 1894 5934 lucc
1912 5880 2137 5955 dicimus.

544 5943 1419 6031 ῖδίῖιιῖῗῖἷί-ώῖὸέωυνωωεθε
1440 5943 1612 6014 putant
1632 5961 1721 6013 per
1740 5943 1987 6003 Erasmus!
2001 5943 2135 6008 adie-

1198 406 1288 465 DE
1325 395 1663 462 BAPTISMO
1698 390 1973 454 CONTRA
2009 384 2459 453 DONATISTAS,
2500 383 2558 443 S.
2598 376 2968 442 AUGUSTINI

3618 372 3730 453 eos

2253 506 2343 563 14.
2370 504 2452 562 Ad
2476 519 2539 563 ea
2558 518 2678 577 quae
2699 502 2851 560 Felix
2871 515 2903 557 a
2921 497 3143 572 Migirpa
3164 495 3318 567 dixit,
3343 495 3464 552 hac
3481 492 3743 551 dicimus:

2166 600 2224 658 Si
2243 613 2351 656 non
2372 605 2516 655 esset
2533 594 2804 667 Baptisma
2823 604 2988 651 unum
3006 599 3062 650 et
3079 605 3265 648 verum
3287 586 3388 646 nisi
3408 587 3466 645 in
3487 584 3749 657 Ecclesia,

2167 707 2275 751 non
2304 689 2490 764 utique
2522 696 2668 748 esset
2694 688 2748 745 iu
2777 688 2857 745 eis
2884 685 2976 760 qui
3000 686 3068 744 ab
3096 686 3301 743 unitate
3328 682 3629 742 discedunt.
3659 678 3756 738 Est

2169 795 2347 845 autem
2371 785 2429 841 in
2454 786 2566 853 eis;
2593 798 2718 841 nam
2757 781 2815 840 id
2853 797 2961 840 non
2994 780 3261 855 recipiunt
3296 778 3620 845 redeuntes,
3649 788 3758 832 non

2170 881 2243 938 ob
2281 879 2423 937 aliud
2458 878 2563 936 nisi
2600 877 2723 950 quia
2758 891 2867 934 non
2905 876 3196 933 amiserant
3234 873 3586 932 recedentes.’
3606 868 3761 940 Quod

2172 981 2350 1031 autem
2377 970 2486 1041 ait,
2520 968 2661 1026 Nam
2694 984 2810 1045 qut!
2848 970 2975 1043 foris
3006 979 3297 1026 exercentur
3316 1010 3330 1035 ,
3359 967 3557 1023 nullum
3580 963 3763 1044 habent

2174 1064 2353 1121 salutis
2390 1061 2660 1132 eiectum;
2705 1040 3012 1127 consentio,
3062 1068 3116 1118 et
3156 1059 3376 1117 omnino
3418 1072 3604 1114 verum
3643 1040 3765 1112 esse

2177 1154 2359 1215 credo.
2390 1153 2547 1212 Aliud
2574 1161 2657 1212 est
2680 1153 2825 1210 enim
2852 1169 2961 1211 non
2986 1153 3058 1209 ibi
3084 1167 3235 1221 esse,
3260 1134 3403 1208 aliud
3432 1148 3634 1207 nullum
3666 1149 3765 1205 ha-

2176 1252 2307 1309 bere
2330 1247 2517 1308 salutis
2542 1249 2810 1307 eﬁ‘ectum.
2835 1248 3182 1325 Venientibus
3201 1248 3343 1305 enim
3364 1247 3430 1303 ad
3450 1245 3770 1304 catholicam

2179 1361 2366 1419 pacem
2391 1344 2650 1419 prodesse
2675 1343 2936 1417 incipiunt
2963 1359 3083 1417 qua:
3107 1342 3240 1399 foris
3263 1342 3510 1412 inerant,
3538 1339 3634 1398 sed
3660 1355 3770 1396 non

2181 1437 2490 1510 proderant.

2253 1528 2484 1588 CAPUT
2521 1528 2591 1586 Χ.
2616 1560 2690 1573 -
2717 1529 2806 1587 l5.
2837 1526 3135 1603 Polycarpo
3167 1536 3345 1584 autem
3386 1525 3774 1594 Adrumetino,

2185 1628 2438 1702 quoniam
2470 1628 2638 1694 dixit,
2670 1627 2771 1697 Qui
2798 1627 3145 1683 htereticorum
3178 1624 3494 1696 Baptismum
3519 1622 3775 1695 probant,

2186 1730 2415 1778 nostrum
2444 1730 2684 1778 euacuant
2708 1736 2727 1775 :
2748 1718 3132 1792 respondemus
3153 1760 3169 1787 ,
3200 1716 3259 1774 Si
3293 1712 3668 1773 hmreticorum
3698 1722 3782 1769 est

2189 1815 2529 1889 Baptismus,
2576 1804 2664 1886 qui
2707 1828 2805 1886 per
2852 1812 3134 1869 haereticos
3171 1812 3358 1877 datur;
3400 1824 3681 1865 avarorum
3728 1815 3785 1863 et

2190 1907 2579 1965 homicidarum
2608 1914 2723 1977 est,
2749 1906 2840 1979 qui
2871 1906 3014 1961 intus
3037 1921 3066 1959 a
3099 1904 3291 1960 talibus
3317 1902 3493 1961 datur.
3521 1901 3577 1958 Si
3602 1908 3786 1956 autem

2193 2002 2296 2058 hoc
2332 2003 2556 2058 istorum
2601 2016 2708 2056 non
2746 2010 2862 2065 est,
2901 2015 3001 2056 nec
3036 1999 3165 2055 illud
3194 1998 3408 2054 illorum
3434 2005 3520 2053 est
3548 2014 3562 2053 :
3595 2010 3660 2051 ac
3689 2009 3788 2068 per

2194 2094 2297 2153 hoc
2322 2095 2463 2167 apud
2491 2109 2854 2167 quoscumque
2881 2092 2979 2162 sit,
3007 2092 3202 2150 Christi
3233 2101 3334 2148 est.

2265 2187 2495 2245 CAPUT
2533 2184 2625 2243 XI.
2651 2172 2837 2247 -—"16.
2886 2185 3122 2243 Novatus
3157 2200 3188 2240 a
3224 2181 3567 2255 Thamugade
3605 2180 3743 2237 dixit
3772 2200 3788 2238 :

2197 2276 2337 2334 Licet
2373 2279 2591 2334 sciamus
2629 2294 2829 2334 omnem
2857 2276 3180 2350 Scripturam
3209 2275 3547 2331 testimonium
3581 2273 3796 2329 reddere

2200 2370 2263 2427 de
2295 2372 2510 2428 salutari
2542 2370 2806 2444 Baptismo
2830 2413 2847 2441 ,
2892 2370 3129 2426 debemus
3170 2378 3335 2425 tamen
3370 2368 3524 2443 [idem
3566 2376 3797 2422 nostram

2201 2465 2501 2537 exprimere.
2535 2463 2815 2520 Haereticos
2841 2473 2889 2521 et
2912 2463 3261 2520 schismaticos
3293 2463 3361 2519 ad
3390 2460 3677 2518 Ecclesium
3711 2478 3798 2516 ve-

2203 2558 2413 2625 nientes,
2438 2559 2526 2628 qui
2546 2556 2981 2630 pseudobaptizati
3000 2559 3253 2628 videnlur,
3278 2556 3454 2619 debere
3472 2574 3556 2614 eos
3579 2557 3632 2612 in
3656 2559 3801 2630 fonte

2205 2651 2412 2723 perenni
2435 2649 2688 2722 baptizari
2716 2666 2735 2713 ξ
2758 2660 2804 2706 et
2826 2647 2942 2707 ideo
2968 2650 3247 2706 secundum
3275 2649 3614 2706 testimonium
3645 2648 3799 2704 Scri-

2204 2754 2469 2816 pturarum
2486 2786 2502 2812 ,
2525 2753 2571 2799 et
2595 2744 2871 2799 secundum
2894 2743 3148 2799 decretum
3176 2742 3483 2817 collegarum
3507 2750 3802 2797 nostrorum

2204 2838 2634 2894 sanctissimorum
2662 2838 2883 2894 virorum
2919 2838 2970 2906 ί,
3002 2856 3174 2895 omnes
3196 2838 3543 2894 scltismaticos
3571 2847 3618 2895 et
3639 2838 3805 2899 lucre-

2208 2931 2332 2986 ticos
2366 2932 2450 3002 qui
2477 2931 2545 2985 ad
2571 2929 2853 2986 Ecclesia»:
2886 2932 3111 2987 conversi
3138 2941 3257 2988 sunt
3284 2932 3531 3001 baptizari
3553 2933 3573 2962 ²
3594 2948 3614 2998 ;
3634 2930 3733 2987 sed
3759 2938 3806 2985 et

2206 3024 2505 3095 quicumque
2524 3024 2745 3078 ordinati
2769 3023 3095 3092 videbantur,
3130 3025 3261 3079 inter
3290 3022 3447 3080 laicus
3471 3024 3627 3095 recipi
3650 3022 3698 3077 ³.

2280 3116 2368 3171 l7.
2399 3114 2635 3172 Novatus
2665 3132 2696 3172 a
2721 3115 3066 3188 Thamugade
3106 3115 3233 3189 quid
3268 3115 3455 3177 fecerit
3491 3116 3627 3175 dixit
3649 3156 3670 3183 ,
3698 3130 3809 3172 non

2208 3216 2385 3263 autem
2414 3207 2613 3279 aliquid
2641 3209 2822 3263 attulit
2856 3208 2997 3264 unde
3038 3224 3098 3264 se
3135 3207 3446 3265 ostenderet
3484 3205 3667 3265 facere
3711 3206 3808 3267 de-

2208 3298 2390 3382 buisse
2419 3298 2561 3370 quod
2588 3297 2732 3354 fecit.
2772 3297 3068 3353 Nominavit
3108 3300 3240 3354 enim
3274 3298 3616 3355 testimonium
3654 3298 3807 3354 Scri-

2211 3403 2477 3464 pturarum
2498 3403 2543 3448 et
2568 3394 2827 3450 decretum
2848 3393 3179 3469 collegarum,
3205 3393 3301 3450 sed
3325 3409 3433 3450 non
3456 3393 3581 3453 inde
3602 3392 3810 3465 aliquid

2211 3488 2430 3559 protulit
2454 3487 2600 3559 quod
2628 3486 2972 3543 considerare
2997 3502 3298 3558 possemus.

2282 3580 2508 3638 CAPUT
2546 3579 2662 3635 Xil.
2690 3610 2764 3620 —
2800 3579 2888 3635 18.
2920 3579 3274 3636 Nemesianus
3301 3593 3333 3634 a
3359 3576 3599 3634 Tubunis
3623 3577 3768 3634 dixit
3792 3593 3808 3633 :

2211 3677 2477 3750 Baptisma
2500 3676 2637 3749 quod
2671 3674 2796 3730 dant
2833 3675 3056 3730 hteretici
3097 3683 3142 3729 et
3177 3673 3487 3729 schismatici
3509 3714 3525 3739 ,
3557 3690 3663 3729 non
3707 3688 3814 3729 esse

2213 3787 2415 3839 verum,
2457 3768 2638 3840 ubique
2674 3769 2729 3823 in
2777 3766 3062 3838 Scripturis
3107 3767 3294 3822 sanctis
3330 3766 3646 3821 declaratum
3693 3775 3814 3821 est:

2215 3867 2453 3940 quoniam
2484 3864 2583 3941 ipsi
2603 3862 2865 3937 prtepositi
2895 3878 3068 3918 eorum
3092 3861 3213 3933 falsi
3236 3860 3413 3916 cltristi
3434 3869 3586 3927 sunt,
3612 3866 3664 3914 el
3693 3857 3816 3933 falsi

2218 3960 2478 4033 prapheta:
2498 3999 2513 4025 ,
2556 3956 2753 4012 dicente
2804 3955 3020 4011 Domino
3062 3971 3153 4027 per
3207 3953 3532 4011 Salomonth
3581 3969 3603 4008 :
3638 3971 3663 4007 ι
3718 3952 3816 4023 Qui

2218 4055 2381 4125 ﬁdens
2409 4062 2482 4109 est
2514 4053 2568 4108 in
2598 4051 2743 4126 falsis
2762 4093 2777 4119 ,
2809 4050 2891 4104 hic
2916 4050 3076 4121 pascit
3110 4058 3317 4117 ventos;
3348 4048 3484 4104 idem
3509 4059 3687 4106 autem
3709 4050 3819 4120 ipse

2218 4150 2446 4221 sequitur
2467 4164 2581 4203 aves
2615 4147 2839 4201 uolantes
2869 4142 3053 4216 (Prov.
3078 4160 3152 4213 ι,
3187 4142 3267 4214 4).
3301 4143 3501 4198 Deserit
3535 4144 3677 4205 enim
3715 4144 3820 4199 eius

2219 4244 2377 4300 vincte
2402 4257 2538 4309 suat,
2565 4257 2598 4296 a
2628 4240 2818 4295 semitis
2841 4254 2956 4294 vero
2984 4237 3141 4310 agelli
3162 4237 3242 4293 sui
3269 4238 3476 4292 errauit.
3517 4235 3821 4308 Ingreditur

2222 4348 2389 4393 autem
2409 4352 2497 4410 per
2516 4334 2628 4390 avia
2647 4334 2759 4397 loca
2774 4341 2923 4403 atque
2941 4330 3089 4386 arida
3107 4338 3154 4385 el
3179 4338 3366 4384 terram
3385 4329 3693 4385 destinatam
3716 4329 3821 4397 siti,

2222 4429 2543 4501 consequitur
2567 4434 2738 4481 autem
2757 4425 2989 4480 manibus
3016 4423 3334 4494 infructuosa
3354 4421 3396 4476 ⁸.
3438 4441 3459 4476 ι
3489 4419 3559 4477 Et
3589 4422 3779 4479 iterum
3803 4435 3823 4475 :

2224 4573 2300 4619 ora
2323 4579 2388 4617 ex
2409 4566 2657 4630 «ueneno.
2705 4575 2772 4613 ex
2809 4573 2908 4630 ιιιιο
2932 4560 3081 4630 etiam
3116 4558 3362 4630 sedimus
3399 4556 3690 4630 ιτωιξψφ
3729 4555 3827 4630 huc

2222 4617 3096 4692 amen.'mnus._quoa..omno
3114 4625 3296 4692 erat“.
3320 4618 3383 4692 αι)
3418 4617 3831 4692 camino-Er

2224 4679 2609 4765 prianusf’au‘tem
2632 4679 2777 4738 tacito
2799 4680 2973 4736 Felicis
3005 4683 3198 4732 nomine
3220 4679 3371 4731 habet
3392 4694 3406 4730 :
3432 4679 3627 4731 Primus
3645 4694 3681 4731 a
3707 4679 3825 4733 Mis-

2224 4753 2809 4879 g'ﬁpiggucqmianum,
3178 4804 3425 4879 memoria:
3703 4806 3827 4879 ςφιι

2227 4865 2416 4955 scilicet
2435 4877 2501 4927 de
2524 4865 2617 4927 h'ac
2644 4887 2701 4925 re
2734 4865 2880 4923 antea
2914 4884 3025 4920 cum
3058 4869 3315 4935 Agrippino
3343 4865 3600 4920 concilium
3636 4865 3829 4921 habue-

2227 4947 2412 5054 ra['n'sic
2429 5001 2559 5066 apud
2583 5007 2656 5051 Er.
2675 5005 2728 5051 et
2740 4996 3038 5069 Cyprianum.
3082 5002 3138 5047 Αι
3154 4995 3719 5069 Lovanienseshmonent
3738 5006 3833 5058 per

2232 5082 2307 5129 se,
2332 5058 2606 5130 quamquam
2623 5058 2989 5123 exemplaribus
3010 5058 3346 5120 manuscriptis
3360 5058 3639 5117 destitutos,
3655 5070 3832 5107 emen-

2232 5132 2399 5181 datum
2437 5140 2568 5184 esse,
2595 5120 2832 5189 baptisavi
2857 5133 2875 5171 :
2901 5122 3114 5189 et_inl'ra,
3139 5121 3285 5189 inter,
3323 5117 3467 5189 laicos
3504 5116 3687 5189 recepi,
3714 5125 3832 5189 puta

2234 5134 2399 5181 datum
2437 5140 2568 5184 esse,
2595 5134 2831 5189 baptisma
2857 5134 2875 5171 :
2901 5134 2954 5170 et
2976 5134 3114 5182 intra,
3139 5134 3285 5179 inter,
3323 5134 3467 5169 uncos
3504 5134 3687 5180 receps,
3714 5134 3832 5182 puta

2234 5190 2659 5319 ﬁt:
2678 5187 2750 5236 sic
2763 5182 3059 5247 respondet:
3086 5187 3291 5233 Novatus
3308 5194 3341 5232 a
3368 5181 3693 5246 Ἠιωιιιςοόε,
3706 5179 3833 5247 quid

2256 5256 2642 5389 ecf
2662 5310 2827 5362 Novati
2848 5308 3145 5359 sententiam
3166 5312 3470 5371 praetereunt
3490 5314 3593 5358 Am.
3634 5312 3691 5358 et
3726 5280 3830 5356 ma-

2238 5385 2561 5553 ᾜῖιυῖὲίεω
2583 5437 2662 5488 hic
2680 5433 2949 5485 Nemesiani
2973 5433 3142 5496 verba,
3173 5446 3284 5497 quae
3318 5434 3367 5482 in
3402 5428 3581 5479 Erasmi
3607 5426 3834 5479 (mitione

2239 5505 2335 5553 hau
2390 5504 2509 5553 satis
2529 5500 2830 5553 uuadrabdnt
2870 5508 2980 5546 cum
3002 5498 3320 5553 reSponsione
3342 5490 3608 5553 Augustini,
3643 5496 3834 5540 mutata

2239 5496 2371 5555 haud
2390 5504 2509 5553 satis
2529 5500 2830 5567 quadrabam
2864 5496 3320 5567 _cutp_reSpon§ione
3342 5496 3834 5567 Augustini,_mutata

2240 5553 2355 5619 sunt
2375 5578 2466 5631 per
2487 5553 2809 5631 Loiranienses
2828 5564 2880 5609 et
2901 5557 2962 5631 ad
3216 5553 3469 5631 exemplar
3771 5572 3835 5631 :-

2242 5617 2429 5681 deuiit
2452 5635 2561 5679 Lov.
2590 5640 2602 5675 :
2635 5643 2657 5671 θ
2678 5630 2914 5674 caeterum
2939 5617 3167 5681 tota—haec
3206 5617 3475 5681 sententia,
3506 5620 3745 5681 tutulum
3769 5625 3835 5663 ex

2251 5677 2543 5743 Salomone
2564 5690 2727 5746 citata,
2750 5696 2849 5734 non
2871 5689 3034 5746 exstat
3068 5679 3214 5746 hodie
3238 5691 3331 5746 nec
3353 5678 3402 5727 in
3439 5677 3699 5746 hebraieis,
3742 5686 3837 5724 nec

2250 5739 2485 5818 ἆ
2508 5739 2605 5801 nec
2622 5739 2786 5798 latinis
2821 5742 3201 5805 exemplaribus.
3234 5743 3389 5791 ninia
3426 5750 3549 5789 vae
3571 5739 3678 5849 ejlus
3703 5749 3835 5800 pars,

2253 5836 2272 5853 .
2297 5816 2378 5853 mn'
2403 5814 2614 5853 ﬁdens-..
2639 5810 2865 5853 magnes.
2886 5812 3047 5853 exstat
3070 5805 3295 5853 Proverb.
3318 5817 3370 5853 ιι.
3393 5802 3483 5852 sed
3508 5803 3604 5851 ohe
3623 5815 3652 5850 0
3673 5807 3840 5850 trans-

2253 5836 2275 5865 α
2295 5810 2380 5929 311i
2399 5810 2614 5879 ﬁdens...
2639 5810 2865 5881 congrues,
2886 5812 3047 5863 exstat
3070 5810 3295 5877 Proverb.
3318 5817 3370 5863 ιι,
3393 5810 3483 5852 sed
3508 5810 3652 5874 obeto
3673 5810 3840 5871 trans-

2254 5899 2277 5928 α
2331 5890 2430 5943 χιι)
2455 5874 2587 5943 unde
2607 5884 2818 5943 ευδριειο
2843 5875 2938 5943 est,
2960 5872 3221 5943 sequentia
3237 5878 3439 5943 quosue
3455 5865 3693 5943 verbaum
3722 5861 3840 5913 Ait-

2460 5925 2575 5990 OIim
2597 5925 2957 5997 exemplaribus
2977 5925 3157 5983 ibidem
3178 5925 3309 5983 lec'ta
3518 5943 3542 5976 ι
3605 5932 3663 5978 tt.
