4008 6496
266 396 358 454 ωδ
1602 377 1803 436 LIBER
1840 376 2129 434 SEXTUS.

272 509 360 563 «Ab
376 524 512 578 aqua
532 507 700 562 aliena
717 504 911 562 abstine
926 513 990 567 te,
1009 511 1054 558 et
1074 501 1136 556 de
1153 499 1290 570 fonte
1305 497 1474 552 alieno
1486 510 1548 550 ne
1567 493 1764 558 biberis,
1778 499 1832 546 ut

268 603 457 670 longum
478 602 618 658 vivas
640 611 853 670 tempus,
883 596 1189 667 adjiciantur
1209 593 1358 646 etiam
1379 589 1466 644 tibi
1493 587 1615 642 anni
1639 587 1772 640 vitw.
1804 602 1824 636 ι

268 692 388 745 litin
418 691 697 762 Evangelia
717 707 809 745 sua
833 705 946 744 voce
970 687 1220 743 Dominus
1245 694 1414 738 noster
1431 680 1462 735 .l
1470 697 1581 736 esus
1605 677 1832 733 Christus

266 785 447 836 locutus
473 792 549 838 est
587 783 762 840 dicens
789 796 808 836 :
841 798 859 833 ι
895 779 1013 834 Nisi
1047 779 1160 850 quis
1198 784 1404 831 renatus
1432 773 1585 846 fuerit
1609 786 1670 825 ea:
1701 785 1834 840 aqua

265 885 302 928 et
325 874 524 944 Spiritu
560 885 767 940 sancto,
797 891 897 930 non
936 880 1096 944 potest
1137 870 1344 925 introire
1369 870 1421 922 in
1459 881 1665 938 regnum
1688 862 1782 916 Dei
1811 880 1829 916 ι

266 963 428 1034 (Joan.
478 982 557 1030 ut,
602 967 678 1037 ὅ).
737 965 836 1020 Hic
865 973 935 1020 est
962 964 1205 1034 Spiritus,
1234 962 1320 1033 qui
1339 960 1401 1014 ab
1420 960 1564 1015 initio
1584 956 1836 1028 ferebatur

264 1073 402 1126 super
432 1075 621 1128 aquam
661 1056 810 1129 (Gen.
849 1073 896 1123 ι,
941 1055 1020 1127 2).
1065 1055 1242 1125 Neque
1282 1053 1414 1112 enim
1463 1051 1688 1122 Spiritus
1729 1048 1836 1103 sine

264 1167 380 1219 aqua
409 1151 616 1218 operari
635 1158 812 1220 potest,
842 1166 999 1220 neque
1022 1165 1155 1219 aqua
1178 1148 1286 1201 sine
1308 1146 1527 1216 Spiritu.
1558 1141 1697 1195 Male
1716 1155 1835 1211 ergo

271 1243 343 1295 tibi
366 1243 578 1309 quidam
598 1245 991 1313 interpretantur
1009 1282 1024 1308 ,
1057 1250 1108 1295 ut
1139 1241 1347 1306 dicant,
1377 1237 1512 1308 quod
1540 1253 1628 1307 per
1658 1251 1836 1290 manus

262 1328 622 1404 impasitionem
654 1337 904 1406 Spiritum
932 1345 1163 1390 sanctum
1193 1335 1482 1403 accipiant,
1523 1341 1568 1385 et
1604 1332 1674 1384 sic
1710 1331 1839 1384 νεά,

262 1428 495 1497 piantur;
517 1445 634 1499 cum
659 1431 979 1499 manifestum
999 1429 1062 1483 sit
1085 1436 1295 1498 utroque
1323 1433 1635 1480 sacramento
1660 1423 1837 1478 debere

262 1538 335 1576 eos
358 1524 554 1578 renasci
585 1525 642 1578 in
676 1522 902 1578 Ecclesia
931 1523 1196 1578 catholica.
1221 1520 1365 1575 Tunc
1391 1520 1577 1590 quippe
1603 1524 1834 1589 poterunt

259 1615 346 1683 ﬁlii
375 1614 475 1670 Dei
499 1632 628 1684 esse,
653 1616 846 1670 dicente
868 1613 1128 1686 Apostolo,
1189 1632 1207 1666 ι
1235 1613 1478 1668 Curantes
1501 1625 1696 1665 servare
1717 1608 1832 1662 uni-

260 1716 402 1761 tatent
443 1709 656 1779 spiritus
693 1709 746 1763 in
776 1709 1126 1776 conjunctione
1166 1707 1304 1777 pacis
1342 1722 1360 1760 :
1397 1721 1553 1760 unum
1583 1717 1764 1771 corpus
1790 1709 1836 1755 et

257 1816 378 1854 unus
417 1801 666 1871 spiritus,
712 1802 836 1858 sicut
876 1803 1036 1856 vocati
1074 1800 1190 1855 estis
1215 1801 1269 1854 in
1297 1816 1401 1852 una
1440 1814 1528 1868 spe
1564 1795 1837 1850 vocationis

254 1902 457 1958 vestra;
484 1909 615 1947 unus
635 1890 904 1960 Dominus,
926 1910 1028 1947 una
1049 1893 1198 1962 ﬁdes,
1223 1909 1382 1946 unum
1401 1890 1682 1959 Baptisma,
1706 1904 1838 1941 unus

253 1981 385 2038 Deus
413 2004 434 2038 ι
475 1983 691 2056 (Ep/tes.
721 2001 794 2052 Iv,
817 1985 956 2056 5-5).
987 1983 1110 2039 Haec
1136 1984 1304 2039 omnia
1334 1981 1559 2036 Ecclesia
1586 1979 1838 2035 catholica

253 2079 491 2149 loquitur.
534 2078 598 2132 Et
635 2080 816 2134 iterum
843 2079 896 2132 in
924 2077 1198 2149 Evangelia
1227 2077 1381 2142 dicit,
1419 2094 1436 2128 ς
1479 2074 1627 2141 Quod
1665 2081 1839 2128 natum

252 2181 318 2227 est
347 2173 412 2226 de
446 2189 602 2226 carne
621 2213 639 2241 ,
674 2189 792 2228 caro
835 2181 944 2238 est;
989 2180 1037 2225 et
1071 2170 1205 2242 quod
1231 2180 1402 2224 natuut
1430 2179 1500 2223 est
1527 2167 1589 2221 de
1616 2166 1798 2238 spiritu
1821 2205 1836 2231 ,

251 2266 458 2334 spiritus
485 2275 558 2319 est
586 2265 766 2338 (Jaan.
796 2281 872 2328 ll],
896 2265 950 2336 6)
977 2281 996 2319 :
1025 2264 1262 2335 quoniam
1283 2263 1489 2334 spiritus
1511 2259 1649 2314 Deus
1675 2268 1768 2323 est,
1794 2267 1839 2312 et

253 2356 312 2411 de
339 2356 450 2412 Deo
473 2368 624 2414 natus
648 2367 718 2413 est
754 2377 773 2410 ι
807 2355 916 2430 (ld.
944 2372 1016 2423 Iv,
1046 2353 1159 2426 24).
1187 2354 1326 2426 Ergo
1349 2369 1518 2407 omnes
1549 2350 1768 2406 lueretici
1794 2356 1839 2402 et

253 2449 562 2502 schismatici
602 2449 773 2504 omnia
817 2462 1140 2519 quaecumque
1181 2445 1372 2517 faciunt
1411 2443 1640 2498 carnalia
1686 2448 1837 2506 sunt,

255 2541 449 2594 dicente
469 2541 717 2612 Apostola
737 2582 751 2608 ,
789 2558 807 2591 ι
846 2537 1120 2609 Manifesta
1145 2546 1262 2594 sunt
1291 2537 1422 2609 enim
1451 2551 1604 2606 apera
1632 2535 1798 2588 carnis
1820 2573 1836 2600 ,

255 2648 364 2701 quia
385 2643 502 2686 sunt
523 2633 884 2702 fornicationes
903 2673 918 2698 ,
943 2631 1307 2697 immunditiis,
1337 2630 1586 2694 incestus,
1616 2625 1838 2681 idolola-

258 2726 384 2788 trias,
415 2726 686 2794 veneﬁcia,
711 2725 1016 2789 inimicitite,
1046 2724 1349 2788 certamina,
1373 2721 1510 2776 zelus
1528 2761 1541 2786 ,
1572 2721 1681 2785 ira,
1711 2718 1840 2772 divi-

259 2817 440 2883 siones,
473 2816 706 2882 Iitereses,
739 2827 784 2869 et
813 2816 890 2869 liis
919 2816 1143 2878 similia;
1162 2814 1224 2868 de
1245 2812 1423 2884 quibus
1444 2812 1657 2883 prtetlixi
1682 2809 1838 2875 vobis,

261 2907 384 2961 sicut
411 2908 655 2978 praedico,
681 2907 920 2980 quoniam
945 2908 1242 2979 quicumque
1267 2907 1373 2960 hac
1393 2905 1605 2976 faciunt,
1631 2917 1841 2974 regnum

266 2997 357 3054 Dei
382 3018 480 3056 non
505 3000 872 3055 hareditabunt
900 3019 921 3053 s
963 2998 1157 3071 (Galat.
1191 3015 1220 3051 ν
1242 3038 1257 3064 ,
1288 2997 1496 3067 19-21).
1532 2995 1842 3051 Condenmat

268 3106 398 3160 teque
423 3091 698 3161 Apostolus
720 3109 832 3146 cunt
853 3091 1082 3145 omnibus
1105 3091 1251 3144 malis
1273 3099 1318 3144 et
1338 3105 1422 3144 eos
1443 3089 1526 3160 qui
1549 3088 1842 3142 divisionem

273 3183 485 3253 faciunt,
523 3185 619 3237 hoc
657 3191 766 3250 est,
805 3183 1149 3238 schismaticos
1183 3192 1228 3236 et
1267 3181 1545 3235 hwreticos.
1582 3178 1696 3233 Nisi
1724 3193 1844 3248 ergo

274 3275 540 3344 acceperint
573 3273 839 3344 Baptisma
861 3275 1080 3329 salutare
1104 3274 1158 3329 in
1185 3271 1414 3328 Ecclesia
1451 3272 1700 3327 catholica
1733 3286 1846 3342 qua:

277 3381 370 3417 una
392 3375 489 3433 est,
519 3366 648 3420 salvi
683 3382 790 3422 esse
821 3384 921 3420 non
945 3375 1183 3438 possunt,
1210 3366 1298 3420 sed
1327 3383 1441 3422 cum
1466 3366 1754 3421 carnalibus
1795 3367 1846 3418 in

272 3457 452 3526 judicio
479 3456 687 3512 Domini
716 3457 1087 3512 damnabantur
1109 3460 1146 3511 ¹.

349 3551 428 3606 l9.
454 3551 806 3608 Nemesianus
832 3567 863 3607 a
891 3551 1129 3607 Tubunis
1158 3553 1178 3582 ²
1205 3551 1370 3606 multa
1396 3551 1575 3622 posuit
1602 3551 1846 3606 testimo-

282 3643 358 3696 nia
379 3643 766 3715 Scripturarum
796 3663 809 3699 :
838 3645 930 3701 sed
955 3661 1051 3715 pro
1077 3647 1339 3700 sententia
1361 3643 1666 3710 Catholicae,
1690 3658 1848 3710 quam

282 3737 638 3802 declarandam
674 3749 728 3796 et
767 3739 1245 3796 commendandam
1283 3740 1648 3810 suscepimus,
1683 3738 1848 3792 multa

283 3824 473 3888 locutus
499 3843 601 3889 est.
625 3833 737 3888 Nisi
765 3833 900 3888 forte
929 3833 1216 3903 putandum
1246 3841 1346 3899 est,
1375 3832 1498 3901 quia
1526 3847 1630 3892 non
1659 3832 1771 3901 ﬁdit
1797 3832 1850 3885 in

283 3922 414 3991 falsis
434 3925 519 3996 qui
546 3925 661 3980 ﬁdit
688 3925 739 3978 in
766 3940 859 3996 spe
880 3941 1056 3980 rerum
1078 3925 1476 3996 temporalium,
1499 3924 1636 3978 sicut
1661 3938 1848 3978 omnes

280 4016 409 4068 avari
439 4027 601 4086 atque
643 4025 916 4084 raptores,
947 4024 999 4070 et
1034 4017 1125 4086 qui
1166 4014 1362 4069 saeculo
1396 4030 1502 4069 non
1538 4014 1692 4068 lactis
1713 4054 1726 4078 ,
1755 4011 1850 4067 sed

282 4107 441 4161 verbis
466 4107 807 4173 renuntiant,
836 4107 1020 4179 quales
1051 4116 1228 4162 tamen
1257 4109 1395 4162 intus
1425 4116 1480 4162 et
1504 4105 1772 4177 baptizare
1797 4115 1852 4160 et

277 4196 522 4269 baptizari
559 4200 754 4265 etiam,
785 4199 1078 4270 Cyprianus
1119 4209 1200 4254 est
1237 4200 1388 4254 testis
1425 4199 1614 4271 (Epist.
1655 4200 1753 4266 15,
1781 4198 1848 4252 ad

278 4291 528 4368 Clericos).
564 4293 668 4363 Ipsi
695 4305 968 4364 sequuntur
991 4295 1142 4348 etiam
1170 4310 1283 4348 aves
1309 4294 1531 4348 volantes
1555 4291 1732 4366 (Prov.
1778 4309 1813 4347 χ
1832 4335 1848 4362 ,

275 4386 346 4455 4),
375 4389 496 4458 quia
529 4403 634 4442 non
664 4386 1205 4457 apprchenduntqua:
1224 4388 1626 4456 concupiscunt.
1653 4386 1854 4441 Deserit

273 4489 427 4533 autem
455 4463 565 4534 vias
598 4481 755 4534 vinea:
780 4496 910 4544 suat,
942 4490 988 4534 et
1024 4496 1057 4532 a
1091 4481 1268 4534 semita
1304 4480 1457 4551 agelli
1492 4481 1568 4533 sui
1601 4487 1771 4545 errat;
1805 4489 1852 4533 et

272 4569 543 4640 ingreditur
563 4588 654 4640 per
677 4573 791 4626 avia
811 4572 923 4626 loca
943 4581 1091 4642 atque
1110 4572 1255 4624 arida
1277 4581 1323 4624 et
1345 4582 1528 4624 terram
1549 4569 1853 4624 destinatam

268 4662 379 4727 siti,
412 4661 736 4731 consequitur
765 4671 934 4714 autem
965 4662 1195 4716 manibus
1221 4664 1563 4734 infructuosa,
1594 4677 1699 4716 non
1741 4663 1852 4716 ha:-

269 4757 462 4809 reticus
491 4762 700 4808 tantum
723 4796 738 4822 ,
771 4755 865 4809 sed
891 4755 1065 4810 omnis
1090 4757 1179 4826 qui
1211 4757 1350 4812 male
1376 4758 1502 4812 vivit
1532 4775 1544 4809 :
1581 4754 1704 4827 quia
1732 4771 1850 4811 om-

268 4848 344 4900 nis
356 4847 564 4916 justitia
583 4846 853 4903 fructuosa
871 4856 970 4910 est,
987 4849 1224 4904 etomnis
1240 4849 1490 4920 iniquitas
1506 4850 1852 4905 infructuosa.

264 4941 363 5010 Qui
403 4957 533 4998 vero
562 4954 750 5013 aquam
765 4941 987 4997 alienam
1013 4944 1075 4998 de
1101 4948 1240 5016 fonte
1265 4954 1499 4999 extraneo
1530 4945 1724 5013 bibunt,
1744 4961 1853 5000 non

263 5033 502 5090 haeretici
533 5042 738 5089 tantum
761 5041 914 5102 sunt,
945 5034 1039 5090 sed
1063 5050 1250 5090 omnes
1275 5037 1364 5106 qui
1405 5051 1510 5091 non
1548 5036 1732 5091 vivunt
1764 5051 1852 5092 se-

259 5127 497 5182 cundum
526 5142 592 5184 ea
622 5143 740 5198 quae
777 5127 936 5183 docet
967 5128 1140 5194 Deus,
1166 5137 1223 5182 et
1250 5129 1437 5183 vivunt
1470 5129 1764 5185 secundum
1791 5145 1854 5185 ea

259 5234 382 5289 quae
407 5218 571 5275 docet
597 5217 858 5273 diabolus.
886 5217 1018 5273 Nam
1046 5220 1090 5274 si
1119 5219 1185 5275 de
1205 5219 1479 5291 Baptismo
1499 5221 1722 5288 diceret,
1748 5236 1854 5275 non

259 5310 502 5377 diceret,
546 5309 660 5366 Nec
686 5310 748 5364 de
773 5313 909 5382 fonte
935 5321 1170 5366 extraneo
1206 5313 1421 5377 biberis;
1450 5314 1574 5380 sed,
1609 5313 1684 5369 De
1711 5311 1855 5369 fonte

260 5409 521 5456 extraneo
549 5417 657 5455 non
689 5410 739 5457 te
759 5402 1004 5458 ablueris.
1035 5403 1149 5458 Jam
1173 5419 1297 5459 vero
1318 5405 1458 5476 quod
1484 5406 1738 5460 Dominus
1758 5407 1853 5472 ait,

265 5490 319 5544 Ν
325 5493 388 5546 isi
417 5494 530 5564 quis
559 5504 765 5548 renatus
792 5496 942 5566 fuerit
971 5512 1033 5550 ea:
1063 5513 1196 5566 aqua
1232 5507 1279 5550 et
1307 5497 1532 5567 Spiritu,
1569 5515 1670 5553 non
1697 5509 1857 5568 potest

329 5650 355 5722 ι.
374 5655 487 5759 tisse
508 5656 614 5700 tota
647 5651 918 5700 Nemesiani
943 5653 1261 5704 sententiaab
1297 5659 1373 5704 est
1394 5653 1456 5703 ab
1484 5660 1586 5702 Am.
1606 5661 1659 5704 et
1693 5667 1858 5704 manu-

329 5725 392 5759 an
417 5726 474 5759 IS.

258 5723 358 5760 aen
377 5723 474 5760 ius.

328 5727 529 5825 "vetus
565 5774 722 5824 codex
747 5777 1052 5826 Corbeiensis
1078 5791 1088 5824 :
1120 5777 1447 5827 Neittessimnts
1470 5785 1628 5828 autem
1653 5792 1683 5827 a
1711 5777 1859 5827 Tubu-

391 5843 490 5886 V’ox
508 5875 521 5901 ,
547 5842 706 5888 autent
725 5874 739 5900 ,
766 5845 840 5887 cst
868 5840 912 5886 in
946 5838 1051 5888 aliis
1084 5853 1278 5902 (μυκιυυ
1303 5841 1636 5903 tnanuscriptis
1660 5848 1712 5891 et
1733 5841 1859 5903 apud

3414 382 3518 438 206

1942 491 2150 545 introire
2175 490 2225 545 in
2255 507 2465 563 regnum
2487 491 2581 548 Dei
2610 491 2787 564 (Joan.
2811 493 2888 559 tu,
2912 490 2988 566 Β),
3011 491 3138 564 quid
3160 508 3281 549 eum
3308 496 3520 566 adjuvet

1943 583 2009 638 ad
2040 583 2088 638 id
2116 585 2257 654 quod
2287 596 2448 655 putat,
2479 589 2696 642 omnino
2727 603 2831 644 non
2862 589 3036 644 video.
3068 590 3223 646 Aliud
3246 599 3331 644 est
3353 593 3518 657 enim,

1941 674 2125 731 Omnis
2145 678 2232 747 qui
2261 679 2470 734 intrabit
2501 681 2550 736 in
2578 697 2798 753 regnum
2826 683 3084 738 caelorum
3111 684 3259 752 prius
3286 686 3520 738 renasci-

1941 775 2026 823 tur
2049 785 2114 823 cx
2143 784 2274 841 aqua
2297 782 2354 827 et
2373 771 2590 844 Spiritu,
2616 775 2736 844 quia
2758 775 2858 840 nisi
2882 783 3096 830 renatus
3117 774 3279 832 fuerit
3298 792 3364 830 ex
3386 792 3520 847 aqua

1942 869 1994 916 et
2031 862 2228 932 Spiritu
2253 907 2268 931 ,
2308 881 2410 920 non
2452 867 2667 922 intrabit
2704 868 2755 922 in
2796 885 3016 940 regnum
3053 870 3308 924 cmlorum
3334 887 3349 935 ;
3379 869 3523 940 quod

1943 950 2200 1010 Dominus
2229 955 2378 1021 dixit,
2407 966 2461 1013 et
2485 973 2669 1013 verum
2691 969 2775 1016 est
2798 977 2812 1014 :
2836 961 2977 1016 aliud
2997 973 3196 1028 autem,
3225 961 3411 1020 Omnis
3432 961 3523 1034 q'ui

1942 1047 2179 1102 nascitur
2201 1063 2266 1102 ex
2299 1064 2431 1118 aqua
2460 1061 2512 1105 et
2547 1045 2744 1120 Spiritu
2774 1053 2987 1108 intrabit
3020 1054 3072 1108 in
3104 1069 3324 1122 regnum
3356 1054 3522 1109 coelo-

1942 1151 2090 1204 rum;
2113 1139 2254 1208 quod
2276 1141 2457 1211 utique
2479 1143 2666 1198 falsum
2687 1155 2785 1199 est.
2805 1144 2936 1200 Nam
2959 1156 3010 1199 et
3030 1145 3210 1201 Simon
3231 1146 3318 1202 ille
3338 1162 3524 1217 magus

1941 1239 2099 1285 natus
2124 1241 2238 1286 erat
2257 1247 2320 1287 ex
2343 1248 2478 1305 aqua
2509 1245 2559 1289 et
2587 1235 2779 1305 Spiritu
2805 1236 2938 1308 (Act.
2969 1253 3058 1291 vnt
3077 1279 3090 1301 ,
3123 1238 3233 1308 1'5),
3262 1248 3316 1293 et
3346 1247 3528 1294 tamen

1941 1337 2047 1378 non
2082 1324 2296 1380 intravit
2333 1328 2383 1380 in
2424 1343 2642 1398 regnum
2673 1329 2947 1386 caelorum.
2989 1330 3075 1386 Sic
3121 1330 3234 1386 tieri
3269 1341 3440 1400 potest
3469 1341 3527 1387 ut

1944 1411 2210 1471 haereticis
2235 1417 2393 1472 etiam
2421 1420 2711 1489 contingat.
2738 1421 2840 1474 Ant
2863 1421 2908 1475 si
2929 1438 3030 1476 non
3062 1423 3295 1477 nascitur
3313 1437 3377 1478 ex
3405 1423 3524 1493 Spi-

1943 1507 2046 1560 ritu
2073 1509 2170 1562 nisi
2210 1512 2298 1580 qui
2340 1513 2512 1567 veraci
2549 1515 2897 1570 conversione
2929 1526 3191 1584 mutatur,
3219 1532 3405 1572 clunes
3433 1518 3524 1587 qui

1942 1600 2139 1654 szcculo
2164 1602 2339 1657 verbis
2368 1613 2422 1659 et
2446 1619 2553 1660 non
2579 1604 2732 1662 factis
2758 1608 3084 1674 renuntiant,
3109 1624 3214 1662 non
3247 1609 3427 1680 utique
3453 1610 3520 1664 de

1942 1691 2137 1762 Spiritu
2160 1735 2175 1760 ,
2215 1696 2308 1751 sed
2348 1713 2413 1752 ex
2455 1714 2588 1769 aqua
2630 1701 2741 1755 sola
2783 1711 3072 1756 nascuntur
3107 1719 3118 1753 :
3152 1703 3238 1771 qui
3269 1711 3441 1756 tamen
3473 1712 3526 1757 et

1943 1785 2086 1840 intus
2109 1795 2240 1841 teste
2269 1787 2536 1859 Cypriane
2563 1801 2703 1846 sunt.
2734 1792 2961 1847 Necesse
2989 1802 3069 1847 est
3105 1793 3246 1848 enim
3281 1802 3338 1848 ut
3362 1809 3523 1847 unum

1943 1878 2010 1934 de
2036 1879 2240 1936 duobus
2271 1884 2590 1940 concedatur
2623 1904 2635 1939 :
2668 1896 2757 1942 aut
2799 1887 2873 1940 illi
2913 1888 2999 1955 qui
3044 1886 3303 1942 fallaciter
3331 1888 3526 1941 samulo

1941 1976 2272 2041 renuntiant,
2302 1988 2591 2033 nascuntur
2617 1980 2681 2036 de
2718 1981 2916 2052 Spiritu
2938 2025 2950 2044 ,
2982 1983 3222 2052 quamvis
3253 1983 3320 2036 ad
3345 1985 3522 2052 perni~

1943 2069 2100 2136 ciem,
2130 2086 2235 2125 non
2258 2073 2323 2126 ad
2351 2074 2594 2139 salutem,
2627 2085 2785 2142 atque
2815 2077 2886 2130 ita
2912 2087 3135 2146 possunt
3163 2088 3214 2132 et
3241 2076 3474 2131 haeretici
3510 2097 3522 2131 :

1943 2171 2034 2216 aut
2057 2163 2102 2217 si
2129 2164 2255 2218 illud
2281 2166 2421 2235 quod
2457 2169 2711 2237 scriptum
2748 2178 2856 2234 est,
2889 2169 3109 2222 Sanctus
3144 2169 3274 2223 enim
3305 2169 3529 2238 Spiritus

1944 2254 2226 2323 disciplina:
2251 2255 2454 2329 e/fugiet
2474 2261 2648 2328 ﬁctum
2671 2260 2827 2329 (Sap.
2857 2277 2894 2325 ι,
2924 2260 3000 2330 5),
3033 2261 3192 2315 etiam
3215 2261 3279 2314 ad
3311 2260 3410 2315 hoc
3435 2277 3528 2315 va-

1942 2344 2051 2412 let,
2083 2356 2137 2400 ut
2171 2348 2428 2404 fallaciter
2461 2352 2657 2406 saeculo
2695 2352 3058 2407 renuntiantes
3098 2368 3202 2407 non
3247 2363 3532 2409 Itascantur

1945 2438 2011 2494 de
2038 2438 2273 2508 Spiritu;
2306 2451 2479 2510 potest
2519 2445 2636 2510 quis
2665 2445 2920 2513 baptizari
2949 2462 3082 2516 aqua
3105 2488 3119 2513 ,
3153 2457 3204 2500 et
3240 2464 3345 2500 non
3385 2449 3528 2501 nasci

1945 2531 2012 2586 de
2038 2531 2271 2601 Spiritu;
2304 2544 2358 2588 et
2377 2533 2570 2589 frustra
2596 2534 2942 2592 Nemesianus
2973 2538 3064 2603 ait,
3100 2537 3278 2608 Neque
3305 2539 3531 2608 Spiritus

1945 2623 2052 2677 sine
2075 2640 2205 2694 aqua
2229 2627 2428 2696 operari
2450 2637 2626 2696 potest,
2650 2646 2737 2682 nec
2757 2647 2890 2699 aqua
2909 2631 3016 2685 sine
3036 2629 3255 2699 Spiritu.
3279 2632 3530 2688 Jamvero

1946 2724 2002 2772 et
2028 2715 2153 2774 alibi
2181 2733 2326 2788 saepe
2351 2717 2549 2774 dictum
2582 2729 2682 2786 est,
2714 2721 2981 2791 quomodo
3012 2722 3127 2777 ﬁeri
3159 2725 3323 2792 possit
3348 2732 3405 2777 ut
3434 2723 3530 2777 ba-

1947 2807 2106 2864 bcant
2151 2813 2504 2867 communiter
2549 2828 2709 2868 unum
2753 2814 3060 2883 Baptisma,
3107 2815 3197 2884 qui
3239 2815 3530 2870 Ecclesiam

1946 2915 2052 2955 non
2095 2900 2294 2957 habent
2335 2918 2496 2960 unam
2545 2923 2557 2958 :
2603 2907 2740 2959 sicut
2785 2907 2898 2960 ﬁeri
2948 2915 3122 2976 potest
3165 2907 3217 2960 in
3255 2906 3366 2975 ipsa
3394 2907 3533 2962 intus

1947 2995 2184 3050 Ecclesia
2226 3005 2283 3051 ut
2325 3013 2431 3052 non
2471 2996 2701 3053 habeant
2746 3016 2908 3054 unum
2949 2999 3201 3069 Spiritum
3242 3003 3407 3055 sancti
3439 3017 3534 3070 per

1945 3088 2202 3158 justitiam
2225 3098 2279 3145 et
2305 3090 2563 3146 immundi
2584 3107 2680 3161 per
2702 3093 2997 3160 avaritiam,
3027 3104 3079 3149 et
3105 3103 3280 3149 tamen
3308 3093 3537 3149 habeant

1949 3195 2112 3238 unum
2142 3180 2429 3252 Baptisms.
2467 3183 2554 3239 Sic
2589 3185 2732 3238 enim
2759 3184 2956 3239 dictum
2981 3195 3064 3240 est
3085 3227 3100 3253 ,
3128 3203 3282 3239 unum
3309 3201 3493 3256 corpus
3515 3228 3532 3254 ,

1949 3271 2002 3327 id
2031 3281 2146 3341 est,
2180 3275 2451 3339 Ecclesia;
2480 3275 2650 3342 sicut,
2680 3293 2811 3330 unus
2833 3277 3089 3347 Spiritus,
3123 3287 3176 3332 et
3200 3320 3216 3345 ,
3246 3294 3402 3331 unum
3426 3277 3534 3331 Ba-

1915 3361 1920 3364 ’
1952 3367 2152 3436 ptisma.
2185 3365 2303 3420 Jam
2338 3377 2529 3421 caetera
2571 3383 2690 3438 quae
2732 3369 2896 3434 dixit,
2925 3377 3122 3423 nostra:
3156 3370 3328 3438 potius
3357 3383 3535 3424 asser-

1954 3461 2082 3516 tioni
2123 3460 2495 3530 sutiragantur.
2539 3461 2722 3517 Posuit
2759 3461 2902 3517 enim
2942 3477 3009 3517 ex
3051 3462 3340 3534 Erangelio
3379 3463 3537 3518 testi—

1952 3551 2210 3618 monium,
2245 3551 2394 3619 Quod
2419 3563 2592 3607 natum
2624 3561 2700 3609 est
2731 3553 2795 3608 de
2828 3570 2979 3607 carne
2999 3595 3012 3616 ,
3042 3571 3161 3608 caro
3190 3565 3297 3620 est;
3327 3565 3373 3608 et
3403 3557 3538 3625 quod

1954 3655 2127 3699 natum
2161 3655 2233 3699 est
2259 3646 2322 3700 de
2343 3647 2555 3717 spiritu,
2589 3646 2796 3717 spiritus
2827 3655 2899 3700 est
2931 3645 3108 3718 (Joan.
3147 3663 3202 3701 ιιι
3225 3687 3240 3711 ,
3283 3646 3378 3718 6);
3418 3649 3540 3718 quia

1953 3735 2092 3792 Deus
2117 3739 2322 3805 spiritus
2350 3747 2441 3805 est,
2469 3748 2513 3791 et
2538 3755 2602 3793 ea;
2627 3736 2735 3792 Dea
2765 3747 2914 3792 natus
2938 3747 3011 3793 est
3038 3738 3146 3808 (Id.
3198 3754 3252 3794 Iv
3276 3780 3290 3804 ,
3320 3739 3411 3810 24)
3444 3759 3455 3793 :
3485 3749 3540 3794 et

1957 3830 2152 3897 intulit,
2189 3830 2326 3900 Ergo
2351 3848 2520 3884 omnes
2550 3831 2772 3885 haeretici
2801 3841 2846 3886 et
2863 3832 3172 3886 scltismatici
3201 3832 3370 3883 omnia
3395 3847 3535 3900 quee-

1955 3937 2164 3989 cumque
2183 3921 2374 3990 faciunt
2396 3921 2621 3974 carnalia
2653 3930 2801 3986 sunt,
2836 3922 3028 3974 dicente
3058 3921 3295 3991 Apostolo
3317 3961 3330 3986 ,
3363 3939 3381 3972 t
3419 3919 3536 3973 Ma—

1957 4013 2140 4084 nifesta
2164 4016 2296 4068 enim
2323 4026 2437 4068 sunt
2463 4031 2616 4086 opera
2645 4016 2841 4082 carnis,
2867 4031 2979 4083 quat
3003 4026 3120 4070 sunt
3156 4016 3534 4085 fornicationes,

1956 4109 2311 4176 immunditiee;
2329 4120 2409 4165 set
2435 4119 2626 4166 caetera
2653 4127 2770 4181 qua:
2803 4110 2872 4165 ibi
2893 4111 3021 4165 dicit
3047 4110 3355 4180 Apostolus,
3377 4112 3462 4166 ubi
3488 4120 3541 4165 et

1959 4200 2192 4256 haereses
2213 4205 2668 4268 commemoravit,
2689 4204 2786 4258 iste
2817 4213 3102 4258 exsecutus
3123 4212 3201 4257 est
3222 4221 3234 4256 :
3259 4221 3275 4254 ε
3291 4203 3541 4267 Quoniam

1959 4293 2258 4364 quicumque
2283 4294 2389 4348 hinc
2415 4293 2858 4365 faciunt,’rcgnunt
2883 4295 2976 4348 Dei
3006 4313 3107 4350 non
3139 4295 3534 4350 luereditabunts

1961 4385 2157 4458 (Galat.
2182 4388 2448 4458 v,-l9—2l).
2477 4388 2677 4443 Deinde
2699 4389 2891 4458 adjecit
2915 4431 2928 4453 ,
2953 4399 3006 4443 et
3040 4388 3170 4450 dixit
3195 4405 3209 4443 ε
3233 4389 3544 4442 Condemnat

1959 4479 2126 4548 itaque
2153 4479 2423 4550 Apostolus
2450 4497 2564 4534 cum
2592 4480 2822 4534 omnibus
2851 4481 2998 4534 malis
3022 4489 3067 4534 et
3101 4497 3182 4534 eos
3216 4481 3302 4549 qui
3329 4480 3538 4533 divisio—

1962 4588 2074 4626 nem
2100 4572 2314 4642 faciunt,
2336 4575 2427 4626 hoc
2446 4583 2540 4640 est,
2571 4574 2915 4628 scltismaticos
2965 4583 3010 4627 et
3061 4573 3344 4626 haereticos.
3374 4573 3537 4638 Bene,

1960 4664 2100 4733 quod
2127 4680 2447 4720 enumerans
2477 4681 2635 4734 opera
2663 4667 2838 4719 carnis
2857 4708 2871 4731 ,
2914 4666 3053 4720 inter
3079 4682 3196 4736 quae
3232 4674 3284 4719 et
3311 4665 3541 4720 lnereses

1961 4765 2103 4822 sunt,
2138 4757 2340 4810 invenit
2372 4765 2426 4810 et
2451 4756 2580 4810 dixit
2616 4757 2776 4811 simul
2813 4758 2989 4811 omnia
3027 4758 3365 4812 damnantem
3403 4760 3546 4827 Apo—

1963 4851 2177 4905 stolutn.
2212 4850 2510 4919 lnterroget
2536 4866 2660 4920 ergo
2703 4853 2874 4921 ipsum
2914 4863 3154 4906 sanctum
3184 4852 3539 4924 Cyprianum,

1963 4949 2019 4996 et
2054 4941 2234 4996 audiat
2273 4941 2341 4996 ab
2380 4957 2445 4996 eo
2483 4957 2640 5011 (piam
2679 4943 2828 4996 multi
2866 4941 3026 4998 etiam
3069 4944 3211 4998 intus
3249 4942 3542 4998 secundum

1963 5047 2125 5101 opera
2152 5033 2287 5087 mala
2314 5033 2489 5087 carnis
2510 5033 2710 5100 vivunt,
2734 5049 2852 5103 qua:
2873 5049 2992 5090 cum
3016 5033 3306 5089 lnrresibus
3328 5034 3547 5087 damnat

1964 5128 2250 5198 Apostolus
2274 5167 2290 5196 ,
2330 5136 2385 5182 et
2422 5136 2596 5182 tamen
2638 5129 2904 5197 baptizaut
2941 5138 2995 5184 et
3035 5129 3389 5199 baptizantur.
3439 5125 3546 5179 Cur

1965 5239 2092 5294 ergo
2129 5223 2227 5277 soli
2267 5222 2502 5278 lneretici
2551 5221 2798 5277 dicuntur
2837 5223 3160 5292 Baptismum
3201 5221 3399 5273 habere
3437 5234 3542 5272 non

1965 5332 2147 5386 posse,
2177 5332 2334 5384 quem
2366 5314 2558 5371 habent
2587 5316 2714 5369 socii
2746 5315 3100 5370 damnationis
3130 5311 3404 5380 ipsorum?

2039 5407 2261 5463 CAPUT
2292 5406 2428 5462 XIII.
2450 5407 2622 5462 —20.
2655 5407 2935 5462 Ianuarius
2957 5423 2985 5460 a
3026 5404 3298 5461 Lambtese
3328 5405 3342 5434 ¹
3374 5404 3507 5460 dixit
3535 5424 3547 5459 :

1968 5501 2260 5557 Secundum
2286 5502 2665 5570 Scripturarum
2689 5512 2973 5555 sanctarum
3007 5499 3349 5552 auctoritatem
3379 5501 3549 5555 decer-

1968 5611 2032 5648 no
2078 5593 2334 5648 haereticos
2376 5612 2545 5646 omnes
2585 5593 2909 5664 baptizandos
2933 5633 2948 5659 ,
2991 5601 3038 5646 et
3063 5584 3133 5645 sic
3173 5593 3228 5645 in
3272 5593 3548 5648 Ecclesium

1967 5697 2194 5739 sanctam
2222 5686 2567 5739 admittendos.

2035 5842 2048 5871 ί
2078 5849 2176 5890 Am.
2202 5848 2274 5888 Er.
2298 5848 2347 5890 et
2371 5847 2498 5903 l.Q\'.,
2529 5837 2764 5890 tambese.
2793 5845 3001 5892 Veteres
3030 5842 3179 5893 nostri
3226 5849 3329 5891 Mss.
3354 5839 3548 5903 utapud

1969 5905 2265 5965 Cyprianum,
2295 5902 2544 5951 Lautbwsc.
