4008 6468
536 491 630 547 21.
661 489 794 547 Huic
805 489 1157 561 respondetur
1175 506 1188 545 :
1207 490 1511 547 Secundum
1524 490 1913 562 Scripturarum
1936 504 2061 544 san-

465 595 674 641 ctarum
722 584 1093 641 auctoritatem
1134 585 1371 641 decrevit
1411 585 1696 642 concilium
1737 584 2060 641 catholicum

465 677 613 735 orbis
652 686 941 742 terrarum,
983 676 1143 733 etiam
1173 677 1227 732 in
1255 678 1525 735 haereticis
1562 678 1834 734 inventum
1864 675 2060 733 Christi

463 769 794 840 Baptismum
820 783 926 825 non
948 783 1069 825 esse
1093 768 1522 841 improbandum.
1548 768 1606 825 Si
1628 779 1805 826 autem
1832 774 2060 839 poneret

466 863 768 920 testimonia
807 863 1229 934 Scripturarum,
1268 873 1363 919 aut
1398 872 1584 921 contra
1623 878 1722 919 nos
1757 880 1861 919 non
1898 879 2053 931 esse,

469 964 565 1009 aut
591 955 751 1011 etiam
779 970 876 1025 pro
901 956 1055 1011 nobis
1077 971 1198 1013 esse
1221 955 1713 1013 demonstraremus
1738 974 1751 1010 :
1774 956 1912 1013 sicut
1935 970 2062 1013 ecce

466 1045 558 1116 qui
589 1061 711 1102 eum
737 1046 992 1117 sequitur.

539 1135 767 1193 CAPUT
804 1136 946 1192 XIV.
968 1167 1040 1178 —
1059 1136 1151 1192 22.
1183 1137 1377 1194 Lucius
1402 1153 1434 1194 a
1461 1138 1651 1196 Castro
1679 1138 1861 1196 Galbae
1887 1139 2057 1195 dixit:

464 1224 593 1281 Cum
626 1226 878 1284 Dominus
914 1229 969 1283 in
997 1227 1278 1302 Evangelia
1307 1247 1399 1285 suo
1422 1230 1626 1300 dixerit,
1658 1250 1677 1284 ι
1716 1231 1812 1287 Vos
1831 1233 1946 1287 estis
1982 1231 2063 1287 sal

461 1327 648 1387 terra;
678 1320 722 1375 si
749 1329 919 1376 autem
945 1322 1028 1377 sal
1056 1321 1365 1392 infamatum
1387 1323 1540 1393 fuerit
1563 1364 1579 1392 ,
1610 1324 1666 1379 id
1689 1324 1826 1394 quod
1851 1326 2062 1380 satietur

462 1426 526 1464 ea:
553 1426 648 1478 eo,
675 1410 745 1470 ad
771 1411 990 1466 nihilum
1015 1412 1218 1481 ualebit,
1262 1413 1359 1469 nisi
1399 1422 1455 1468 ut
1493 1415 1796 1485 projiciatur
1834 1416 1974 1486 foras
2013 1422 2059 1470 et

462 1502 783 1560 conculcetur
794 1505 858 1559 ab
882 1505 1167 1561 hominibus
1184 1524 1203 1558 ι
1234 1505 1504 1579 (Mali/LV,
1530 1508 1644 1578 l5);
1668 1517 1718 1563 et
1743 1509 1923 1562 iterum
1944 1517 2058 1579 post

457 1598 869 1653 resurrectione»:
897 1614 1044 1653 suam
1063 1599 1261 1653 mittens
1278 1598 1549 1669 Apostolus
1566 1615 1684 1655 suos
1724 1600 2056 1668 mandaverit,

461 1687 654 1758 dicens,
681 1687 847 1743 (Data
859 1699 933 1744 est
955 1690 1079 1744 mihi
1102 1691 1266 1744 omnis
1288 1699 1505 1760 potestas
1522 1691 1577 1744 in
1601 1690 1725 1745 caelo
1745 1702 1791 1746 et
1811 1692 1864 1746 in
1888 1701 2059 1760 terra;

458 1781 531 1836 ite
574 1798 714 1852 ergo,
759 1790 805 1837 et
821 1783 995 1838 docete
1022 1799 1193 1837 omnes
1214 1791 1403 1854 gentes,
1434 1783 1747 1853 baptisantes
1775 1800 1858 1839 eos
1884 1784 1937 1837 in
1963 1801 2059 1839 no-

463 1876 600 1931 mine
624 1874 800 1931 Patris
818 1885 865 1930 et
895 1874 1020 1929 Filii
1040 1885 1087 1929 et
1120 1875 1347 1944 Spiritus
1372 1877 1577 1931 sanctis
1605 1874 1715 1947 (Id.
1740 1891 1932 1942 xxvm,
1968 1877 2058 1945 18,

466 1969 494 2025 1
502 1968 563 2041 9)
583 1986 594 2022 :
610 1985 728 2024 cum
739 1985 856 2040 ergo
867 1969 1191 2041 manifestum
1201 1969 1266 2024 sit
1285 1950 1563 2037 haereticos,
1576 1970 1632 2024 id
1642 1980 1735 2038 est,
1747 1971 1910 2025 hostes
1921 1968 2064 2027 Chri-

462 2062 548 2127 sti,
581 2078 684 2116 non
710 2059 1288 2133 integramSacramenti
1323 2062 1686 2132 confessionem
1704 2061 1884 2118 habere
1904 2079 1923 2117 :
1943 2063 2061 2118 item

456 2152 803 2207 schismaticos
826 2168 928 2207 non
958 2167 1105 2225 posse
1127 2153 1334 2207 condire
1357 2153 1606 2224 sapientia
1632 2153 1908 2224 spirituali,
1945 2169 2062 2207 cum

464 2246 565 2316 ipsi
589 2248 653 2301 ab
680 2244 935 2313 Ecclesia,
965 2261 1079 2316 quia
1103 2262 1208 2300 una
1237 2256 1340 2315 est,
1368 2245 1646 2301 recedendo
1670 2246 1909 2319 infamati
1932 2262 2059 2300 con-

467 2338 612 2391 trarii
636 2337 761 2405 {acti
778 2337 902 2404 sint;
920 2337 1010 2407 ﬁat
1038 2336 1168 2391 sicut
1192 2340 1438 2409 scriptum
1466 2346 1556 2404 est,
1584 2356 1603 2389 ι
1627 2336 1825 2392 Domus
1853 2346 2060 2391 contra-

466 2430 659 2484 riorum
685 2427 811 2501 legis
838 2427 1015 2484 debent
1041 2430 1446 2485 emundationem
1472 2449 1491 2483 ι
1526 2427 1713 2500 (Prov.
1743 2444 1862 2496 xw,
1890 2429 2056 2495 9,sec.

464 2519 636 2591 LXX)
676 2538 691 2575 :
724 2529 771 2575 et
798 2537 1106 2592 consequens
1134 2532 1209 2577 est
1244 2538 1328 2577 eos
1351 2523 1438 2593 qui
1466 2538 1499 2576 a
1526 2522 1793 2577 contrariis
1819 2521 2059 2593 baptizati

463 2612 715 2684 inquinati
740 2622 854 2668 sunt
881 2614 1045 2685 primo
1069 2614 1300 2686 purgari,
1328 2623 1375 2669 et
1395 2624 1501 2670 tum
1523 2615 1727 2669 demum
1746 2614 1996 2687 baptizari
2013 2615 2055 2670 ί.

534 2703 626 2758 25.
665 2702 862 2759 Lucius
898 2719 928 2756 a
967 2703 1158 2759 Castro
1187 2705 1370 2761 Galbae
1404 2707 1424 2737 ’
1462 2721 1532 2761 ex
1563 2706 1854 2776 Evangelio
1882 2705 2060 2776 posuit

466 2794 851 2862 testimonium,
879 2793 1091 2849 dicente
1122 2796 1346 2850 Domino
1364 2837 1379 2861 ,
1422 2795 1522 2851 Vos
1548 2797 1666 2850 estis
1691 2796 1770 2850 sal
1798 2806 1986 2863 terrae;
2013 2795 2059 2852 si

468 2893 635 2939 autem
664 2883 745 2938 sal
771 2878 1110 2956 infatuatum’
1122 2887 1291 2957 fuerit,
1320 2886 1373 2940 id
1395 2888 1530 2957 quod
1554 2886 1763 2942 satietur
1793 2904 1856 2941 ea:
1883 2903 1961 2954 eo,
1990 2889 2060 2942 ad

472 2977 602 3031 nihil
631 2976 814 3033 ualebit
832 3020 847 3046 ,
879 2979 979 3033 nisi
1006 2988 1061 3033 ut
1089 2979 1385 3049 proficiatur
1410 2981 1549 3049 [oras
1576 2989 1623 3034 et
1652 2981 1970 3036 conculcetur
1994 2982 2057 3037 ab

468 3068 755 3124 hominibus
786 3085 805 3123 :
842 3070 994 3140 quasi
1034 3084 1131 3124 nos
1168 3068 1411 3125 dicamus
1446 3071 1693 3129 homines
1731 3073 1875 3143 ipsos
1911 3073 2056 3130 foras

462 3160 731 3231 proiectos
767 3161 966 3232 aliquid
1001 3161 1199 3229 valere,
1237 3162 1319 3216 vel
1352 3161 1419 3217 ad
1448 3178 1598 3219 suam
1627 3166 1711 3221 vel
1735 3164 1801 3221 ad
1829 3166 2056 3222 aliorum

456 3254 702 3311 salutem.
750 3254 856 3311 Sed
889 3264 945 3310 et
971 3255 1061 3325 qui
1093 3254 1226 3310 tales
1251 3254 1499 3310 videntur
1526 3256 1668 3314 intus
1692 3298 1707 3323 ,
1741 3275 1847 3314 non
1873 3259 2049 3315 solum

455 3347 798 3416 spiritualiter
827 3347 957 3401 loris
987 3355 1130 3415 sunt,
1161 3347 1255 3402 sed
1283 3349 1443 3403 etiam
1477 3351 1827 3420 corporaliter
1855 3351 1911 3407 in
1942 3351 2051 3409 line

454 3442 860 3510 separabuntur.
890 3441 1089 3497 Omnes
1115 3443 1255 3497 enim
1287 3442 1418 3497 tales
1442 3442 1509 3497 ad
1540 3443 1672 3499 nihil
1698 3443 1911 3513 valent,
1944 3461 2045 3503 nec

453 3532 576 3588 ideo
604 3541 782 3590 tamen
809 3544 1203 3589 sacramentum
1230 3534 1571 3605 Baptismatis
1595 3537 1738 3607 quod
1764 3538 1817 3592 in
1840 3539 1920 3593 eis
1941 3547 2046 3607 est,

455 3624 590 3681 nihil
628 3636 728 3682 est.
771 3626 904 3682 Nam
943 3636 997 3681 et
1038 3626 1090 3680 in
1130 3626 1261 3697 ipsis
1298 3627 1388 3697 qui
1429 3627 1777 3697 projiciuntur
1805 3629 1971 3697 foras,
2005 3631 2051 3686 si

454 3719 772 3790 resipiscam
795 3727 850 3774 et
872 3717 1115 3785 redeant,
1144 3719 1285 3773 salus
1310 3718 1389 3774 eis
1415 3734 1534 3789 qua:
1557 3729 1857 3776 recesserat
1876 3721 2049 3777 redit:

451 3811 720 3884 Baptisma
749 3827 879 3868 vero
905 3811 1027 3882 quia
1054 3826 1159 3866 non
1185 3821 1482 3867 recesserat
1507 3828 1612 3867 non
1638 3813 1798 3869 redit.
1827 3815 1893 3869 Et
1918 3814 2050 3871 illud

450 3904 593 3976 quod
622 3903 697 3960 ait
726 3904 1005 3968 Dominus,
1041 3902 1124 3958 Ite
1147 3920 1287 3975 ergo,
1316 3915 1362 3958 et
1387 3904 1557 3959 docete
1580 3914 1769 3976 gentes,
1795 3906 2052 3977 baptizan-

454 4006 525 4050 tes
555 4012 637 4050 eos
667 3995 722 4049 in
747 3997 950 4050 nomine
977 3994 1150 4049 Patris
1175 4004 1220 4049 et
1244 3993 1372 4050 Filii
1400 4004 1446 4050 et
1476 3996 1700 4067 Spiritus
1727 3999 1907 4064 sancti,
1941 4014 2049 4055 non

450 4086 693 4157 permisit
717 4087 989 4157 baptizare
1013 4087 1113 4141 nisi
1138 4087 1309 4142 bonos
1335 4105 1347 4140 :
1372 4087 1491 4158 quia
1515 4089 1667 4143 malis
1690 4104 1796 4144 non
1822 4090 2045 4158 diceret,

451 4181 512 4233 Si
540 4179 621 4232 cui
650 4178 941 4235 dimiseritis
982 4188 1204 4250 peccata,
1238 4180 1551 4234 dimittentur
1581 4181 1663 4247 ei;
1691 4182 1736 4235 si
1760 4182 1844 4235 cui
1875 4191 2048 4238 tenue-

458 4270 568 4324 ritis
587 4310 603 4336 ,
634 4268 934 4324 tenebuntur
960 4269 1138 4341 (Joan.
1166 4287 1237 4325 xx
1257 4310 1272 4335 ,
1298 4270 1414 4341 25).
1443 4270 1723 4337 Quomodo
1747 4287 1876 4349 ergo
1904 4273 2048 4330 intus

451 4360 723 4431 baptizant
759 4361 923 4427 mali,
955 4362 1046 4432 qui
1085 4362 1351 4419 dimittere
1383 4371 1601 4431 peccata
1641 4380 1746 4420 non
1777 4369 2046 4436 possunt?

450 4450 733 4517 Quomodo
771 4450 932 4507 etiam
971 4452 1244 4523 baptizant
1280 4452 1449 4508 malos
1485 4468 1592 4508 non
1628 4463 1878 4523 mutatos,
1910 4472 2044 4528 quo-

451 4558 569 4598 rum
598 4552 816 4614 peccata
845 4541 1021 4598 adhuc
1046 4558 1207 4613 super
1235 4557 1328 4599 eos
1355 4552 1497 4612 sunt,
1529 4545 1669 4600 sicut
1695 4545 1930 4603 Joannes
1955 4548 2043 4603 di-

451 4634 546 4701 cit,
582 4633 682 4702 Qui
709 4634 814 4689 odit
838 4637 1048 4706 fratrem
1072 4650 1241 4701 suum,
1270 4635 1324 4688 in
1353 4634 1565 4691 tenebris
1593 4646 1664 4691 est
1691 4653 1847 4708 usque
1874 4638 2044 4694 adhuc

452 4726 470 4795 (
496 4723 518 4779 l
545 4724 702 4780 Joan.
735 4742 809 4793 ιι,
839 4725 872 4781 9
895 4723 960 4798 )?
989 4726 1045 4782 Si
1072 4734 1250 4781 autem
1279 4735 1402 4783 tunc
1428 4727 1768 4784 dimittuntur
1791 4771 1803 4793 ,
1835 4746 1957 4786 cum
1982 4747 2043 4789 se

452 4816 607 4873 bonis
649 4825 705 4874 et
745 4817 925 4897 justis,
970 4834 1065 4890 per
1108 4834 1242 4890 quos
1288 4820 1342 4874 in
1385 4819 1626 4877 Ecclesia
1669 4821 2036 4895 dimittuntur,

450 4909 692 4981 quamvis
717 4923 750 4964 a
778 4909 931 4965 malis
959 4910 1208 4981 baptizati
1237 4913 1378 4977 sint,
1409 4911 1595 4967 intima
1625 4912 1884 4971 charitate
1911 4931 2042 4973 con-

447 5000 716 5072 juugunt;
762 5000 840 5057 sic
877 5009 931 5055 et
970 5001 1075 5056 illis
1113 5001 1205 5073 qui
1245 5000 1545 5075 forinsecus
1583 5006 1838 5074 veniunt,
1881 5017 1937 5063 et
1971 5008 2038 5065 ad

449 5093 693 5151 eamdem
733 5094 1104 5166 compaginem
1143 5097 1382 5166 corporis
1409 5094 1644 5165 Christi,
1678 5098 1888 5156 interno
1917 5094 2038 5158 vin-

448 5185 567 5241 culo
594 5187 738 5257 pacis
760 5187 1049 5255 accedunt;
1075 5188 1377 5260 Baptismus
1402 5198 1577 5247 tamen
1593 5191 1790 5247 Christi
1811 5196 1860 5248 in
1880 5196 2040 5250 utris-

455 5294 560 5349 que
604 5281 997 5352 agnoscendus,
1027 5290 1082 5338 et
1107 5282 1159 5337 in
1190 5283 1350 5339 nullis
1376 5283 1758 5355 improbandus
1783 5298 1896 5351 est;
1925 5287 2038 5342 sive

447 5380 729 5443 antequam
753 5384 1153 5443 convertantur,
1181 5378 1423 5448 quamvis
1447 5378 1526 5434 eis
1552 5377 1683 5434 nihil
1711 5379 1897 5450 prosit,
1923 5380 2037 5436 sive

446 5478 565 5518 cum
611 5477 1014 5535 convertuntur,
1054 5476 1113 5523 ut
1154 5468 1353 5538 prosit,
1402 5467 1530 5525 Cum
1566 5471 1666 5541 ipsi
1702 5471 1765 5524 ab
1809 5469 2038 5526 Ecclesia

449 5569 563 5624 qua
588 5571 693 5610 una
721 5566 822 5625 est,
852 5558 1042 5629 inquit,
1072 5560 1348 5615 recedendo
1376 5561 1617 5631 infamati
1644 5562 1885 5616 contrarii
1913 5563 2036 5634 facti

512 5709 640 5782 huic
660 5710 844 5782 adjecta
871 5711 1032 5782 fuere
1065 5715 1114 5764 in
1151 5716 1326 5782 Erasmi
1349 5714 1565 5782 editione
1589 5722 1642 5766 et
1684 5718 2034 5779 posterioribus

446 5771 585 5822 libris
601 5771 754 5823 verba
775 5775 920 5834 Lucii,
944 5788 1054 5836 qua:
1093 5783 1207 5825 ante
1249 5778 1453 5827 aberant
1480 5780 1542 5827 ab
1568 5786 1664 5827 Am.
1685 5771 1746 5827 'et
1772 5789 1874 5829 Mss.

511 5835 532 5866 ³
555 5841 654 5899 Am.
680 5841 755 5883 Er.
784 5842 835 5885 ct
857 5835 1048 5899 septem
1072 5844 1196 5894 Mss,
1224 5853 1253 5887 (ι
1275 5845 1443 5890 rastra
1467 5840 1629 5890 Galba.
1650 5849 1795 5892 Vetus
1812 5851 1890 5892 \ts.
1917 5850 2030 5895 Cor-

448 5895 686 5960 beieusis,
706 5913 736 5947 α
758 5895 927 5949 (‘aslrti
950 5898 1127 5950 nallvw.

1212 375 1300 432 DE
1340 373 1683 433 BAPTISMO
1718 370 1995 433 CONTRA
2041 369 2490 444 DONATISTAS,
2529 372 2588 430 S.
2629 372 3000 432 AUGUSTINI

2172 490 2301 559 sint;
2312 493 2405 563 ﬁat
2432 492 2563 547 sicut
2579 490 2824 561 scriptum
2849 499 2941 557 est,
2962 509 2983 543 ι
3011 487 3206 544 Domus
3232 488 3603 544 contrariorum
3629 490 3753 563 legis

2168 581 2346 637 debent
2367 582 2790 638 emundationem.
2805 601 2826 636 ι
2849 580 2920 637 Et
2937 597 3245 653 consequens
3268 581 3649 653 est,inquit,eos
3665 583 3752 654 qui

2166 690 2199 728 a
2224 675 2494 731 contrariis
2521 675 2783 747 baptisati,
2812 674 3062 744 inquinati
3083 683 3219 742 sunt,
3252 676 3416 745 primo
3443 676 3678 747 purgari,
3705 682 3754 730 et

2165 774 2214 819 et
2242 775 2359 821 tunc
2383 766 2587 831 demum
2607 765 2873 832 baptizari.
2899 765 3037 834 Quid
3062 781 3211 836 ergo,
3238 771 3484 837 raptores
3507 775 3562 822 et
3584 765 3757 822 homi-

2164 858 2299 915 cidae
2339 874 2447 915 non
2484 866 2612 915 sunt
2637 859 2892 915 contrarii
2928 859 3064 930 legis
3090 858 3338 928 dicentis,
3380 858 3506 915 Non
3532 861 3752 925 occides,

2164 966 2265 1004 non
2294 950 2543 1022 furaberis
2573 948 2767 1024 (Exod.
2799 966 2890 1018 xx,
2922 951 3010 1016 15.
3039 947 3129 1023 15)
3149 951 3174 1004 ?
3198 948 3393 1005 Debent
3414 966 3543 1023 ergo
3572 969 3757 1007 emun-

2164 1040 2420 1096 dationem
2453 1056 2474 1097 :
2505 1042 2625 1114 quis
2649 1041 2755 1098 hoc
2780 1042 3091 1113 negaverit?
3128 1041 3198 1097 Et
3234 1050 3411 1099 tamen
3443 1060 3548 1099 non
3578 1045 3754 1101 solum

2161 1134 2484 1207 quicumque
2509 1151 2541 1191 a
2569 1135 2761 1191 talibus
2788 1137 2931 1191 intus
2956 1135 3291 1208 baptizantur
3309 1177 3326 1203 ,
3353 1137 3450 1194 sed
3473 1139 3636 1194 etiam
3664 1140 3757 1210 qui

2165 1226 2298 1284 tales
2327 1242 2435 1284 non
2470 1229 2656 1283 mutati
2685 1228 3043 1299 baptizantur,
3082 1228 3326 1300 quamvis
3358 1228 3533 1285 adhuc
3562 1245 3758 1301 purga-

2163 1319 2363 1377 tionem
2388 1320 2622 1377 debeant
2644 1330 2706 1377 nt
2728 1331 3001 1379 mutentur
3018 1363 3035 1389 ,
3054 1337 3163 1379 non
3184 1331 3361 1379 tamen
3383 1325 3613 1394 amplius
3632 1341 3756 1380 cum

2164 1413 2350 1467 mutati
2378 1411 2576 1468 fuerint
2601 1413 2952 1484 baptizantur.
2980 1413 3149 1470 Tanta
3168 1414 3252 1471 vis
3268 1423 3353 1471 est
3372 1415 3426 1470 in
3448 1430 3758 1474 sacramen-

2167 1510 2223 1559 to
2252 1503 2509 1575 simplicis
2539 1505 2796 1576 Baptismi
2820 1549 2837 1575 ,
2867 1516 2927 1562 ut
2962 1520 3083 1563 cum
3110 1505 3372 1563 fateamur
3397 1507 3629 1580 aliquem
3657 1508 3757 1565 ba-

2165 1596 2418 1667 ptizatum
2461 1606 2517 1654 et
2554 1597 2727 1655 adhuc
2755 1599 2895 1655 male
2928 1599 3194 1656 viventem
3231 1599 3433 1658 debere
3466 1602 3714 1658 mundari
3738 1642 3757 1669 ,

2162 1695 2403 1745 vetemus
2430 1699 2607 1747 tamen
2633 1690 2857 1747 ulterius
2880 1690 3161 1762 baptizari.

2238 1780 2466 1837 CAPUT
2494 1780 2610 1839 XV.
2626 1781 2800 1838 -24.
2831 1781 3093 1839 Crescens
3115 1798 3147 1838 a
3165 1782 3309 1839 Cirta
3332 1781 3504 1840 dixit:
3527 1782 3597 1839 In
3616 1792 3763 1841 tanto

2164 1880 2293 1927 coetu
2331 1873 2760 1928 sanctissimon
2798 1874 3213 1930 consacerdotum
3254 1875 3395 1931 lectis
3433 1876 3622 1932 litteris
3658 1877 3764 1949 Cy-

2166 1967 2333 2037 priani
2373 1967 2685 2023 dilectissimi
2728 1969 2888 2023 nostri
2929 1968 2999 2023 ad
3038 1968 3351 2024 Jubaianum
3372 2010 3389 2035 ,
3433 1970 3656 2041 itemque
3691 1971 3763 2025 ad

2164 2058 2505 2130 Stephanum,
2533 2077 2645 2130 quae
2671 2069 2869 2116 tantum
2895 2060 2953 2114 in
2980 2078 3034 2117 se
3060 2062 3494 2117 sanctissimorum
3520 2079 3584 2116 ea:
3612 2062 3766 2118 εστι.

2164 2154 2326 2223 pturis
2353 2152 2547 2223 deiﬁcis
2570 2153 2981 2211 descendentium
3008 2154 3406 2210 testimoniorum
3430 2155 3447 2186 ¹
3470 2156 3762 2222 continent,

2163 2255 2218 2300 ut
2257 2247 2435 2301 merito
2482 2264 2655 2304 omnes
2695 2266 2786 2322 per
2823 2248 2924 2305 Dei
2958 2250 3178 2321 gratiam
3220 2249 3433 2303 adunati
3478 2256 3767 2306 consentire

2163 2336 2430 2394 debeamus
2450 2355 2470 2393 :
2488 2356 2664 2396 censeo
2687 2357 2781 2412 ego
2795 2357 2968 2397 omnes
2987 2342 3247 2397 hwreticos
3260 2345 3362 2398 sine
3383 2342 3763 2410 schismaticos,

2161 2433 2247 2503 qui
2273 2433 2341 2487 ad
2364 2434 2666 2489 catholicam
2690 2432 2974 2491 Ecclesiam
2998 2436 3167 2491 venire
3190 2435 3439 2491 voluerint
3455 2473 3472 2504 ,
3505 2451 3610 2490 non
3642 2444 3769 2490 ante

2160 2524 2360 2595 ingredi
2402 2526 2501 2580 nisi
2534 2526 2806 2587 ανον-εἰωιί
2835 2536 2883 2580 et
2912 2527 3152 2597 baptisati
3183 2528 3407 2599 fuerint;
3433 2528 3658 2598 exceptis
3684 2529 3768 2583 Iris

2161 2631 2285 2672 sane
2310 2618 2396 2690 qui
2416 2621 2472 2673 in
2499 2618 2727 2674 Ecclesia
2755 2618 3007 2673 catholica
3036 2620 3225 2690 fuerint
3253 2629 3370 2675 ante
3393 2619 3662 2689 baptizati,
3692 2621 3769 2675 ita

2164 2718 2331 2764 tamen
2367 2720 2423 2765 ut
2463 2727 2552 2781 per
2586 2727 2769 2766 manus
2804 2710 3177 2781 impositionem
3201 2711 3257 2767 in
3284 2712 3628 2783 penitentiam
3660 2712 3769 2768 Ec-

2161 2802 2329 2856 clesia:
2351 2802 2758 2858 reconcilientur.

2238 2892 2329 2949 25.
2369 2893 2467 2950 llic
2502 2894 2853 2952 admonemur
2894 2895 3086 2952 iterum
3117 2911 3377 2968 quaerere,
3414 2913 3513 2955 cur
3538 2897 3767 2965 dixerit,

2161 2990 2380 3063 exceptis
2417 2991 2497 3046 his
2526 3007 2649 3046 sane
2684 2994 2771 3065 qui
2803 2993 2856 3048 in
2891 2992 3123 3050 Ecclesia
3149 2994 3400 3050 catholica
3428 2995 3618 3067 fuerint
3644 3005 3770 3051 ante

2161 3084 2422 3153 baptismi.
2469 3086 2553 3140 An
2578 3087 2700 3157 quia
2740 3102 2845 3141 non
2875 3082 3163 3143 amiserant
3190 3089 3333 3161 quod
3360 3090 3507 3146 intus
3534 3105 3769 3161 accepe-

2160 3179 2320 3232 rant?
2355 3177 2496 3250 Ergo
2534 3179 2675 3250 quod
2714 3179 2914 3237 habere
2948 3179 3081 3238 foris
3118 3191 3384 3253 poterant,
3425 3199 3524 3239 cur
3564 3199 3677 3240 non
3708 3193 3769 3240 et

2094 3332 2096 3335 ,
2162 3270 2371 3326 tradere
2412 3273 2698 3343 poterant?
2735 3274 2818 3329 An
2848 3274 3030 3332 illicite
3064 3275 3194 3331 foris
3224 3275 3493 3332 traditur?
3518 3277 3629 3334 Sed
3662 3293 3768 3334 ne-

2158 3380 2263 3436 que
2294 3365 2439 3421 licite
2462 3366 2591 3422 toris
2613 3366 2927 3433 habetur,et
2957 3377 3133 3425 tamen
3166 3369 3392 3425 habetur
3420 3387 3433 3424 :
3462 3370 3543 3425 sic
3569 3370 3769 3426 illicite

2158 3457 2288 3513 foris
2321 3458 2477 3514 datur
2497 3500 2512 3526 ,
2554 3458 2650 3515 sed
2682 3467 2856 3515 tamen
2884 3459 3058 3515 datur.
3086 3460 3236 3529 Quod
3263 3470 3437 3516 autem
3465 3470 3768 3532 prmstatur

2156 3549 2402 3606 redeunti
2444 3552 2535 3623 qui
2574 3552 2717 3623 intus
2743 3561 3042 3624 acceperat,
3072 3554 3176 3609 hoc
3206 3561 3489 3625 praestatur
3516 3554 3766 3611 venienti

2156 3644 2247 3714 qui
2288 3643 2419 3699 foris
2455 3656 2768 3714 acceperat;
2811 3645 2864 3701 id
2903 3655 3019 3713 est,
3064 3654 3120 3702 ut
3158 3647 3300 3703 licite
3339 3648 3483 3703 intus
3521 3648 3762 3717 habeat,

2157 3735 2296 3805 quod
2322 3735 2504 3791 illicite
2522 3733 2651 3791 loris
2671 3735 2919 3792 habebat.
2944 3738 3047 3795 Sed
3071 3739 3263 3810 aliquis
3280 3738 3497 3796 forsitan
3521 3750 3763 3811 quaerat,

2156 3827 2281 3897 quid
2309 3827 2377 3883 de
2400 3827 2501 3884 hac
2523 3843 2582 3885 re
2602 3831 2624 3861 ²
2644 3828 2786 3885 beati
2811 3829 2887 3902 Cy
2895 3831 3062 3900 priaui
3086 3832 3309 3902 epistola
3329 3832 3394 3887 ad
3416 3831 3765 3903 Stephanum

2155 3919 2381 3987 dixerit,
2423 3920 2575 3991 cujus
2611 3922 2661 3976 in
2705 3921 2803 3977 hac
2839 3924 3101 3979 sententia
3136 3926 3577 3981 commemoratio
3611 3924 3762 3983 facta

2154 4021 2270 4076 est,
2310 4029 2431 4068 cum
2469 4013 2524 4069 in
2563 4014 2782 4070 exordio
2809 4016 3020 4071 concilii
3048 4030 3158 4071 non
3188 4018 3256 4071 sit
3281 4025 3713 4075 commemorata
3739 4060 3759 4089 ,

2153 4103 2315 4159 credo
2343 4105 2464 4175 quia
2493 4120 2600 4161 non
2629 4114 2866 4175 putatum
2898 4116 2983 4163 est
3010 4108 3390 4165 necessarium.
3421 4108 3553 4164 Nam
3584 4118 3642 4165 et
3675 4111 3763 4183 ip.

2154 4211 2268 4251 sam
2310 4196 2363 4250 in
2405 4197 2507 4252 isto
2547 4206 2692 4254 coetu
2719 4198 3161 4254 consacerdotum
3193 4200 3386 4256 lectam
3415 4215 3536 4256 esse
3566 4200 3712 4257 dixit
3742 4221 3759 4258 :

2151 4286 2295 4359 quod
2318 4286 2518 4343 factum
2540 4288 2759 4344 omnino
2782 4304 2886 4345 non
2910 4289 3113 4357 dubito,
3137 4299 3391 4361 quantum
3411 4290 3669 4358 arbitror,
3698 4302 3762 4348 ut

2152 4378 2268 4434 fieri
2296 4379 2451 4447 solet,
2477 4394 2581 4450 quo
2610 4387 2829 4449 possent
2850 4380 2961 4450 jam
2988 4382 3296 4452 congregati
3319 4382 3554 4453 episcopi
3579 4382 3759 4440 etiam

2150 4468 2218 4526 de
2256 4470 2345 4525 illa
2383 4485 2541 4527 causa
2575 4471 2735 4527 simul
2764 4472 2960 4542 aliquid
2988 4487 3332 4542 cognoscere,
3361 4490 3480 4545 qua:
3508 4475 3598 4529 illa
3625 4476 3757 4544 epi-

2150 4561 2286 4617 stola
2324 4563 2646 4618 continetur.
2686 4561 2822 4618 Nam
2860 4578 3082 4634 prorsus
3115 4564 3183 4619 ad
3216 4565 3567 4635 quzestionem
3598 4580 3754 4635 ριξη-

2150 4662 2355 4709 sentem
2398 4669 2507 4709 non
2546 4653 2812 4724 pertinet;
2859 4663 2912 4708 et
2956 4654 3121 4725 magis
3157 4653 3326 4709 miror
3359 4667 3457 4709 cur
3488 4668 3608 4709 eam
3641 4655 3756 4714 iste

2148 4763 2570 4804 commemorare
2600 4747 2861 4815 voluerit,
2894 4763 3050 4818 quam
3077 4763 3174 4803 cur
3200 4748 3251 4802 in
3278 4745 3501 4805 exordio
3526 4748 3751 4804 concilii

2147 4842 2584 4899 commemoratio
2626 4842 2740 4911 ejus
2779 4841 3137 4912 praetermissa
3177 4841 3267 4897 sit.
3307 4840 3459 4923 Quod
3507 4841 3552 4895 si
3594 4841 3754 4912 quis-

2148 4949 2306 5005 quam
2336 4935 2627 4990 arbitratur
2651 4951 2738 4991 me
2764 4933 2961 5004 aliquid
2988 4933 3226 4989 noluisse
3253 4933 3306 4988 in
3343 4931 3576 4988 medium
3609 4949 3751 5003 pro-

2148 5028 2286 5083 terre
2306 5069 2322 5095 ,
2349 5027 2493 5099 quod
2519 5028 2572 5083 in
2603 5044 2663 5083 ca
2692 5027 2920 5098 positum
2948 5035 3030 5082 est
3053 5025 3305 5096 praesenti
3334 5039 3513 5081 causae
3541 5040 3749 5083 neces-

2145 5120 2367 5186 sarium,
2395 5119 2536 5190 legat
2561 5134 2677 5173 eam
2705 5128 2758 5174 et
2784 5118 2917 5173 sciat
2942 5133 3126 5174 verum
3155 5132 3278 5175 esse
3302 5114 3442 5189 quod
3466 5116 3587 5172 dico
3610 5133 3627 5172 :
3648 5128 3750 5174 aut

2145 5212 2189 5266 si
2219 5212 2359 5266 aliud
2398 5211 2697 5275 invenerit,
2726 5210 3031 5283 redarguat.
3063 5211 3291 5268 Prorsus
3319 5210 3461 5267 enim
3496 5210 3591 5266 illa
3620 5212 3746 5282 epi-

2144 5302 2279 5357 stola
2315 5302 2381 5357 de
2421 5302 2694 5373 Baptismo
2732 5301 2873 5372 apud
2911 5302 3191 5358 haereticos
3232 5302 3320 5358 vel
3363 5301 3747 5360 schismaticos

2142 5394 2289 5464 dato,
2320 5395 2461 5452 unde
2487 5410 2630 5452 nunc
2653 5396 2883 5467 agimus,
2912 5395 3042 5451 nihil
3071 5394 3231 5452 habet
3256 5395 3353 5470 (a).

2206 5593 2223 5625 ι
2247 5594 2551 5658 Αιιιὶςιιιὶοιιᾳ
2570 5600 2703 5658 λιιεει.
2727 5594 2975 5658 omittunt,
3011 5591 3403 5658 descendentium
3445 5589 3741 5642 testinwmo-

2140 5667 2267 5705 rum.
2287 5653 2456 5728 Plures
2472 5654 2553 5728 alii
2569 5655 2772 5728 habent,
3178 5668 3198 5718 ;
3220 5653 3308 5728 sed
3331 5666 3441 5704 cum
3463 5660 3564 5701 Am.
3589 5659 3643 5703 et
3655 5659 3736 5703 Er.

2138 5724 2311 5787 carent
2322 5720 2495 5769 verbo.
2518 5718 2925 5787 descendentium.
2958 5778 2970 5787 ,
3049 5783 3058 5787 _
3191 5779 3202 5787 ,
3256 5726 3263 5733 “
3402 5783 3410 5787 _
3550 5773 3583 5787 ..

2203 5782 2226 5849 ξ
2246 5780 2435 5849 aliquot
2454 5787 2585 5839 Mss,
2612 5780 2781 5849 de_ha_c
2810 5793 2865 5849 re
2887 5778 3089 5840 habeat;
3309 5783 3497 5841 postea,

2142 5841 2227 5906 Alii
2260 5837 2368 5906 Mss.
2410 5837 2638 5906 neutrum
2682 5841 2867 5906 habent
2904 5837 3324 5906 :_nec,'_ltabeat,"
3348 5837 3489 5906 nec,
3524 5837 3732 5906 (liquit.

2206 5904 2279 5968 (a)
2301 5911 2413 5955 Duas
2434 5898 2627 5954 exstant
2645 5904 2859 5966 typriam
2883 5903 2940 5952 ad
2964 5898 3256 5967 Stephanum
3282 5898 3500 5965 epistola:
3529 5914 3541 5951 :
3572 5900 3734 5953 altera
