4008 6462
357 568 588 628 CAPUT
611 570 754 628 XVI.
775 602 847 614 -
862 571 953 631 26.
977 574 1291 633 Nicomedes
1314 591 1345 633 a
1371 575 1640 650 Segermis
1663 580 1680 610 ί
1702 579 1835 636 dixit
1859 598 1873 635 :

294 663 403 717 Mea
441 668 692 719 sententia
731 676 842 733 est,
882 677 935 721 ut
969 669 1190 723 haeretici
1227 670 1297 722 ad
1324 667 1601 725 Ecclesium
1632 673 1879 729 venientes

288 757 601 828 baptisentur
616 777 636 825 ;
665 776 723 814 eo
751 761 887 831 quod
931 761 1127 815 nullam
1154 765 1279 840 foris
1308 765 1451 835 apud
1478 775 1761 837 peccatores
1789 784 1873 823 re-

287 848 573 905 missionem
604 860 921 922 peccatorum
951 865 1338 926 consequantur.

345 941 434 996 27.
470 941 568 997 Cui
606 945 995 1015 respondetur:
1018 946 1290 1004 Universae
1316 948 1571 1006 Ecclesiae
1595 951 1872 1009 catholicae

280 1037 540 1089 sententia
572 1037 687 1091 haec
714 1046 814 1103 est,
844 1046 901 1093 ut
928 1039 1161 1097 hazretici
1186 1043 1430 1113 quamvis
1459 1044 1511 1098 in
1540 1044 1732 1100 haeresi
1754 1046 1866 1116 jam

278 1127 468 1183 Christi
520 1130 795 1199 Baptisma
844 1132 1093 1203 baptizati
1141 1136 1207 1190 ad
1252 1137 1545 1193 Ecclesiam
1589 1140 1866 1195 venientes

277 1236 373 1275 non
414 1221 776 1291 baptizentur.
818 1225 873 1280 Si
900 1227 1041 1282 enim
1082 1228 1226 1283 nulla
1264 1238 1345 1285 est
1382 1231 1520 1301 apud
1554 1238 1865 1301 peccatores

272 1314 515 1369 remissio
556 1326 896 1386 peccatorum
920 1362 935 1386 ,
977 1334 1078 1376 nec
1114 1321 1256 1376 intus
1295 1331 1608 1393 peccatores
1649 1335 1862 1394 peccata

272 1405 541 1463 dimittunt
568 1426 580 1462 :
607 1418 663 1464 et
697 1417 876 1467 tamen
912 1411 980 1468 ab
1008 1412 1085 1468 eis
1113 1413 1363 1484 baptizati
1392 1430 1499 1471 non
1525 1417 1861 1488 rebaptizan-

274 1505 369 1551 tur.

332 1586 562 1646 CAPUT
600 1592 766 1649 XVII.
789 1623 860 1635 —
878 1595 967 1651 28.
998 1596 1283 1653 Monnulus
1311 1614 1341 1653 a
1366 1599 1529 1656 Girba
1555 1601 1688 1657 dixit
1714 1620 1726 1656 :
1752 1601 1858 1658 Ec-

268 1680 424 1734 (ἰθεῖα)
450 1684 717 1739 catholica:
742 1688 917 1742 matris
941 1698 1125 1743 nostra:
1150 1692 1329 1747 veritas
1352 1694 1493 1763 apud
1517 1711 1628 1762 nos,
1652 1699 1854 1765 fratres,

262 1782 452 1835 semper
484 1771 672 1824 mansit
695 1780 741 1824 et
770 1782 956 1841 manet,
986 1776 1062 1829 vel
1091 1777 1309 1831 maxime
1337 1778 1391 1831 in
1420 1778 1668 1849 Baptismi
1697 1781 1857 1837 Trini-

260 1869 355 1914 tate
374 1904 389 1926 ,
434 1862 659 1918 Domino
700 1877 870 1920 nostro
907 1868 1102 1923 dicente
1119 1910 1135 1935 ,
1156 1889 1176 1923 ‹
1200 1870 1281 1926 Ite
1300 1912 1315 1937 ,
1335 1872 1585 1942 baptizate
1607 1886 1775 1945 gentes
1801 1876 1853 1931 in

254 1953 453 2007 nomine
482 1953 658 2011 Patris
674 1965 721 2010 et
752 1956 871 2011 Filii
896 1969 943 2013 et
970 1959 1194 2029 Spiritus
1206 1965 1366 2017 sancti
1393 1964 1848 2036 ).(Mall/l.XXVIII,

252 2043 362 2114 i9).
391 2044 523 2099 Cum
554 2064 673 2117 ergo
698 2051 982 2120 manifesto,
1012 2052 1203 2123 inquit,
1226 2057 1449 2109 sciamus
1470 2058 1728 2111 haereticos
1750 2076 1850 2114 non

249 2136 428 2190 habere
455 2155 546 2192 nec
579 2139 805 2204 Patrem,
836 2159 927 2195 nec
958 2142 1170 2213 Filium,
1201 2163 1290 2200 nec
1316 2146 1568 2218 Spiritum
1594 2160 1845 2218 sanctum,

248 2224 424 2280 debent
448 2230 699 2283 venientes
729 2231 798 2283 ad
828 2231 1110 2287 Ecclesium
1141 2246 1351 2290 matrem
1377 2248 1599 2292 nostram
1625 2256 1737 2294 vere
1762 2258 1845 2296 re-

247 2319 382 2371 nasci
410 2329 459 2372 et
488 2319 761 2390 baptizari,
794 2333 848 2376 ut
878 2340 1060 2377 cancer
1089 2328 1222 2392 quod
1247 2328 1492 2382 habebant
1510 2372 1524 2397 ,
1555 2339 1604 2384 et
1631 2332 1845 2386 damna-

248 2408 394 2462 tionis
420 2410 535 2477 ira,
565 2420 612 2465 et
643 2414 826 2467 erroris
852 2412 1097 2481 o/I'ectura
1118 2418 1161 2484 ’,
1210 2434 1300 2488 per
1323 2429 1554 2473 sanctum
1580 2430 1625 2475 et
1648 2422 1844 2479 cmleste

246 2500 505 2555 lavacrum
530 2506 896 2574 sancti/icetur.

312 2594 403 2649 29.
446 2596 584 2651 Huic
611 2599 1017 2668 reSpondemus,
1046 2602 1258 2658 Patrem
1286 2612 1340 2660 et
1369 2604 1564 2661 Filium
1592 2617 1645 2662 et
1672 2608 1841 2679 Spiri-

245 2693 352 2739 tum
390 2698 635 2743 sanctum
678 2690 729 2744 in
762 2690 1108 2748 Sacramento
1138 2694 1395 2751 duntaxat
1422 2696 1621 2754 habere
1650 2716 1838 2757 omnes

244 2780 330 2848 qui
356 2780 635 2850 Baptismo
663 2784 837 2839 verbis
867 2788 1190 2857 cvangelicis
1215 2802 1530 2847 consecrato
1557 2793 1835 2863 baptizan-

246 2877 365 2925 tur:
390 2873 440 2925 in
470 2874 636 2929 corde
666 2884 845 2931 autem
875 2886 928 2932 et
954 2878 1151 2948 invita
1190 2897 1289 2937 nec
1320 2883 1441 2939 illos
1474 2884 1707 2955 habere,
1742 2891 1834 2959 qul

246 2959 381 3017 intus
409 2964 618 3033 perdite
647 2976 703 3022 et
728 2970 1131 3025 exsecrabiliter
1156 2974 1356 3029 vivunt.

314 3052 533 3110 CAPUT
572 3057 837 3113 XVlll.—-
855 3061 943 3117 50.
988 3063 1321 3121 Secundinus
1348 3083 1376 3122 a
1404 3068 1595 3125 Ccdias
1618 3071 1637 3103 ³
1659 3071 1827 3130 dixit:

248 3141 365 3197 Cum
398 3145 648 3203 Dominus
686 3161 854 3205 noster
891 3153 1118 3209 Christus
1152 3156 1310 3225 dicat,
1340 3177 1360 3211 ι
1390 3159 1490 3225 Qui
1514 3178 1706 3217 mecum
1728 3181 1830 3220 non

248 3243 335 3299 est,
359 3239 614 3294 adversum
646 3259 727 3297 me
750 3255 849 3297 est:
883 3244 993 3318 (Id.
1020 3248 1234 3319 xu,50);
1256 3261 1303 3304 et
1322 3250 1548 3308 Joannes
1568 3256 1827 3325 apostolus

249 3342 326 3381 eos
345 3332 421 3399 qui
442 3332 501 3383 ab
524 3332 759 3389 Ecclesia
779 3348 960 3393 exeunt
980 3342 1300 3397 antichristos
1328 3346 1461 3398 dicat
1496 3347 1537 3413 (Ι
1556 3346 1711 3403 Joan.
1760 3366 1820 3420 tt,

249 3417 333 3488 18)
364 3439 375 3474 :
405 3423 743 3481 indubitanter
772 3429 937 3484 hostes
966 3432 1172 3501 Christi,
1204 3438 1387 3506 quique
1415 3440 1703 3495 antichristi
1729 3417 1822 3498 no;

248 3510 411 3566 minati
434 3526 550 3569 sunt
574 3560 590 3584 ,
623 3520 841 3589 gratiam
865 3520 1115 3593 Baptismi
1141 3528 1379 3584 salutaris
1408 3532 1694 3589 ministrare
1719 3554 1818 3592 non

246 3615 477 3671 possunt;
506 3619 553 3662 et
581 3610 696 3664 ideo
724 3629 899 3667 censeo
928 3632 1012 3671 eos
1042 3619 1127 3687 qui
1154 3620 1217 3673 de
1241 3621 1591 3678 htereticorum
1620 3628 1817 3684 insidiis

245 3700 520 3768 confugiunt
549 3703 619 3755 ad
644 3703 948 3773 Ecclesiam,
984 3710 1314 3779 baptizandos
1341 3732 1447 3769 esse
1475 3734 1507 3769 (ι
1534 3720 1697 3788 nobis,
1728 3722 1816 3790 qui

242 3790 376 3843 απύεί
398 3795 641 3863 appellati
669 3814 844 3852 sumus
873 3798 971 3853 Dei
995 3801 1016 3832 "
1041 3803 1104 3858 de
1128 3806 1236 3875 ejus
1265 3808 1573 3877 dignatione.

302 3881 381 3937 5i.
422 3885 518 3940 Cui
562 3890 955 3959 respondetur,
1002 3894 1198 3952 Christi
1244 3898 1581 3957 adversarios
1624 3920 1810 3963 omnes

238 3985 360 4040 esse,
388 3979 580 4048 quibus
610 3981 928 4051 dicentibus,
959 3984 1193 4055 Domine,
1224 4007 1390 4045 nonne
1416 3994 1469 4046 in
1500 3997 1699 4050 nomine
1723 4008 1808 4053 tuo

233 4065 420 4123 virtutes
458 4074 645 4127 multas
676 4076 887 4146 fecimus
917 4075 943 4127 ἱ)
968 4087 1023 4132 et
1048 4080 1146 4134 alia
1179 4097 1298 4151 qua:
1330 4083 1401 4138 ibi
1432 4084 1716 4153 dicuntur;
1752 4090 1805 4145 in

229 4156 321 4215 line
346 4162 583 4219 dicturus
609 4174 711 4233 est,
740 4167 864 4224 Non
892 4172 1005 4225 novi
1031 4188 1155 4237 vos;
1186 4175 1399 4230 recedite
1425 4194 1456 4229 a
1481 4195 1558 4231 me
1585 4221 1600 4245 ,
1630 4196 1803 4236 omnes

225 4252 303 4319 qui
327 4258 603 4324 operamini
629 4259 943 4330 iniquitatem
977 4263 1189 4333 (Matth.
1233 4282 1306 4321 vu
1333 4309 1346 4332 ,
1376 4269 1446 4322 22
1470 4313 1483 4337 ,
1513 4270 1604 4343 25)
1640 4291 1652 4326 :
1683 4290 1802 4344 qua:

225 4347 319 4396 tota
360 4347 508 4415 palea
537 4349 587 4402 si
617 4363 786 4420 usque
821 4351 887 4407 ad
914 4353 1157 4411 ultimum
1184 4357 1237 4412 in
1264 4361 1461 4414 malitia
1488 4378 1800 4432 persevera-

223 4430 288 4485 bit
305 4475 317 4498 ,
345 4436 453 4492 sive
482 4446 611 4494 ante
635 4442 1041 4500 ventilationem
1068 4446 1186 4517 ejus
1213 4449 1413 4520 aliquid
1444 4430 1589 4509 foras
1615 4456 1794 4527 volet,

217 4523 316 4580 sive
352 4528 495 4585 intus
531 4546 655 4588 esse
692 4534 952 4605 videatur,
994 4538 1101 4608 igni
1136 4540 1401 4597 destinata
1441 4555 1544 4601 est.
1581 4546 1636 4603 Si
1668 4523 1795 4620 ergo

215 4628 482 4688 propterea
540 4624 846 4696 baptizandi
904 4640 1031 4686 sunt
1071 4632 1137 4687 ad
1180 4635 1471 4691 Ecclesiam
1519 4642 1794 4699 venientes

212 4708 455 4783 haeretici,
498 4724 557 4771 ut
586 4718 655 4772 ab
682 4721 871 4776 amicis
899 4722 993 4777 Dei
1020 4726 1388 4796 baptizentur;
1433 4734 1689 4804 numquid
1717 4736 1791 4791 illi

210 4809 367 4875 avari,
400 4819 647 4880 raptores
666 4855 682 4880 ,
711 4813 1022 4882 homicidae,
1055 4819 1213 4874 amici
1240 4821 1336 4877 Dei
1364 4833 1508 4893 sunt,
1537 4836 1630 4883 aut
1654 4843 1790 4899 quos

203 4897 587 4970 baptizaverint
616 4906 793 4961 denuo
819 4908 1119 4979 baptizandi
1146 4922 1268 4968 sunt
1289 4914 1313 4957 9

265 4991 489 5051 CAPUT
526 4995 673 5052 XIX.
695 4999 874 5054 —-52.
917 5001 1066 5056 Felix
1098 5019 1129 5057 a
1160 5003 1320 5074 Bagai
1348 5005 1373 5038 ⁸
1400 5006 1535 5063 dixit
1582 5028 1597 5065 :
1641 5010 1790 5067 Sicut

190 5167 263 5249 de
295 5172 553 5249 Marciano“
568 5171 838 5249 Arelatensi
891 5177 1127 5249 episcopo.
1165 5183 1430 5233 amovendo
1449 5220 1465 5245 ,
1510 5199 1621 5249 quae
1660 5202 1788 5241 nunc

195 5233 460 5303 qtordine
490 5234 585 5303 68;
626 5235 778 5285 altera
817 5233 938 5301 qua!
963 5233 1187 5303 synodica
1229 5252 1305 5293 est
1343 5233 1786 5303 tracian'swomhino

184 5293 250 5367 id.
274 5296 421 5367 unde.
440 5293 613 5367 agitur
640 5293 1007 5360 argumentum'
1028 5302 1093 5367 de
1133 5293 1787 5367 Baptizandisnl—iaerciicis—e‘t

181 5354 515 5439 spbismatids.
541 5354 755 5410 Priorem
776 5367 963 5413 tantum
1001 5354 1209 5417 viderat'
1219 5354 1532 5433 Augustinus
1526 5354 1552 5433 ,_
1565 5354 1783 5439 £36151

180 5424 456 5469 uerterem.

250 5521 269 5593 ξ
296 5528 379 5593 Ms.
402 5525 732 5593 Corbeiensjs,
757 5540 788 5577 a
803 5535 1063 5593 Segcrmes.

246 5583 270 5613 ¹
286 5591 387 5632 Am.
403 5594 467 5662 ει
484 5594 585 5662 tam,
609 5583 882 5662 offocatum'I
917 5592 1137 5662 nonnulli
1161 5602 1299 5662 3155.,
1323 5596 1533 5659 offensa;
1560 5599 1647 5649 sed
1674 5600 1781 5662 ple-

180 5650 343 5738 rique,
366 5648 615 5709 effectura.
638 5648 772 5760 'Agud
796 5655 1094 5726 (mprianum,
1121 5648 1378 5730 effectura?
1434 5720 1443 5729 .

291 5717 437 5759 Vetus
472 5719 554 5760 Ms.
592 5718 678 5760 Cor
716 5728 895 5760 mensus
932 5723 984 5760 et.
1021 5730 1146 5760 unus
1179 5732 1209 5760 ρ
1241 5726 1443 5760 Vaticani

291 5717 437 5759 vetus
472 5719 554 5781 Ms.
592 5715 895 5764 CorbeienSis
920 5723 984 5781 et
1021 5715 1209 5767 unuse
1241 5720 1501 5781 vatimnis,
1540 5735 1571 5770 a
1615 5732 1777 5775 cezas.

179 5775 282 5835 Ant.
306 5778 383 5820 Er.
405 5781 457 5822 et
479 5773 645 5834 plures
668 5781 793 5835 Mss,
818 5790 849 5825 a
872 5779 1070 5829 Cltesas.

244 5832 1272 5919 ζΣβῖιρῗῗιὲδθὲίδὲἍΡλΗεέιὲδει
1328 5907 1343 5919 .
1398 5908 1407 5917 .
1506 5909 1515 5919 .

242 5895 458 5962 {Plures
498 5906 634 5960 Mss,
668 5912 700 5948 a
743 5910 893 5966 Baga.
934 5910 1084 5955 Vetus
1116 5912 1197 5955 tus.
1242 5907 1572 5972 Corbeiensis,
1610 5922 1643 5961 a
1686 5919 1778 5961 Va-

171 5967 279 6019 gas.

1668 451 1867 515 LIBER
1906 462 2189 527 SEXTUS.

3478 510 3583 573 210

1992 600 2152 644 aecus
2169 607 2355 649 caecum
2394 600 2581 657 ducens
2619 606 2772 662 simul
2799 608 2851 663 in
2901 610 3096 680 foveam
3124 616 3309 673 cadunt
3343 620 3575 693 (Matth.

1986 696 2094 747 xv,
2151 686 2280 757 14),
2327 691 2399 745 ita
2454 696 2715 755 ha’reticus
2764 702 3052 760 htereticum
3109 686 3372 781 baptizans
3425 719 3578 775 simul

1982 772 2035 828 in
2062 788 2269 833 mortem
2294 784 2499 841 cadunt.

2052 870 2142 924 55.
2170 872 2283 930 Hoc
2312 892 2496 934 verum
2522 892 2604 938 est
2625 924 2640 950 ,
2689 887 2781 942 sed
2814 905 2918 946 non
2963 905 3245 966 propterea
3278 916 3462 960 verum
3490 915 3574 962 est

1977 961 2124 1064 quod
2146 964 2385 1064 adjungit
2415 988 2426 1023 :
2458 971 2527 1026 Et
2560 975 2693 1041 ideo,
2722 979 2911 1051 inquit,
2948 961 3211 1044 haereticus
3235 992 3571 1064 baptizandus

1976 1059 2024 1104 et
2077 1054 2424 1128 viviﬁcandus,
2473 1081 2534 1119 ne
2591 1084 2681 1123 nos
2723 1073 2821 1126 vivi
2865 1081 3075 1133 mortuis
3121 1088 3566 1147 communicemus.

1974 1143 2160 1203 Nonne
2187 1155 2382 1209 mortui
2412 1168 2565 1215 erant
2593 1165 2682 1234 qui
2710 1166 2992 1240 dicebant,
3021 1174 3387 1238 Manducemus
3415 1195 3464 1240 et
3490 1187 3568 1241 bi-

1972 1238 2168 1309 bamus,
2200 1259 2313 1300 cras
2342 1248 2475 1302 enim
2504 1255 2776 1312 moriemur
2804 1260 2849 1331 (Ι
2870 1260 2986 1318 Cor.
3012 1282 3105 1335 xv,
3124 1270 3257 1341 52)?
3290 1289 3395 1331 non
3419 1279 3565 1335 enim

1969 1332 2259 1390 credebant
2288 1345 2740 1403 resurrectionem
2764 1332 3117 1414 Hunnorum.
3150 1332 3249 1429 Qui
3277 1380 3406 1437 ergo
3428 1368 3561 1424 isto—

1967 1438 2085 1478 rum
2113 1427 2392 1500 colloquiis
2433 1437 2593 1492 malis
2637 1447 3117 1514 corrumpebantur
3147 1427 3201 1508 et
3228 1470 3321 1510 eos
3338 1427 3561 1529 vseque-

1964 1516 2180 1588 bantur,
2212 1539 2389 1581 nonne
2438 1530 2639 1599 pariter
2681 1550 2800 1591 cum
2830 1539 2910 1595 eis
2939 1540 2993 1596 in
3023 1543 3229 1601 foveam
3256 1549 3563 1606 cadebant?

1965 1607 2033 1663 Et
2059 1610 2112 1664 in
2137 1612 2214 1667 eis
2256 1622 2435 1673 tamen
2482 1634 2635 1677 erant
2663 1624 2748 1680 isti
2770 1629 2963 1698 quibus
2982 1634 3553 1709 scribebatApostolus

1957 1699 2068 1770 jam
2096 1703 2391 1776 baptizatis,
2418 1726 2515 1767 nec
2537 1723 2711 1771 tamen
2738 1718 2860 1775 ideo
2881 1722 2924 1776 si
2947 1726 3361 1796 corrigerentur,
3376 1732 3553 1790 denuo

1961 1793 2374 1864 baptizarentur.
2423 1803 2610 1861 Nonne
2656 1809 2793 1866 idem
2823 1793 3225 1888 apostolus‘ait,
3258 1793 3453 1893 Sapere
3479 1842 3558 1881 se-

1960 1886 2184 1939 cundum
2213 1906 2415 1946 carnem
2436 1912 2571 1951 mors
2598 1910 2670 1953 est
2701 1900 2875 1971 (Rom.
2902 1921 3018 1974 vm,
3048 1908 3149 1982 6)?
3174 1886 3242 1965 Et
3268 1886 3447 1983 utique
3472 1930 3560 1970 se-

1958 1980 2193 2036 cundum
2223 1999 2438 2041 carnem
2470 1992 2747 2060 sapiebant
2772 2000 2947 2064 avari,
2984 2000 3345 2070 fraudatores,
3376 2017 3559 2079 rapto-

1956 2085 2063 2171 res,
2093 2071 2232 2128 inter
2251 2092 2384 2145 quos
2401 2082 2649 2149 gemebat
2674 2086 2786 2155 ipse
2809 2087 3127 2161 Cyprianus.
3153 2096 3289 2163 Quid
3314 2071 3453 2171 ergo-
3471 2100 3551 2157 illi

1954 2160 2008 2215 in
2036 2166 2238 2222 unitate
2278 2170 2475 2227 viventi
2525 2176 2751 2235 oberant
2805 2160 3050 2239 mortui?
3098 2160 3203 2245 Aut
3248 2160 3555 2262 quisvdical’.

1952 2255 2271 2326 baptismum
2312 2262 2506 2321 Christi
2537 2271 2678 2339 quod
2711 2273 2842 2329 tales
2891 2277 3149 2335 haberent
3198 2255 3281 2339 vel
3328 2284 3548 2356 darent,

1951 2364 2132 2405 eorum
2166 2354 2533 2425 iniquitatibus
2562 2361 2725 2419 fuisse
2756 2366 3007 2424 viblatum
3033 2371 3056 2424 ?

2021 2442 2249 2499 CAPUT
2280 2446 2398 2500 XX.
2425 2480 2494 2489 —
2516 2453 2603 2506 54.
2646 2454 2894 2512 Polianus
2944 2477 2975 2513 a
3018 2462 3172 2519 Mileo
3196 2467 3211 2497 ⁸
3238 2466 3372 2523 dixit
3400 2485 3419 2524 .'
3443 2470 3545 2525 Ju-

1947 2543 2075 2589 stuut
2096 2548 2168 2591 est
2196 2540 2481 2597 hmrcticunt
2507 2545 2753 2618 baptizari
2787 2552 2839 2605 in
2863 2552 3093 2611 Ecclesia
3119 2570 3295 2613 sancta
3321 2564 3361 2615 ¹.

2020 2629 2108 2684 55.
2150 2631 2293 2688 Nihil
2340 2637 2553 2705 quidem
2596 2639 2811 2697 brevius
2838 2644 2941 2699 dici
2968 2650 3136 2717 potuit
3188 2652 3292 2708 Sed
3323 2664 3451 2724 puto
3488 2667 3544 2714 et

1943 2720 2047 2777 hoc
2074 2723 2235 2779 breve
2261 2736 2345 2781 est
2375 2747 2387 2781 :
2415 2729 2623 2786 Iustum
2653 2742 2736 2788 est
2757 2735 3085 2806 Baptismum
3106 2740 3301 2799 Christi
3323 2720 3434 2801 non
3462 2750 3541 2804 in-

1943 2814 2143 2870 sulﬂari
2182 2817 2232 2872 in
2264 2820 2499 2877 Ecclesia
2533 2825 2749 2881 Christi.

2011 2906 2237 2965 CAPUT
2262 2910 2404 2989 XXI.
2433 2945 2503 2954 —
2528 2916 2615 2970 56.
2662 2918 2973 2991 Theogenes
3002 2924 3069 2979 ab
3100 2924 3343 2996 Hippone
3388 2932 3538 3002 regio

1938 3000 2115 3056 dixit:
2165 3003 2457 3060 Secundunt
2507 3023 2877 3067 sacramentum
2924 3015 3055 3069 Deia
3095 3022 3273 3087 gratia:
3326 3000 3538 3080 cmlestis

1936 3093 2071 3163 quod
2092 3098 2376 3167 accepimus
2400 3141 2415 3168 ,
2447 3118 2605 3155 unum
2625 3103 2942 3177 Baptismum
2964 3110 3101 3178 quod
3120 3121 3193 3165 est
3228 3114 3279 3167 in
3306 3113 3536 3171 Ecclesia

1933 3196 2109 3239 sancta
2132 3189 2401 3245 credimus.

2005 3278 2093 3333 57.
2138 3280 2319 3335 Potest
2346 3292 2400 3337 et
2430 3300 2549 3340 mea
2580 3302 2699 3343 esse
2729 3292 3015 3346 sententia.
3048 3293 3137 3349 Sic
3164 3296 3307 3350 enim
3337 3298 3529 3355 librata

1914 3378 2044 3437 est,
2075 3380 2132 3425 ut
2159 3372 2289 3426 nihil
2319 3374 2513 3431 habeat
2553 3388 2738 3435 contra
2788 3384 3085 3438 veritatem.
3136 3386 3268 3441 Nam
3324 3398 3379 3444 et
3430 3407 3530 3447 nos

1929 3477 2091 3516 unum
2122 3464 2388 3535 Baptisma
2419 3468 2560 3538 quod
2586 3482 2669 3525 est
2693 3474 2743 3527 in
2764 3475 2999 3530 Ecclesia
3028 3488 3209 3533 sancta
3233 3481 3524 3539 credimus.

1925 3552 1980 3607 Si
2009 3563 2187 3609 autem
2232 3557 2482 3628 dixisset,
2530 3562 2681 3630 Quod
2708 3573 2790 3619 est
2835 3567 2885 3620 in
2917 3569 3027 3621 sola
3074 3570 3311 3626 Ecclesia
3340 3586 3524 3632 sancta

1922 3646 2227 3713 credimus;
2277 3652 2707 3720 respondendum
2758 3667 2872 3711 erat
2910 3659 3048 3712 sicut
3092 3664 3322 3717 caateris.
3369 3665 3523 3722 Nunc

1920 3752 2052 3793 vero
2074 3741 2195 3810 quia
2223 3742 2299 3795 sic
2324 3743 2521 3798 dictum
2552 3756 2665 3810 est,
2698 3747 2869 3802 Unum
2890 3749 3153 3819 Baptisma
3181 3756 3319 3823 quod
3354 3767 3427 3810 est
3464 3760 3519 3815 in

1919 3826 2150 3883 Ecclesia
2174 3840 2346 3885 sancta
2389 3834 2669 3901 credimus;
2712 3848 2766 3891 ut
2794 3854 2915 3893 esse
2939 3842 3152 3910 quidem
3185 3844 3236 3896 in
3269 3845 3513 3904 Ecclesia

1918 3932 2101 3977 sancta
2143 3924 2431 3991 diceretur,
2468 3928 2561 3981 sed
2586 3938 2639 3983 et
2689 3930 2813 3986 alibi
2860 3948 2981 3989 esse
3026 3950 3133 3990 non
3182 3948 3514 4007 negaretur:

1915 4015 2190 4085 quodlibet
2230 4018 2319 4072 ille
2350 4021 2610 4084 senserit,
2647 4032 2830 4077 contra
2880 4024 2994 4080 lucc
3038 4029 3200 4083 verba
3238 4030 3514 4101 disputare

1913 4122 2019 4161 non
2050 4124 2183 4178 opus
2222 4118 2324 4166 est.
2358 4111 2414 4166 Si
2445 4113 2585 4168 enim
2631 4115 2699 4171 de
2740 4132 2828 4173 me
2868 4118 3073 4190 singula
3118 4139 3509 4194 quaererentur,

1912 4209 2087 4255 utrum
2145 4214 2285 4257 esset
2330 4222 2492 4261 unum
2542 4207 2843 4278 Baptisma;
2910 4214 3289 4283 responderem
3344 4236 3508 4277 unum

1911 4311 2050 4352 esse.
2098 4297 2298 4354 Deinde
2348 4301 2390 4355 si
2438 4302 2829 4375 interrogarer,
2884 4318 3057 4366 utrum
3105 4312 3207 4369 hoc
3251 4327 3394 4372 esset
3452 4319 3507 4376 in

1909 4388 2147 4443 Ecclesia
2169 4400 2377 4458 sancta;
2400 4397 2778 4464 responderem
2798 4397 2900 4454 hoc
2926 4416 3064 4456 esse.
3088 4403 3273 4460 Tertio
3289 4408 3333 4462 si
3362 4426 3501 4479 qua:-

1904 4491 2134 4550 reretur,
2168 4494 2343 4539 utrum
2369 4486 2468 4542 hoc
2483 4489 2751 4559 Baptisma
2780 4494 3053 4550 crederem
3076 4515 3088 4551 :
3109 4502 3494 4569 responderem

1902 4575 1974 4629 ita
1996 4589 2082 4629 me
2107 4576 2357 4644 credere;
2387 4594 2449 4633 ac
2473 4595 2569 4650 per
2619 4582 2719 4637 hoc
2764 4600 2929 4639 unum
2972 4587 3238 4657 Baptisma
3255 4594 3393 4662 quod
3415 4604 3505 4651 est

1901 4665 1955 4720 iu
1980 4666 2214 4722 Ecclesia
2243 4680 2426 4724 sancta
2448 4686 2533 4725 me
2560 4673 2780 4729 credere
2802 4677 3202 4746 reSponderem.
3230 4681 3286 4738 Si
3316 4694 3496 4742 autem

1901 4768 2252 4828 quaereretur,
2283 4770 2460 4817 utrum
2490 4764 2543 4818 in
2586 4764 2696 4819 sola
2724 4776 2906 4823 sancta
2937 4780 3081 4825 esset
3112 4772 3352 4829 Ecclesia
3372 4818 3389 4843 ,
3444 4788 3499 4833 et

1900 4850 2039 4920 apud
2061 4850 2339 4906 haereticos
2355 4854 2435 4908 vel
2458 4854 2827 4913 schismaticos
2854 4874 2961 4915 non
2986 4872 3159 4929 esset;
3185 4879 3289 4920 non
3312 4883 3398 4921 me
3421 4869 3493 4923 ita

1897 4940 2116 4995 credere
2132 4956 2252 4995 cum
2281 4950 2388 4996 tota
2412 4942 2648 5000 Ecclesia
2677 4949 3079 5017 responderem.
3110 4951 3215 5009 Sed
3242 4958 3363 5025 quia
3388 4957 3489 5009 hoc

1895 5031 1987 5087 ille
2012 5032 2063 5085 in
2094 5034 2357 5088 sententia
2389 5050 2483 5089 sua
2516 5052 2623 5091 non
2649 5040 2861 5107 posuit,
2892 5051 3020 5112 puto
3043 5060 3159 5100 esse
3184 5047 3486 5116 improbum

1894 5133 1951 5179 ut
1970 5139 2069 5194 ego
2090 5124 2164 5179 illi
2191 5125 2381 5181 addam
2409 5127 2569 5183 verba
2594 5140 2779 5185 contra
2805 5148 2925 5203 quae
2945 5134 3231 5206 disputem,
3260 5152 3382 5206 qua:
3408 5138 3487 5193 ibi

1896 5231 2001 5271 non
2029 5217 2228 5271 inveni.
2258 5218 2335 5274 Ita
2366 5220 2510 5275 enim
2552 5222 2598 5277 si
2625 5222 2857 5292 diceret,
2906 5226 3020 5283 Una
3064 5237 3145 5282 est
3190 5243 3325 5296 aqua
3373 5229 3484 5284 Eu-

1892 5308 2101 5379 phratzc
2126 5308 2362 5366 ﬂuminis
2383 5353 2398 5377 ,
2430 5328 2549 5383 quae
2577 5323 2661 5369 est
2684 5315 2737 5370 in
2767 5318 3045 5386 paradiso;
3081 5333 3265 5373 verum
3296 5319 3483 5390 utique

1893 5400 2114 5457 diceret.
2142 5402 2246 5458 Sed
2273 5404 2317 5458 si
2347 5404 2786 5477 interrogaretur,
2817 5419 2989 5464 utrum
3016 5410 3069 5464 in
3091 5410 3205 5465 solo
3230 5413 3482 5481 paradiso

1890 5485 2034 5548 esset
2061 5492 2160 5548 ista
2185 5510 2354 5565 aqua,
2400 5506 2454 5551 et
2498 5498 2566 5552 ita
2598 5514 2717 5555 esse
2757 5500 2990 5566 diceret,
3036 5500 3223 5556 falsum
3255 5504 3475 5563 diceret.

1954 5606 2105 5670 iam.
2148 5612 2221 5654 Er.
2247 5613 2299 5657 et
2320 5610 2471 5670 nostri
2494 5621 2666 5658 omnes
2699 5616 2834 5668 Mss,
2878 5611 3133 5663 Pollianus.
3160 5621 3225 5665 Ex
3252 5617 3326 5668 his
3347 5634 3471 5670 non-

1890 5665 2006 5738 nulli
2015 5666 2230 5743 'habent,
2250 5683 2280 5717 a
2304 5668 2483 5730 Mileu;
2508 5678 2560 5719 et
2582 5671 2791 5733 quidam,
2815 5665 2844 5719 ὰ
2863 5672 3027 5725 Mileii.
3053 5686 3153 5726 am.
3171 5665 3473 5743 veraci-EE,

1888 5728 2134 5859 ﬂigi?
2156 5780 2372 5859 antiquis
2523 5798 2573 5859 et
2594 5794 2719 5855 apud
2737 5798 3035 5859 Cyprianum.
3064 5808 3119 5852 At
3142 5804 3190 5852 in
3211 5803 3352 5856 editis
3369 5814 3468 5857 Am.

1890 5858 1942 5899 et
1962 5856 2058 5911 Er.,
2082 5851 2133 5901 in
2156 5851 2365 5904 Ecclésia
2388 5853 2581 5903 Christi.

1952 5913 1973 5944 ³
1996 5922 2113 5990 Vox,
2134 5914 2373 5990 Deitquze
2395 5916 2455 5964 ab
2478 5921 2551 5965 Er.
2574 5924 2627 5968 et
2648 5924 2759 5972 ιον.
2787 5934 3029 5987 θιριιιιοω
3050 5926 3226 5990 fuerat,
3246 5931 3469 5980 restitut-

1890 5980 1970 6024 ιω·
1994 5987 2057 6024 ex
2078 5983 2184 6027 MSS.
2212 5984 2263 6027 et
2297 5986 2394 6026 Am.
