4008 6468
477 541 575 599 2η

477 656 577 711 Est
597 651 741 711 enim
770 658 825 708 et
852 654 1046 722 praeter
1085 618 1390 716 paradisum
1431 635 1483 690 in
1511 633 1593 687 bis
1614 627 1805 694 terris,
1835 625 1888 679 in
1930 616 2063 725 quas

484 746 555 804 ab
580 745 673 802 illo
704 743 850 800 fonte
877 742 1175 812 permanat.
1202 729 1310 789 Sed
1334 727 1455 801 quis
1482 732 1567 782 est
1592 731 1702 778 tam
1729 726 2061 812 temerarius,

483 836 575 909 qui
601 836 743 893 dicat
765 806 1028 889 hoc-eum
1056 836 1437 898 responsurum
1484 816 1648 872 fuisse
1690 809 1853 909 quod-
1875 806 2066 862 falsum

485 902 602 995 est,
634 915 754 986 cum
785 931 965 997 posset
988 924 1213 977 fortasse
1239 918 1339 973 hoc
1368 909 1694 983 respondere
1717 902 1857 977 quod
1883 913 2068 956 verum

484 1021 971 1090 est?Quapr0pter
992 1014 1151 1070 verba
1195 1011 1353 1081 hujus
1396 1004 1675 1063 sententia:
1723 1016 1828 1055 non
1873 999 2070 1054 debent

484 1113 686 1171 habere
712 1109 1219 1172 contradictionem,
1246 1103 1370 1177 quia
1399 1098 1530 1156 nihil
1559 1095 1855 1171 impediunt
1877 1093 2071 1149 verita-

490 1212 621 1261 tem.

554 1294 779 1355 CAPUT
828 1294 991 1352 XXII.
1027 1324 1099 1336 —
1131 1292 1219 1348 58.
1260 1288 1527 1345 Dativusa
1547 1282 1705 1340 Badis
1731 1281 1863 1337 dixit
1891 1300 1904 1337 :
1937 1278 2068 1346 Nos,

483 1401 726 1465 quantum
756 1390 807 1444 in
835 1387 974 1443 nobis
991 1394 1095 1454 est,
1120 1358 1353 1439 hcgretico
1370 1396 1471 1436 non
1493 1374 1921 1433 communicamus
1936 1414 1951 1445 ,
1974 1372 2073 1426 nisi

481 1484 765 1556 baptizatus
784 1485 836 1539 in
859 1481 1088 1538 Ecclesia
1108 1478 1291 1553 fuerit,
1321 1483 1369 1531 et
1392 1471 1733 1530 remissionem
1758 1476 2071 1542 peccatorum

484 1578 748 1650 acceperit.

558 1693 647 1751 59.
688 1690 1067 1763 Respondetur
1094 1704 1108 1759 ς
1138 1685 1197 1747 Si
1225 1691 1509 1759 propterea
1534 1681 1617 1739 vis
1645 1696 1767 1741 eum
1784 1678 2071 1750 baptizari,

490 1787 615 1858 quia
648 1800 754 1857 non
783 1782 990 1854 accepit
1008 1778 1381 1841 remissionem
1422 1781 1794 1848 peccatorum;
1841 1772 1885 1827 si
1932 1771 2074 1826 intus

486 1879 719 1950 aliquem
748 1876 1014 1933 inveneris
1040 1875 1130 1947 qui
1158 1882 1344 1933 tenens
1365 1869 1546 1929 odium
1573 1868 1829 1925 adversus
1856 1865 2073 1924 fratrem

490 1971 569 2027 sic
604 1970 899 2041 baptizatus
924 1968 1023 2036 sit,
1055 1982 1177 2022 cum
1202 1964 1458 2021 Dominus
1498 1961 1709 2018 mentiri
1739 1974 1844 2015 non
1877 1957 2070 2028 possit,

490 2061 581 2135 qui
608 2062 701 2131 ait,
726 2061 788 2116 Si
808 2077 909 2114 non
942 2057 1231 2114 dimiseritis
1247 2097 1263 2125 ,
1294 2072 1396 2110 non
1415 2053 1551 2117 vobis
1571 2052 1847 2108 dimittetur
1860 2048 2070 2122 (Matth.

490 2172 574 2225 vi,
626 2156 752 2227 15),
798 2153 1009 2225 jubebis
1058 2160 1357 2211 correctum
1410 2148 1584 2209 denuo
1622 2142 1920 2215 baptizari?
1959 2141 2076 2203 Non

491 2250 715 2324 utique:
748 2250 826 2313 sic
854 2262 980 2319 ergo
1012 2261 1114 2307 nec
1159 2244 1485 2300 hazreticum.
1513 2241 1650 2299 Sana
1693 2241 1791 2294 isto
1837 2252 1932 2292 cur
1971 2252 2076 2292 non

491 2342 727 2398 breviter
767 2341 992 2407 dixerit,
1039 2339 1151 2395 Nos
1176 2337 1430 2401 ἀωτειὶεο
1476 2352 1576 2389 non
1619 2335 2075 2396 communicamus;

493 2436 588 2493 sed
616 2435 847 2503 addidit,
869 2444 1113 2506 quantum
1134 2434 1187 2487 in
1210 2430 1351 2486 nobis
1373 2438 1444 2483 est
1466 2445 1485 2485 .'
1506 2443 1612 2482 non
1642 2436 1724 2485 εει
1749 2434 2075 2496 praetereun-

494 2526 641 2582 dum.
676 2526 815 2583 Vidit
860 2526 1001 2583 enim
1033 2525 1212 2595 plures
1239 2523 1363 2581 huic
1409 2519 1686 2579 sententia:
1732 2518 2037 2577 consentire
2060 2558 2074 2585 ,

491 2634 523 2674 a
554 2634 778 2691 quorum
809 2627 983 2677 tamen
1012 2616 1312 2681 consortio,
1360 2628 1429 2669 ne
1452 2612 1741 2671 violaretur
1778 2610 1954 2665 unitas
1973 2650 1992 2675 ,
2022 2624 2079 2664 se

491 2710 582 2767 isti
610 2725 860 2784 separare
881 2725 986 2764 non
1011 2716 1244 2777 possent,
1274 2714 1327 2767 et
1351 2704 1574 2769 addidit,
1598 2709 1843 2774 quantum
1866 2702 1919 2756 in
1939 2700 2080 2755 nobis

497 2810 569 2856 est
626 2816 646 2855 :
690 2801 872 2871 utique
924 2799 1298 2855 demonstrans
1348 2812 1455 2851 non
1507 2795 1776 2851 voluntate
1824 2808 1884 2851 se
1933 2807 2082 2847 com-

492 2893 770 2949 municare
828 2892 909 2947 bis
968 2906 1105 2963 quos
1167 2891 1524 2947 arbitrabatur
1582 2888 1909 2958 Baptismum
1976 2900 2081 2941 non

493 2984 695 3041 habere
713 3025 730 3051 ,
758 2984 853 3041 sed
881 2994 1056 3041 tamen
1081 2984 1261 3040 omnia
1288 2982 1429 3051 bono
1458 2982 1603 3053 pacis
1631 2988 1687 3035 et
1726 2979 1939 3037 unitatis
1964 2992 2084 3034 esse

494 3078 769 3149 toleranda
790 3094 805 3144 ;
824 3077 965 3148 quod
983 3085 1036 3132 et
1058 3077 1129 3131 illi
1148 3076 1430 3142 faciebant,
1458 3074 1547 3144 qui
1577 3074 1706 3128 istos
1725 3086 1828 3128 non
1844 3079 1990 3133 recte
2011 3072 2088 3129 fa-

496 3187 620 3227 cere
644 3171 945 3227 sentiebant
971 3212 984 3238 ,
1013 3182 1066 3225 et
1094 3169 1224 3224 illud
1255 3169 1503 3223 tenebant
1528 3166 1669 3238 quod
1690 3175 1872 3236 postea
1898 3164 2086 3225 melius

499 3262 768 3321 declarata
817 3263 1015 3318 veritas
1058 3262 1267 3327 docuit,
1316 3269 1371 3317 et
1433 3259 1699 3330 antiquior
1758 3257 2087 3317 consuetudo

497 3356 723 3413 concilio
751 3354 1045 3426 posteriore
1074 3355 1283 3408 ﬁrmata
1308 3352 1577 3413 robustius
1612 3350 1875 3421 persuasit
1902 3367 1915 3404 :
1948 3349 2087 3405 invi-

498 3462 616 3503 cem
643 3464 702 3513 se
732 3456 906 3519 tamen
929 3486 944 3513 ,
972 3460 1096 3501 cum
1117 3444 1259 3501 salva
1280 3444 1538 3507 charitate
1560 3443 1768 3499 diversa
1796 3442 2083 3505 sentirent,

498 3538 728 3596 sollicita
760 3537 954 3608 pietate
982 3536 1343 3592 toleraverunt
1367 3575 1381 3601 ,
1425 3534 1700 3591 studentes
1724 3549 1938 3591 servare
1964 3532 2088 3595 uni-

502 3638 665 3687 tatem
694 3629 912 3700 spiritus
940 3629 992 3683 in
1021 3626 1236 3685 vinculo
1261 3627 1406 3697 pacis
1432 3626 1645 3699 (Ephes.
1674 3642 1756 3690 tv,
1786 3625 1821 3678 2
1840 3664 1856 3693 ,
1887 3624 1975 3693 3),
2004 3625 2094 3678 do-

503 3739 607 3781 nec
632 3722 815 3778 alteris
840 3736 1022 3778 eorum
1044 3760 1058 3785 ,
1083 3720 1126 3776 si
1157 3719 1281 3790 quid
1304 3719 1460 3775 aliter
1488 3727 1769 3788 saperent,
1799 3716 1849 3772 id
1881 3731 2093 3787 quoque

501 3814 606 3871 illis
632 3814 775 3879 Deus
800 3813 1061 3880 revelaret
1082 3811 1338 3883 (Philipp.
1367 3826 1445 3877 III,
1469 3810 1582 3881 15).
1606 3809 1720 3865 Hoc
1741 3808 1828 3865 isti
1853 3808 2088 3875 audiant,

505 3923 538 3963 a
582 3908 772 3979 quibus
800 3923 895 3980 per
923 3906 1025 3973 hoc
1051 3906 1334 3971 concilium
1367 3906 1542 3965 unitas
1583 3912 1917 3973 oppugnatur
1940 3940 1955 3968 ι
1998 3917 2095 3972 per

505 4002 647 4071 quod
697 4001 978 4065 concilium
1023 4008 1278 4071 quantum
1320 3996 1549 4053 amanda
1589 3996 1659 4052 sit
1696 3997 1873 4059 unitas
1911 3995 2094 4054 decla-

504 4104 673 4161 ratur.

580 4186 803 4243 CAPUT
834 4185 1027 4243 XXIII.
1050 4213 1123 4226 --
1151 4184 1241 4240 40.
1272 4182 1561 4247 Successus
1589 4181 1659 4238 ab
1683 4182 1849 4238 Abbir
1875 4181 2097 4239 Germa-

510 4280 723 4351 niciana
751 4280 769 4310 ¹
797 4279 935 4335 dixit
966 4297 982 4336 :
1011 4278 1276 4349 ereticis
1296 4285 1385 4330 aut
1410 4276 1536 4331 nihil
1563 4277 1695 4338 licet,
1728 4286 1816 4331 aut
1841 4285 2000 4330 totum
2028 4277 2097 4337 li-

509 4381 603 4429 cet.
639 4371 698 4425 Si
727 4382 932 4441 possunt
958 4370 1247 4439 baptizare,
1291 4379 1499 4439 possunt
1523 4379 1569 4424 et
1596 4369 1846 4439 Spiritum
1872 4378 2098 4427 sanctum

513 4463 638 4518 dare
661 4478 678 4517 :
701 4463 745 4518 si
782 4471 946 4523 autem
980 4462 1227 4534 Spiritum
1267 4470 1498 4516 sanctum
1541 4460 1664 4514 dare
1693 4476 1794 4514 non
1853 4470 2094 4531 possunt,

516 4554 636 4624 quia
676 4571 777 4608 non
808 4553 988 4607 habent
1018 4553 1270 4624 Spiritum
1296 4560 1529 4609 sanctum
1549 4594 1563 4619 ,
1597 4569 1686 4607 nec
1711 4552 1967 4624 baptizare
1993 4555 2100 4627 api»

510 4648 764 4711 ritualiter
788 4655 1017 4717 possunt.
1051 4644 1333 4716 Pr0pterea
1356 4660 1612 4701 censemus
1641 4646 1898 4707 haereticos
1929 4646 2097 4718 bapti—

512 4741 632 4815 zari.
646 4743 687 4793 ².
1450 4732 1455 4741 ’

585 4833 677 4887 41.
696 4832 828 4888 lluic
851 4846 1018 4903 prope
1046 4831 1267 4897 totidem
1278 4832 1455 4890 verbis
1468 4832 1539 4888 ita
1561 4832 1870 4903 responderi
1890 4841 2101 4904 potest:

513 4924 806 4989 Homicidia
826 4933 918 4980 aut
945 4924 1076 4981 nihil
1110 4925 1270 4992 licet,
1298 4932 1392 4983 aut
1418 4933 1587 4981 totum
1613 4926 1752 4981 licet.
1799 4924 1855 4983 Si
1883 4934 2105 4996 possunt

513 5017 785 5087 baptizare
805 5058 821 5085 ,
850 5025 1073 5087 possunt
1097 5025 1151 5093 et
1187 5016 1439 5087 Spiritum
1467 5026 1709 5074 sanctum
1739 5016 1868 5075 dare
1897 5036 1910 5073 :
1934 5020 1981 5075 si
2010 5034 2105 5074 au-

516 5119 627 5165 tom
655 5108 908 5179 Spiritum
953 5117 1197 5169 sanctum
1239 5108 1368 5167 dare
1407 5124 1513 5165 non
1553 5117 1804 5180 possunt,
1846 5110 1967 5180 quia
1996 5125 2106 5165 non

513 5200 721 5265 habent
742 5202 999 5273 Spiritum
1037 5211 1279 5265 sanctum
1297 5244 1312 5270 ,
1343 5218 1444 5259 nec
1466 5204 1737 5273 baptizare
1760 5203 2106 5273 spiritualiter

514 5304 759 5368 possunt.
807 5295 1094 5367 Propterea
1133 5312 1415 5357 censemus
1457 5296 1525 5351 ab
1564 5295 1842 5351 honiicidis
1871 5295 2104 5364 baptiza-

516 5394 623 5453 tos,
644 5387 730 5443 vel
756 5385 1048 5443 homicidas
1073 5387 1366 5458 baptizatos
1391 5386 1622 5457 atquein
1649 5386 1838 5441 melius
1858 5400 1963 5441 non
1989 5400 2107 5441 mu-

518 5486 658 5535 tatos
679 5521 693 5544 ,
720 5494 841 5535 cum
865 5495 925 5537 se
945 5481 1308 5543 correxerint,
1341 5478 1615 5548 baptizari.
1656 5479 1726 5533 At
1755 5477 1858 5533 hoc
1892 5491 1999 5532 non
2024 5474 2111 5535 es't

518 5587 725 5627 verum.
762 5573 862 5639 Qui
904 5575 1049 5629 enim
1073 5574 1177 5630 odit
1223 5573 1432 5641 fratrem
1466 5588 1613 5626 suum
1654 5570 1907 5627 homicida
1947 5580 2018 5629 est
2046 5571 2108 5643 (Ι

522 5661 677 5717 Joan.
705 5679 759 5718 ιιι
784 5705 798 5731 ,
832 5665 944 5736 15).
979 5666 1045 5720 Ει
1074 5664 1207 5720 tales
1236 5672 1458 5720 noverat
1485 5664 1627 5718 intus
1654 5662 1977 5736 Cyprianus,
2019 5664 2108 5736 qui

588 5860 603 5926 ξ
632 5867 732 5909 Am.
748 5867 802 5926 et
824 5867 923 5921 ΕΓ..
946 5873 978 5910 a
1007 5860 1481 5926 nirgennmricima:
1504 5860 1756 5926 mendose.

585 5924 608 5952 ³
631 5924 777 5989 Lugd.
804 5931 943 5989 veru,
976 5922 1231 5989 Propterea
1253 5934 1496 5989 censemus
1527 5923 1778 5989 htcreticos
1801 5922 2111 5989 baptizandos

521 5995 639 6094 ﬁ.
664 5986 749 6093 sit“:i
762 5985 909 6033 etiam
930 5991 1025 6046 Er.,
1049 5986 1131 6049 qui
1161 5992 1322 6037 tamen
1355 5986 1471 6048 fert,
1504 5987 1791 6050 εεηδαίηιειδ,
1815 5985 1919 6052 pro,
1945 5998 2110 6042 cense-

1237 523 1326 579 DE
1365 513 1709 576 BAPTISMU
1739 501 2025 571 CONTRA
2051 496 2499 568 DONATISTAS,
2539 498 2597 556 S.
2640 496 3008 568 AUGUSTINI

2136 1116 2141 1119 ι
2175 1079 2336 1147 aiant,
2379 1096 2480 1134 non
2520 1096 2671 1152 super
2701 1079 2928 1134 haeresim
2976 1095 2994 1133 :

3652 494 3754 551 212

2174 614 2353 686 utique
2385 612 2740 687 baptizabant.
2765 611 2986 671 Frustra
3011 625 3138 686 ergo
3172 612 3296 670 talia
3320 610 3388 670 de
3422 610 3754 684 baptizandis

2173 706 2435 762 haireticis
2456 706 2595 763 dicta
2625 716 2769 767 sunt.

2244 798 2469 857 CAPUT
2508 799 2693 856 XXIV.
2742 830 2813 841 —
2855 798 2941 855 42.
2986 798 3303 855 Fortunatus
3339 815 3371 854 a
3421 798 3753 857 Thuccabori

2174 895 2307 953 dixit
2336 915 2349 951 :
2376 894 2528 950 Jesus
2552 897 2778 955 Christus
2800 893 3049 967 Dominus
3068 905 3113 949 et
3142 894 3277 951 Deus
3303 906 3492 962 noster,
3522 895 3619 951 Dei
3646 896 3753 951 Pa-

2173 988 2263 1047 tris
2293 996 2337 1042 et
2357 989 2593 1044 creatoris
2619 987 2785 1043 Filius
2805 1031 2819 1057 ,
2843 1006 2991 1059 super
3019 999 3211 1061 petram
3241 990 3259 1020 ί
3282 989 3551 1059 aediﬁcavit
3584 987 3757 1043 Eccle-

3041 1089 3087 1133 et
3133 1090 3427 1151 potestatem
3464 1079 3758 1148 baptizandi

2176 1175 2423 1247 episcopis
2444 1174 2614 1243 dedit,
2645 1192 2745 1229 non
2774 1174 3039 1229 hwreticis.
3067 1172 3234 1240 Quare
3260 1175 3347 1248 qui
3374 1175 3395 1205 '
3419 1183 3561 1227 extra
3584 1170 3758 1228 Eccle-

2176 1268 2301 1321 siam
2324 1275 2441 1322 sunt
2459 1309 2475 1335 ,
2506 1275 2553 1321 et
2576 1276 2752 1321 contra
2779 1266 3031 1321 Christum
3055 1275 3242 1321 stantes
3260 1309 3275 1335 ,
3308 1283 3422 1322 oves
3444 1267 3555 1338 ejus
3581 1277 3626 1321 et
3649 1283 3761 1339 gre-

2176 1376 2286 1432 gem
2305 1369 2587 1435 spargunt,
2610 1360 2867 1433 baptizare
2894 1359 3022 1433 foris
3048 1376 3148 1414 non
3178 1370 3407 1437 possunt.

2248 1456 2336 1511 45.
2361 1454 2441 1510 Ad
2468 1454 2570 1511 hoc
2589 1454 2825 1521 addidit,
2871 1456 2996 1527 foris
3016 1496 3031 1520 ,
3073 1463 3129 1510 ut
3157 1454 3207 1510 ei
3228 1454 3337 1525 jam
3366 1452 3598 1509 breviter
3623 1453 3646 1484 ³
3676 1468 3762 1509 re-

2178 1548 2429 1619 sponderi
2477 1562 2584 1602 non
2632 1547 2817 1621 possit.
2875 1546 3012 1609 Nam
3060 1556 3115 1604 et
3176 1547 3300 1603 huic
3345 1546 3566 1604 totidem
3626 1562 3766 1618 pene

2178 1640 2353 1699 verbis
2399 1641 2468 1696 ita
2510 1640 2928 1713 responderetur
2964 1658 2977 1705 ;
3025 1639 3179 1696 Jcsus
3221 1639 3467 1697 Christus
3507 1639 3767 1696 Dominus

2179 1747 2234 1794 et
2263 1737 2400 1795 Deus
2425 1747 2608 1795 noster
2626 1780 2641 1807 ,
2672 1737 2768 1797 Dei
2807 1736 2982 1796 Patris
3008 1745 3062 1793 et
3085 1736 3344 1795 creatoris
3369 1734 3533 1791 Filius
3553 1776 3569 1801 ,
3604 1749 3768 1807 super

2179 1841 2384 1905 petram
2431 1831 2712 1889 aediﬁcavit
2764 1830 3092 1900 Ecclesiam,
3152 1846 3261 1888 non
3306 1845 3467 1902 super
3512 1828 3768 1900 iniquita-

2179 1937 2288 1985 tem
2332 1946 2346 1983 :
2395 1937 2448 1984 et
2476 1937 2789 2000 potestatem
2817 1926 3121 1999 baptizandi
3148 1926 3413 1997 episcopis
3441 1923 3627 1993 dedit,
3659 1938 3771 1981 non

2179 2020 2394 2091 iniquis.
2437 2020 2612 2086 Quare
2642 2019 2733 2092 qui
2774 2034 2880 2079 non
2920 2020 3191 2089 pertinent
3226 2017 3294 2077 ad
3337 2028 3577 2090 petram,
3604 2030 3773 2086 super

2180 2129 2338 2189 quam
2373 2112 2636 2169 aedificant
2658 2112 2747 2184 qui
2776 2112 2936 2171 verba
2964 2112 3058 2169 Dei
3089 2112 3308 2167 audiunt
3334 2120 3389 2167 et
3416 2110 3648 2179 faciunt,
3674 2108 3775 2167 sed

2181 2217 2365 2263 contra
2393 2206 2663 2269 Christum
2691 2208 2928 2265 viventes
2957 2205 3224 2265 audiendo
3249 2204 3409 2263 verba
3434 2204 3551 2274 ejus
3580 2213 3634 2259 et
3664 2218 3775 2261 non

2181 2298 2422 2355 faciendo
2441 2342 2456 2367 ,
2502 2313 2564 2354 ac
2587 2314 2684 2371 per
2709 2297 2813 2355 hoc
2836 2313 2997 2371 super
3024 2311 3242 2353 arenam
3268 2293 3614 2365 aediﬁcando,
3643 2307 3777 2353 oves

2182 2392 2297 2463 ejus
2336 2400 2389 2449 et
2421 2406 2633 2463 gregem
2674 2380 3004 2464 perditorum
3034 2404 3239 2445 morum
3268 2388 3512 2459 exemplo
3531 2402 3779 2449 corrum-

2182 2491 2313 2552 punt
2333 2524 2346 2548 ,
2376 2482 2645 2552 baptizare
2665 2498 2769 2537 non
2794 2488 3031 2553 possunt.
3056 2480 3319 2551 Numquid
3340 2495 3445 2536 non
3467 2488 3651 2552 posset
3672 2479 3780 2543 hoc

2182 2574 2542 2629 vcrisimiliter
2588 2573 2736 2643 dici?
2786 2582 2842 2647 ct
2886 2582 3062 2633 tamen
3107 2572 3302 2631 falsum
3348 2579 3447 2629 est.
3495 2571 3781 2642 Baptisant

2186 2667 2381 2736 quippe
2409 2665 2575 2738 iniqui
2599 2683 2613 2732 ;
2642 2658 3083 2739 quoniam'iniqui
3108 2673 3231 2735 sunt
3255 2664 3331 2720 illi
3356 2672 3616 2735 raptores,
3640 2678 3782 2735 quos

2185 2759 2238 2813 in
2284 2758 2485 2815 unitate
2526 2773 2706 2821 secum
2738 2757 2940 2829 positos
2975 2754 3269 2828 Cyprianus
3294 2756 3551 2827 arguebat
3577 2754 3779 2827 (Serm.

2187 2850 2250 2905 de
2270 2849 2497 2921 Lapsis).
2527 2849 2631 2905 Sed
2657 2850 2776 2907 ideo
2796 2890 2813 2917 ,
2840 2848 3011 2922 inquit
3037 2848 3058 2882 δ
3077 2890 3095 2918 ,
3123 2848 3325 2905 addidit
3353 2849 3495 2921 foris.
3518 2847 3629 2915 Cur
3649 2862 3785 2919 ergo

2188 2943 2271 2998 isti
2303 2945 2430 2998 foris
2453 2944 2722 3014 baptizare
2748 2959 2852 3001 non
2877 2943 3143 3013 possunt?
3169 2943 3254 3013 An
3277 2942 3400 3011 quia
3422 2941 3637 3013 pejores
3657 2948 3786 3003 sunt

2189 3053 2254 3095 eo
2274 3038 2389 3109 ipso
2414 3054 2520 3109 quo
2549 3039 2679 3094 foris
2702 3038 2865 3093 sunt?
2884 3037 2990 3103 Sed
3018 3037 3148 3094 nihil
3177 3039 3403 3101 interest
3418 3036 3484 3091 ad
3506 3036 3759 3105 integrita

2189 3139 2297 3189 tem
2339 3132 2595 3203 Baptismi
2619 3174 2634 3200 ,
2683 3132 2895 3204 quando
2927 3132 3075 3202 pejor
3117 3131 3171 3186 id
3212 3131 3399 3193 tradat.
3426 3131 3610 3201 Neque
3636 3131 3787 3189 enim

2192 3233 2397 3283 tantum
2421 3226 2641 3293 interest
2661 3224 2801 3280 inter
2827 3225 3023 3303 malum
3043 3231 3099 3287 et
3119 3224 3358 3295 pejorem
3375 3265 3390 3292 ,
3421 3231 3685 3293 quantum
3707 3222 3790 3279 in-

2195 3324 2359 3372 terest
2387 3317 2525 3372 inter
2550 3316 2744 3371 bonum
2774 3325 2829 3373 et
2853 3316 3049 3373 malum
3077 3333 3092 3372 :
3119 3324 3173 3371 et
3198 3325 3373 3375 tamen
3400 3330 3522 3373 cum
3549 3314 3790 3385 baptisat

2193 3412 2392 3477 malus,
2418 3426 2523 3467 non
2545 3409 2686 3464 aliud
2716 3409 2807 3463 dat
2827 3423 2985 3479 quam
3007 3409 3198 3469 bonus.
3228 3407 3371 3479 Ergo
3394 3414 3589 3465 etcum
3609 3406 3792 3478 bapti-

2194 3513 2279 3561 zat
2323 3504 2475 3576 pejor
2496 3544 2511 3572 ,
2541 3518 2647 3559 non
2670 3502 2810 3567 aliud
2837 3501 2926 3557 dat
2950 3517 3109 3573 quam
3132 3492 3219 3567 ille
3246 3502 3333 3572 qui
3358 3501 3534 3565 minus
3557 3509 3646 3559 est
3669 3515 3791 3557 mas

2194 3599 2298 3655 Ius.
2327 3599 2409 3652 An
2438 3596 2574 3653 forte
2601 3610 2708 3653 non
2733 3595 2800 3650 ad
2829 3594 3061 3655 hominis
3083 3595 3328 3653 meritum
3354 3634 3371 3661 ,
3400 3593 3497 3654 sed
3520 3592 3590 3659 ad
3618 3593 3792 3663 ipsius

2195 3690 2452 3761 Baptismi
2480 3695 2870 3745 sacramentum
2896 3687 3125 3757 pertinet
3148 3697 3205 3745 ut
3231 3686 3360 3747 toris
3383 3684 3500 3741 dari
3525 3697 3635 3741 non
3660 3699 3795 3754 pose

2197 3786 2311 3841 sit?
2336 3784 2390 3840 Si
2419 3783 2521 3851 hoc
2541 3784 2610 3839 ita
2633 3791 2813 3850 esset,
2848 3796 2948 3841 nec
2975 3781 3157 3839 haberi
3183 3782 3310 3839 toris
3333 3790 3531 3852 posset,
3552 3789 3611 3837 et
3630 3781 3796 3837 toties

2197 3890 2419 3931 necesse
2456 3882 2599 3931 esset
2630 3873 2921 3946 baptizari,
2952 3875 3159 3943 quoties
3184 3872 3443 3929 recedens
3464 3872 3709 3944 quisque
3727 3872 3795 3929 ab

2199 3970 2435 4029 Ecclesia
2465 3984 2650 4029 rursus
2673 3969 2740 4024 ad
2762 3967 3054 4025 Ecclesiam
3081 3977 3391 4027 remeasset.

2274 4063 2361 4118 44.
2391 4062 2639 4117 Jamvero
2659 4063 2705 4119 si
2733 4060 3040 4130 diligentius
3065 4075 3368 4131 quaeramus
3393 4059 3519 4132 quid
3536 4061 3608 4116 sit
3628 4061 3796 4132 foris,

2199 4156 2430 4224 maxime
2466 4155 2589 4224 quia
2628 4154 2741 4224 ipse
2767 4154 3329 4213 commemorationem
3352 4152 3476 4210 fecit
3501 4162 3676 4223 petra
3705 4168 3800 4209 su-

2202 4264 2297 4319 per
2320 4263 2477 4318 quam
2504 4248 2525 4279 ⁸
2546 4247 2835 4304 aedificatur
2863 4247 3099 4305 Ecclesia
3133 4264 3147 4302 :
3171 4261 3349 4303 nonne
3376 4246 3449 4301 illi
3468 4246 3668 4301 suntin
3693 4246 3800 4300 Ec-

2202 4341 2365 4395 clesia
2389 4382 2404 4407 ,
2452 4340 2543 4410 qui
2586 4346 2711 4397 sunt
2752 4341 2805 4397 in
2849 4349 3044 4411 petra;
3076 4340 3167 4411 qui
3202 4348 3381 4395 autem
3420 4339 3471 4393 in
3501 4347 3655 4408 petra
3696 4356 3799 4393 non

2203 4441 2350 4498 sunt,
2384 4447 2484 4487 nec
2514 4434 2565 4487 in
2589 4433 2829 4489 Ecclesia
2840 4431 3004 4489 sunt?
3028 4432 3145 4488 Jam
3167 4442 3296 4501 ergo
3312 4430 3589 4486 videamus
3614 4439 3803 4483 utrum

2204 4539 2364 4596 super
2410 4532 2616 4593 petram
2657 4523 2941 4581 aedificium
2980 4539 3135 4581 suum
3171 4522 3530 4588 constituant,
3562 4521 3659 4590 qui
3702 4535 3805 4576 au-

2204 4617 2355 4676 diunt
2400 4616 2600 4673 Christi
2642 4615 2838 4683 verba,
2877 4624 2933 4672 et
2973 4631 3077 4671 non
3120 4614 3337 4670 faciunt.
3363 4612 3698 4668 Contradicit
3724 4613 3806 4669 eis

2203 4712 2318 4782 ipse
2340 4711 2593 4766 Dominus
2610 4752 2623 4776 ,
2649 4709 2834 4765 dicens
2858 4726 2873 4764 :
2908 4709 3008 4777 Qui
3035 4708 3174 4763 audit
3199 4707 3345 4763 uerba
3372 4721 3483 4761 mea
3502 4706 3612 4762 haec
3637 4715 3693 4761 et
3719 4710 3806 4779 fa-

2206 4808 2271 4862 cit
2299 4823 2359 4863 ea
2378 4848 2393 4874 ,
2420 4807 2649 4865 similabo
2676 4807 2820 4862 illum
2849 4806 2955 4860 uiro
2980 4805 3211 4876 prudenti
3237 4805 3323 4875 qui
3346 4803 3569 4872 aediﬁcat
3594 4803 3810 4859 domum

2206 4918 2347 4955 suam
2401 4918 2553 4971 super
2600 4907 2839 4972 petram;
2886 4908 2940 4955 et
2969 4898 3130 4969 paulo
3168 4905 3321 4968 post,
3353 4896 3456 4963 Qui
3479 4894 3627 4950 audit
3652 4895 3811 4949 verba

2207 5012 2319 5052 utea
2364 4996 2470 5050 ha’c
2513 5002 2559 5051 et
2601 5006 2701 5050 nan
2728 4994 2848 5067 facit
2876 5009 2935 5048 ea
2952 5034 2970 5061 ,
2998 4990 3228 5047 similabo
3257 5006 3370 5045 eum
3395 4990 3501 5043 uiro
3529 4989 3695 5043 stulto
3722 4988 3809 5058 qui

2206 5088 2425 5157 wdiﬁcat
2468 5086 2674 5139 domum
2714 5102 2858 5140 suam
2890 5101 3041 5157 super
3065 5099 3271 5137 arenam
3302 5082 3515 5153 (Matth.
3546 5096 3625 5136 vn
3650 5122 3668 5148 ,
3697 5080 3806 5146 24,

2207 5177 2323 5253 9.6).
2362 5179 2418 5234 Si
2446 5193 2573 5249 ergo
2602 5177 2655 5232 in
2680 5185 2828 5247 petra
2859 5186 2941 5232 est
2970 5175 3204 5232 Ecclesia
3228 5216 3244 5242 ,
3276 5174 3349 5228 illi
3377 5174 3466 5245 qui
3492 5187 3660 5245 super
3686 5187 3813 5228 areo

2208 5288 2332 5329 nam
2375 5278 2536 5340 sunt,
2585 5271 2707 5341 quia
2741 5279 2889 5327 extra
2937 5280 3141 5340 petram
3183 5277 3340 5335 sunt,
3387 5265 3628 5337 profecto
3654 5275 3813 5331 extra

2210 5365 2507 5423 Ecclesiam
2563 5373 2707 5420 sunt.
2762 5364 3125 5419 Recordentur
3174 5362 3351 5431 itaque
3396 5372 3555 5429 quam
3604 5357 3814 5412 multos

2277 5547 2295 5577 ί
2326 5552 2372 5593 In
2395 5552 2523 5603 MSS,
2549 5555 2693 5609 super
2718 5548 2917 5593 Petrum
3068 5552 3091 5575 '

2275 5608 2392 5656 ἐφἰο
2415 5610 2462 5657 in
2486 5613 2591 5657 Mss.
2635 5604 2887 5668 plerisque
2930 5610 2981 5653 et
3003 5603 3127 5666 apud
3162 5606 3269 5667 Lor.
3312 5604 3366 5650 et
3408 5599 3718 5663 Cyprianum.
3763 5605 3817 5650 At

2275 5670 2336 5701 ιιιι
2371 5677 2445 5701 Am
2494 5677 2540 5701 at
2566 5676 2623 5701 ιτν
2687 5677 2841 5701 Ποιηνο
2861 5664 2882 5701 9
2901 5665 3018 5701 min
3035 5670 3190 5701 prim.
3220 5670 3316 5701 MP“

2213 5670 2339 5735 apud
2365 5677 2463 5719 Am.
2494 5677 2545 5718 et
2566 5676 2663 5729 Fr.,
2687 5677 2841 5728 Quare
2859 5670 2882 5715 2’
2901 5670 3018 5725 (mia
3034 5670 3194 5723 extra,
3220 5670 3317 5712 etc.

2251 5735 2300 5809 “3
2336 5733 2644 5782 Corbeiensis
2689 5737 2739 5781 et
2782 5729 3081 5793 antiquiores
3125 5725 3319 5791 quidam
3363 5732 3468 5773 Mss.
3494 5759 3509 5787 ,
3558 5728 3659 5774 tam
3705 5723 3811 5774 bre-

2213 5804 2396 5933 wfrrir:
2422 5865 2489 5933 let
2510 5865 2617 5908 ιον.
2639 5891 2653 5916 ,
2677 5857 2889 5920 inquam.
2917 5860 2971 5905 At
2995 5861 3092 5902 Am.
3117 5858 3169 5902 et
3187 5858 3316 5912 Mss,
3340 5854 3498 5914 mqutt
3535 5860 3563 5933 εδ
3575 5847 3819 5909 subaudi,

2216 5926 2491 6101 ζῗιηίῖἶξιὲἒὲ
2513 5989 2617 6033 Mss.
2633 6020 2646 6043 ,
2676 5979 2806 6033 Petri
2826 5992 2971 6044 super
2991 5991 3132 6041 quem
3159 5989 3178 6028 :
3201 5976 3346 6039 male,
3372 5982 3428 6027 ut
3456 5987 3523 6026 ex
3546 5974 3825 6036 sequenti-

2253 6061 2312 6100 us
2332 6059 2394 6101 na
2470 6082 2482 6096 .

2253 6061 2312 6100 us
2332 6059 2482 6111 patet.
