4008 6472
269 412 372 472 215
1650 414 1836 472 LIBEF

1944 415 2180 480 EXTUS.

267 536 654 587 commemoret
686 526 980 603 Cyprianus
1005 529 1151 586 velut
1175 528 1318 588 intus
1343 528 1545 600 positos
1571 529 1663 601 qui
1689 527 1855 586 aediﬁ-

268 629 388 678 cant
432 637 596 696 super
642 638 858 678 arenam
880 665 896 690 ,
928 622 978 677 id
1009 633 1117 691 est,
1151 623 1372 680 audiunt
1397 623 1557 678 verba
1586 622 1780 678 Christi
1807 631 1862 678 et

267 733 371 773 non
404 716 624 772 faciunt.
663 717 732 772 Et
769 716 889 772 ideo
931 717 1050 788 quia
1095 731 1254 787 super
1277 731 1493 773 arenam
1519 724 1676 785 sunt,
1709 725 1858 772 extra
1964 719 2049 774 illa
2075 722 2150 778 sic
2175 738 2498 788 evacuentur
2521 748 2867 809 qumeumque
2892 740 2944 795 in
2972 753 3130 812 prece
3156 716 3342 802 vitiosa
3363 716 3550 808 eorum

265 819 467 883 petram
494 825 614 866 esse
644 809 1028 864 convincuntur
1049 808 1222 880 ,quod
1251 817 1332 864 est
1351 817 1498 864 extra
1521 808 1852 866 Ecclesium:
1961 814 2198 884 regulam
2246 816 2371 876 ﬁdei
2412 822 2678 895 dicuntur,
2727 808 3174 899 quemadmodum
3219 837 3548 899 dmmouium

265 913 440 962 tamen
478 913 532 959 et
561 903 812 974 quamdiu
842 904 912 960 ita
940 913 1092 972 sunt,
1123 912 1177 959 et
1208 902 1443 959 nondum
1470 902 1556 958 vel
1587 917 1854 974 nunquam
1960 902 2158 964 Christi
2196 912 2414 971 nomine
2451 918 2765 977 excluditur.
2793 922 2926 980 Nam
2968 927 3151 999 utique
3190 929 3475 990 bis-retices
3499 936 3550 992 si

264 998 314 1053 in
346 997 537 1051 melius
563 1005 964 1052 commutantur
984 1037 1000 1063 ,
1025 996 1295 1066 baptizant
1320 1005 1374 1051 et
1401 995 1732 1066 baptizantur
1757 1012 1772 1061 ;
1802 1002 1856 1050 et
1957 998 2146 1059 afferat
2172 1020 2385 1076 precem
2416 1011 2682 1083 vitiosam,
2711 1032 2810 1074 nec
2824 1018 3021 1077 bonum
3046 995 3205 1082 habet
3235 1027 3546 1087 ‘charitatis

3449 453 3558 515 214

1969 542 2022 590 et
2047 538 2350 634 quia_certa
2375 543 2462 602 illa
2494 551 2798 622 evangeliea
2827 556 3020 626 verba,
3065 559 3181 617 sine
3219 563 3414 634 quibus
3445 583 3554 627 non

1966 636 2139 729 potest
2167 631 2468 703 Baptismns
2509 646 2844 715 consecrari,
2875 656 3083 704 tantum
3111 631 3322 723 valent,
3355 664 3414 712 ut
3451 673 3549 729 per

264 1089 562 1159 Baptismus
601 1105 758 1160 quem
787 1090 1012 1159 habent,
1045 1090 1148 1146 illis
1176 1089 1244 1146 ad
1269 1089 1663 1146 damnationem
1690 1089 1853 1146 desti-

262 1183 394 1236 natis
421 1181 627 1254 integer
653 1192 849 1238 manet.

327 1276 415 1330 45.
458 1274 641 1348 Neque
690 1275 792 1331 hoc
837 1276 952 1330 loco
994 1275 1097 1331 dici
1143 1285 1316 1347 potest
1359 1275 1473 1350 (a):
1528 1277 1660 1346 Quis
1705 1277 1847 1332 enim

261 1366 379 1422 facit
407 1369 586 1423 omnia
635 1369 794 1424 verba
843 1369 1075 1435 Domini,
1121 1385 1240 1440 qua:
1292 1370 1343 1424 in
1389 1370 1504 1440 ipso
1544 1370 1848 1440 cvangelico

261 1477 506 1518 sermone
538 1462 838 1532 conscripta
867 1472 1009 1530 sunt,
1037 1478 1194 1534 quem
1222 1464 1548 1519 concludens
1563 1465 1655 1532 ait,
1675 1464 1845 1519 aediﬁ-

259 1571 376 1611 care
404 1572 567 1626 super
595 1566 796 1627 petram
822 1557 910 1628 qui
938 1557 1123 1612 eadem
1153 1558 1315 1613 verba
1340 1557 1586 1613 audirent
1623 1569 1678 1612 et
1702 1557 1844 1614 face-

254 1661 408 1717 rent;
443 1666 608 1722 super
633 1667 846 1706 arenam
883 1661 1057 1706 autem
1083 1653 1173 1723 qui
1211 1652 1458 1712 audirent
1482 1662 1536 1708 et
1568 1668 1674 1709 non
1701 1653 1844 1710 face-

254 1745 403 1798 rent?
445 1744 578 1812 Quia
609 1746 726 1801 etsi
758 1761 788 1800 a
815 1746 1129 1817 quibusdam
1172 1762 1276 1802 non
1309 1746 1595 1818 implentur
1619 1747 1795 1804 omnia
1823 1787 1839 1816 ,

253 1836 303 1890 in
333 1836 523 1891 eodem
554 1846 730 1894 tamen
761 1853 1008 1892 sermone
1039 1838 1215 1907 posuit
1243 1837 1580 1904 medicinam,
1611 1839 1793 1895 dicens
1824 1859 1838 1895 :

251 1925 525 1992 Dimittite,
559 1938 603 1984 et
644 1928 920 1982 dimittetur
964 1929 1098 1984 vobis
1128 1929 1278 1999 (Luc.
1327 1945 1382 1985 vr
1406 1969 1421 1996 ,
1469 1931 1584 2002 57).
1618 1931 1686 1986 Et
1725 1941 1843 2001 post

249 2020 547 2076 orationem
577 2021 894 2078 dominicam
936 2023 988 2077 in
1027 2022 1215 2078 eodem
1261 2022 1378 2093 ipso
1415 2037 1663 2079 sermone
1696 2039 1842 2080 com-

248 2123 597 2170 memoratam
625 2123 784 2184 atque
808 2114 1164 2184 conscriptam
1191 2134 1203 2170 :
1237 2113 1364 2170 Dico
1393 2117 1523 2170 enim
1551 2116 1690 2171 vobis
1709 2157 1723 2184 ,
1754 2117 1837 2172 in-

249 2204 395 2274 quit,
423 2205 469 2260 si
498 2206 786 2259 dimiseritis
813 2216 1016 2277 peccata
1043 2206 1346 2273 hominibus,
1381 2207 1596 2262 dimittet
1622 2219 1667 2263 et
1704 2209 1838 2264 vobis

250 2296 404 2352 Pater
443 2310 601 2354 vester
637 2310 841 2369 peccata
875 2310 1076 2366 vestra;
1120 2300 1165 2354 si
1197 2310 1366 2355 autem
1406 2318 1505 2356 non
1549 2302 1838 2378 dimiseritis

250 2390 555 2458 hominibus,
586 2408 743 2461 neque
770 2390 922 2445 Pater
941 2401 1100 2446 vester
1126 2393 1340 2446 dimittet
1362 2392 1496 2447 vobis
1522 2381 1732 2464 (Matth.
1759 2411 1832 2462 γι,

253 2484 317 2538 Η
336 2526 350 2550 ,
385 2484 495 2554 15).
529 2485 664 2541 liinc
692 2494 745 2540 et
772 2485 960 2548 Petrus
986 2486 1060 2541 ait
1089 2489 1102 2517 ¹
1131 2528 1145 2554 ,
1179 2485 1310 2552 Quia
1353 2487 1571 2543 charitas
1614 2488 1839 2559 coeperit

250 2576 619 2632 multitudinem
650 2588 964 2649 peccatorum
993 2579 1035 2649 (l
1060 2578 1200 2635 Petr.
1231 2596 1314 2646 tv,
1346 2578 1400 2651 8)
1426 2597 1439 2634 :
1469 2596 1627 2651 quam
1656 2583 1836 2652 utique

251 2686 351 2726 non
383 2671 649 2728 habebant
676 2673 781 2741 illi,
810 2689 874 2730 nc
903 2689 995 2744 per
1025 2673 1127 2729 hoc
1151 2690 1314 2745 super
1341 2691 1558 2730 arenam
1604 2676 1835 2730 aedifica-

249 2763 406 2834 bant,
435 2766 502 2821 de
530 2767 724 2837 quibus
748 2766 886 2822 idem
917 2766 1212 2839 Cyprianus
1253 2767 1383 2822 dicit
1405 2807 1421 2835 ,
1449 2767 1588 2838 quod
1616 2768 1756 2822 intus
1783 2768 1836 2823 in

249 2856 504 2911 malevola
541 2857 738 2914 invidia
781 2859 939 2914 etiam
991 2859 1319 2930 temporibus
1363 2860 1671 2929 apostolicis
1717 2861 1838 2916 sine

251 2950 502 3006 cbaritate
529 2953 984 3008 conversabantur
1012 2953 1201 3024 (Epist.
1239 2955 1306 3009 73
1325 2996 1338 3019 ,
1369 2955 1437 3008 ad
1462 2954 1795 3029 Jubaianum)
1818 2971 1832 3024 ι

249 3051 304 3097 et
329 3043 442 3097 ideo
472 3043 614 3098 intus
640 3045 854 3114 quidem
883 3060 1001 3100 esse
1024 3046 1360 3115 videbantur,
1384 3046 1478 3103 sed
1501 3047 1629 3102 forts
1658 3058 1830 3116 erant,

250 3135 366 3204 quia
397 3135 450 3190 in
477 3136 565 3191 illa
595 3145 746 3207 petra
785 3152 880 3208 per
906 3153 1066 3208 quam
1107 3139 1439 3210 signiﬁcatur
1463 3140 1701 3197 Ecclesia
1729 3155 1837 3196 non

244 3237 412 3284 erant.

318 3323 537 3379 CAPUT
577 3323 746 3382 XXV.
771 3325 948 3381 —-46.
989 3325 1217 3382 Sedatus
1255 3341 1284 3381 a
1323 3326 1575 3382 Tuburbo
1605 3329 1626 3359 ²
1659 3326 1833 3384 dixit:

241 3415 316 3471 In
341 3427 579 3489 quantum
621 3435 756 3489 aqua
788 3420 1062 3475 sacerdotis
1089 3435 1232 3490 prece
1259 3420 1310 3472 in
1341 3417 1570 3473 Ecclesia
1613 3419 1838 3489 sancti/ia

238 3519 356 3564 tatu
396 3511 556 3566 abluit
585 3510 768 3568 delicta
791 3550 807 3576 ,
835 3511 887 3565 in
931 3521 1125 3565 tantum
1163 3511 1396 3565 hwretico
1435 3527 1662 3565 sermone
1703 3511 1838 3566 velut

237 3619 446 3658 concere
473 3603 493 3634 ³
519 3604 706 3673 infecta
732 3603 953 3657 cumulat
982 3612 1206 3672 peccata.
1243 3602 1410 3667 Quare
1435 3603 1663 3658 omnibus
1688 3604 1832 3673 paci-

238 3697 353 3764 ﬁcis
373 3697 572 3767 quidem
595 3698 779 3752 uiribus
799 3696 1057 3754 nitendum
1077 3706 1170 3764 est,
1197 3713 1258 3751 ne
1278 3698 1389 3767 quis
1415 3697 1647 3752 heretico
1667 3712 1837 3752 errore

240 3789 455 3859 infectus
479 3798 526 3844 et
556 3791 744 3846 tinctus
767 3829 784 3857 ,
810 3790 1069 3862 singulare
1093 3798 1140 3844 et
1175 3804 1347 3843 verum
1371 3789 1636 3858 Baptisma
1665 3790 1834 3844 detre‘

244 3892 335 3937 etet
361 3884 587 3953 accipere
612 3883 654 3948 ",
686 3897 784 3951 quo
813 3883 1040 3953 quisquis
1070 3895 1171 3937 non
1202 3881 1352 3953 fuerit
1374 3882 1652 3952 baptizatus
1680 3897 1835 3953 regno

245 3975 481 4030 caelorum
510 3976 595 4044 [iet
621 3976 816 4030 alienus
832 3975 872 4030 ⁸.

309 4067 399 4122 47.
441 4067 576 4123 Huic
620 4066 972 4138 respondetur
996 4107 1011 4134 ,
1051 4067 1174 4137 quia
1215 4067 1262 4122 si
1319 4081 1426 4122 non
1470 4065 1834 4122 sanctiﬁcatur

246 4174 374 4231 aqua
398 4202 413 4226 ,
441 4176 561 4216 cum
594 4161 771 4231 aliqua
800 4161 998 4216 erroris
1045 4161 1204 4216 verba
1236 4175 1332 4231 per
1359 4159 1678 4230 imperitiam
1707 4173 1834 4230 pre-

163 4313 168 4318 .
245 4263 390 4308 cator
413 4252 661 4319 eﬁ‘undit,
693 4253 847 4312 multi
874 4267 979 4308 non
1007 4253 1180 4308 solum
1209 4252 1356 4320 mali,
1387 4251 1482 4308 sed
1510 4253 1672 4307 etiam
1706 4252 1833 4308 boni

245 4344 429 4402 fratres
451 4347 502 4401 in
525 4347 640 4418 ipsa
661 4347 903 4403 Ecclesia
926 4361 1029 4402 non
1051 4348 1386 4402 sanctiﬁcant
1403 4361 1615 4416 aquam.
1645 4346 1836 4402 Multo-

245 4451 358 4492 rum
385 4441 524 4494 enim
555 4455 742 4510 preces
768 4439 1117 4494 emendantur
1145 4439 1401 4510 quotidie,
1433 4440 1477 4493 si
1504 4439 1832 4496 doctioribus

245 4525 435 4584 fuerint
477 4531 747 4598 recitatae,
789 4539 844 4587 et
869 4532 1034 4586 multa
1079 4530 1134 4585 in
1165 4531 1243 4587 eis
1282 4532 1619 4602 reperiuntur
1647 4542 1830 4587 contra

245 4622 555 4678 catholicam
597 4623 776 4679 ﬁdem.
828 4622 1094 4694 Numquid
1128 4623 1176 4679 si
1219 4623 1586 4680 manifestetur
1625 4625 1832 4694 aliquos

243 4712 534 4783 baptizatos
554 4757 570 4785 ,
598 4731 722 4771 eum
753 4717 855 4772 illa:
885 4731 1070 4786 preces
1099 4713 1255 4773 dicta:
1290 4731 1450 4788 super
1477 4731 1668 4786 aquam
1697 4716 1830 4770 fuis-

244 4815 376 4872 sent,
416 4807 746 4878 jubebuntur
783 4809 961 4864 denuo
994 4809 1250 4880 baptizari
1287 4809 1350 4863 οἳ
1375 4807 1510 4875 Quid
1550 4809 1660 4862 ita?
1697 4807 1829 4876 Quia

244 4897 553 4973 plerumque
601 4901 773 4972 precis
807 4901 992 4957 vitium
1023 4911 1239 4973 superat
1267 4903 1533 4973 precantis
1564 4900 1784 4957 allectus
1811 4918 1826 4955 :

243 5209 262 5255 ι
289 5145 662 5255 ἐδιίῐέὲίίιῠίοΐοε
705 5153 808 5197 Mss.
832 5182 847 5208 ,
896 5155 1102 5200 Joannes
1147 5149 1232 5200 ait.
1273 5151 1443 5200 Verius
1491 5156 1685 5213 tamen,
1738 5159 1831 5203 Pe-

263 5219 288 5253 r
443 5247 454 5255 .

263 5216 454 5320 ηίδΑαιιιξί
467 5279 542 5321 Er.
572 5278 625 5322 et
647 5271 830 5335 aliquot
850 5278 978 5332 Mss,
995 5285 1026 5321 a
1052 5271 1278 5326 Tubarbo.

307 5334 328 5363 ³
349 5336 420 5382 Sic
454 5343 553 5384 Am.
581 5341 655 5384 Er.
696 5334 748 5384 et
779 5341 884 5384 Mss.
911 5335 989 5384 hic
1013 5342 1064 5385 et
1102 5337 1228 5398 apud
1260 5338 1558 5400 Cyprianum.
1602 5346 1656 5389 At
1686 5346 1827 5402 Lov.,

248 5403 448 5520 ταῖιπξιῖἱ.
475 5465 527 5508 et
551 5459 721 5520 plures
743 5465 848 5508 Mss.
868 5495 882 5520 ,
929 5462 1170 5509 retractet.
1200 5466 1271 5508 Er.
1287 5496 1301 5518 ,
1327 5460 1581 5513 detrectet.

306 5518 327 5549 υ
351 5495 527 5589 sit}?
543 5495 652 5589 iis;
664 5495 882 5589 signa
900 5495 1666 5589 capitatas;Lami-tgna
1687 5524 1831 5577 caelo-

248 5588 357 5647 rum
379 5580 584 5647 Eccltjsia
606 5581 690 5647 ﬁet
706 5580 907 5633 alienus.

310 5641 330 5671 ⁸
354 5643 454 5712 Sola
477 5643 586 5712 fere
606 5641 760 5712 editio
792 5652 921 5712 Lov.,
953 5645 1373 5712 manifestarentur
1413 5647 1565 5712 aliqui
1585 5647 1830 5712 baptizati,

420 5705 706 5768 juberentur
727 5705 882 5757 denuo
901 5705 1152 5771 baptizari.

311 5808 453 5881 (a)-].n
485 5810 617 5860 hunc
642 5810 800 5881 locum
821 5815 1144 5881 Lovanienses
1162 5847 1176 5873 ,
1203 5817 1569 5867 Annotationuxn
1593 5830 1701 5880 pag.
1732 5819 1788 5868 47
1816 5834 1828 5870 :

255 5875 447 5944 ssentit
467 5885 609 5944 ergo,
629 5889 652 5918 ιδ
676 5875 829 5944 aiunt,
853 5893 875 5944 ξι
898 5878 1127 5944 praecepti
1153 5889 1266 5926 esse
1290 5882 1447 5929 omnia
1470 5893 1579 5944 qua:
1593 5875 1834 5934 sermone

255 5942 282 5976 ι
299 5935 480 5985 Domini
500 5935 553 5985 in
574 5943 740 5988 monte
756 5935 918 5991 habito
939 5935 1262 5991 continentur.
1279 5956 1300 5986 ι

1957 1095 2223 1189 aﬁectum,
2285 1118 2391 1172 quo
2418 1107 2586 1174 possit
2629 1109 2716 1164 illa
2744 1111 3004 1183 imperitia
3027 1121 3306 1189 superari;
3338 1132 3392 1178 et
3417 1123 3540 1180 ideo

1953 1188 2144 1245 similis
2183 1201 2264 1248 est
2291 1195 2340 1250 ei
2369 1198 2685 1272 quicumque
2713 1205 2765 1258 in
2795 1206 2908 1277 ipsa
2937 1188 3206 1269 Catholica
3246 1213 3459 1273 invidus
3489 1227 3546 1274 et

1953 1283 2281 1390 riualevolu‘s.2
2337 1291 2522 1390 quales
2564 1295 2674 1390 illic
2724 1301 2894 1370 arguit
2941 1301 3239 1374 Cyprianus
3283 1325 3300 1363 :
3355 1309 3543 1368 aﬁ‘erat
3582 1331 3604 1390 ι

1952 1375 2131 1441 etiam,
2167 1385 2224 1433 ut
2249 1379 2364 1436 ﬁeri
2389 1384 2544 1452 solet,
2572 1386 2799 1458 aliquam
2827 1406 3060 1463 precem,
3086 1396 3138 1451 in
3165 1413 3266 1468 qua
3290 1399 3541 1472 loquatur

1950 1476 2133 1522 contra
2159 1472 2394 1541 regulam
2427 1475 2577 1544 ﬁdei;
2607 1479 2755 1534 multi
2782 1482 2977 1554 quippe
3001 1485 3208 1544 irruunt
3233 1490 3287 1544 in
3311 1505 3496 1561 preces
3521 1534 3537 1561 ,

1949 1575 2054 1614 non
2076 1563 2245 1618 solum
2267 1566 2335 1620 ab
2354 1567 2612 1638 imperitis
2634 1572 2960 1644 loquacibus,
2984 1577 3077 1632 sed
3100 1579 3258 1634 etiam
3281 1582 3348 1637 ab
3368 1583 3537 1639 haere-

1950 1654 2067 1710 ticis
2093 1660 2432 1730 compositas,
2458 1673 2512 1719 et
2538 1680 2632 1735 per
2657 1667 2970 1738 ignorantia:
2992 1673 3403 1748 simplicitatem,
3427 1695 3537 1744 non

1947 1763 2040 1805 eas
2063 1753 2297 1810 valentes
2327 1757 2628 1816 discernere
2651 1803 2666 1829 ,
2700 1771 2921 1820 utuntur
2946 1768 3023 1823 eis
3052 1769 3369 1828 arbitrantes
3395 1775 3536 1843 quod

1947 1843 2101 1901 bonze
2127 1849 2266 1915 sint;
2295 1867 2393 1907 nee
2415 1863 2589 1909 tamen
2618 1858 2760 1926 quod
2789 1859 2840 1913 in
2867 1860 2945 1914 eis
2973 1877 3281 1932 perversum
3307 1873 3391 1920 est
3414 1881 3539 1922 eva-

1944 1948 2067 1994 cuat
2091 1941 2177 1995 illa
2207 1958 2324 2012 quae
2354 1945 2424 2000 ibl
2451 1956 2594 2003 recta
2625 1962 2767 2019 sunt,
2800 1951 2894 2007 sed
2921 1954 2988 2010 ab
3013 1955 3091 2010 eis
3111 1957 3286 2027 potius
3309 1973 3538 2014 evacua-

1945 2035 2067 2120 tur:
2119 2036 2256 2089 sicut
2292 2037 2344 2090 in
2389 2038 2504 2110 ipso
2546 2040 2760 2098 homine
2796 2043 2952 2100 bonze
2995 2048 3108 2118 spei
3153 2055 3208 2103 et
3248 2050 3538 2120 probabilis

1946 2119 2089 2184 ﬁdei,
2121 2125 2213 2180 sed
2237 2135 2410 2183 tamen
2442 2130 2675 2201 homine,
2706 2134 2752 2188 si
2777 2134 2902 2206 quid
2922 2137 3078 2193 aliter
3098 2119 3262 2210 sapit,
3285 2156 3390 2197 non
3413 2143 3536 2199 inde

1944 2226 2268 2272 evacuantur
2294 2235 2411 2290 quae
2439 2233 2584 2280 recte
2613 2226 2782 2297 sapit,
2811 2227 2982 2285 donec
3005 2230 3052 2286 ei
3079 2229 3220 2287 Deus
3253 2233 3458 2290 revelet
3483 2244 3538 2291 et

1944 2306 2085 2375 quod
2115 2310 2268 2364 aliter
2292 2315 2428 2383 sapit
2459 2315 2714 2389 (Philipp.
2743 2335 2832 2396 ιιι,
2860 2319 2968 2393 15).
3008 2317 3063 2378 Si
3085 2333 3261 2380 autem
3284 2328 3398 2396 ipse
3423 2342 3537 2382 ma-

1942 2397 2026 2454 lus
2051 2410 2133 2456 est
2159 2411 2319 2474 atque
2345 2422 2644 2478 pervorsus,
2676 2411 2720 2465 si
2748 2395 2961 2481 precem
2990 2415 3252 2487 integram
3280 2395 3456 2486 dicat,
3483 2428 3539 2474 et

1943 2494 2082 2548 nulla
2112 2511 2175 2550 ex
2200 2507 2348 2567 parte
2377 2501 2497 2556 ﬁdei
2523 2503 2801 2560 catholica:
2827 2507 3129 2576 adversam,
3157 2526 3260 2567 non
3285 2506 3404 2569 ideo
3422 2513 3537 2584 ipse

1943 2596 2119 2642 rectus
2145 2597 2258 2656 est,
2291 2592 2412 2661 quia
2441 2593 2527 2650 illa
2559 2604 2700 2651 recta
2730 2607 2850 2654 est:
2884 2609 2936 2655 et
2962 2601 3008 2656 si
3030 2602 3082 2657 in
3118 2603 3379 2673 aliquibus
3411 2622 3536 2676 per-

1943 2687 2148 2733 versam
2180 2695 2392 2750 preccm
2424 2685 2627 2755 afferat,
2660 2689 2799 2745 Deus
2825 2693 2980 2747 adest
3005 2696 3324 2766 evangelicis
3355 2697 3535 2753 verbis

1941 2773 2087 2839 suis,
2120 2775 2236 2830 sine
2277 2778 2467 2848 quibus
2510 2780 2812 2852 Baptismus
2856 2784 3054 2842 Christi
3093 2789 3397 2844 consecrari
3424 2805 3532 2846 non

1943 2874 2148 2934 potest;
2179 2878 2232 2922 et
2257 2869 2370 2939 ipse
2397 2875 2691 2930 sanctiﬁcat
2718 2876 3122 2934 Sacramentum
3151 2896 3328 2947 suum,
3352 2889 3411 2937 ut
3435 2881 3534 2938 ho-

1941 2957 2073 3013 mini
2102 2949 2218 3020 sive.
2238 2971 2520 3034 antequam
2548 2965 2844 3037 baptizetur
2865 3012 2879 3038 ,
2908 2971 3020 3028 sive
3049 2987 3168 3027 cum
3198 2972 3495 3044 baptizatur
3516 3015 3532 3044 ,

1941 3051 2054 3109 sive
2098 3063 2279 3124 postea
2327 3059 2642 3132 quandoque
2690 3062 2756 3118 ad
2805 3077 2865 3120 se
2915 3065 3177 3122 veraciter
3230 3081 3532 3140 converso,

1941 3147 2170 3218 idipsum
2215 3151 2386 3207 valeat
2411 3151 2478 3208 ad
2508 3156 2732 3211 salutem
2754 3199 2768 3223 ,
2801 3159 2943 3229 quod
2970 3161 3037 3215 ad
3066 3161 3358 3232 perniciem
3385 3204 3401 3230 ,
3430 3162 3535 3218 nisi

1941 3249 2362 3311 converteretur,
2387 3245 2605 3302 valeret.
2629 3246 2892 3304 Caeterum
2919 3250 3038 3322 quis
3061 3253 3265 3308 nesciat
3287 3268 3392 3312 non
3414 3268 3535 3309 esse

1940 3330 2268 3401 Baptismum
2301 3335 2530 3405 Christi,
2560 3339 2603 3393 si
2634 3338 2793 3394 verba
2824 3343 3124 3412 evangelica
3151 3343 3344 3412 quibus
3369 3344 3530 3417 Sym-

1939 3421 2120 3478 bolum
2150 3435 2357 3483 constat
2378 3428 2483 3483 illic
2504 3427 2806 3486 defuerint?
2832 3431 2937 3488 Sed
2961 3433 3169 3492 facilius
3191 3436 3532 3492 inveniuntur

1941 3516 2178 3575 bmretici
2199 3520 2289 3591 qui
2310 3523 2527 3579 omnino
2550 3540 2654 3579 non
2676 3523 2963 3596 baptizent,
2990 3545 3148 3600 quam
3177 3531 3267 3602 qni
3293 3546 3399 3586 non
3422 3531 3529 3586 illis

1941 3609 2118 3669 verbis
2147 3613 2431 3684 baptizent.
2465 3614 2693 3688 Ideoque
2721 3618 2944 3676 dicimus
2971 3636 3077 3678 non
3107 3638 3322 3679 omnem
3352 3624 3532 3694 bapti-

1940 3721 2113 3762 smum
2141 3708 2284 3779 (nam
2309 3707 2360 3764 in
2390 3710 2567 3766 multis
2589 3711 2852 3768 idolorum
2875 3715 3146 3785 sacrilegis
3171 3717 3338 3772 sacris
3358 3716 3533 3788 bapti-

1939 3799 2048 3853 zari
2078 3799 2318 3856 homines
2344 3802 2737 3875 perhibentur),
2766 3805 2859 3860 sed
2881 3807 3208 3877 Baptismum
3232 3807 3451 3874 Christi,
3479 3808 3533 3864 id

1939 3903 2040 3962 est,
2075 3895 2248 3952 verbis
2279 3898 2596 3967 evangelicis
2623 3909 3025 3966 consecratum,
3057 3899 3253 3972 ubique
3280 3899 3531 3957 eumdem

1939 4003 2080 4056 esse,
2112 4003 2210 4044 nec
2240 3989 2515 4045 hominum
2545 3990 2902 4060 quorumlibet
2923 3998 2977 4046 et
3001 3991 3235 4063 qualibet
3259 3991 3528 4064 perversi-

1939 4085 2047 4134 tatc
2073 4078 2262 4134 violari
2293 4080 2393 4152 (a).
2621 4143 2624 4146 ,

2009 4170 2098 4228 48.
2139 4169 2278 4228 Sane
2315 4172 2369 4228 in
2400 4172 2498 4229 ista
2528 4188 2738 4246 quoque
2763 4174 3024 4232 sententia
3064 4190 3169 4233 non
3197 4175 3528 4250 negligenter

1939 4262 2295 4319 omittendum
2340 4274 2421 4321 est
2444 4307 2459 4334 ,
2491 4265 2632 4338 quod
2663 4266 2749 4322 hic
2780 4268 3097 4340 interposuit
3126 4279 3180 4327 et
3218 4271 3326 4340 ait,
3361 4272 3528 4338 Quare

1939 4358 2169 4435 omnibus
2199 4359 2425 4429 paciﬁcis
2451 4360 2653 4432 quidem
2679 4361 2863 4416 viribus
2893 4363 3155 4417 nitendum
3185 4373 3256 4418 est
3279 4405 3296 4431 ,
3328 4381 3391 4419 ne
3417 4364 3531 4436 quis

1941 4452 2174 4506 Iiwretico
2217 4469 2387 4508 errore
2429 4453 2676 4524 infectus,
2725 4465 2777 4509 et
2823 4465 3035 4511 caetera.
3083 4454 3342 4528 Respexit
3386 4455 3532 4512 enim

1939 4545 2097 4602 verba
2121 4548 2206 4602 illa
2229 4547 2368 4602 beati
2390 4548 2636 4620 Cypriani
2664 4548 2908 4618 dicentis,
2937 4548 3207 4608 Neminem
3215 4550 3526 4620 judicantes,

1936 4647 2024 4692 aut
2049 4655 2079 4692 a
2093 4640 2214 4710 jure
2237 4641 2602 4694 communionis
2629 4639 2848 4713 aliquem
2867 4682 2882 4711 ,
2913 4642 2958 4696 si
2986 4642 3236 4698 diversum
3266 4643 3478 4698 senserit
3508 4684 3524 4708 ,

1936 4740 2216 4785 amoventcs
2243 4729 2333 4802 (In
2361 4733 2568 4786 exordio
2595 4732 2850 4803 Consilii).
2885 4732 3024 4790 Ecce
3052 4744 3309 4806 quantum
3352 4736 3532 4794 valeat

1938 4821 1990 4876 in
2033 4821 2188 4876 bonis
2224 4822 2480 4878 Ecclesiae
2516 4824 2638 4879 ﬁliis
2675 4838 2826 4880 amor
2872 4826 3089 4884 unitatis
3137 4834 3192 4884 et
3233 4827 3420 4900 pacis,
3469 4836 3526 4884 ut

1936 4928 2070 4982 quos
2099 4913 2348 4970 dicebant
2375 4916 2661 4986 sacrilegos
2687 4923 2742 4972 et
2770 4916 3056 4988 profanos,
3096 4920 3213 4976 sine
3253 4918 3526 4990 Baptisms
3591 4986 3595 4990 ν

1935 5015 1993 5062 ιιι
2043 5006 2437 5063 arbitrabantur
2485 5007 2776 5074 admissos,
2833 5010 2877 5064 si
2927 5025 3021 5067 eos
3066 5019 3322 5083 quantum
3371 5016 3530 5082 puta-

1936 5099 2065 5153 bant
2109 5099 2376 5170 corrigerc
2418 5115 2522 5156 non
2553 5100 2826 5170 valerent,
2873 5104 3130 5174 eligerent
3169 5105 3343 5175 potius
3387 5101 3525 5159 tole-

1936 5208 2090 5258 rare,
2146 5209 2304 5264 quam
2358 5203 2576 5265 propter
2625 5210 2718 5250 eos
2771 5205 3015 5252 sanctum
3071 5197 3203 5251 illud
3256 5194 3528 5250 vinculum

1938 5301 2205 5357 rumpere,
2249 5303 2316 5342 ne
2355 5291 2570 5358 propter
2614 5290 2815 5345 zizania
2857 5290 3220 5346 eradicaretur
3257 5287 3417 5343 simul
3467 5298 3524 5344 et

1937 5379 2170 5434 triticum
2215 5378 2427 5450 (Matth.
2461 5397 2579 5448 xui,
2612 5381 2739 5454 29);
2788 5382 3156 5452 permittentes
3184 5387 3439 5453 quantum
3471 5381 3527 5436 in

1939 5470 2069 5539 ipsis
2097 5479 2229 5536 erat,
2260 5470 2397 5526 sicut
2427 5471 2478 5534 in
2504 5473 2593 5527 illo
2621 5473 2950 5529 nobilissimo
2975 5470 3174 5540 judicio
3199 5471 3524 5541 Salomonis,

1938 5561 2176 5618 inl’antile
2205 5577 2399 5633 corpus
2438 5579 2467 5618 a
2506 5563 2638 5620 falsa
2683 5572 2851 5618 matre
2889 5561 3079 5637 nutriri
3123 5564 3336 5635 potius,
3363 5579 3528 5636 quam
3565 5631 3573 5648 ⁸

1939 5658 2144 5714 concidi
2176 5657 2265 5730 (lll
2295 5657 2424 5730 Reg.
2453 5673 2542 5728 ιιι,
2571 5658 2687 5729 26).
2717 5656 2830 5712 Hoc
2850 5664 3030 5714 autem
3057 5667 3111 5716 et
3137 5659 3210 5716 illi
3236 5658 3520 5726 faciebant,
3564 5689 3574 5712 ρ

2005 5882 2021 5911 ι
2047 5881 2117 5928 sic
2141 5887 2244 5928 Mss.
2270 5877 2406 5937 Editi,
2425 5874 2619 5937 (habeat.

2004 5941 2080 6004 (a)
2101 5941 2218 5992 Vide
2236 5935 2400 6002 supra,
2421 5935 2508 5990 lib.
2527 5938 2578 6003 5,
2599 5951 2736 6004 capp.
2764 5939 2844 6006 14,
2867 5941 2944 5994 15.
