  <div class='ocr_page' id='page_1' title='image "/cluster/home/n/w/nwhite01/storage/ocr_20150623/43/hvd.32044012717385/113.png"; bbox 0 0 4008 6466; ppageno 0'>
   <div class='ocr_carea' id='block_1_1' title="bbox 500 321 610 379">
    <p class='ocr_par' dir='ltr' id='par_1_1' title="bbox 500 321 610 379">
     <span class='ocr_line' id='line_1_1' title="bbox 500 321 610 379; baseline 0.027 -3"><span class='ocrx_word' id='word_1_1' title='bbox 500 321 610 379; x_wconf 67' lang='grc' dir='ltr'><em>ειε</em></span> 
     </span>
    </p>
   </div>
   <div class='ocr_carea' id='block_1_2' title="bbox 499 434 2080 512">
    <p class='ocr_par' dir='ltr' id='par_1_2' title="bbox 499 434 2080 512">
     <span class='ocr_line' id='line_1_2' title="bbox 499 434 2080 512; baseline 0.007 -22"><span class='ocrx_word' id='word_1_2' title='bbox 499 436 594 509; x_wconf 85' lang='lat' dir='ltr'><strong>qui</strong></span> <span class='ocrx_word' id='word_1_3' title='bbox 623 434 691 492; x_wconf 91' lang='lat' dir='ltr'><strong><em>de</em></strong></span> <span class='ocrx_word' id='word_1_4' title='bbox 712 435 969 509; x_wconf 87' lang='lat' dir='ltr'><strong>Baptismi</strong></span> <span class='ocrx_word' id='word_1_5' title='bbox 993 449 1323 498; x_wconf 87' lang='lat' dir='ltr'><strong>sacramento</strong></span> <span class='ocrx_word' id='word_1_6' title='bbox 1348 443 1525 499; x_wconf 87' lang='lat' dir='ltr'><strong>verius</strong></span> <span class='ocrx_word' id='word_1_7' title='bbox 1551 443 1886 512; x_wconf 85' lang='lat' dir='ltr'><strong>sentiebant,</strong></span> <span class='ocrx_word' id='word_1_8' title='bbox 1908 452 1964 499; x_wconf 91' lang='lat' dir='ltr'><strong><em>et</em></strong></span> <span class='ocrx_word' id='word_1_9' title='bbox 1993 444 2080 501; x_wconf 89' lang='lat' dir='ltr'><strong>isti</strong></span> 
     </span>
    </p>
   </div>
   <div class='ocr_carea' id='block_1_3' title="bbox 500 527 2071 599">
    <p class='ocr_par' dir='ltr' id='par_1_3' title="bbox 500 527 2071 599">
     <span class='ocr_line' id='line_1_3' title="bbox 500 527 2071 599; baseline 0.008 -18"><span class='ocrx_word' id='word_1_10' title='bbox 500 527 691 597; x_wconf 87' lang='lat' dir='ltr'><strong>quibus</strong></span> <span class='ocrx_word' id='word_1_11' title='bbox 719 544 816 599; x_wconf 91' lang='lat' dir='ltr'><strong>pro</strong></span> <span class='ocrx_word' id='word_1_12' title='bbox 843 531 1034 587; x_wconf 88' lang='lat' dir='ltr'><strong>merito</strong></span> <span class='ocrx_word' id='word_1_13' title='bbox 1061 540 1220 587; x_wconf 65' lang='lat' dir='ltr'><strong>tanta:</strong></span> <span class='ocrx_word' id='word_1_14' title='bbox 1247 532 1524 590; x_wconf 83' lang='lat' dir='ltr'><strong>charitatis</strong></span> <span class='ocrx_word' id='word_1_15' title='bbox 1552 534 1694 592; x_wconf 90' lang='lat' dir='ltr'><strong>Deus</strong></span> <span class='ocrx_word' id='word_1_16' title='bbox 1719 543 1838 592; x_wconf 89' lang='lat' dir='ltr'><strong>erat</strong></span> <span class='ocrx_word' id='word_1_17' title='bbox 1860 535 2071 592; x_wconf 87' lang='lat' dir='ltr'><strong>revela-</strong></span> 
     </span>
    </p>
   </div>
   <div class='ocr_carea' id='block_1_4' title="bbox 501 619 1390 692">
    <p class='ocr_par' dir='ltr' id='par_1_4' title="bbox 501 619 1390 692">
     <span class='ocr_line' id='line_1_4' title="bbox 501 619 1390 692; baseline 0.01 -22"><span class='ocrx_word' id='word_1_18' title='bbox 501 625 674 685; x_wconf 91' lang='lat' dir='ltr'><strong>turus,</strong></span> <span class='ocrx_word' id='word_1_19' title='bbox 702 619 747 674; x_wconf 92' lang='lat' dir='ltr'><strong>si</strong></span> <span class='ocrx_word' id='word_1_20' title='bbox 771 621 897 691; x_wconf 90' lang='lat' dir='ltr'><strong>quid</strong></span> <span class='ocrx_word' id='word_1_21' title='bbox 918 622 1072 678; x_wconf 90' lang='lat' dir='ltr'><strong>aliter</strong></span> <span class='ocrx_word' id='word_1_22' title='bbox 1091 621 1390 692; x_wconf 88' lang='lat' dir='ltr'><strong>sapiebant.</strong></span> 
     </span>
    </p>
   </div>
   <div class='ocr_carea' id='block_1_5' title="bbox 571 711 2076 776">
    <p class='ocr_par' dir='ltr' id='par_1_5' title="bbox 571 711 2076 776">
     <span class='ocr_line' id='line_1_5' title="bbox 571 711 2076 776; baseline 0.007 -10"><span class='ocrx_word' id='word_1_23' title='bbox 571 711 798 768; x_wconf 86' lang='lat' dir='ltr'><strong>CAPUT</strong></span> <span class='ocrx_word' id='word_1_24' title='bbox 847 713 1032 770; x_wconf 81' lang='lat' dir='ltr'><strong>XXV].</strong></span> <span class='ocrx_word' id='word_1_25' title='bbox 1074 744 1148 756; x_wconf 86' lang='lat'><strong>-—-</strong></span> <span class='ocrx_word' id='word_1_26' title='bbox 1185 715 1278 774; x_wconf 71' lang='grc' dir='ltr'><strong>ιε.</strong></span> <span class='ocrx_word' id='word_1_27' title='bbox 1317 716 1653 774; x_wconf 89' lang='lat' dir='ltr'><strong>Privatianus</strong></span> <span class='ocrx_word' id='word_1_28' title='bbox 1702 734 1735 774; x_wconf 90' lang='lat' dir='ltr'><strong>a</strong></span> <span class='ocrx_word' id='word_1_29' title='bbox 1776 718 2014 776; x_wconf 90' lang='lat' dir='ltr'><strong>Sufetula</strong></span> <span class='ocrx_word' id='word_1_30' title='bbox 2059 722 2076 753; x_wconf 81' lang='grc'>¹</span> 
     </span>
    </p>
   </div>
   <div class='ocr_carea' id='block_1_6' title="bbox 497 801 2072 883">
    <p class='ocr_par' dir='ltr' id='par_1_6' title="bbox 497 801 2072 883">
     <span class='ocr_line' id='line_1_6' title="bbox 497 801 2072 883; baseline 0.008 -28"><span class='ocrx_word' id='word_1_31' title='bbox 497 801 630 857; x_wconf 80' lang='lat' dir='ltr'><strong>dixit</strong></span> <span class='ocrx_word' id='word_1_32' title='bbox 653 821 667 858; x_wconf 90' lang='lat'><strong>:</strong></span> <span class='ocrx_word' id='word_1_33' title='bbox 701 803 800 870; x_wconf 88' lang='lat' dir='ltr'><strong>Qui</strong></span> <span class='ocrx_word' id='word_1_34' title='bbox 824 807 1082 862; x_wconf 66' lang='lat' dir='ltr'><strong><em>hereticos</em></strong></span> <span class='ocrx_word' id='word_1_35' title='bbox 1102 818 1394 877; x_wconf 87' lang='lat' dir='ltr'><strong><em>potestatem</em></strong></span> <span class='ocrx_word' id='word_1_36' title='bbox 1414 811 1703 883; x_wconf 74' lang='lat' dir='ltr'><strong>baptizandi</strong></span> <span class='ocrx_word' id='word_1_37' title='bbox 1728 812 1911 868; x_wconf 84' lang='lat' dir='ltr'><strong><em>habere</em></strong></span> <span class='ocrx_word' id='word_1_38' title='bbox 1932 813 2072 881; x_wconf 97' lang='lat' dir='ltr'><strong><em>dicit,</em></strong></span> 
     </span>
    </p>
   </div>
   <div class='ocr_carea' id='block_1_7' title="bbox 496 891 2078 966">
    <p class='ocr_par' dir='ltr' id='par_1_7' title="bbox 496 891 2078 966">
     <span class='ocr_line' id='line_1_7' title="bbox 496 891 2078 966; baseline 0.011 -23"><span class='ocrx_word' id='word_1_39' title='bbox 496 891 633 946; x_wconf 88' lang='lat' dir='ltr'><strong><em>dicat</em></strong></span> <span class='ocrx_word' id='word_1_40' title='bbox 655 893 795 963; x_wconf 85' lang='lat' dir='ltr'><strong><em>prius</em></strong></span> <span class='ocrx_word' id='word_1_41' title='bbox 819 895 930 966; x_wconf 86' lang='lat' dir='ltr'><strong><em>quis</em></strong></span> <span class='ocrx_word' id='word_1_42' title='bbox 965 897 1193 953; x_wconf 81' lang='lat' dir='ltr'><strong><em>liceresim</em></strong></span> <span class='ocrx_word' id='word_1_43' title='bbox 1233 901 1531 958; x_wconf 77' lang='lat' dir='ltr'><strong>condiderit.</strong></span> <span class='ocrx_word' id='word_1_44' title='bbox 1563 903 1626 958; x_wconf 88' lang='lat' dir='ltr'><strong><em>Si</em></strong></span> <span class='ocrx_word' id='word_1_45' title='bbox 1661 903 1793 957; x_wconf 87' lang='lat' dir='ltr'><strong><em>enim</em></strong></span> <span class='ocrx_word' id='word_1_46' title='bbox 1817 903 2020 960; x_wconf 69' lang='lat' dir='ltr'><strong><em>[tmesis</em></strong></span> <span class='ocrx_word' id='word_1_47' title='bbox 2044 921 2078 959; x_wconf 91' lang='lat' dir='ltr'><strong><em>a</em></strong></span> 
     </span>
    </p>
   </div>
   <div class='ocr_carea' id='block_1_8' title="bbox 499 980 2078 1064">
    <p class='ocr_par' dir='ltr' id='par_1_8' title="bbox 499 980 2078 1064">
     <span class='ocr_line' id='line_1_8' title="bbox 499 980 2078 1064; baseline 0.012 -30"><span class='ocrx_word' id='word_1_48' title='bbox 499 980 605 1036; x_wconf 89' lang='lat' dir='ltr'><strong>Deo</strong></span> <span class='ocrx_word' id='word_1_49' title='bbox 642 992 732 1051; x_wconf 90' lang='lat' dir='ltr'><strong><em>est,</em></strong></span> <span class='ocrx_word' id='word_1_50' title='bbox 761 986 944 1042; x_wconf 80' lang='lat' dir='ltr'><strong><em>habere</em></strong></span> <span class='ocrx_word' id='word_1_51' title='bbox 969 988 1332 1062; x_wconf 76' lang='lat' dir='ltr'><strong>indulgentiam</strong></span> <span class='ocrx_word' id='word_1_52' title='bbox 1360 994 1580 1049; x_wconf 74' lang='lat' dir='ltr'><strong><em>diuinam</em></strong></span> <span class='ocrx_word' id='word_1_53' title='bbox 1606 1004 1809 1064; x_wconf 88' lang='lat' dir='ltr'><strong><em>potest:</em></strong></span> <span class='ocrx_word' id='word_1_54' title='bbox 1833 999 1877 1051; x_wconf 88' lang='lat' dir='ltr'><strong>si</strong></span> <span class='ocrx_word' id='word_1_55' title='bbox 1905 1013 2020 1052; x_wconf 82' lang='lat' dir='ltr'><strong><em>uero</em></strong></span> <span class='ocrx_word' id='word_1_56' title='bbox 2043 1013 2078 1052; x_wconf 89' lang='lat' dir='ltr'><strong><em>a</em></strong></span> 
     </span>
    </p>
   </div>
   <div class='ocr_carea' id='block_1_9' title="bbox 491 1070 2073 1154">
    <p class='ocr_par' dir='ltr' id='par_1_9' title="bbox 491 1070 2073 1154">
     <span class='ocr_line' id='line_1_9' title="bbox 491 1070 2073 1154; baseline 0.013 -31"><span class='ocrx_word' id='word_1_57' title='bbox 491 1070 604 1125; x_wconf 81' lang='lat' dir='ltr'><strong>Deo</strong></span> <span class='ocrx_word' id='word_1_58' title='bbox 623 1089 723 1127; x_wconf 89' lang='lat' dir='ltr'><strong>non</strong></span> <span class='ocrx_word' id='word_1_59' title='bbox 746 1084 852 1144; x_wconf 89' lang='lat' dir='ltr'><strong><em>est,</em></strong></span> <span class='ocrx_word' id='word_1_60' title='bbox 881 1082 1130 1149; x_wconf 86' lang='lat' dir='ltr'><strong><em>quomodo</em></strong></span> <span class='ocrx_word' id='word_1_61' title='bbox 1157 1084 1374 1154; x_wconf 83' lang='lat' dir='ltr'><strong>gratiam</strong></span> <span class='ocrx_word' id='word_1_62' title='bbox 1396 1083 1496 1141; x_wconf 84' lang='lat' dir='ltr'><strong>Dei</strong></span> <span class='ocrx_word' id='word_1_63' title='bbox 1521 1096 1610 1140; x_wconf 89' lang='lat' dir='ltr'><strong>aut</strong></span> <span class='ocrx_word' id='word_1_64' title='bbox 1633 1087 1816 1142; x_wconf 80' lang='lat' dir='ltr'><strong><em>habere</em></strong></span> <span class='ocrx_word' id='word_1_65' title='bbox 1841 1097 1930 1142; x_wconf 91' lang='lat' dir='ltr'><strong>aut</strong></span> <span class='ocrx_word' id='word_1_66' title='bbox 1953 1105 2073 1144; x_wconf 89' lang='lat' dir='ltr'><strong><em>con-</em></strong></span> 
     </span>
    </p>
   </div>
   <div class='ocr_carea' id='block_1_10' title="bbox 489 1165 1034 1238">
    <p class='ocr_par' dir='ltr' id='par_1_10' title="bbox 489 1165 1034 1238">
     <span class='ocr_line' id='line_1_10' title="bbox 489 1165 1034 1238; baseline 0.022 -24"><span class='ocrx_word' id='word_1_67' title='bbox 489 1165 626 1233; x_wconf 80' lang='lat' dir='ltr'><strong><em>ferre</em></strong></span> <span class='ocrx_word' id='word_1_68' title='bbox 649 1165 803 1220; x_wconf 79' lang='lat' dir='ltr'><strong><em>alicui</em></strong></span> <span class='ocrx_word' id='word_1_69' title='bbox 830 1172 1034 1238; x_wconf 88' lang='lat' dir='ltr'><strong><em>potest?</em></strong></span> 
     </span>
    </p>
   </div>
   <div class='ocr_carea' id='block_1_11' title="bbox 559 1254 2073 1342">
    <p class='ocr_par' dir='ltr' id='par_1_11' title="bbox 559 1254 2073 1342">
     <span class='ocr_line' id='line_1_11' title="bbox 559 1254 2073 1342; baseline 0.014 -33"><span class='ocrx_word' id='word_1_70' title='bbox 559 1254 648 1310; x_wconf 90' lang='lat'><strong>50.</strong></span> <span class='ocrx_word' id='word_1_71' title='bbox 687 1256 823 1314; x_wconf 86' lang='lat' dir='ltr'><strong><em>Huic</em></strong></span> <span class='ocrx_word' id='word_1_72' title='bbox 851 1261 1068 1318; x_wconf 91' lang='lat' dir='ltr'><strong><em>totidem</em></strong></span> <span class='ocrx_word' id='word_1_73' title='bbox 1094 1265 1273 1321; x_wconf 81' lang='lat' dir='ltr'><strong>verbis</strong></span> <span class='ocrx_word' id='word_1_74' title='bbox 1293 1267 1364 1322; x_wconf 92' lang='lat' dir='ltr'><strong>ita</strong></span> <span class='ocrx_word' id='word_1_75' title='bbox 1389 1269 1698 1340; x_wconf 81' lang='lat' dir='ltr'><strong>responderi</strong></span> <span class='ocrx_word' id='word_1_76' title='bbox 1727 1279 1939 1342; x_wconf 83' lang='lat' dir='ltr'><strong>potest:</strong></span> <span class='ocrx_word' id='word_1_77' title='bbox 1971 1273 2073 1341; x_wconf 85' lang='lat' dir='ltr'><strong>Qui</strong></span> 
     </span>
    </p>
   </div>
   <div class='ocr_carea' id='block_1_12' title="bbox 485 1346 2072 1434">
    <p class='ocr_par' dir='ltr' id='par_1_12' title="bbox 485 1346 2072 1434">
     <span class='ocr_line' id='line_1_12' title="bbox 485 1346 2072 1434; baseline 0.014 -35"><span class='ocrx_word' id='word_1_78' title='bbox 485 1346 778 1404; x_wconf 87' lang='lat' dir='ltr'><strong>malevolos</strong></span> <span class='ocrx_word' id='word_1_79' title='bbox 819 1361 873 1407; x_wconf 91' lang='lat' dir='ltr'><strong>et</strong></span> <span class='ocrx_word' id='word_1_80' title='bbox 915 1353 1123 1410; x_wconf 85' lang='lat' dir='ltr'><strong><em>invidos</em></strong></span> <span class='ocrx_word' id='word_1_81' title='bbox 1161 1366 1478 1427; x_wconf 82' lang='lat' dir='ltr'><strong>potestatem</strong></span> <span class='ocrx_word' id='word_1_82' title='bbox 1524 1360 1827 1434; x_wconf 85' lang='lat' dir='ltr'><strong>baptizandi</strong></span> <span class='ocrx_word' id='word_1_83' title='bbox 1872 1364 2072 1420; x_wconf 88' lang='lat' dir='ltr'><strong>habere</strong></span> 
     </span>
    </p>
   </div>
   <div class='ocr_carea' id='block_1_13' title="bbox 445 1437 2072 1527">
    <p class='ocr_par' dir='ltr' id='par_1_13' title="bbox 445 1437 2072 1527">
     <span class='ocr_line' id='line_1_13' title="bbox 445 1437 2072 1527; baseline 0.013 -36"><span class='ocrx_word' id='word_1_84' title='bbox 445 1465 448 1468; x_wconf 82' lang='lat'><strong><em>~</em></strong></span> <span class='ocrx_word' id='word_1_85' title='bbox 487 1437 637 1505; x_wconf 91' lang='lat' dir='ltr'><strong><em>dicit,</em></strong></span> <span class='ocrx_word' id='word_1_86' title='bbox 688 1440 833 1498; x_wconf 86' lang='lat' dir='ltr'><strong><em>dicat</em></strong></span> <span class='ocrx_word' id='word_1_87' title='bbox 874 1445 1024 1516; x_wconf 90' lang='lat' dir='ltr'><strong>prius</strong></span> <span class='ocrx_word' id='word_1_88' title='bbox 1065 1448 1184 1518; x_wconf 90' lang='lat' dir='ltr'><strong>quis</strong></span> <span class='ocrx_word' id='word_1_89' title='bbox 1236 1452 1662 1509; x_wconf 83' lang='lat' dir='ltr'><strong>malevolentiam</strong></span> <span class='ocrx_word' id='word_1_90' title='bbox 1713 1455 2072 1527; x_wconf 80' lang='lat' dir='ltr'><strong>invidiamque</strong></span> 
     </span>
    </p>
   </div>
   <div class='ocr_carea' id='block_1_14' title="bbox 446 1529 2066 1616">
    <p class='ocr_par' dir='ltr' id='par_1_14' title="bbox 446 1529 2066 1616">
     <span class='ocr_line' id='line_1_14' title="bbox 446 1529 2066 1616; baseline 0.014 -33"><span class='ocrx_word' id='word_1_91' title='bbox 446 1529 448 1534; x_wconf 87' lang='grc'><em>’</em></span> <span class='ocrx_word' id='word_1_92' title='bbox 483 1531 800 1588; x_wconf 88' lang='lat' dir='ltr'><strong><em>condiderit.</em></strong></span> <span class='ocrx_word' id='word_1_93' title='bbox 831 1535 888 1590; x_wconf 93' lang='lat' dir='ltr'><strong>Si</strong></span> <span class='ocrx_word' id='word_1_94' title='bbox 915 1538 1055 1593; x_wconf 87' lang='lat' dir='ltr'><strong>enim</strong></span> <span class='ocrx_word' id='word_1_95' title='bbox 1082 1541 1452 1599; x_wconf 85' lang='lat' dir='ltr'><strong>malevolentia</strong></span> <span class='ocrx_word' id='word_1_96' title='bbox 1478 1554 1532 1601; x_wconf 91' lang='lat' dir='ltr'><strong>et</strong></span> <span class='ocrx_word' id='word_1_97' title='bbox 1555 1546 1750 1602; x_wconf 89' lang='lat' dir='ltr'><strong><em>invidia</em></strong></span> <span class='ocrx_word' id='word_1_98' title='bbox 1774 1562 1804 1601; x_wconf 91' lang='lat' dir='ltr'><strong><em>a</em></strong></span> <span class='ocrx_word' id='word_1_99' title='bbox 1835 1548 1944 1603; x_wconf 89' lang='lat' dir='ltr'><strong>Deo</strong></span> <span class='ocrx_word' id='word_1_100' title='bbox 1965 1558 2066 1616; x_wconf 90' lang='lat' dir='ltr'><strong>est,</strong></span> 
     </span>
    </p>
   </div>
   <div class='ocr_carea' id='block_1_15' title="bbox 480 1619 2068 1704">
    <p class='ocr_par' dir='ltr' id='par_1_15' title="bbox 480 1619 2068 1704">
     <span class='ocr_line' id='line_1_15' title="bbox 480 1619 2068 1704; baseline 0.013 -31"><span class='ocrx_word' id='word_1_101' title='bbox 480 1619 682 1678; x_wconf 85' lang='lat' dir='ltr'><strong>habere</strong></span> <span class='ocrx_word' id='word_1_102' title='bbox 707 1633 761 1678; x_wconf 91' lang='lat' dir='ltr'><strong>et</strong></span> <span class='ocrx_word' id='word_1_103' title='bbox 787 1625 1169 1698; x_wconf 78' lang='lat' dir='ltr'><strong>indulgentiam</strong></span> <span class='ocrx_word' id='word_1_104' title='bbox 1189 1631 1420 1688; x_wconf 91' lang='lat' dir='ltr'><strong>divinam</strong></span> <span class='ocrx_word' id='word_1_105' title='bbox 1443 1644 1653 1704; x_wconf 83' lang='lat' dir='ltr'><strong>potest:</strong></span> <span class='ocrx_word' id='word_1_106' title='bbox 1684 1637 1730 1692; x_wconf 92' lang='lat' dir='ltr'><strong><em>si</em></strong></span> <span class='ocrx_word' id='word_1_107' title='bbox 1751 1653 1878 1692; x_wconf 89' lang='lat' dir='ltr'><strong>vero</strong></span> <span class='ocrx_word' id='word_1_108' title='bbox 1902 1653 1932 1692; x_wconf 93' lang='lat' dir='ltr'><strong>a</strong></span> <span class='ocrx_word' id='word_1_109' title='bbox 1960 1639 2068 1695; x_wconf 90' lang='lat' dir='ltr'><strong>Dco</strong></span> 
     </span>
    </p>
   </div>
   <div class='ocr_carea' id='block_1_16' title="bbox 479 1719 2068 1792">
    <p class='ocr_par' dir='ltr' id='par_1_16' title="bbox 479 1719 2068 1792">
     <span class='ocr_line' id='line_1_16' title="bbox 479 1719 2068 1792; baseline 0.013 -28"><span class='ocrx_word' id='word_1_110' title='bbox 479 1726 586 1766; x_wconf 89' lang='lat' dir='ltr'><strong><em>non</em></strong></span> <span class='ocrx_word' id='word_1_111' title='bbox 618 1722 731 1779; x_wconf 91' lang='lat' dir='ltr'><strong>est,</strong></span> <span class='ocrx_word' id='word_1_112' title='bbox 761 1719 1027 1785; x_wconf 90' lang='lat' dir='ltr'><strong>quomodo</strong></span> <span class='ocrx_word' id='word_1_113' title='bbox 1070 1733 1160 1775; x_wconf 91' lang='lat' dir='ltr'><strong>aut</strong></span> <span class='ocrx_word' id='word_1_114' title='bbox 1197 1724 1420 1792; x_wconf 76' lang='lat' dir='ltr'><strong>gratiam</strong></span> <span class='ocrx_word' id='word_1_115' title='bbox 1464 1726 1554 1781; x_wconf 89' lang='lat' dir='ltr'><strong>Dei</strong></span> <span class='ocrx_word' id='word_1_116' title='bbox 1585 1726 1785 1783; x_wconf 88' lang='lat' dir='ltr'><strong>habere</strong></span> <span class='ocrx_word' id='word_1_117' title='bbox 1818 1737 1911 1782; x_wconf 89' lang='lat' dir='ltr'><strong>aut</strong></span> <span class='ocrx_word' id='word_1_118' title='bbox 1936 1744 2068 1784; x_wconf 89' lang='lat' dir='ltr'><strong>con-</strong></span> 
     </span>
    </p>
   </div>
   <div class='ocr_carea' id='block_1_17' title="bbox 479 1803 2068 1879">
    <p class='ocr_par' dir='ltr' id='par_1_17' title="bbox 479 1803 2068 1879">
     <span class='ocr_line' id='line_1_17' title="bbox 479 1803 2068 1879; baseline 0.012 -22"><span class='ocrx_word' id='word_1_119' title='bbox 479 1803 620 1860; x_wconf 87' lang='lat' dir='ltr'><strong>ferre</strong></span> <span class='ocrx_word' id='word_1_120' title='bbox 647 1808 801 1862; x_wconf 87' lang='lat' dir='ltr'><strong>alicui</strong></span> <span class='ocrx_word' id='word_1_121' title='bbox 835 1814 1044 1879; x_wconf 89' lang='lat' dir='ltr'><strong>potest?</strong></span> <span class='ocrx_word' id='word_1_122' title='bbox 1073 1813 1178 1869; x_wconf 90' lang='lat' dir='ltr'><strong><em>Sed</em></strong></span> <span class='ocrx_word' id='word_1_123' title='bbox 1205 1815 1342 1871; x_wconf 91' lang='lat' dir='ltr'><strong>sicut</strong></span> <span class='ocrx_word' id='word_1_124' title='bbox 1369 1817 1468 1872; x_wconf 90' lang='lat' dir='ltr'><strong>ista</strong></span> <span class='ocrx_word' id='word_1_125' title='bbox 1509 1807 1698 1874; x_wconf 80' lang='lat' dir='ltr'><strong>eodeni</strong></span> <span class='ocrx_word' id='word_1_126' title='bbox 1726 1819 1885 1875; x_wconf 92' lang='lat' dir='ltr'><strong>modo</strong></span> <span class='ocrx_word' id='word_1_127' title='bbox 1927 1820 2068 1876; x_wconf 91' lang='lat' dir='ltr'><strong>dicta</strong></span> 
     </span>
    </p>
   </div>
   <div class='ocr_carea' id='block_1_18' title="bbox 477 1897 2068 1982">
    <p class='ocr_par' dir='ltr' id='par_1_18' title="bbox 477 1897 2068 1982">
     <span class='ocr_line' id='line_1_18' title="bbox 477 1897 2068 1982; baseline 0.013 -33"><span class='ocrx_word' id='word_1_128' title='bbox 477 1897 910 1957; x_wconf 80' lang='lat' dir='ltr'><strong>manifestissime</strong></span> <span class='ocrx_word' id='word_1_129' title='bbox 944 1904 1074 1959; x_wconf 89' lang='lat' dir='ltr'><strong>falsa</strong></span> <span class='ocrx_word' id='word_1_130' title='bbox 1100 1919 1223 1962; x_wconf 92' lang='lat' dir='ltr'><strong>sunt</strong></span> <span class='ocrx_word' id='word_1_131' title='bbox 1242 1949 1258 1974; x_wconf 95' lang='lat'><strong>,</strong></span> <span class='ocrx_word' id='word_1_132' title='bbox 1288 1909 1365 1964; x_wconf 91' lang='lat' dir='ltr'><strong>sic</strong></span> <span class='ocrx_word' id='word_1_133' title='bbox 1388 1910 1547 1965; x_wconf 91' lang='lat' dir='ltr'><strong>etiam</strong></span> <span class='ocrx_word' id='word_1_134' title='bbox 1575 1911 1664 1966; x_wconf 90' lang='lat' dir='ltr'><strong>illa</strong></span> <span class='ocrx_word' id='word_1_135' title='bbox 1693 1928 1812 1982; x_wconf 66' lang='lat' dir='ltr'><strong>quae</strong></span> <span class='ocrx_word' id='word_1_136' title='bbox 1841 1922 1899 1968; x_wconf 94' lang='lat' dir='ltr'><strong>ut</strong></span> <span class='ocrx_word' id='word_1_137' title='bbox 1940 1929 2068 1969; x_wconf 90' lang='lat' dir='ltr'><strong>con-</strong></span> 
     </span>
    </p>
   </div>
   <div class='ocr_carea' id='block_1_19' title="bbox 477 1989 2063 2072">
    <p class='ocr_par' dir='ltr' id='par_1_19' title="bbox 477 1989 2063 2072">
     <span class='ocr_line' id='line_1_19' title="bbox 477 1989 2063 2072; baseline 0.014 -32"><span class='ocrx_word' id='word_1_138' title='bbox 477 1989 818 2047; x_wconf 85' lang='lat' dir='ltr'><strong>vincerentur</strong></span> <span class='ocrx_word' id='word_1_139' title='bbox 845 1994 961 2050; x_wconf 72' lang='lat' dir='ltr'><strong>hiec</strong></span> <span class='ocrx_word' id='word_1_140' title='bbox 986 1996 1126 2052; x_wconf 85' lang='lat' dir='ltr'><strong>dicta</strong></span> <span class='ocrx_word' id='word_1_141' title='bbox 1155 2010 1298 2054; x_wconf 90' lang='lat' dir='ltr'><strong>sunt.</strong></span> <span class='ocrx_word' id='word_1_142' title='bbox 1332 2001 1611 2072; x_wconf 90' lang='lat' dir='ltr'><strong>Baptizant</strong></span> <span class='ocrx_word' id='word_1_143' title='bbox 1639 2005 1781 2060; x_wconf 90' lang='lat' dir='ltr'><strong>enim</strong></span> <span class='ocrx_word' id='word_1_144' title='bbox 1815 2007 2063 2062; x_wconf 85' lang='lat' dir='ltr'><strong>malevoli</strong></span> 
     </span>
    </p>
   </div>
   <div class='ocr_carea' id='block_1_20' title="bbox 475 2080 2062 2166">
    <p class='ocr_par' dir='ltr' id='par_1_20' title="bbox 475 2080 2062 2166">
     <span class='ocr_line' id='line_1_20' title="bbox 475 2080 2062 2166; baseline 0.011 -32"><span class='ocrx_word' id='word_1_145' title='bbox 475 2089 531 2134; x_wconf 91' lang='lat' dir='ltr'><strong>ct</strong></span> <span class='ocrx_word' id='word_1_146' title='bbox 550 2080 734 2147; x_wconf 87' lang='lat' dir='ltr'><strong><em>invidi,</em></strong></span> <span class='ocrx_word' id='word_1_147' title='bbox 758 2085 894 2140; x_wconf 91' lang='lat' dir='ltr'><strong>sicut</strong></span> <span class='ocrx_word' id='word_1_148' title='bbox 914 2089 1156 2144; x_wconf 84' lang='lat' dir='ltr'><strong><em>concedit</em></strong></span> <span class='ocrx_word' id='word_1_149' title='bbox 1179 2091 1291 2160; x_wconf 90' lang='lat' dir='ltr'><strong>ipse</strong></span> <span class='ocrx_word' id='word_1_150' title='bbox 1307 2092 1624 2164; x_wconf 88' lang='lat' dir='ltr'><strong>Cyprianus,</strong></span> <span class='ocrx_word' id='word_1_151' title='bbox 1649 2097 1769 2166; x_wconf 91' lang='lat' dir='ltr'><strong>quia</strong></span> <span class='ocrx_word' id='word_1_152' title='bbox 1788 2110 1883 2152; x_wconf 92' lang='lat' dir='ltr'><strong>eos</strong></span> <span class='ocrx_word' id='word_1_153' title='bbox 1903 2098 2062 2153; x_wconf 89' lang='lat' dir='ltr'><strong>etiam</strong></span> 
     </span>
    </p>
   </div>
   <div class='ocr_carea' id='block_1_21' title="bbox 473 2175 2061 2255">
    <p class='ocr_par' dir='ltr' id='par_1_21' title="bbox 473 2175 2061 2255">
     <span class='ocr_line' id='line_1_21' title="bbox 473 2175 2061 2255; baseline 0.011 -28"><span class='ocrx_word' id='word_1_154' title='bbox 473 2175 617 2228; x_wconf 83' lang='lat' dir='ltr'><strong>intus</strong></span> <span class='ocrx_word' id='word_1_155' title='bbox 657 2191 774 2232; x_wconf 87' lang='lat' dir='ltr'><strong>esse</strong></span> <span class='ocrx_word' id='word_1_156' title='bbox 806 2187 1046 2235; x_wconf 89' lang='lat' dir='ltr'><strong>testatur.</strong></span> <span class='ocrx_word' id='word_1_157' title='bbox 1098 2183 1186 2237; x_wconf 91' lang='lat' dir='ltr'><strong>Sic</strong></span> <span class='ocrx_word' id='word_1_158' title='bbox 1217 2199 1344 2254; x_wconf 77' lang='lat' dir='ltr'><strong>ergo</strong></span> <span class='ocrx_word' id='word_1_159' title='bbox 1387 2195 1611 2255; x_wconf 89' lang='lat' dir='ltr'><strong>possunt</strong></span> <span class='ocrx_word' id='word_1_160' title='bbox 1637 2189 1798 2242; x_wconf 87' lang='lat' dir='ltr'><strong>etiam</strong></span> <span class='ocrx_word' id='word_1_161' title='bbox 1827 2189 2061 2247; x_wconf 66' lang='lat' dir='ltr'><strong>haeretici</strong></span> 
     </span>
    </p>
   </div>
   <div class='ocr_carea' id='block_1_22' title="bbox 473 2264 2056 2348">
    <p class='ocr_par' dir='ltr' id='par_1_22' title="bbox 473 2264 2056 2348">
     <span class='ocr_line' id='line_1_22' title="bbox 473 2264 2056 2348; baseline 0.011 -30"><span class='ocrx_word' id='word_1_162' title='bbox 473 2264 745 2335; x_wconf 86' lang='lat' dir='ltr'><strong>baptizare</strong></span> <span class='ocrx_word' id='word_1_163' title='bbox 775 2286 787 2322; x_wconf 91' lang='lat'><strong>:</strong></span> <span class='ocrx_word' id='word_1_164' title='bbox 821 2271 943 2339; x_wconf 90' lang='lat' dir='ltr'><strong>quia</strong></span> <span class='ocrx_word' id='word_1_165' title='bbox 973 2271 1274 2342; x_wconf 91' lang='lat' dir='ltr'><strong>Baptismus</strong></span> <span class='ocrx_word' id='word_1_166' title='bbox 1301 2286 1692 2334; x_wconf 87' lang='lat' dir='ltr'><strong>sacramentum</strong></span> <span class='ocrx_word' id='word_1_167' title='bbox 1717 2279 1917 2335; x_wconf 89' lang='lat' dir='ltr'><strong>Christi</strong></span> <span class='ocrx_word' id='word_1_168' title='bbox 1941 2290 2056 2348; x_wconf 90' lang='lat' dir='ltr'><strong>est;</strong></span> 
     </span>
    </p>
   </div>
   <div class='ocr_carea' id='block_1_23' title="bbox 470 2356 2060 2443">
    <p class='ocr_par' dir='ltr' id='par_1_23' title="bbox 470 2356 2060 2443">
     <span class='ocr_line' id='line_1_23' title="bbox 470 2356 2060 2443; baseline 0.01 -32"><span class='ocrx_word' id='word_1_169' title='bbox 470 2356 676 2412; x_wconf 87' lang='lat' dir='ltr'><strong>invidia</strong></span> <span class='ocrx_word' id='word_1_170' title='bbox 705 2374 835 2415; x_wconf 89' lang='lat' dir='ltr'><strong>vero</strong></span> <span class='ocrx_word' id='word_1_171' title='bbox 875 2371 928 2417; x_wconf 90' lang='lat' dir='ltr'><strong>et</strong></span> <span class='ocrx_word' id='word_1_172' title='bbox 953 2362 1173 2420; x_wconf 64' lang='lat' dir='ltr'><strong>haeresis</strong></span> <span class='ocrx_word' id='word_1_173' title='bbox 1200 2380 1361 2436; x_wconf 88' lang='lat' dir='ltr'><strong>opera</strong></span> <span class='ocrx_word' id='word_1_174' title='bbox 1391 2367 1620 2434; x_wconf 89' lang='lat' dir='ltr'><strong>diaboli,</strong></span> <span class='ocrx_word' id='word_1_175' title='bbox 1663 2385 1781 2440; x_wconf 77' lang='lat' dir='ltr'><strong>quae</strong></span> <span class='ocrx_word' id='word_1_176' title='bbox 1821 2373 2060 2443; x_wconf 90' lang='lat' dir='ltr'><strong>quisquis</strong></span> 
     </span>
    </p>
   </div>
   <div class='ocr_carea' id='block_1_24' title="bbox 469 2449 2053 2522">
    <p class='ocr_par' dir='ltr' id='par_1_24' title="bbox 469 2449 2053 2522">
     <span class='ocr_line' id='line_1_24' title="bbox 469 2449 2053 2522; baseline 0.011 -18"><span class='ocrx_word' id='word_1_177' title='bbox 469 2449 745 2518; x_wconf 88' lang='lat' dir='ltr'><strong>habuerit,</strong></span> <span class='ocrx_word' id='word_1_178' title='bbox 777 2471 881 2510; x_wconf 93' lang='lat' dir='ltr'><strong>non</strong></span> <span class='ocrx_word' id='word_1_179' title='bbox 910 2456 1033 2512; x_wconf 91' lang='lat' dir='ltr'><strong><em>hinc</em></strong></span> <span class='ocrx_word' id='word_1_180' title='bbox 1069 2458 1232 2514; x_wconf 86' lang='lat' dir='ltr'><strong>efficit</strong></span> <span class='ocrx_word' id='word_1_181' title='bbox 1261 2469 1316 2515; x_wconf 92' lang='lat' dir='ltr'><strong>ut</strong></span> <span class='ocrx_word' id='word_1_182' title='bbox 1344 2462 1388 2515; x_wconf 88' lang='lat' dir='ltr'><strong>si</strong></span> <span class='ocrx_word' id='word_1_183' title='bbox 1430 2462 1624 2518; x_wconf 90' lang='lat' dir='ltr'><strong>habeat</strong></span> <span class='ocrx_word' id='word_1_184' title='bbox 1651 2462 2053 2522; x_wconf 88' lang='lat' dir='ltr'><strong>Sacramentum</strong></span> 
     </span>
    </p>
   </div>
   <div class='ocr_carea' id='block_1_25' title="bbox 468 2537 2052 2623">
    <p class='ocr_par' dir='ltr' id='par_1_25' title="bbox 468 2537 2052 2623">
     <span class='ocr_line' id='line_1_25' title="bbox 468 2537 2052 2623; baseline 0.013 -31"><span class='ocrx_word' id='word_1_185' title='bbox 468 2537 663 2596; x_wconf 86' lang='lat' dir='ltr'><strong>Christi</strong></span> <span class='ocrx_word' id='word_1_186' title='bbox 689 2582 705 2608; x_wconf 91' lang='lat'><strong><em>,</em></strong></span> <span class='ocrx_word' id='word_1_187' title='bbox 732 2545 889 2599; x_wconf 89' lang='lat' dir='ltr'><strong>etiam</strong></span> <span class='ocrx_word' id='word_1_188' title='bbox 917 2547 1087 2616; x_wconf 91' lang='lat' dir='ltr'><strong>ipsum</strong></span> <span class='ocrx_word' id='word_1_189' title='bbox 1114 2559 1424 2606; x_wconf 89' lang='lat' dir='ltr'><strong>numeretur</strong></span> <span class='ocrx_word' id='word_1_190' title='bbox 1462 2552 1602 2608; x_wconf 90' lang='lat' dir='ltr'><strong>inter</strong></span> <span class='ocrx_word' id='word_1_191' title='bbox 1627 2569 1791 2623; x_wconf 90' lang='lat' dir='ltr'><strong>opera</strong></span> <span class='ocrx_word' id='word_1_192' title='bbox 1833 2555 2052 2613; x_wconf 78' lang='lat' dir='ltr'><strong>diaboli.</strong></span> 
     </span>
    </p>
   </div>
   <div class='ocr_carea' id='block_1_26' title="bbox 536 2629 2050 2703">
    <p class='ocr_par' dir='ltr' id='par_1_26' title="bbox 536 2629 2050 2703">
     <span class='ocr_line' id='line_1_26' title="bbox 536 2629 2050 2703; baseline 0.013 -19"><span class='ocrx_word' id='word_1_193' title='bbox 536 2629 764 2690; x_wconf 83' lang='lat' dir='ltr'><strong>CAPUT</strong></span> <span class='ocrx_word' id='word_1_194' title='bbox 802 2635 1014 2692; x_wconf 77' lang='lat' dir='ltr'><strong>XXVII.</strong></span> <span class='ocrx_word' id='word_1_195' title='bbox 1037 2670 1110 2680; x_wconf 94' lang='lat'><strong><em>—</em></strong></span> <span class='ocrx_word' id='word_1_196' title='bbox 1137 2641 1226 2696; x_wconf 83' lang='grc'><strong>51.</strong></span> <span class='ocrx_word' id='word_1_197' title='bbox 1268 2643 1516 2699; x_wconf 84' lang='lat' dir='ltr'><strong>Privatus</strong></span> <span class='ocrx_word' id='word_1_198' title='bbox 1557 2660 1589 2700; x_wconf 86' lang='lat' dir='ltr'><strong>a</strong></span> <span class='ocrx_word' id='word_1_199' title='bbox 1635 2645 1851 2702; x_wconf 76' lang='lat' dir='ltr'><strong>Solibus</strong></span> <span class='ocrx_word' id='word_1_200' title='bbox 1879 2648 2009 2703; x_wconf 82' lang='lat' dir='ltr'><strong>dixit</strong></span> <span class='ocrx_word' id='word_1_201' title='bbox 2035 2665 2050 2702; x_wconf 95' lang='lat'><strong>:</strong></span> 
     </span>
    </p>
   </div>
   <div class='ocr_carea' id='block_1_27' title="bbox 471 2722 2055 2813">
    <p class='ocr_par' dir='ltr' id='par_1_27' title="bbox 471 2722 2055 2813">
     <span class='ocr_line' id='line_1_27' title="bbox 471 2722 2055 2813; baseline 0.013 -36"><span class='ocrx_word' id='word_1_202' title='bbox 471 2722 573 2790; x_wconf 90' lang='lat' dir='ltr'><strong>Qui</strong></span> <span class='ocrx_word' id='word_1_203' title='bbox 596 2725 942 2784; x_wconf 65' lang='lat' dir='ltr'><strong><em>hereticorum</em></strong></span> <span class='ocrx_word' id='word_1_204' title='bbox 967 2731 1286 2804; x_wconf 82' lang='lat' dir='ltr'><strong><em>Baptismum</em></strong></span> <span class='ocrx_word' id='word_1_205' title='bbox 1311 2739 1559 2808; x_wconf 87' lang='lat' dir='ltr'><strong><em>probant,</em></strong></span> <span class='ocrx_word' id='word_1_206' title='bbox 1590 2741 1712 2810; x_wconf 84' lang='lat' dir='ltr'><strong><em>quid</em></strong></span> <span class='ocrx_word' id='word_1_207' title='bbox 1736 2740 1880 2795; x_wconf 82' lang='lat' dir='ltr'><strong><em>aliud</em></strong></span> <span class='ocrx_word' id='word_1_208' title='bbox 1903 2759 2055 2813; x_wconf 88' lang='lat' dir='ltr'><strong><em>quam</em></strong></span> 
     </span>
    </p>
   </div>
   <div class='ocr_carea' id='block_1_28' title="bbox 467 2813 1146 2879">
    <p class='ocr_par' dir='ltr' id='par_1_28' title="bbox 467 2813 1146 2879">
     <span class='ocr_line' id='line_1_28' title="bbox 467 2813 1146 2879; baseline 0.021 -13"><span class='ocrx_word' id='word_1_209' title='bbox 467 2813 713 2872; x_wconf 63' lang='lat' dir='ltr'><strong><em>hereticis</em></strong></span> <span class='ocrx_word' id='word_1_210' title='bbox 737 2825 1146 2879; x_wconf 85' lang='lat' dir='ltr'><strong><em>communicant?</em></strong></span> 
     </span>
    </p>
   </div>
   <div class='ocr_carea' id='block_1_29' title="bbox 537 2907 2056 2994">
    <p class='ocr_par' dir='ltr' id='par_1_29' title="bbox 537 2907 2056 2994">
     <span class='ocr_line' id='line_1_29' title="bbox 537 2907 2056 2994; baseline 0.013 -32"><span class='ocrx_word' id='word_1_211' title='bbox 537 2907 626 2964; x_wconf 77' lang='lat'><strong>52.</strong></span> <span class='ocrx_word' id='word_1_212' title='bbox 669 2909 801 2967; x_wconf 83' lang='lat' dir='ltr'><strong>Huic</strong></span> <span class='ocrx_word' id='word_1_213' title='bbox 827 2917 1217 2985; x_wconf 90' lang='lat' dir='ltr'><strong>respondetur:</strong></span> <span class='ocrx_word' id='word_1_214' title='bbox 1262 2919 1377 2975; x_wconf 89' lang='lat' dir='ltr'><strong>Non</strong></span> <span class='ocrx_word' id='word_1_215' title='bbox 1404 2931 1485 2978; x_wconf 89' lang='lat' dir='ltr'><strong>est</strong></span> <span class='ocrx_word' id='word_1_216' title='bbox 1518 2923 1818 2994; x_wconf 88' lang='lat' dir='ltr'><strong>Baptismus</strong></span> <span class='ocrx_word' id='word_1_217' title='bbox 1843 2925 2056 2982; x_wconf 69' lang='lat' dir='ltr'><strong>haereti-</strong></span> 
     </span>
    </p>
   </div>
   <div class='ocr_carea' id='block_1_30' title="bbox 464 3008 2054 3084">
    <p class='ocr_par' dir='ltr' id='par_1_30' title="bbox 464 3008 2054 3084">
     <span class='ocr_line' id='line_1_30' title="bbox 464 3008 2054 3084; baseline 0.014 -31"><span class='ocrx_word' id='word_1_218' title='bbox 464 3014 669 3069; x_wconf 91' lang='lat' dir='ltr'><strong>corum,</strong></span> <span class='ocrx_word' id='word_1_219' title='bbox 702 3019 858 3075; x_wconf 91' lang='lat' dir='ltr'><strong>quem</strong></span> <span class='ocrx_word' id='word_1_220' title='bbox 889 3008 941 3062; x_wconf 90' lang='lat' dir='ltr'><strong>in</strong></span> <span class='ocrx_word' id='word_1_221' title='bbox 981 3008 1242 3069; x_wconf 68' lang='lat' dir='ltr'><strong>haereticis</strong></span> <span class='ocrx_word' id='word_1_222' title='bbox 1283 3014 1570 3084; x_wconf 89' lang='lat' dir='ltr'><strong>probamus</strong></span> <span class='ocrx_word' id='word_1_223' title='bbox 1601 3035 1613 3070; x_wconf 88' lang='lat'><strong>:</strong></span> <span class='ocrx_word' id='word_1_224' title='bbox 1660 3017 1798 3072; x_wconf 91' lang='lat' dir='ltr'><strong>sicut</strong></span> <span class='ocrx_word' id='word_1_225' title='bbox 1833 3034 1936 3074; x_wconf 93' lang='lat' dir='ltr'><strong><em>non</em></strong></span> <span class='ocrx_word' id='word_1_226' title='bbox 1973 3027 2054 3076; x_wconf 90' lang='lat' dir='ltr'><strong>est</strong></span> 
     </span>
    </p>
   </div>
   <div class='ocr_carea' id='block_1_31' title="bbox 463 3091 2054 3180">
    <p class='ocr_par' dir='ltr' id='par_1_31' title="bbox 463 3091 2054 3180">
     <span class='ocr_line' id='line_1_31' title="bbox 463 3091 2054 3180; baseline 0.013 -35"><span class='ocrx_word' id='word_1_227' title='bbox 463 3091 763 3162; x_wconf 88' lang='lat' dir='ltr'><strong>Baptismus</strong></span> <span class='ocrx_word' id='word_1_228' title='bbox 774 3102 1473 3172; x_wconf 89' lang='lat' dir='ltr'><strong>avarorum,insidiosorum,</strong></span> <span class='ocrx_word' id='word_1_229' title='bbox 1491 3106 1871 3174; x_wconf 87' lang='lat' dir='ltr'><strong>fraudatorum,</strong></span> <span class='ocrx_word' id='word_1_230' title='bbox 1885 3126 1939 3165; x_wconf 90' lang='lat' dir='ltr'><strong><em>ra</em></strong></span> <span class='ocrx_word' id='word_1_231' title='bbox 1948 3118 2054 3180; x_wconf 90' lang='lat' dir='ltr'><strong>pto-</strong></span> 
     </span>
    </p>
   </div>
   <div class='ocr_carea' id='block_1_32' title="bbox 461 3185 2052 3274">
    <p class='ocr_par' dir='ltr' id='par_1_32' title="bbox 461 3185 2052 3274">
     <span class='ocr_line' id='line_1_32' title="bbox 461 3185 2052 3274; baseline 0.016 -40"><span class='ocrx_word' id='word_1_232' title='bbox 461 3197 601 3248; x_wconf 87' lang='lat' dir='ltr'><strong>rum,</strong></span> <span class='ocrx_word' id='word_1_233' title='bbox 624 3185 946 3258; x_wconf 91' lang='lat' dir='ltr'><strong>invidorum,</strong></span> <span class='ocrx_word' id='word_1_234' title='bbox 966 3207 1120 3262; x_wconf 90' lang='lat' dir='ltr'><strong>quem</strong></span> <span class='ocrx_word' id='word_1_235' title='bbox 1141 3195 1426 3263; x_wconf 88' lang='lat' dir='ltr'><strong>probamus</strong></span> <span class='ocrx_word' id='word_1_236' title='bbox 1446 3197 1500 3252; x_wconf 91' lang='lat' dir='ltr'><strong><em>in</em></strong></span> <span class='ocrx_word' id='word_1_237' title='bbox 1523 3199 1618 3254; x_wconf 91' lang='lat' dir='ltr'><strong><em>eis.</em></strong></span> <span class='ocrx_word' id='word_1_238' title='bbox 1638 3198 1836 3257; x_wconf 89' lang='lat' dir='ltr'><strong>Omnes</strong></span> <span class='ocrx_word' id='word_1_239' title='bbox 1856 3203 2052 3274; x_wconf 88' lang='lat' dir='ltr'><strong>quippe</strong></span> 
     </span>
    </p>
   </div>
   <div class='ocr_carea' id='block_1_33' title="bbox 461 3272 2051 3363">
    <p class='ocr_par' dir='ltr' id='par_1_33' title="bbox 461 3272 2051 3363">
     <span class='ocr_line' id='line_1_33' title="bbox 461 3272 2051 3363; baseline 0.016 -37"><span class='ocrx_word' id='word_1_240' title='bbox 461 3272 547 3328; x_wconf 88' lang='lat' dir='ltr'><strong>isti</strong></span> <span class='ocrx_word' id='word_1_241' title='bbox 576 3274 742 3348; x_wconf 66' lang='lat' dir='ltr'><strong><em>initjui</em></strong></span> <span class='ocrx_word' id='word_1_242' title='bbox 770 3289 894 3336; x_wconf 91' lang='lat' dir='ltr'><strong><em>sunt</em></strong></span> <span class='ocrx_word' id='word_1_243' title='bbox 923 3299 934 3334; x_wconf 94' lang='lat'><strong>:</strong></span> <span class='ocrx_word' id='word_1_244' title='bbox 982 3283 1073 3338; x_wconf 90' lang='lat' dir='ltr'><strong>sed</strong></span> <span class='ocrx_word' id='word_1_245' title='bbox 1098 3285 1273 3354; x_wconf 87' lang='lat' dir='ltr'><strong>justus</strong></span> <span class='ocrx_word' id='word_1_246' title='bbox 1301 3295 1384 3342; x_wconf 90' lang='lat' dir='ltr'><strong>est</strong></span> <span class='ocrx_word' id='word_1_247' title='bbox 1409 3287 1651 3345; x_wconf 91' lang='lat' dir='ltr'><strong>Christus</strong></span> <span class='ocrx_word' id='word_1_248' title='bbox 1675 3333 1690 3359; x_wconf 97' lang='lat'><strong>,</strong></span> <span class='ocrx_word' id='word_1_249' title='bbox 1722 3272 1963 3363; x_wconf 18' lang='lat' dir='ltr'><strong>cujusiin—</strong></span> <span class='ocrx_word' id='word_1_250' title='bbox 1990 3272 2051 3353; x_wconf 82' lang='lat' dir='ltr'><strong>se</strong></span> 
     </span>
    </p>
   </div>
   <div class='ocr_carea' id='block_1_34' title="bbox 461 3363 2050 3457">
    <p class='ocr_par' dir='ltr' id='par_1_34' title="bbox 461 3363 2050 3457">
     <span class='ocr_line' id='line_1_34' title="bbox 461 3363 2050 3457; baseline 0.016 -39"><span class='ocrx_word' id='word_1_251' title='bbox 461 3363 866 3426; x_wconf 89' lang='lat' dir='ltr'><strong>Sacramentum</strong></span> <span class='ocrx_word' id='word_1_252' title='bbox 886 3413 902 3439; x_wconf 97' lang='lat'><strong>,</strong></span> <span class='ocrx_word' id='word_1_253' title='bbox 935 3375 1078 3444; x_wconf 92' lang='lat' dir='ltr'><strong>quod</strong></span> <span class='ocrx_word' id='word_1_254' title='bbox 1105 3376 1172 3432; x_wconf 92' lang='lat' dir='ltr'><strong>ad</strong></span> <span class='ocrx_word' id='word_1_255' title='bbox 1201 3377 1372 3447; x_wconf 91' lang='lat' dir='ltr'><strong>ipsum</strong></span> <span class='ocrx_word' id='word_1_256' title='bbox 1401 3381 1621 3446; x_wconf 91' lang='lat' dir='ltr'><strong>attinet,</strong></span> <span class='ocrx_word' id='word_1_257' title='bbox 1650 3398 1745 3439; x_wconf 91' lang='lat' dir='ltr'><strong>sua</strong></span> <span class='ocrx_word' id='word_1_258' title='bbox 1773 3385 2050 3457; x_wconf 87' lang='lat' dir='ltr'><strong>iniquitate</strong></span> 
     </span>
    </p>
   </div>
   <div class='ocr_carea' id='block_1_35' title="bbox 459 3457 2046 3544">
    <p class='ocr_par' dir='ltr' id='par_1_35' title="bbox 459 3457 2046 3544">
     <span class='ocr_line' id='line_1_35' title="bbox 459 3457 2046 3544; baseline 0.016 -35"><span class='ocrx_word' id='word_1_259' title='bbox 459 3471 566 3511; x_wconf 94' lang='lat' dir='ltr'><strong>non</strong></span> <span class='ocrx_word' id='word_1_260' title='bbox 610 3457 830 3515; x_wconf 90' lang='lat' dir='ltr'><strong>violant.</strong></span> <span class='ocrx_word' id='word_1_261' title='bbox 882 3465 1130 3536; x_wconf 81' lang='lat' dir='ltr'><strong>Alioquin</strong></span> <span class='ocrx_word' id='word_1_262' title='bbox 1173 3479 1352 3537; x_wconf 88' lang='lat' dir='ltr'><strong>posset</strong></span> <span class='ocrx_word' id='word_1_263' title='bbox 1403 3472 1537 3526; x_wconf 88' lang='lat' dir='ltr'><strong>alius</strong></span> <span class='ocrx_word' id='word_1_264' title='bbox 1567 3473 1745 3530; x_wconf 89' lang='lat' dir='ltr'><strong><em>dicere</em></strong></span> <span class='ocrx_word' id='word_1_265' title='bbox 1777 3476 1914 3544; x_wconf 88' lang='lat' dir='ltr'><strong>:Qui</strong></span> <span class='ocrx_word' id='word_1_266' title='bbox 1941 3479 2046 3534; x_wconf 88' lang='lat' dir='ltr'><strong>ini-</strong></span> 
     </span>
    </p>
   </div>
   <div class='ocr_carea' id='block_1_36' title="bbox 458 3550 2046 3639">
    <p class='ocr_par' dir='ltr' id='par_1_36' title="bbox 458 3550 2046 3639">
     <span class='ocr_line' id='line_1_36' title="bbox 458 3550 2046 3639; baseline 0.016 -40"><span class='ocrx_word' id='word_1_267' title='bbox 458 3559 685 3616; x_wconf 91' lang='lat' dir='ltr'><strong>quorum</strong></span> <span class='ocrx_word' id='word_1_268' title='bbox 716 3550 1047 3622; x_wconf 89' lang='lat' dir='ltr'><strong>Baptismum</strong></span> <span class='ocrx_word' id='word_1_269' title='bbox 1079 3558 1326 3628; x_wconf 89' lang='lat' dir='ltr'><strong>probant,</strong></span> <span class='ocrx_word' id='word_1_270' title='bbox 1348 3561 1473 3630; x_wconf 87' lang='lat' dir='ltr'><strong>quid</strong></span> <span class='ocrx_word' id='word_1_271' title='bbox 1499 3562 1641 3618; x_wconf 91' lang='lat' dir='ltr'><strong>aliud</strong></span> <span class='ocrx_word' id='word_1_272' title='bbox 1663 3580 1820 3636; x_wconf 88' lang='lat' dir='ltr'><strong>quam</strong></span> <span class='ocrx_word' id='word_1_273' title='bbox 1853 3568 2046 3639; x_wconf 85' lang='lat' dir='ltr'><strong>iniquis</strong></span> 
     </span>
    </p>
   </div>
   <div class='ocr_carea' id='block_1_37' title="bbox 456 3643 2040 3732">
    <p class='ocr_par' dir='ltr' id='par_1_37' title="bbox 456 3643 2040 3732">
     <span class='ocr_line' id='line_1_37' title="bbox 456 3643 2040 3732; baseline 0.018 -40"><span class='ocrx_word' id='word_1_274' title='bbox 456 3643 883 3704; x_wconf 85' lang='lat' dir='ltr'><strong>communicant?</strong></span> <span class='ocrx_word' id='word_1_275' title='bbox 909 3647 1059 3716; x_wconf 87' lang='lat' dir='ltr'><strong>Quod</strong></span> <span class='ocrx_word' id='word_1_276' title='bbox 1086 3650 1186 3721; x_wconf 89' lang='lat' dir='ltr'><strong>ipsi</strong></span> <span class='ocrx_word' id='word_1_277' title='bbox 1213 3651 1502 3710; x_wconf 71' lang='lat' dir='ltr'><strong>Catholicae</strong></span> <span class='ocrx_word' id='word_1_278' title='bbox 1527 3657 1573 3711; x_wconf 92' lang='lat' dir='ltr'><strong>si</strong></span> <span class='ocrx_word' id='word_1_279' title='bbox 1595 3657 1715 3728; x_wconf 90' lang='lat' dir='ltr'><strong>quis</strong></span> <span class='ocrx_word' id='word_1_280' title='bbox 1757 3659 2040 3732; x_wconf 88' lang='lat' dir='ltr'><strong>objiceret,</strong></span> 
     </span>
    </p>
   </div>
   <div class='ocr_carea' id='block_1_38' title="bbox 455 3735 1930 3821">
    <p class='ocr_par' dir='ltr' id='par_1_38' title="bbox 455 3735 1930 3821">
     <span class='ocr_line' id='line_1_38' title="bbox 455 3735 1930 3821; baseline 0.015 -35"><span class='ocrx_word' id='word_1_281' title='bbox 455 3735 872 3802; x_wconf 88' lang='lat' dir='ltr'><strong>responderetur</strong></span> <span class='ocrx_word' id='word_1_282' title='bbox 897 3740 946 3794; x_wconf 90' lang='lat' dir='ltr'><strong>ei</strong></span> <span class='ocrx_word' id='word_1_283' title='bbox 976 3743 1117 3812; x_wconf 94' lang='lat' dir='ltr'><strong>quod</strong></span> <span class='ocrx_word' id='word_1_284' title='bbox 1145 3743 1270 3801; x_wconf 84' lang='lat' dir='ltr'><strong>huic</strong></span> <span class='ocrx_word' id='word_1_285' title='bbox 1299 3747 1459 3803; x_wconf 91' lang='lat' dir='ltr'><strong>modo</strong></span> <span class='ocrx_word' id='word_1_286' title='bbox 1479 3764 1798 3821; x_wconf 88' lang='lat' dir='ltr'><strong>responsum</strong></span> <span class='ocrx_word' id='word_1_287' title='bbox 1827 3763 1930 3810; x_wconf 90' lang='lat' dir='ltr'><strong><em>est.</em></strong></span> 
     </span>
    </p>
   </div>
   <div class='ocr_carea' id='block_1_39' title="bbox 523 3821 2037 3903">
    <p class='ocr_par' dir='ltr' id='par_1_39' title="bbox 523 3821 2037 3903">
     <span class='ocr_line' id='line_1_39' title="bbox 523 3821 2037 3903; baseline 0.017 -26"><span class='ocrx_word' id='word_1_288' title='bbox 523 3821 748 3882; x_wconf 81' lang='lat' dir='ltr'><strong>CAPUT</strong></span> <span class='ocrx_word' id='word_1_289' title='bbox 763 3827 1073 3886; x_wconf 76' lang='lat' dir='ltr'><strong>XXVIII.—</strong></span> <span class='ocrx_word' id='word_1_290' title='bbox 1091 3834 1178 3891; x_wconf 78' lang='lat'><strong>55.</strong></span> <span class='ocrx_word' id='word_1_291' title='bbox 1200 3837 1579 3896; x_wconf 85' lang='lat' dir='ltr'><strong>Hortensianus</strong></span> <span class='ocrx_word' id='word_1_292' title='bbox 1593 3857 1621 3895; x_wconf 91' lang='lat' dir='ltr'><strong>a</strong></span> <span class='ocrx_word' id='word_1_293' title='bbox 1639 3841 1858 3900; x_wconf 88' lang='lat' dir='ltr'><strong>Laribus</strong></span> <span class='ocrx_word' id='word_1_294' title='bbox 1875 3845 2004 3903; x_wconf 81' lang='lat' dir='ltr'><strong>dixit</strong></span> <span class='ocrx_word' id='word_1_295' title='bbox 2022 3865 2037 3903; x_wconf 90' lang='lat'><strong>:</strong></span> 
     </span>
    </p>
   </div>
   <div class='ocr_carea' id='block_1_40' title="bbox 457 3914 2038 4006">
    <p class='ocr_par' dir='ltr' id='par_1_40' title="bbox 457 3914 2038 4006">
     <span class='ocr_line' id='line_1_40' title="bbox 457 3914 2038 4006; baseline 0.016 -39"><span class='ocrx_word' id='word_1_296' title='bbox 457 3914 588 3981; x_wconf 93' lang='lat' dir='ltr'><strong><em>Quot</em></strong></span> <span class='ocrx_word' id='word_1_297' title='bbox 615 3917 714 3971; x_wconf 90' lang='lat' dir='ltr'><strong><em>sint</em></strong></span> <span class='ocrx_word' id='word_1_298' title='bbox 742 3919 993 3990; x_wconf 81' lang='lat' dir='ltr'><strong>baptismi,</strong></span> <span class='ocrx_word' id='word_1_299' title='bbox 1022 3924 1236 3981; x_wconf 79' lang='lat' dir='ltr'><strong><em>viderint</em></strong></span> <span class='ocrx_word' id='word_1_300' title='bbox 1269 3937 1356 3982; x_wconf 91' lang='lat' dir='ltr'><strong>aut</strong></span> <span class='ocrx_word' id='word_1_301' title='bbox 1384 3941 1771 4003; x_wconf 65' lang='lat' dir='ltr'><strong><em>praesumptores</em></strong></span> <span class='ocrx_word' id='word_1_302' title='bbox 1798 3945 1887 3990; x_wconf 91' lang='lat' dir='ltr'><strong>aut</strong></span> <span class='ocrx_word' id='word_1_303' title='bbox 1911 3937 2038 4006; x_wconf 81' lang='lat' dir='ltr'><strong>[au-</strong></span> 
     </span>
    </p>
   </div>
   <div class='ocr_carea' id='block_1_41' title="bbox 453 4007 2038 4094">
    <p class='ocr_par' dir='ltr' id='par_1_41' title="bbox 453 4007 2038 4094">
     <span class='ocr_line' id='line_1_41' title="bbox 453 4007 2038 4094; baseline 0.017 -37"><span class='ocrx_word' id='word_1_304' title='bbox 453 4013 584 4061; x_wconf 80' lang='lat' dir='ltr'><strong>tores</strong></span> <span class='ocrx_word' id='word_1_305' title='bbox 612 4007 960 4066; x_wconf 79' lang='lat' dir='ltr'><strong><em>htereticorum</em></strong></span> <span class='ocrx_word' id='word_1_306' title='bbox 990 4032 1010 4068; x_wconf 87' lang='lat'><strong>:</strong></span> <span class='ocrx_word' id='word_1_307' title='bbox 1029 4032 1120 4070; x_wconf 91' lang='lat' dir='ltr'><strong>nos</strong></span> <span class='ocrx_word' id='word_1_308' title='bbox 1141 4033 1296 4073; x_wconf 89' lang='lat' dir='ltr'><strong><em>unum</em></strong></span> <span class='ocrx_word' id='word_1_309' title='bbox 1320 4019 1604 4090; x_wconf 87' lang='lat' dir='ltr'><strong><em>Baptisma,</em></strong></span> <span class='ocrx_word' id='word_1_310' title='bbox 1631 4025 1768 4094; x_wconf 87' lang='lat' dir='ltr'><strong><em>quod</em></strong></span> <span class='ocrx_word' id='word_1_311' title='bbox 1791 4042 1891 4080; x_wconf 88' lang='lat' dir='ltr'><strong>non</strong></span> <span class='ocrx_word' id='word_1_312' title='bbox 1938 4029 2038 4084; x_wconf 89' lang='lat' dir='ltr'><strong><em>nisi</em></strong></span> 
     </span>
    </p>
   </div>
   <div class='ocr_carea' id='block_1_42' title="bbox 449 4096 2034 4190">
    <p class='ocr_par' dir='ltr' id='par_1_42' title="bbox 449 4096 2034 4190">
     <span class='ocr_line' id='line_1_42' title="bbox 449 4096 2034 4190; baseline 0.016 -41"><span class='ocrx_word' id='word_1_313' title='bbox 449 4096 504 4150; x_wconf 87' lang='lat' dir='ltr'><strong>in</strong></span> <span class='ocrx_word' id='word_1_314' title='bbox 557 4097 782 4155; x_wconf 78' lang='lat' dir='ltr'><strong>Ecclesia</strong></span> <span class='ocrx_word' id='word_1_315' title='bbox 821 4106 1066 4171; x_wconf 86' lang='lat' dir='ltr'><strong><em>novimus,</em></strong></span> <span class='ocrx_word' id='word_1_316' title='bbox 1116 4104 1358 4164; x_wconf 77' lang='lat' dir='ltr'><strong><em>Ecclesia:</em></strong></span> <span class='ocrx_word' id='word_1_317' title='bbox 1384 4113 1714 4170; x_wconf 84' lang='lat' dir='ltr'><strong><em>vindicamus.</em></strong></span> <span class='ocrx_word' id='word_1_318' title='bbox 1761 4118 1862 4172; x_wconf 80' lang='lat' dir='ltr'><strong><em>Aut</em></strong></span> <span class='ocrx_word' id='word_1_319' title='bbox 1904 4136 2034 4190; x_wconf 89' lang='lat' dir='ltr'><strong><em>quo-</em></strong></span> 
     </span>
    </p>
   </div>
   <div class='ocr_carea' id='block_1_43' title="bbox 449 4187 2036 4280">
    <p class='ocr_par' dir='ltr' id='par_1_43' title="bbox 449 4187 2036 4280">
     <span class='ocr_line' id='line_1_43' title="bbox 449 4187 2036 4280; baseline 0.017 -41"><span class='ocrx_word' id='word_1_320' title='bbox 449 4187 598 4242; x_wconf 87' lang='lat' dir='ltr'><strong><em>modo</em></strong></span> <span class='ocrx_word' id='word_1_321' title='bbox 619 4201 824 4259; x_wconf 88' lang='lat' dir='ltr'><strong><em>possunt</em></strong></span> <span class='ocrx_word' id='word_1_322' title='bbox 843 4193 895 4247; x_wconf 87' lang='lat' dir='ltr'><strong>in</strong></span> <span class='ocrx_word' id='word_1_323' title='bbox 922 4196 1120 4250; x_wconf 88' lang='lat' dir='ltr'><strong><em>nomine</em></strong></span> <span class='ocrx_word' id='word_1_324' title='bbox 1139 4196 1326 4253; x_wconf 81' lang='lat' dir='ltr'><strong><em>Christi</em></strong></span> <span class='ocrx_word' id='word_1_325' title='bbox 1348 4201 1566 4272; x_wconf 84' lang='lat' dir='ltr'><strong><em>aliquem</em></strong></span> <span class='ocrx_word' id='word_1_326' title='bbox 1607 4204 1882 4276; x_wconf 74' lang='lat' dir='ltr'><strong><em>baptizare,</em></strong></span> <span class='ocrx_word' id='word_1_327' title='bbox 1907 4187 2036 4280; x_wconf 76' lang='lat' dir='ltr'><strong><em>quos</em></strong></span> 
     </span>
    </p>
   </div>
   <div class='ocr_carea' id='block_1_44' title="bbox 447 4278 1912 4363">
    <p class='ocr_par' dir='ltr' id='par_1_44' title="bbox 447 4278 1912 4363">
     <span class='ocr_line' id='line_1_44' title="bbox 447 4278 1912 4363; baseline 0.017 -33"><span class='ocrx_word' id='word_1_328' title='bbox 447 4278 553 4346; x_wconf 88' lang='lat' dir='ltr'><strong><em>ipse</em></strong></span> <span class='ocrx_word' id='word_1_329' title='bbox 577 4278 806 4337; x_wconf 84' lang='lat' dir='ltr'><strong>Christus</strong></span> <span class='ocrx_word' id='word_1_330' title='bbox 839 4285 959 4338; x_wconf 87' lang='lat' dir='ltr'><strong><em>dicit</em></strong></span> <span class='ocrx_word' id='word_1_331' title='bbox 983 4287 1297 4344; x_wconf 83' lang='lat' dir='ltr'><strong><em>adversarios</em></strong></span> <span class='ocrx_word' id='word_1_332' title='bbox 1317 4307 1437 4347; x_wconf 86' lang='lat' dir='ltr'><strong><em>suos</em></strong></span> <span class='ocrx_word' id='word_1_333' title='bbox 1463 4296 1605 4350; x_wconf 80' lang='lat' dir='ltr'><strong><em>esse?</em></strong></span> <span class='ocrx_word' id='word_1_334' title='bbox 1905 4358 1912 4363; x_wconf 69' lang='grc'><em>,</em></span> 
     </span>
    </p>
   </div>
   <div class='ocr_carea' id='block_1_45' title="bbox 514 4369 2026 4457">
    <p class='ocr_par' dir='ltr' id='par_1_45' title="bbox 514 4369 2026 4457">
     <span class='ocr_line' id='line_1_45' title="bbox 514 4369 2026 4457; baseline 0.015 -33"><span class='ocrx_word' id='word_1_335' title='bbox 514 4369 605 4424; x_wconf 75' lang='grc'><strong>54.</strong></span> <span class='ocrx_word' id='word_1_336' title='bbox 637 4369 770 4427; x_wconf 85' lang='lat' dir='ltr'><strong>Huic</strong></span> <span class='ocrx_word' id='word_1_337' title='bbox 792 4374 952 4430; x_wconf 92' lang='lat' dir='ltr'><strong>simili</strong></span> <span class='ocrx_word' id='word_1_338' title='bbox 982 4385 1164 4434; x_wconf 90' lang='lat' dir='ltr'><strong>tenore</strong></span> <span class='ocrx_word' id='word_1_339' title='bbox 1181 4380 1462 4438; x_wconf 88' lang='lat' dir='ltr'><strong>verborum</strong></span> <span class='ocrx_word' id='word_1_340' title='bbox 1506 4384 1577 4439; x_wconf 87' lang='lat' dir='ltr'><strong>ita</strong></span> <span class='ocrx_word' id='word_1_341' title='bbox 1602 4387 2026 4457; x_wconf 87' lang='lat' dir='ltr'><strong>respondentes:</strong></span> 
     </span>
    </p>
   </div>
   <div class='ocr_carea' id='block_1_46' title="bbox 444 4458 2024 4550">
    <p class='ocr_par' dir='ltr' id='par_1_46' title="bbox 444 4458 2024 4550">
     <span class='ocr_line' id='line_1_46' title="bbox 444 4458 2024 4550; baseline 0.015 -36"><span class='ocrx_word' id='word_1_342' title='bbox 444 4458 684 4518; x_wconf 86' lang='lat' dir='ltr'><strong>Viderint</strong></span> <span class='ocrx_word' id='word_1_343' title='bbox 709 4473 800 4520; x_wconf 91' lang='lat' dir='ltr'><strong>aut</strong></span> <span class='ocrx_word' id='word_1_344' title='bbox 827 4479 1240 4539; x_wconf 86' lang='lat' dir='ltr'><strong>praesumptores</strong></span> <span class='ocrx_word' id='word_1_345' title='bbox 1280 4481 1372 4527; x_wconf 91' lang='lat' dir='ltr'><strong>aut</strong></span> <span class='ocrx_word' id='word_1_346' title='bbox 1411 4473 1648 4531; x_wconf 80' lang='lat' dir='ltr'><strong>fautores</strong></span> <span class='ocrx_word' id='word_1_347' title='bbox 1691 4478 2024 4550; x_wconf 89' lang='lat' dir='ltr'><strong>iniquorum;</strong></span> 
     </span>
    </p>
   </div>
   <div class='ocr_carea' id='block_1_47' title="bbox 363 4554 2028 4632">
    <p class='ocr_par' dir='ltr' id='par_1_47' title="bbox 363 4554 2028 4632">
     <span class='ocr_line' id='line_1_47' title="bbox 363 4554 2028 4632; baseline 0.016 -28"><span class='ocrx_word' id='word_1_348' title='bbox 363 4566 384 4573; x_wconf 60' lang='grc' dir='ltr'>δ</span> <span class='ocrx_word' id='word_1_349' title='bbox 441 4565 539 4606; x_wconf 90' lang='lat' dir='ltr'><strong>nos</strong></span> <span class='ocrx_word' id='word_1_350' title='bbox 567 4568 730 4609; x_wconf 92' lang='lat' dir='ltr'><strong>unum</strong></span> <span class='ocrx_word' id='word_1_351' title='bbox 776 4554 1066 4628; x_wconf 86' lang='lat' dir='ltr'><strong>Baptisma,</strong></span> <span class='ocrx_word' id='word_1_352' title='bbox 1117 4561 1255 4632; x_wconf 92' lang='lat' dir='ltr'><strong>quod</strong></span> <span class='ocrx_word' id='word_1_353' title='bbox 1290 4578 1400 4619; x_wconf 90' lang='lat' dir='ltr'><strong>non</strong></span> <span class='ocrx_word' id='word_1_354' title='bbox 1428 4566 1531 4621; x_wconf 92' lang='lat' dir='ltr'><strong>nisi</strong></span> <span class='ocrx_word' id='word_1_355' title='bbox 1571 4567 1826 4626; x_wconf 70' lang='lat' dir='ltr'><strong>Ecclesia:</strong></span> <span class='ocrx_word' id='word_1_356' title='bbox 1869 4574 2028 4629; x_wconf 91' lang='lat' dir='ltr'><strong><em>novi-</em></strong></span> 
     </span>
    </p>
   </div>
   <div class='ocr_carea' id='block_1_48' title="bbox 439 4644 2025 4729">
    <p class='ocr_par' dir='ltr' id='par_1_48' title="bbox 439 4644 2025 4729">
     <span class='ocr_line' id='line_1_48' title="bbox 439 4644 2025 4729; baseline 0.016 -34"><span class='ocrx_word' id='word_1_357' title='bbox 439 4656 581 4710; x_wconf 91' lang='lat' dir='ltr'><strong>mus,</strong></span> <span class='ocrx_word' id='word_1_358' title='bbox 610 4644 926 4718; x_wconf 89' lang='lat' dir='ltr'><strong>ubicumque</strong></span> <span class='ocrx_word' id='word_1_359' title='bbox 968 4649 1242 4708; x_wconf 89' lang='lat' dir='ltr'><strong>invcntum</strong></span> <span class='ocrx_word' id='word_1_360' title='bbox 1268 4655 1483 4725; x_wconf 88' lang='lat' dir='ltr'><strong>quando</strong></span> <span class='ocrx_word' id='word_1_361' title='bbox 1512 4673 1795 4729; x_wconf 91' lang='lat' dir='ltr'><strong>possumus</strong></span> <span class='ocrx_word' id='word_1_362' title='bbox 1823 4663 1888 4718; x_wconf 91' lang='lat' dir='ltr'><strong>ad</strong></span> <span class='ocrx_word' id='word_1_363' title='bbox 1919 4665 2025 4721; x_wconf 88' lang='lat' dir='ltr'><strong><em>Ec-</em></strong></span> 
     </span>
    </p>
   </div>
   <div class='ocr_carea' id='block_1_49' title="bbox 438 4733 2019 4820">
    <p class='ocr_par' dir='ltr' id='par_1_49' title="bbox 438 4733 2019 4820">
     <span class='ocr_line' id='line_1_49' title="bbox 438 4733 2019 4820; baseline 0.017 -33"><span class='ocrx_word' id='word_1_364' title='bbox 438 4733 652 4791; x_wconf 89' lang='lat' dir='ltr'><strong>clesiam</strong></span> <span class='ocrx_word' id='word_1_365' title='bbox 682 4753 1013 4798; x_wconf 87' lang='lat' dir='ltr'><strong>revocamus.</strong></span> <span class='ocrx_word' id='word_1_366' title='bbox 1043 4743 1152 4799; x_wconf 83' lang='lat' dir='ltr'><strong>Aut</strong></span> <span class='ocrx_word' id='word_1_367' title='bbox 1178 4748 1446 4816; x_wconf 92' lang='lat' dir='ltr'><strong>quomodo</strong></span> <span class='ocrx_word' id='word_1_368' title='bbox 1465 4762 1685 4820; x_wconf 90' lang='lat' dir='ltr'><strong>possunt</strong></span> <span class='ocrx_word' id='word_1_369' title='bbox 1714 4756 1767 4808; x_wconf 92' lang='lat' dir='ltr'><strong>in</strong></span> <span class='ocrx_word' id='word_1_370' title='bbox 1795 4758 2019 4814; x_wconf 91' lang='lat' dir='ltr'><strong>nomine</strong></span> 
     </span>
    </p>
   </div>
   <div class='ocr_carea' id='block_1_50' title="bbox 437 4824 2025 4912">
    <p class='ocr_par' dir='ltr' id='par_1_50' title="bbox 437 4824 2025 4912">
     <span class='ocr_line' id='line_1_50' title="bbox 437 4824 2025 4912; baseline 0.018 -33"><span class='ocrx_word' id='word_1_371' title='bbox 437 4824 634 4882; x_wconf 89' lang='lat' dir='ltr'><strong>Christi</strong></span> <span class='ocrx_word' id='word_1_372' title='bbox 677 4830 904 4901; x_wconf 91' lang='lat' dir='ltr'><strong>aliquem</strong></span> <span class='ocrx_word' id='word_1_373' title='bbox 943 4834 1232 4905; x_wconf 87' lang='lat' dir='ltr'><strong>baptizare,</strong></span> <span class='ocrx_word' id='word_1_374' title='bbox 1283 4855 1416 4910; x_wconf 90' lang='lat' dir='ltr'><strong>quos</strong></span> <span class='ocrx_word' id='word_1_375' title='bbox 1457 4843 1570 4912; x_wconf 90' lang='lat' dir='ltr'><strong>ipse</strong></span> <span class='ocrx_word' id='word_1_376' title='bbox 1609 4844 1850 4904; x_wconf 89' lang='lat' dir='ltr'><strong>Christus</strong></span> <span class='ocrx_word' id='word_1_377' title='bbox 1892 4850 2025 4908; x_wconf 90' lang='lat' dir='ltr'><strong>dicit</strong></span> 
     </span>
    </p>
   </div>
   <div class='ocr_carea' id='block_1_51' title="bbox 432 4914 2015 5012">
    <p class='ocr_par' dir='ltr' id='par_1_51' title="bbox 432 4914 2015 5012">
     <span class='ocr_line' id='line_1_51' title="bbox 432 4914 2015 5012; baseline 0.02 -45"><span class='ocrx_word' id='word_1_378' title='bbox 432 4914 767 4975; x_wconf 87' lang='lat' dir='ltr'><strong>adversarios</strong></span> <span class='ocrx_word' id='word_1_379' title='bbox 786 4936 912 4977; x_wconf 90' lang='lat' dir='ltr'><strong>suos</strong></span> <span class='ocrx_word' id='word_1_380' title='bbox 936 4926 1093 4981; x_wconf 79' lang='lat' dir='ltr'><strong>esse?</strong></span> <span class='ocrx_word' id='word_1_381' title='bbox 1130 4926 1388 4988; x_wconf 90' lang='lat' dir='ltr'><strong>Omnibus</strong></span> <span class='ocrx_word' id='word_1_382' title='bbox 1413 4933 1608 5005; x_wconf 78' lang='lat' dir='ltr'><strong>quippe</strong></span> <span class='ocrx_word' id='word_1_383' title='bbox 1637 4937 1830 5008; x_wconf 90' lang='lat' dir='ltr'><strong>iniquis</strong></span> <span class='ocrx_word' id='word_1_384' title='bbox 1869 4941 2015 5012; x_wconf 89' lang='lat' dir='ltr'><strong>dicit,</strong></span> 
     </span>
    </p>
   </div>
   <div class='ocr_carea' id='block_1_52' title="bbox 433 5005 2018 5106">
    <p class='ocr_par' dir='ltr' id='par_1_52' title="bbox 433 5005 2018 5106">
     <span class='ocr_line' id='line_1_52' title="bbox 433 5005 2018 5106; baseline 0.02 -46"><span class='ocrx_word' id='word_1_385' title='bbox 433 5005 556 5063; x_wconf 87' lang='lat' dir='ltr'><strong><em>Non</em></strong></span> <span class='ocrx_word' id='word_1_386' title='bbox 584 5011 698 5065; x_wconf 86' lang='lat' dir='ltr'><strong><em>novi</em></strong></span> <span class='ocrx_word' id='word_1_387' title='bbox 732 5029 851 5079; x_wconf 81' lang='lat' dir='ltr'><strong><em>vos;</em></strong></span> <span class='ocrx_word' id='word_1_388' title='bbox 875 5018 1092 5075; x_wconf 88' lang='lat' dir='ltr'><strong><em>recedite</em></strong></span> <span class='ocrx_word' id='word_1_389' title='bbox 1115 5037 1146 5074; x_wconf 91' lang='lat' dir='ltr'><strong>a</strong></span> <span class='ocrx_word' id='word_1_390' title='bbox 1183 5039 1281 5091; x_wconf 88' lang='lat' dir='ltr'><strong>me,</strong></span> <span class='ocrx_word' id='word_1_391' title='bbox 1328 5026 1418 5097; x_wconf 85' lang='lat' dir='ltr'><strong><em>qui</em></strong></span> <span class='ocrx_word' id='word_1_392' title='bbox 1461 5031 1742 5098; x_wconf 86' lang='lat' dir='ltr'><strong><em>operamini</em></strong></span> <span class='ocrx_word' id='word_1_393' title='bbox 1774 5034 2018 5106; x_wconf 87' lang='lat' dir='ltr'><strong><em>iniquita-</em></strong></span> 
     </span>
    </p>
   </div>
   <div class='ocr_carea' id='block_1_53' title="bbox 430 5099 2012 5190">
    <p class='ocr_par' dir='ltr' id='par_1_53' title="bbox 430 5099 2012 5190">
     <span class='ocr_line' id='line_1_53' title="bbox 430 5099 2012 5190; baseline 0.021 -42"><span class='ocrx_word' id='word_1_394' title='bbox 430 5108 527 5151; x_wconf 87' lang='lat' dir='ltr'><strong>tem</strong></span> <span class='ocrx_word' id='word_1_395' title='bbox 549 5099 760 5169; x_wconf 74' lang='lat' dir='ltr'><strong><em>(Matth.</em></strong></span> <span class='ocrx_word' id='word_1_396' title='bbox 784 5120 876 5174; x_wconf 87' lang='lat' dir='ltr'><strong>vn,</strong></span> <span class='ocrx_word' id='word_1_397' title='bbox 901 5106 997 5178; x_wconf 77' lang='lat'><strong>23)</strong></span> <span class='ocrx_word' id='word_1_398' title='bbox 1024 5127 1038 5163; x_wconf 89' lang='lat'><strong>:</strong></span> <span class='ocrx_word' id='word_1_399' title='bbox 1067 5121 1120 5166; x_wconf 91' lang='lat' dir='ltr'><strong>et</strong></span> <span class='ocrx_word' id='word_1_400' title='bbox 1170 5121 1348 5172; x_wconf 80' lang='lat' dir='ltr'><strong>tamen</strong></span> <span class='ocrx_word' id='word_1_401' title='bbox 1393 5131 1514 5172; x_wconf 93' lang='lat' dir='ltr'><strong>cum</strong></span> <span class='ocrx_word' id='word_1_402' title='bbox 1567 5099 1870 5190; x_wconf 50' lang='lat' dir='ltr'><strong>baptizant,</strong></span> <span class='ocrx_word' id='word_1_403' title='bbox 1905 5141 2012 5182; x_wconf 90' lang='lat' dir='ltr'><strong>non</strong></span> 
     </span>
    </p>
   </div>
   <div class='ocr_carea' id='block_1_54' title="bbox 428 5187 2017 5289">
    <p class='ocr_par' dir='ltr' id='par_1_54' title="bbox 428 5187 2017 5289">
     <span class='ocr_line' id='line_1_54' title="bbox 428 5187 2017 5289; baseline 0.02 -46"><span class='ocrx_word' id='word_1_404' title='bbox 428 5187 528 5259; x_wconf 82' lang='lat' dir='ltr'><strong>ipsi</strong></span> <span class='ocrx_word' id='word_1_405' title='bbox 559 5192 848 5264; x_wconf 87' lang='lat' dir='ltr'><strong>baptizant,</strong></span> <span class='ocrx_word' id='word_1_406' title='bbox 877 5201 972 5256; x_wconf 91' lang='lat' dir='ltr'><strong><em>sed</em></strong></span> <span class='ocrx_word' id='word_1_407' title='bbox 993 5202 1081 5258; x_wconf 90' lang='lat' dir='ltr'><strong>ille</strong></span> <span class='ocrx_word' id='word_1_408' title='bbox 1108 5203 1175 5261; x_wconf 89' lang='lat' dir='ltr'><strong><em>de</em></strong></span> <span class='ocrx_word' id='word_1_409' title='bbox 1197 5222 1305 5278; x_wconf 93' lang='lat' dir='ltr'><strong>quo</strong></span> <span class='ocrx_word' id='word_1_410' title='bbox 1338 5208 1571 5278; x_wconf 82' lang='lat' dir='ltr'><strong>Joannes</strong></span> <span class='ocrx_word' id='word_1_411' title='bbox 1599 5187 1750 5282; x_wconf 87' lang='lat' dir='ltr'><strong><em>dicit,</em></strong></span> <span class='ocrx_word' id='word_1_412' title='bbox 1795 5187 1918 5289; x_wconf 83' lang='lat' dir='ltr'><strong><em>Ipse</em></strong></span> <span class='ocrx_word' id='word_1_413' title='bbox 1940 5229 2017 5275; x_wconf 86' lang='lat' dir='ltr'><strong>est</strong></span> 
     </span>
    </p>
   </div>
   <div class='ocr_carea' id='block_1_55' title="bbox 428 5284 1164 5368">
    <p class='ocr_par' dir='ltr' id='par_1_55' title="bbox 428 5284 1164 5368">
     <span class='ocr_line' id='line_1_55' title="bbox 428 5284 1164 5368; baseline 0.026 -34"><span class='ocrx_word' id='word_1_414' title='bbox 428 5285 513 5352; x_wconf 80' lang='lat' dir='ltr'><strong>qui</strong></span> <span class='ocrx_word' id='word_1_415' title='bbox 527 5284 748 5355; x_wconf 80' lang='lat' dir='ltr'><strong><em>baptizat</em></strong></span> <span class='ocrx_word' id='word_1_416' title='bbox 779 5290 954 5361; x_wconf 84' lang='lat' dir='ltr'><strong><em>(Joan.</em></strong></span> <span class='ocrx_word' id='word_1_417' title='bbox 983 5309 1022 5361; x_wconf 86' lang='grc' dir='ltr'><strong>ι,</strong></span> <span class='ocrx_word' id='word_1_418' title='bbox 1053 5295 1164 5368; x_wconf 79' lang='grc'><strong>53).</strong></span> 
     </span>
    </p>
   </div>
   <div class='ocr_carea' id='block_1_56' title="bbox 495 5373 2011 5459">
    <p class='ocr_par' dir='ltr' id='par_1_56' title="bbox 495 5373 2011 5459">
     <span class='ocr_line' id='line_1_56' title="bbox 495 5373 2011 5459; baseline 0.021 -33"><span class='ocrx_word' id='word_1_419' title='bbox 495 5373 722 5432; x_wconf 80' lang='lat' dir='ltr'><strong>CAPUT</strong></span> <span class='ocrx_word' id='word_1_420' title='bbox 747 5378 939 5438; x_wconf 79' lang='lat' dir='ltr'><strong>XXIX.</strong></span> <span class='ocrx_word' id='word_1_421' title='bbox 953 5415 1024 5425; x_wconf 92' lang='lat'>—</span> <span class='ocrx_word' id='word_1_422' title='bbox 1041 5386 1131 5442; x_wconf 85' lang='lat'><strong>55.</strong></span> <span class='ocrx_word' id='word_1_423' title='bbox 1156 5389 1371 5447; x_wconf 87' lang='lat' dir='ltr'><strong>Cassius</strong></span> <span class='ocrx_word' id='word_1_424' title='bbox 1391 5407 1420 5447; x_wconf 92' lang='lat' dir='ltr'><strong>a</strong></span> <span class='ocrx_word' id='word_1_425' title='bbox 1436 5393 1827 5455; x_wconf 87' lang='lat' dir='ltr'><strong>Macomadibus</strong></span> <span class='ocrx_word' id='word_1_426' title='bbox 1847 5401 2011 5459; x_wconf 80' lang='lat' dir='ltr'><strong>dixit:</strong></span> 
     </span>
    </p>
   </div>
   <div class='ocr_carea' id='block_1_57' title="bbox 427 5462 2012 5556">
    <p class='ocr_par' dir='ltr' id='par_1_57' title="bbox 427 5462 2012 5556">
     <span class='ocr_line' id='line_1_57' title="bbox 427 5462 2012 5556; baseline 0.023 -43"><span class='ocrx_word' id='word_1_427' title='bbox 427 5462 552 5516; x_wconf 80' lang='lat' dir='ltr'><strong><em>Cum</em></strong></span> <span class='ocrx_word' id='word_1_428' title='bbox 571 5462 871 5535; x_wconf 85' lang='lat' dir='ltr'><strong><em>baptismata</em></strong></span> <span class='ocrx_word' id='word_1_429' title='bbox 885 5473 988 5530; x_wconf 88' lang='lat' dir='ltr'><strong>duo</strong></span> <span class='ocrx_word' id='word_1_430' title='bbox 1004 5493 1110 5532; x_wconf 85' lang='lat' dir='ltr'><strong><em>esse</em></strong></span> <span class='ocrx_word' id='word_1_431' title='bbox 1129 5496 1229 5534; x_wconf 91' lang='lat' dir='ltr'><strong>non</strong></span> <span class='ocrx_word' id='word_1_432' title='bbox 1258 5484 1468 5552; x_wconf 85' lang='lat' dir='ltr'><strong><em>possint,</em></strong></span> <span class='ocrx_word' id='word_1_433' title='bbox 1496 5488 1584 5556; x_wconf 90' lang='lat' dir='ltr'><strong><em>qui</em></strong></span> <span class='ocrx_word' id='word_1_434' title='bbox 1630 5489 1875 5546; x_wconf 79' lang='lat' dir='ltr'><strong><em>htereticis</em></strong></span> <span class='ocrx_word' id='word_1_435' title='bbox 1907 5492 2012 5548; x_wconf 87' lang='lat' dir='ltr'><strong>Ba-</strong></span> 
     </span>
    </p>
   </div>
   <div class='ocr_carea' id='block_1_58' title="bbox 427 5555 2011 5650">
    <p class='ocr_par' dir='ltr' id='par_1_58' title="bbox 427 5555 2011 5650">
     <span class='ocr_line' id='line_1_58' title="bbox 427 5555 2011 5650; baseline 0.022 -44"><span class='ocrx_word' id='word_1_436' title='bbox 427 5555 667 5625; x_wconf 83' lang='lat' dir='ltr'><strong><em>ptismum</em></strong></span> <span class='ocrx_word' id='word_1_437' title='bbox 690 5565 933 5633; x_wconf 87' lang='lat' dir='ltr'><strong><em>concedit,</em></strong></span> <span class='ocrx_word' id='word_1_438' title='bbox 960 5568 1056 5623; x_wconf 89' lang='lat' dir='ltr'><strong><em>sibi</em></strong></span> <span class='ocrx_word' id='word_1_439' title='bbox 1080 5571 1227 5626; x_wconf 87' lang='lat' dir='ltr'><strong><em>tollit.</em></strong></span> <span class='ocrx_word' id='word_1_440' title='bbox 1259 5572 1444 5630; x_wconf 83' lang='lat' dir='ltr'><strong><em>Censeo</em></strong></span> <span class='ocrx_word' id='word_1_441' title='bbox 1471 5555 1639 5648; x_wconf 84' lang='lat' dir='ltr'><strong><em>itaque</em></strong></span> <span class='ocrx_word' id='word_1_442' title='bbox 1649 5581 1839 5650; x_wconf 77' lang='lat' dir='ltr'><strong><em>ﬂebiles</em></strong></span> <span class='ocrx_word' id='word_1_443' title='bbox 1859 5593 1906 5639; x_wconf 91' lang='lat' dir='ltr'><strong>et</strong></span> <span class='ocrx_word' id='word_1_444' title='bbox 1934 5595 2011 5639; x_wconf 89' lang='lat' dir='ltr'><strong>ta-</strong></span> 
     </span>
    </p>
   </div>
   <div class='ocr_carea' id='block_1_59' title="bbox 428 5645 2006 5732">
    <p class='ocr_par' dir='ltr' id='par_1_59' title="bbox 428 5645 2006 5732">
     <span class='ocr_line' id='line_1_59' title="bbox 428 5645 2006 5732; baseline 0.022 -33"><span class='ocrx_word' id='word_1_445' title='bbox 428 5645 572 5703; x_wconf 89' lang='lat' dir='ltr'><strong><em>bidos</em></strong></span> <span class='ocrx_word' id='word_1_446' title='bbox 597 5647 854 5710; x_wconf 75' lang='lat' dir='ltr'><strong><em>luereticos</em></strong></span> <span class='ocrx_word' id='word_1_447' title='bbox 873 5656 1204 5729; x_wconf 75' lang='lat' dir='ltr'><strong><em>baptisandos</em></strong></span> <span class='ocrx_word' id='word_1_448' title='bbox 1232 5681 1336 5722; x_wconf 81' lang='lat' dir='ltr'><strong><em>esse</em></strong></span> <span class='ocrx_word' id='word_1_449' title='bbox 1361 5684 1478 5724; x_wconf 88' lang='lat' dir='ltr'><strong>cum</strong></span> <span class='ocrx_word' id='word_1_450' title='bbox 1505 5645 1575 5726; x_wconf 83' lang='lat' dir='ltr'><strong>ad</strong></span> <span class='ocrx_word' id='word_1_451' title='bbox 1599 5645 1879 5730; x_wconf 77' lang='lat' dir='ltr'><strong><em>Ecclesium</em></strong></span> <span class='ocrx_word' id='word_1_452' title='bbox 1923 5693 2006 5732; x_wconf 76' lang='lat' dir='ltr'><strong>ve-</strong></span> 
     </span>
    </p>
   </div>
   <div class='ocr_carea' id='block_1_60' title="bbox 534 5809 1122 5878">
    <p class='ocr_par' dir='ltr' id='par_1_60' title="bbox 534 5809 1122 5878">
     <span class='ocr_line' id='line_1_60' title="bbox 534 5809 1122 5878; baseline 0.022 -25"><span class='ocrx_word' id='word_1_453' title='bbox 534 5809 632 5858; x_wconf 79' lang='lat' dir='ltr'><strong>Am.</strong></span> <span class='ocrx_word' id='word_1_454' title='bbox 659 5810 712 5858; x_wconf 89' lang='lat' dir='ltr'><strong>et</strong></span> <span class='ocrx_word' id='word_1_455' title='bbox 728 5811 820 5872; x_wconf 65' lang='lat' dir='ltr'><strong>nu,</strong></span> <span class='ocrx_word' id='word_1_456' title='bbox 843 5821 876 5862; x_wconf 88' lang='lat' dir='ltr'><strong>a</strong></span> <span class='ocrx_word' id='word_1_457' title='bbox 895 5809 1122 5878; x_wconf 67' lang='lat' dir='ltr'><strong><em>Saticula.</em></strong></span> 
     </span>
    </p>
   </div>
   <div class='ocr_carea' id='block_1_61' title="bbox 1237 324 2980 400">
    <p class='ocr_par' dir='ltr' id='par_1_61' title="bbox 1237 324 2980 400">
     <span class='ocr_line' id='line_1_61' title="bbox 1237 324 2980 400; baseline 0.008 -18"><span class='ocrx_word' id='word_1_458' title='bbox 1237 325 1327 383; x_wconf 88' lang='lat' dir='ltr'><strong>DE</strong></span> <span class='ocrx_word' id='word_1_459' title='bbox 1363 325 1700 386; x_wconf 74' lang='lat' dir='ltr'><strong>BAPTISMO</strong></span> <span class='ocrx_word' id='word_1_460' title='bbox 1733 324 2006 386; x_wconf 77' lang='lat' dir='ltr'><strong>CONTRA</strong></span> <span class='ocrx_word' id='word_1_461' title='bbox 2043 325 2487 400; x_wconf 79' lang='lat' dir='ltr'><strong>DONATISTAS,</strong></span> <span class='ocrx_word' id='word_1_462' title='bbox 2518 330 2573 388; x_wconf 91' lang='lat' dir='ltr'><strong>S.</strong></span> <span class='ocrx_word' id='word_1_463' title='bbox 2617 336 2980 399; x_wconf 84' lang='lat' dir='ltr'><strong>AUGUSTINI</strong></span> 
     </span>
    </p>
   </div>
   <div class='ocr_carea' id='block_1_62' title="bbox 3653 358 3763 417">
    <p class='ocr_par' dir='ltr' id='par_1_62' title="bbox 3653 358 3763 417">
     <span class='ocr_line' id='line_1_62' title="bbox 3653 358 3763 417; baseline 0.018 -2"><span class='ocrx_word' id='word_1_464' title='bbox 3653 358 3763 417; x_wconf 73' lang='grc'><strong>216</strong></span> 
     </span>
    </p>
   </div>
   <div class='ocr_carea' id='block_1_63' title="bbox 2189 448 3760 547">
    <p class='ocr_par' dir='ltr' id='par_1_63' title="bbox 2189 448 3760 547">
     <span class='ocr_line' id='line_1_63' title="bbox 2189 448 3760 547; baseline 0.023 -45"><span class='ocrx_word' id='word_1_465' title='bbox 2189 448 2298 504; x_wconf 86' lang='lat' dir='ltr'><strong><em>nire</em></strong></span> <span class='ocrx_word' id='word_1_466' title='bbox 2327 453 2584 522; x_wconf 73' lang='grc' dir='ltr'><strong>τωρενίηι,</strong></span> <span class='ocrx_word' id='word_1_467' title='bbox 2629 464 2677 510; x_wconf 91' lang='lat' dir='ltr'><strong>et</strong></span> <span class='ocrx_word' id='word_1_468' title='bbox 2716 474 2862 514; x_wconf 88' lang='lat' dir='ltr'><strong><em>sacra</em></strong></span> <span class='ocrx_word' id='word_1_469' title='bbox 2893 461 2908 491; x_wconf 78' lang='grc'>³</span> <span class='ocrx_word' id='word_1_470' title='bbox 2937 471 2985 516; x_wconf 88' lang='lat' dir='ltr'><strong>et</strong></span> <span class='ocrx_word' id='word_1_471' title='bbox 3037 463 3208 520; x_wconf 78' lang='lat' dir='ltr'><strong><em>divina</em></strong></span> <span class='ocrx_word' id='word_1_472' title='bbox 3256 467 3504 528; x_wconf 67' lang='lat' dir='ltr'><strong><em>locatione</em></strong></span> <span class='ocrx_word' id='word_1_473' title='bbox 3532 476 3684 547; x_wconf 87' lang='lat' dir='ltr'><strong><em>lotos,</em></strong></span> <span class='ocrx_word' id='word_1_474' title='bbox 3714 493 3760 538; x_wconf 81' lang='lat' dir='ltr'><strong>et</strong></span> 
     </span>
    </p>
   </div>
   <div class='ocr_carea' id='block_1_64' title="bbox 2186 538 3760 645">
    <p class='ocr_par' dir='ltr' id='par_1_64' title="bbox 2186 538 3760 645">
     <span class='ocr_line' id='line_1_64' title="bbox 2186 538 3760 645; baseline 0.024 -54"><span class='ocrx_word' id='word_1_475' title='bbox 2186 538 2374 595; x_wconf 88' lang='lat' dir='ltr'><strong><em>lumine</em></strong></span> <span class='ocrx_word' id='word_1_476' title='bbox 2392 544 2507 598; x_wconf 76' lang='lat' dir='ltr'><strong><em>vita:</em></strong></span> <span class='ocrx_word' id='word_1_477' title='bbox 2544 546 2877 619; x_wconf 88' lang='lat' dir='ltr'><strong><em>illuminatos,</em></strong></span> <span class='ocrx_word' id='word_1_478' title='bbox 2909 569 3010 608; x_wconf 87' lang='lat' dir='ltr'><strong>non</strong></span> <span class='ocrx_word' id='word_1_479' title='bbox 3047 558 3233 627; x_wconf 82' lang='lat' dir='ltr'><strong>hostes,</strong></span> <span class='ocrx_word' id='word_1_480' title='bbox 3260 563 3348 617; x_wconf 88' lang='lat' dir='ltr'><strong>sed</strong></span> <span class='ocrx_word' id='word_1_481' title='bbox 3367 568 3630 643; x_wconf 73' lang='lat' dir='ltr'><strong><em>paciﬁcos,</em></strong></span> <span class='ocrx_word' id='word_1_482' title='bbox 3661 538 3760 645; x_wconf 78' lang='lat' dir='ltr'><strong>non</strong></span> 
     </span>
    </p>
   </div>
   <div class='ocr_carea' id='block_1_65' title="bbox 2184 631 3756 736">
    <p class='ocr_par' dir='ltr' id='par_1_65' title="bbox 2184 631 3756 736">
     <span class='ocr_line' id='line_1_65' title="bbox 2184 631 3756 736; baseline 0.024 -53"><span class='ocrx_word' id='word_1_483' title='bbox 2184 631 2394 699; x_wconf 87' lang='lat' dir='ltr'><strong><em>alienos,</em></strong></span> <span class='ocrx_word' id='word_1_484' title='bbox 2419 636 2510 690; x_wconf 85' lang='lat' dir='ltr'><strong>sed</strong></span> <span class='ocrx_word' id='word_1_485' title='bbox 2527 638 2650 706; x_wconf 81' lang='lat' dir='ltr'><strong><em>fidei</em></strong></span> <span class='ocrx_word' id='word_1_486' title='bbox 2675 638 2884 698; x_wconf 87' lang='lat' dir='ltr'><strong><em>Domini</em></strong></span> <span class='ocrx_word' id='word_1_487' title='bbox 2921 646 3238 720; x_wconf 84' lang='lat' dir='ltr'><strong><em>domesticos,</em></strong></span> <span class='ocrx_word' id='word_1_488' title='bbox 3284 631 3384 710; x_wconf 70' lang='lat' dir='ltr'><strong>non</strong></span> <span class='ocrx_word' id='word_1_489' title='bbox 3429 631 3692 719; x_wconf 78' lang='lat' dir='ltr'><strong><em>adulteros</em></strong></span> <span class='ocrx_word' id='word_1_490' title='bbox 3712 639 3756 736; x_wconf 62' lang='grc' dir='ltr'><strong>ί,</strong></span> 
     </span>
    </p>
   </div>
   <div class='ocr_carea' id='block_1_66' title="bbox 2182 721 3762 816">
    <p class='ocr_par' dir='ltr' id='par_1_66' title="bbox 2182 721 3762 816">
     <span class='ocr_line' id='line_1_66' title="bbox 2182 721 3762 816; baseline 0.023 -42"><span class='ocrx_word' id='word_1_491' title='bbox 2182 723 2271 776; x_wconf 90' lang='lat' dir='ltr'><strong>sed</strong></span> <span class='ocrx_word' id='word_1_492' title='bbox 2298 721 2394 778; x_wconf 87' lang='lat' dir='ltr'><strong>Dei</strong></span> <span class='ocrx_word' id='word_1_493' title='bbox 2419 727 2576 794; x_wconf 82' lang='lat' dir='ltr'><strong><em>ﬁlios,</em></strong></span> <span class='ocrx_word' id='word_1_494' title='bbox 2609 747 2712 787; x_wconf 87' lang='lat' dir='ltr'><strong>non</strong></span> <span class='ocrx_word' id='word_1_495' title='bbox 2739 737 2945 805; x_wconf 89' lang='lat' dir='ltr'><strong><em>erroris,</em></strong></span> <span class='ocrx_word' id='word_1_496' title='bbox 2967 739 3056 793; x_wconf 86' lang='lat' dir='ltr'><strong>sed</strong></span> <span class='ocrx_word' id='word_1_497' title='bbox 3077 743 3257 799; x_wconf 85' lang='lat' dir='ltr'><strong><em>salutis</em></strong></span> <span class='ocrx_word' id='word_1_498' title='bbox 3294 745 3515 816; x_wconf 74' lang='lat' dir='ltr'><strong><em>effectos,</em></strong></span> <span class='ocrx_word' id='word_1_499' title='bbox 3561 753 3614 807; x_wconf 90' lang='lat' dir='ltr'><strong>in</strong></span> <span class='ocrx_word' id='word_1_500' title='bbox 3662 721 3762 810; x_wconf 62' lang='lat' dir='ltr'><strong><em>Ec:</em></strong></span> 
     </span>
    </p>
   </div>
   <div class='ocr_carea' id='block_1_67' title="bbox 2180 819 3761 921">
    <p class='ocr_par' dir='ltr' id='par_1_67' title="bbox 2180 819 3761 921">
     <span class='ocr_line' id='line_1_67' title="bbox 2180 819 3761 921; baseline 0.021 -50"><span class='ocrx_word' id='word_1_501' title='bbox 2180 819 2382 874; x_wconf 89' lang='lat' dir='ltr'><strong><em>clesiam</em></strong></span> <span class='ocrx_word' id='word_1_502' title='bbox 2414 824 2573 893; x_wconf 88' lang='lat' dir='ltr'><strong><em>recipi</em></strong></span> <span class='ocrx_word' id='word_1_503' title='bbox 2601 843 2621 879; x_wconf 91' lang='lat'><strong>:</strong></span> <span class='ocrx_word' id='word_1_504' title='bbox 2647 825 2833 899; x_wconf 81' lang='lat' dir='ltr'><strong><em>absque</em></strong></span> <span class='ocrx_word' id='word_1_505' title='bbox 2856 831 2935 886; x_wconf 83' lang='lat' dir='ltr'><strong><em>his</em></strong></span> <span class='ocrx_word' id='word_1_506' title='bbox 2956 835 3044 902; x_wconf 89' lang='lat' dir='ltr'><strong>qui</strong></span> <span class='ocrx_word' id='word_1_507' title='bbox 3069 835 3132 890; x_wconf 87' lang='lat' dir='ltr'><strong>de</strong></span> <span class='ocrx_word' id='word_1_508' title='bbox 3143 835 3373 894; x_wconf 86' lang='lat' dir='ltr'><strong><em>Ecclesia</em></strong></span> <span class='ocrx_word' id='word_1_509' title='bbox 3398 841 3419 874; x_wconf 85' lang='grc'><strong><em>³</em></strong></span> <span class='ocrx_word' id='word_1_510' title='bbox 3441 845 3616 912; x_wconf 79' lang='lat' dir='ltr'><strong><em>ﬁdeles</em></strong></span> <span class='ocrx_word' id='word_1_511' title='bbox 3638 866 3761 921; x_wconf 79' lang='lat' dir='ltr'><strong><em>sup-</em></strong></span> 
     </span>
    </p>
   </div>
   <div class='ocr_carea' id='block_1_68' title="bbox 2181 908 3761 1010">
    <p class='ocr_par' dir='ltr' id='par_1_68' title="bbox 2181 908 3761 1010">
     <span class='ocr_line' id='line_1_68' title="bbox 2181 908 3761 1010; baseline 0.022 -48"><span class='ocrx_word' id='word_1_512' title='bbox 2181 908 2421 980; x_wconf 84' lang='lat' dir='ltr'><strong><em>plantati,</em></strong></span> <span class='ocrx_word' id='word_1_513' title='bbox 2443 915 2522 968; x_wconf 91' lang='lat' dir='ltr'><strong><em>.ad</em></strong></span> <span class='ocrx_word' id='word_1_514' title='bbox 2548 915 2753 972; x_wconf 80' lang='lat' dir='ltr'><strong><em>hteresis</em></strong></span> <span class='ocrx_word' id='word_1_515' title='bbox 2801 923 3026 978; x_wconf 82' lang='lat' dir='ltr'><strong><em>tenebras</em></strong></span> <span class='ocrx_word' id='word_1_516' title='bbox 3054 928 3394 998; x_wconf 86' lang='lat' dir='ltr'><strong><em>transierant;</em></strong></span> <span class='ocrx_word' id='word_1_517' title='bbox 3428 908 3516 990; x_wconf 80' lang='lat' dir='ltr'><strong>sed</strong></span> <span class='ocrx_word' id='word_1_518' title='bbox 3559 953 3644 993; x_wconf 85' lang='lat' dir='ltr'><strong><em>eos</em></strong></span> <span class='ocrx_word' id='word_1_519' title='bbox 3673 908 3761 1010; x_wconf 65' lang='lat' dir='ltr'><strong>per</strong></span> 
     </span>
    </p>
   </div>
   <div class='ocr_carea' id='block_1_69' title="bbox 2179 1003 3132 1075">
    <p class='ocr_par' dir='ltr' id='par_1_69' title="bbox 2179 1003 3132 1075">
     <span class='ocr_line' id='line_1_69' title="bbox 2179 1003 3132 1075; baseline 0.019 -22"><span class='ocrx_word' id='word_1_520' title='bbox 2179 1015 2358 1057; x_wconf 90' lang='lat' dir='ltr'><strong><em>manus</em></strong></span> <span class='ocrx_word' id='word_1_521' title='bbox 2384 1003 2750 1075; x_wconf 88' lang='lat' dir='ltr'><strong><em>impositionem</em></strong></span> <span class='ocrx_word' id='word_1_522' title='bbox 2779 1013 3132 1071; x_wconf 85' lang='lat' dir='ltr'><strong><em>restituendos.</em></strong></span> 
     </span>
    </p>
   </div>
   <div class='ocr_carea' id='block_1_70' title="bbox 2247 1094 3758 1190">
    <p class='ocr_par' dir='ltr' id='par_1_70' title="bbox 2247 1094 3758 1190">
     <span class='ocr_line' id='line_1_70' title="bbox 2247 1094 3758 1190; baseline 0.021 -42"><span class='ocrx_word' id='word_1_523' title='bbox 2247 1094 2338 1150; x_wconf 87' lang='lat'><strong>56.</strong></span> <span class='ocrx_word' id='word_1_524' title='bbox 2368 1096 2556 1153; x_wconf 90' lang='lat' dir='ltr'><strong>Posset</strong></span> <span class='ocrx_word' id='word_1_525' title='bbox 2601 1101 2738 1157; x_wconf 91' lang='lat' dir='ltr'><strong>alius</strong></span> <span class='ocrx_word' id='word_1_526' title='bbox 2775 1103 2954 1161; x_wconf 90' lang='lat' dir='ltr'><strong>dicere</strong></span> <span class='ocrx_word' id='word_1_527' title='bbox 2985 1123 2998 1161; x_wconf 93' lang='lat'><strong>:</strong></span> <span class='ocrx_word' id='word_1_528' title='bbox 3027 1108 3160 1166; x_wconf 90' lang='lat' dir='ltr'><strong>Cum</strong></span> <span class='ocrx_word' id='word_1_529' title='bbox 3203 1111 3399 1171; x_wconf 88' lang='lat' dir='ltr'><strong>Christi</strong></span> <span class='ocrx_word' id='word_1_530' title='bbox 3440 1117 3758 1190; x_wconf 86' lang='lat' dir='ltr'><strong>baptismata</strong></span> 
     </span>
    </p>
   </div>
   <div class='ocr_carea' id='block_1_71' title="bbox 2176 1184 3757 1280">
    <p class='ocr_par' dir='ltr' id='par_1_71' title="bbox 2176 1184 3757 1280">
     <span class='ocr_line' id='line_1_71' title="bbox 2176 1184 3757 1280; baseline 0.02 -40"><span class='ocrx_word' id='word_1_531' title='bbox 2176 1184 2282 1242; x_wconf 94' lang='lat' dir='ltr'><strong>duo</strong></span> <span class='ocrx_word' id='word_1_532' title='bbox 2306 1202 2426 1244; x_wconf 90' lang='lat' dir='ltr'><strong>esse</strong></span> <span class='ocrx_word' id='word_1_533' title='bbox 2455 1205 2562 1246; x_wconf 92' lang='lat' dir='ltr'><strong>non</strong></span> <span class='ocrx_word' id='word_1_534' title='bbox 2595 1193 2817 1262; x_wconf 90' lang='lat' dir='ltr'><strong>possint,</strong></span> <span class='ocrx_word' id='word_1_535' title='bbox 2841 1198 2931 1267; x_wconf 93' lang='lat' dir='ltr'><strong>qui</strong></span> <span class='ocrx_word' id='word_1_536' title='bbox 2955 1199 3150 1272; x_wconf 92' lang='lat' dir='ltr'><strong>iniquis</strong></span> <span class='ocrx_word' id='word_1_537' title='bbox 3184 1184 3527 1275; x_wconf 42' lang='lat' dir='ltr'><strong>Baptismum-</strong></span> <span class='ocrx_word' id='word_1_538' title='bbox 3559 1226 3757 1280; x_wconf 83' lang='lat' dir='ltr'><strong>conce-</strong></span> 
     </span>
    </p>
   </div>
   <div class='ocr_carea' id='block_1_72' title="bbox 2176 1275 3760 1364">
    <p class='ocr_par' dir='ltr' id='par_1_72' title="bbox 2176 1275 3760 1364">
     <span class='ocr_line' id='line_1_72' title="bbox 2176 1275 3760 1364; baseline 0.022 -34"><span class='ocrx_word' id='word_1_539' title='bbox 2176 1275 2274 1344; x_wconf 90' lang='lat' dir='ltr'><strong>dit,</strong></span> <span class='ocrx_word' id='word_1_540' title='bbox 2303 1278 2405 1334; x_wconf 90' lang='lat' dir='ltr'><strong>sibi</strong></span> <span class='ocrx_word' id='word_1_541' title='bbox 2436 1280 2591 1336; x_wconf 90' lang='lat' dir='ltr'><strong>tollit.</strong></span> <span class='ocrx_word' id='word_1_542' title='bbox 2621 1282 2728 1339; x_wconf 88' lang='lat' dir='ltr'><strong>Sed</strong></span> <span class='ocrx_word' id='word_1_543' title='bbox 2759 1287 3036 1346; x_wconf 88' lang='lat' dir='ltr'><strong>nobiscum</strong></span> <span class='ocrx_word' id='word_1_544' title='bbox 3066 1292 3225 1349; x_wconf 91' lang='lat' dir='ltr'><strong>etiam</strong></span> <span class='ocrx_word' id='word_1_545' title='bbox 3253 1295 3681 1362; x_wconf 87' lang='lat' dir='ltr'><strong>isti.resisterent</strong></span> <span class='ocrx_word' id='word_1_546' title='bbox 3707 1275 3760 1364; x_wconf 65' lang='lat' dir='ltr'><strong><em>et</em></strong></span> 
     </span>
    </p>
   </div>
   <div class='ocr_carea' id='block_1_73' title="bbox 2174 1367 3758 1466">
    <p class='ocr_par' dir='ltr' id='par_1_73' title="bbox 2174 1367 3758 1466">
     <span class='ocr_line' id='line_1_73' title="bbox 2174 1367 3758 1466; baseline 0.021 -44"><span class='ocrx_word' id='word_1_547' title='bbox 2174 1367 2414 1425; x_wconf 81' lang='lat' dir='ltr'><strong>dicerent</strong></span> <span class='ocrx_word' id='word_1_548' title='bbox 2443 1373 2832 1432; x_wconf 89' lang='lat' dir='ltr'><strong>:Concedimus</strong></span> <span class='ocrx_word' id='word_1_549' title='bbox 2877 1380 3071 1453; x_wconf 86' lang='lat' dir='ltr'><strong>iniquis</strong></span> <span class='ocrx_word' id='word_1_550' title='bbox 3119 1384 3481 1460; x_wconf 87' lang='lat' dir='ltr'><strong>Baptismum;</strong></span> <span class='ocrx_word' id='word_1_551' title='bbox 3515 1397 3606 1466; x_wconf 89' lang='lat' dir='ltr'><strong>qui</strong></span> <span class='ocrx_word' id='word_1_552' title='bbox 3651 1414 3758 1456; x_wconf 92' lang='lat' dir='ltr'><strong><em>non</em></strong></span> 
     </span>
    </p>
   </div>
   <div class='ocr_carea' id='block_1_74' title="bbox 2173 1458 3758 1556">
    <p class='ocr_par' dir='ltr' id='par_1_74' title="bbox 2173 1458 3758 1556">
     <span class='ocr_line' id='line_1_74' title="bbox 2173 1458 3758 1556; baseline 0.021 -44"><span class='ocrx_word' id='word_1_553' title='bbox 2173 1458 2240 1514; x_wconf 87' lang='lat' dir='ltr'><strong>ab</strong></span> <span class='ocrx_word' id='word_1_554' title='bbox 2268 1460 2394 1530; x_wconf 90' lang='lat' dir='ltr'><strong>ipsis</strong></span> <span class='ocrx_word' id='word_1_555' title='bbox 2425 1471 2532 1531; x_wconf 89' lang='lat' dir='ltr'><strong>est,</strong></span> <span class='ocrx_word' id='word_1_556' title='bbox 2559 1464 2700 1534; x_wconf 67' lang='lat' dir='ltr'><strong>~sicut</strong></span> <span class='ocrx_word' id='word_1_557' title='bbox 2725 1467 2996 1540; x_wconf 85' lang='lat' dir='ltr'><strong>iniquitas,</strong></span> <span class='ocrx_word' id='word_1_558' title='bbox 3035 1475 3130 1530; x_wconf 91' lang='lat' dir='ltr'><strong>sed</strong></span> <span class='ocrx_word' id='word_1_559' title='bbox 3166 1491 3199 1533; x_wconf 84' lang='lat' dir='ltr'><strong>a</strong></span> <span class='ocrx_word' id='word_1_560' title='bbox 3227 1477 3440 1538; x_wconf 87' lang='lat' dir='ltr'><strong>Christo</strong></span> <span class='ocrx_word' id='word_1_561' title='bbox 3466 1458 3636 1556; x_wconf 75' lang='lat' dir='ltr'><strong>cujus</strong></span> <span class='ocrx_word' id='word_1_562' title='bbox 3678 1499 3758 1546; x_wconf 87' lang='lat' dir='ltr'><strong>est</strong></span> 
     </span>
    </p>
   </div>
   <div class='ocr_carea' id='block_1_75' title="bbox 2173 1552 3758 1650">
    <p class='ocr_par' dir='ltr' id='par_1_75' title="bbox 2173 1552 3758 1650">
     <span class='ocr_line' id='line_1_75' title="bbox 2173 1552 3758 1650; baseline 0.022 -48"><span class='ocrx_word' id='word_1_563' title='bbox 2173 1552 2413 1620; x_wconf 67' lang='lat' dir='ltr'><strong>aequitas,</strong></span> <span class='ocrx_word' id='word_1_564' title='bbox 2443 1563 2499 1610; x_wconf 92' lang='lat' dir='ltr'><strong>et</strong></span> <span class='ocrx_word' id='word_1_565' title='bbox 2526 1558 2678 1626; x_wconf 91' lang='lat' dir='ltr'><strong>cujus</strong></span> <span class='ocrx_word' id='word_1_566' title='bbox 2705 1558 3107 1620; x_wconf 89' lang='lat' dir='ltr'><strong>Sacramentum</strong></span> <span class='ocrx_word' id='word_1_567' title='bbox 3147 1570 3306 1625; x_wconf 88' lang='lat' dir='ltr'><strong>etiam</strong></span> <span class='ocrx_word' id='word_1_568' title='bbox 3359 1575 3497 1644; x_wconf 89' lang='lat' dir='ltr'><strong>apud</strong></span> <span class='ocrx_word' id='word_1_569' title='bbox 3545 1552 3758 1650; x_wconf 86' lang='lat' dir='ltr'><strong>iniquos</strong></span> 
     </span>
    </p>
   </div>
   <div class='ocr_carea' id='block_1_76' title="bbox 2171 1647 3756 1739">
    <p class='ocr_par' dir='ltr' id='par_1_76' title="bbox 2171 1647 3756 1739">
     <span class='ocr_line' id='line_1_76' title="bbox 2171 1647 3756 1739; baseline 0.02 -42"><span class='ocrx_word' id='word_1_570' title='bbox 2171 1657 2277 1697; x_wconf 92' lang='lat' dir='ltr'><strong>non</strong></span> <span class='ocrx_word' id='word_1_571' title='bbox 2298 1653 2380 1698; x_wconf 89' lang='lat' dir='ltr'><strong>est</strong></span> <span class='ocrx_word' id='word_1_572' title='bbox 2405 1647 2661 1718; x_wconf 89' lang='lat' dir='ltr'><strong>iniquum.</strong></span> <span class='ocrx_word' id='word_1_573' title='bbox 2688 1651 2841 1719; x_wconf 87' lang='lat' dir='ltr'><strong>Quod</strong></span> <span class='ocrx_word' id='word_1_574' title='bbox 2871 1670 3000 1726; x_wconf 82' lang='lat' dir='ltr'><strong>ergo</strong></span> <span class='ocrx_word' id='word_1_575' title='bbox 3037 1659 3315 1718; x_wconf 90' lang='lat' dir='ltr'><strong>nobiscum</strong></span> <span class='ocrx_word' id='word_1_576' title='bbox 3343 1664 3412 1721; x_wconf 89' lang='lat' dir='ltr'><strong>de</strong></span> <span class='ocrx_word' id='word_1_577' title='bbox 3437 1647 3655 1739; x_wconf 67' lang='lat' dir='ltr'><strong>iniquis</strong></span> <span class='ocrx_word' id='word_1_578' title='bbox 3676 1671 3756 1726; x_wconf 89' lang='lat' dir='ltr'><strong>di-</strong></span> 
     </span>
    </p>
   </div>
   <div class='ocr_carea' id='block_1_77' title="bbox 2171 1737 3755 1830">
    <p class='ocr_par' dir='ltr' id='par_1_77' title="bbox 2171 1737 3755 1830">
     <span class='ocr_line' id='line_1_77' title="bbox 2171 1737 3755 1830; baseline 0.02 -42"><span class='ocrx_word' id='word_1_579' title='bbox 2171 1745 2371 1803; x_wconf 90' lang='lat' dir='ltr'><strong>cerent,</strong></span> <span class='ocrx_word' id='word_1_580' title='bbox 2399 1737 2500 1794; x_wconf 93' lang='lat' dir='ltr'><strong>hoc</strong></span> <span class='ocrx_word' id='word_1_581' title='bbox 2519 1741 2620 1796; x_wconf 90' lang='lat' dir='ltr'><strong>sibi</strong></span> <span class='ocrx_word' id='word_1_582' title='bbox 2639 1742 2705 1799; x_wconf 92' lang='lat' dir='ltr'><strong>de</strong></span> <span class='ocrx_word' id='word_1_583' title='bbox 2724 1743 2990 1803; x_wconf 62' lang='lat' dir='ltr'><strong>haereticis</strong></span> <span class='ocrx_word' id='word_1_584' title='bbox 3011 1749 3209 1807; x_wconf 85' lang='lat' dir='ltr'><strong>dicant.</strong></span> <span class='ocrx_word' id='word_1_585' title='bbox 3239 1754 3308 1810; x_wconf 88' lang='lat' dir='ltr'><strong><em>Et</em></strong></span> <span class='ocrx_word' id='word_1_586' title='bbox 3332 1756 3452 1814; x_wconf 88' lang='lat' dir='ltr'><strong>ideo</strong></span> <span class='ocrx_word' id='word_1_587' title='bbox 3487 1737 3633 1830; x_wconf 85' lang='lat' dir='ltr'><strong>quod</strong></span> <span class='ocrx_word' id='word_1_588' title='bbox 3665 1779 3755 1820; x_wconf 58' lang='lat' dir='ltr'><strong>sea</strong></span> 
     </span>
    </p>
   </div>
   <div class='ocr_carea' id='block_1_78' title="bbox 2169 1826 3754 1923">
    <p class='ocr_par' dir='ltr' id='par_1_78' title="bbox 2169 1826 3754 1923">
     <span class='ocr_line' id='line_1_78' title="bbox 2169 1826 3754 1923; baseline 0.021 -45"><span class='ocrx_word' id='word_1_589' title='bbox 2169 1826 2374 1896; x_wconf 91' lang='lat' dir='ltr'><strong>quitur,</strong></span> <span class='ocrx_word' id='word_1_590' title='bbox 2406 1832 2476 1884; x_wconf 91' lang='lat' dir='ltr'><strong>ita</strong></span> <span class='ocrx_word' id='word_1_591' title='bbox 2509 1835 2683 1900; x_wconf 89' lang='lat' dir='ltr'><strong>potius</strong></span> <span class='ocrx_word' id='word_1_592' title='bbox 2722 1847 2838 1892; x_wconf 90' lang='lat' dir='ltr'><strong>erat</strong></span> <span class='ocrx_word' id='word_1_593' title='bbox 2865 1840 3146 1898; x_wconf 91' lang='lat' dir='ltr'><strong>dicendum</strong></span> <span class='ocrx_word' id='word_1_594' title='bbox 3182 1847 3422 1904; x_wconf 86' lang='lat' dir='ltr'><strong>:Censeo</strong></span> <span class='ocrx_word' id='word_1_595' title='bbox 3449 1826 3628 1923; x_wconf 79' lang='lat' dir='ltr'><strong>itaque</strong></span> <span class='ocrx_word' id='word_1_596' title='bbox 3658 1855 3754 1912; x_wconf 85' lang='lat' dir='ltr'><strong>tle-</strong></span> 
     </span>
    </p>
   </div>
   <div class='ocr_carea' id='block_1_79' title="bbox 2169 1915 3756 2007">
    <p class='ocr_par' dir='ltr' id='par_1_79' title="bbox 2169 1915 3756 2007">
     <span class='ocr_line' id='line_1_79' title="bbox 2169 1915 3756 2007; baseline 0.021 -37"><span class='ocrx_word' id='word_1_597' title='bbox 2169 1915 2306 1974; x_wconf 90' lang='lat' dir='ltr'><strong>biles</strong></span> <span class='ocrx_word' id='word_1_598' title='bbox 2332 1929 2384 1975; x_wconf 91' lang='lat' dir='ltr'><strong><em>et</em></strong></span> <span class='ocrx_word' id='word_1_599' title='bbox 2413 1922 2618 1980; x_wconf 90' lang='lat' dir='ltr'><strong>tabidos</strong></span> <span class='ocrx_word' id='word_1_600' title='bbox 2645 1926 2926 1986; x_wconf 83' lang='lat' dir='ltr'><strong>haereticos</strong></span> <span class='ocrx_word' id='word_1_601' title='bbox 2949 1949 3052 1989; x_wconf 92' lang='lat' dir='ltr'><strong><em>non</em></strong></span> <span class='ocrx_word' id='word_1_602' title='bbox 3097 1937 3444 2007; x_wconf 84' lang='lat' dir='ltr'><strong>baptizandos</strong></span> <span class='ocrx_word' id='word_1_603' title='bbox 3486 1960 3606 2002; x_wconf 89' lang='lat' dir='ltr'><strong>esse</strong></span> <span class='ocrx_word' id='word_1_604' title='bbox 3635 1963 3756 2004; x_wconf 90' lang='lat' dir='ltr'><strong>cum</strong></span> 
     </span>
    </p>
   </div>
   <div class='ocr_carea' id='block_1_80' title="bbox 2166 2007 3758 2111">
    <p class='ocr_par' dir='ltr' id='par_1_80' title="bbox 2166 2007 3758 2111">
     <span class='ocr_line' id='line_1_80' title="bbox 2166 2007 3758 2111; baseline 0.022 -51"><span class='ocrx_word' id='word_1_605' title='bbox 2166 2007 2232 2060; x_wconf 90' lang='lat' dir='ltr'><strong><em>ad</em></strong></span> <span class='ocrx_word' id='word_1_606' title='bbox 2264 2008 2556 2068; x_wconf 87' lang='lat' dir='ltr'><strong>Ecclesiam</strong></span> <span class='ocrx_word' id='word_1_607' title='bbox 2596 2018 2780 2075; x_wconf 91' lang='lat' dir='ltr'><strong>venire</strong></span> <span class='ocrx_word' id='word_1_608' title='bbox 2804 2025 3084 2093; x_wconf 66' lang='lat' dir='ltr'><strong>coeperint,</strong></span> <span class='ocrx_word' id='word_1_609' title='bbox 3114 2028 3159 2082; x_wconf 92' lang='lat' dir='ltr'><strong>si</strong></span> <span class='ocrx_word' id='word_1_610' title='bbox 3203 2029 3401 2088; x_wconf 90' lang='lat' dir='ltr'><strong>habent</strong></span> <span class='ocrx_word' id='word_1_611' title='bbox 3425 2034 3536 2105; x_wconf 86' lang='lat' dir='ltr'><strong>jam</strong></span> <span class='ocrx_word' id='word_1_612' title='bbox 3579 2038 3758 2111; x_wconf 84' lang='lat' dir='ltr'><strong>Bapti-</strong></span> 
     </span>
    </p>
   </div>
   <div class='ocr_carea' id='block_1_81' title="bbox 2165 2102 3751 2199">
    <p class='ocr_par' dir='ltr' id='par_1_81' title="bbox 2165 2102 3751 2199">
     <span class='ocr_line' id='line_1_81' title="bbox 2165 2102 3751 2199; baseline 0.021 -46"><span class='ocrx_word' id='word_1_613' title='bbox 2165 2114 2338 2156; x_wconf 90' lang='lat' dir='ltr'><strong>smum</strong></span> <span class='ocrx_word' id='word_1_614' title='bbox 2377 2102 2595 2174; x_wconf 86' lang='lat' dir='ltr'><strong>Christi,</strong></span> <span class='ocrx_word' id='word_1_615' title='bbox 2653 2110 2748 2165; x_wconf 89' lang='lat' dir='ltr'><strong>sed</strong></span> <span class='ocrx_word' id='word_1_616' title='bbox 2790 2128 2820 2167; x_wconf 90' lang='lat' dir='ltr'><strong>a</strong></span> <span class='ocrx_word' id='word_1_617' title='bbox 2869 2130 2961 2169; x_wconf 89' lang='lat' dir='ltr'><strong>sua</strong></span> <span class='ocrx_word' id='word_1_618' title='bbox 3001 2121 3351 2186; x_wconf 90' lang='lat' dir='ltr'><strong>perversitate</strong></span> <span class='ocrx_word' id='word_1_619' title='bbox 3384 2102 3751 2199; x_wconf 79' lang='lat' dir='ltr'><strong>corrigendos.</strong></span> 
     </span>
    </p>
   </div>
   <div class='ocr_carea' id='block_1_82' title="bbox 2163 2190 3754 2288">
    <p class='ocr_par' dir='ltr' id='par_1_82' title="bbox 2163 2190 3754 2288">
     <span class='ocr_line' id='line_1_82' title="bbox 2163 2190 3754 2288; baseline 0.023 -44"><span class='ocrx_word' id='word_1_620' title='bbox 2163 2190 2298 2246; x_wconf 86' lang='lat' dir='ltr'><strong>Nam</strong></span> <span class='ocrx_word' id='word_1_621' title='bbox 2327 2195 2487 2250; x_wconf 89' lang='lat' dir='ltr'><strong>etiam</strong></span> <span class='ocrx_word' id='word_1_622' title='bbox 2517 2197 2582 2253; x_wconf 90' lang='lat' dir='ltr'><strong>de</strong></span> <span class='ocrx_word' id='word_1_623' title='bbox 2611 2200 2804 2272; x_wconf 91' lang='lat' dir='ltr'><strong>iniquis</strong></span> <span class='ocrx_word' id='word_1_624' title='bbox 2829 2204 2930 2260; x_wconf 90' lang='lat' dir='ltr'><strong><em>dici</em></strong></span> <span class='ocrx_word' id='word_1_625' title='bbox 2962 2217 3154 2276; x_wconf 89' lang='lat' dir='ltr'><strong>potest,</strong></span> <span class='ocrx_word' id='word_1_626' title='bbox 3181 2229 3405 2284; x_wconf 90' lang='lat' dir='ltr'><strong>quorum</strong></span> <span class='ocrx_word' id='word_1_627' title='bbox 3425 2190 3600 2288; x_wconf 55' lang='lat' dir='ltr'><strong>portio</strong></span> <span class='ocrx_word' id='word_1_628' title='bbox 3629 2232 3754 2279; x_wconf 91' lang='lat' dir='ltr'><strong>sunt</strong></span> 
     </span>
    </p>
   </div>
   <div class='ocr_carea' id='block_1_83' title="bbox 2162 2280 3749 2384">
    <p class='ocr_par' dir='ltr' id='par_1_83' title="bbox 2162 2280 3749 2384">
     <span class='ocr_line' id='line_1_83' title="bbox 2162 2280 3749 2384; baseline 0.023 -50"><span class='ocrx_word' id='word_1_629' title='bbox 2162 2280 2401 2338; x_wconf 65' lang='lat' dir='ltr'><strong>haeretici</strong></span> <span class='ocrx_word' id='word_1_630' title='bbox 2434 2305 2446 2339; x_wconf 87' lang='lat'><strong>:</strong></span> <span class='ocrx_word' id='word_1_631' title='bbox 2483 2287 2688 2346; x_wconf 91' lang='lat' dir='ltr'><strong>Censeo</strong></span> <span class='ocrx_word' id='word_1_632' title='bbox 2715 2293 2891 2366; x_wconf 90' lang='lat' dir='ltr'><strong>itaque</strong></span> <span class='ocrx_word' id='word_1_633' title='bbox 2941 2299 3144 2356; x_wconf 75' lang='lat' dir='ltr'><strong>ﬂebiles</strong></span> <span class='ocrx_word' id='word_1_634' title='bbox 3167 2280 3223 2359; x_wconf 79' lang='lat' dir='ltr'><strong>et</strong></span> <span class='ocrx_word' id='word_1_635' title='bbox 3275 2280 3477 2365; x_wconf 76' lang='lat' dir='ltr'><strong>tabidos</strong></span> <span class='ocrx_word' id='word_1_636' title='bbox 3517 2313 3749 2384; x_wconf 81' lang='lat' dir='ltr'><strong>iniquus,</strong></span> 
     </span>
    </p>
   </div>
   <div class='ocr_carea' id='block_1_84' title="bbox 2161 2374 3754 2464">
    <p class='ocr_par' dir='ltr' id='par_1_84' title="bbox 2161 2374 3754 2464">
     <span class='ocr_line' id='line_1_84' title="bbox 2161 2374 3754 2464; baseline 0.024 -38"><span class='ocrx_word' id='word_1_637' title='bbox 2161 2374 2206 2428; x_wconf 90' lang='lat' dir='ltr'><strong><em>si</em></strong></span> <span class='ocrx_word' id='word_1_638' title='bbox 2229 2375 2337 2444; x_wconf 90' lang='lat' dir='ltr'><strong>jam</strong></span> <span class='ocrx_word' id='word_1_639' title='bbox 2370 2377 2619 2448; x_wconf 89' lang='lat' dir='ltr'><strong>baptizati</strong></span> <span class='ocrx_word' id='word_1_640' title='bbox 2664 2395 2805 2452; x_wconf 89' lang='lat' dir='ltr'><strong>sunt,</strong></span> <span class='ocrx_word' id='word_1_641' title='bbox 2860 2405 2966 2445; x_wconf 93' lang='lat' dir='ltr'><strong>non</strong></span> <span class='ocrx_word' id='word_1_642' title='bbox 2998 2392 3343 2464; x_wconf 84' lang='lat' dir='ltr'><strong>baptizandus</strong></span> <span class='ocrx_word' id='word_1_643' title='bbox 3378 2416 3497 2458; x_wconf 91' lang='lat' dir='ltr'><strong>esse</strong></span> <span class='ocrx_word' id='word_1_644' title='bbox 3534 2374 3658 2460; x_wconf 80' lang='lat' dir='ltr'><strong>cum</strong></span> <span class='ocrx_word' id='word_1_645' title='bbox 3686 2408 3754 2464; x_wconf 90' lang='lat' dir='ltr'><strong>ad</strong></span> 
     </span>
    </p>
   </div>
   <div class='ocr_carea' id='block_1_85' title="bbox 2161 2466 3755 2564">
    <p class='ocr_par' dir='ltr' id='par_1_85' title="bbox 2161 2466 3755 2564">
     <span class='ocr_line' id='line_1_85' title="bbox 2161 2466 3755 2564; baseline 0.023 -44"><span class='ocrx_word' id='word_1_646' title='bbox 2161 2466 2476 2538; x_wconf 81' lang='lat' dir='ltr'><strong>Ecclesium,</strong></span> <span class='ocrx_word' id='word_1_647' title='bbox 2510 2474 2563 2527; x_wconf 92' lang='lat' dir='ltr'><strong>id</strong></span> <span class='ocrx_word' id='word_1_648' title='bbox 2586 2485 2689 2545; x_wconf 89' lang='lat' dir='ltr'><strong>est,</strong></span> <span class='ocrx_word' id='word_1_649' title='bbox 2720 2479 2787 2534; x_wconf 90' lang='lat' dir='ltr'><strong><em>ad</em></strong></span> <span class='ocrx_word' id='word_1_650' title='bbox 2814 2480 2957 2538; x_wconf 86' lang='lat' dir='ltr'><strong>illam</strong></span> <span class='ocrx_word' id='word_1_651' title='bbox 2987 2495 3190 2555; x_wconf 84' lang='lat' dir='ltr'><strong>petram</strong></span> <span class='ocrx_word' id='word_1_652' title='bbox 3235 2501 3388 2558; x_wconf 84' lang='lat' dir='ltr'><strong>extra</strong></span> <span class='ocrx_word' id='word_1_653' title='bbox 3429 2510 3586 2564; x_wconf 89' lang='lat' dir='ltr'><strong>quam</strong></span> <span class='ocrx_word' id='word_1_654' title='bbox 3627 2512 3755 2558; x_wconf 90' lang='lat' dir='ltr'><strong>sunt</strong></span> 
     </span>
    </p>
   </div>
   <div class='ocr_carea' id='block_1_86' title="bbox 2159 2565 3752 2657">
    <p class='ocr_par' dir='ltr' id='par_1_86' title="bbox 2159 2565 3752 2657">
     <span class='ocr_line' id='line_1_86' title="bbox 2159 2565 3752 2657; baseline 0.021 -43"><span class='ocrx_word' id='word_1_655' title='bbox 2159 2572 2345 2615; x_wconf 89' lang='lat' dir='ltr'><strong>omnes</strong></span> <span class='ocrx_word' id='word_1_656' title='bbox 2367 2565 2455 2632; x_wconf 92' lang='lat' dir='ltr'><strong>qui</strong></span> <span class='ocrx_word' id='word_1_657' title='bbox 2490 2567 2712 2624; x_wconf 91' lang='lat' dir='ltr'><strong>audiunt</strong></span> <span class='ocrx_word' id='word_1_658' title='bbox 2759 2573 2923 2627; x_wconf 89' lang='lat' dir='ltr'><strong>verba</strong></span> <span class='ocrx_word' id='word_1_659' title='bbox 2949 2567 3146 2634; x_wconf 86' lang='lat' dir='ltr'><strong>Christi</strong></span> <span class='ocrx_word' id='word_1_660' title='bbox 3174 2590 3227 2636; x_wconf 90' lang='lat' dir='ltr'><strong>et</strong></span> <span class='ocrx_word' id='word_1_661' title='bbox 3255 2598 3362 2638; x_wconf 93' lang='lat' dir='ltr'><strong>non</strong></span> <span class='ocrx_word' id='word_1_662' title='bbox 3406 2585 3627 2657; x_wconf 87' lang='lat' dir='ltr'><strong>faciunt,</strong></span> <span class='ocrx_word' id='word_1_663' title='bbox 3661 2607 3752 2648; x_wconf 85' lang='lat' dir='ltr'><strong>ve-</strong></span> 
     </span>
    </p>
   </div>
   <div class='ocr_carea' id='block_1_87' title="bbox 2157 2650 3752 2751">
    <p class='ocr_par' dir='ltr' id='par_1_87' title="bbox 2157 2650 3752 2751">
     <span class='ocr_line' id='line_1_87' title="bbox 2157 2650 3752 2751; baseline 0.024 -48"><span class='ocrx_word' id='word_1_664' title='bbox 2157 2650 2273 2706; x_wconf 91' lang='lat' dir='ltr'><strong><em>nire</em></strong></span> <span class='ocrx_word' id='word_1_665' title='bbox 2298 2657 2596 2724; x_wconf 82' lang='lat' dir='ltr'><strong>coeperint;</strong></span> <span class='ocrx_word' id='word_1_666' title='bbox 2629 2661 2723 2716; x_wconf 88' lang='lat' dir='ltr'><strong>sed</strong></span> <span class='ocrx_word' id='word_1_667' title='bbox 2765 2678 2913 2720; x_wconf 89' lang='lat' dir='ltr'><strong>sacra</strong></span> <span class='ocrx_word' id='word_1_668' title='bbox 2945 2678 2998 2722; x_wconf 90' lang='lat' dir='ltr'><strong>et</strong></span> <span class='ocrx_word' id='word_1_669' title='bbox 3024 2669 3201 2726; x_wconf 88' lang='lat' dir='ltr'><strong>divina</strong></span> <span class='ocrx_word' id='word_1_670' title='bbox 3229 2673 3491 2736; x_wconf 87' lang='lat' dir='ltr'><strong>lavatione</strong></span> <span class='ocrx_word' id='word_1_671' title='bbox 3514 2681 3627 2751; x_wconf 82' lang='lat' dir='ltr'><strong>jam</strong></span> <span class='ocrx_word' id='word_1_672' title='bbox 3674 2686 3752 2742; x_wconf 85' lang='lat' dir='ltr'><strong>lo-</strong></span> 
     </span>
    </p>
   </div>
   <div class='ocr_carea' id='block_1_88' title="bbox 2163 2749 3750 2840">
    <p class='ocr_par' dir='ltr' id='par_1_88' title="bbox 2163 2749 3750 2840">
     <span class='ocr_line' id='line_1_88' title="bbox 2163 2749 3750 2840; baseline 0.024 -44"><span class='ocrx_word' id='word_1_673' title='bbox 2163 2749 2264 2810; x_wconf 89' lang='lat' dir='ltr'><strong>tos,</strong></span> <span class='ocrx_word' id='word_1_674' title='bbox 2295 2754 2419 2802; x_wconf 91' lang='lat' dir='ltr'><strong>tunc</strong></span> <span class='ocrx_word' id='word_1_675' title='bbox 2444 2758 2620 2805; x_wconf 88' lang='lat' dir='ltr'><strong>autem</strong></span> <span class='ocrx_word' id='word_1_676' title='bbox 2650 2762 2705 2808; x_wconf 90' lang='lat' dir='ltr'><strong>et</strong></span> <span class='ocrx_word' id='word_1_677' title='bbox 2729 2754 2929 2813; x_wconf 88' lang='lat' dir='ltr'><strong>lumine</strong></span> <span class='ocrx_word' id='word_1_678' title='bbox 2964 2761 3082 2816; x_wconf 67' lang='lat' dir='ltr'><strong>vitae</strong></span> <span class='ocrx_word' id='word_1_679' title='bbox 3111 2763 3454 2840; x_wconf 90' lang='lat' dir='ltr'><strong>illuminatos,</strong></span> <span class='ocrx_word' id='word_1_680' title='bbox 3506 2749 3614 2830; x_wconf 84' lang='lat' dir='ltr'><strong>non</strong></span> <span class='ocrx_word' id='word_1_681' title='bbox 3650 2779 3750 2834; x_wconf 88' lang='lat' dir='ltr'><strong>ho-</strong></span> 
     </span>
    </p>
   </div>
   <div class='ocr_carea' id='block_1_89' title="bbox 2156 2843 3748 2940">
    <p class='ocr_par' dir='ltr' id='par_1_89' title="bbox 2156 2843 3748 2940">
     <span class='ocr_line' id='line_1_89' title="bbox 2156 2843 3748 2940; baseline 0.023 -48"><span class='ocrx_word' id='word_1_682' title='bbox 2156 2847 2286 2909; x_wconf 88' lang='lat' dir='ltr'><strong>stes,</strong></span> <span class='ocrx_word' id='word_1_683' title='bbox 2318 2843 2412 2897; x_wconf 91' lang='lat' dir='ltr'><strong><em>sed</em></strong></span> <span class='ocrx_word' id='word_1_684' title='bbox 2462 2847 2733 2916; x_wconf 83' lang='lat' dir='ltr'><strong>paciﬁcos,</strong></span> <span class='ocrx_word' id='word_1_685' title='bbox 2781 2868 2904 2908; x_wconf 90' lang='lat' dir='ltr'><strong>nam</strong></span> <span class='ocrx_word' id='word_1_686' title='bbox 2951 2855 3116 2929; x_wconf 92' lang='lat' dir='ltr'><strong>iniqui</strong></span> <span class='ocrx_word' id='word_1_687' title='bbox 3161 2876 3268 2916; x_wconf 93' lang='lat' dir='ltr'><strong><em>non</em></strong></span> <span class='ocrx_word' id='word_1_688' title='bbox 3295 2863 3493 2921; x_wconf 89' lang='lat' dir='ltr'><strong>habent</strong></span> <span class='ocrx_word' id='word_1_689' title='bbox 3520 2885 3748 2940; x_wconf 88' lang='lat' dir='ltr'><strong>pacem;</strong></span> 
     </span>
    </p>
   </div>
   <div class='ocr_carea' id='block_1_90' title="bbox 2155 2933 3741 3024">
    <p class='ocr_par' dir='ltr' id='par_1_90' title="bbox 2155 2933 3741 3024">
     <span class='ocr_line' id='line_1_90' title="bbox 2155 2933 3741 3024; baseline 0.022 -40"><span class='ocrx_word' id='word_1_690' title='bbox 2155 2945 2262 2986; x_wconf 91' lang='lat' dir='ltr'><strong>non</strong></span> <span class='ocrx_word' id='word_1_691' title='bbox 2288 2933 2512 3002; x_wconf 89' lang='lat' dir='ltr'><strong>alienos,</strong></span> <span class='ocrx_word' id='word_1_692' title='bbox 2540 2939 2632 2994; x_wconf 91' lang='lat' dir='ltr'><strong>sed</strong></span> <span class='ocrx_word' id='word_1_693' title='bbox 2663 2941 2783 2997; x_wconf 85' lang='lat' dir='ltr'><strong>fidei</strong></span> <span class='ocrx_word' id='word_1_694' title='bbox 2834 2944 3041 3002; x_wconf 90' lang='lat' dir='ltr'><strong>Domini</strong></span> <span class='ocrx_word' id='word_1_695' title='bbox 3086 2949 3428 3024; x_wconf 89' lang='lat' dir='ltr'><strong>domesticos,</strong></span> <span class='ocrx_word' id='word_1_696' title='bbox 3459 2974 3582 3014; x_wconf 89' lang='lat' dir='ltr'><strong>nam</strong></span> <span class='ocrx_word' id='word_1_697' title='bbox 3634 2963 3741 3020; x_wconf 87' lang='lat' dir='ltr'><strong><em>ini-</em></strong></span> 
     </span>
    </p>
   </div>
   <div class='ocr_carea' id='block_1_91' title="bbox 2155 3026 3750 3113">
    <p class='ocr_par' dir='ltr' id='par_1_91' title="bbox 2155 3026 3750 3113">
     <span class='ocr_line' id='line_1_91' title="bbox 2155 3026 3750 3113; baseline 0.021 -34"><span class='ocrx_word' id='word_1_698' title='bbox 2155 3026 2275 3096; x_wconf 87' lang='lat' dir='ltr'><strong>quis</strong></span> <span class='ocrx_word' id='word_1_699' title='bbox 2299 3029 2497 3086; x_wconf 91' lang='lat' dir='ltr'><strong>dictum</strong></span> <span class='ocrx_word' id='word_1_700' title='bbox 2535 3043 2636 3099; x_wconf 85' lang='lat' dir='ltr'><strong>est,</strong></span> <span class='ocrx_word' id='word_1_701' title='bbox 2668 3036 2932 3102; x_wconf 83' lang='lat' dir='ltr'><strong><em>Quomodo</em></strong></span> <span class='ocrx_word' id='word_1_702' title='bbox 2968 3059 3204 3102; x_wconf 88' lang='lat' dir='ltr'><strong><em>conversa</em></strong></span> <span class='ocrx_word' id='word_1_703' title='bbox 3246 3066 3299 3104; x_wconf 88' lang='lat' dir='ltr'><strong><em>es</em></strong></span> <span class='ocrx_word' id='word_1_704' title='bbox 3341 3052 3395 3105; x_wconf 88' lang='lat' dir='ltr'><strong>in</strong></span> <span class='ocrx_word' id='word_1_705' title='bbox 3439 3057 3750 3113; x_wconf 85' lang='lat' dir='ltr'><strong><em>amaritudi-</em></strong></span> 
     </span>
    </p>
   </div>
   <div class='ocr_carea' id='block_1_92' title="bbox 2152 3122 3747 3213">
    <p class='ocr_par' dir='ltr' id='par_1_92' title="bbox 2152 3122 3747 3213">
     <span class='ocr_line' id='line_1_92' title="bbox 2152 3122 3747 3213; baseline 0.023 -43"><span class='ocrx_word' id='word_1_706' title='bbox 2152 3133 2287 3184; x_wconf 86' lang='lat' dir='ltr'><strong><em>nem,</em></strong></span> <span class='ocrx_word' id='word_1_707' title='bbox 2313 3122 2426 3176; x_wconf 81' lang='lat' dir='ltr'><strong><em>vitis</em></strong></span> <span class='ocrx_word' id='word_1_708' title='bbox 2465 3125 2633 3180; x_wconf 89' lang='lat' dir='ltr'><strong><em>aliena</em></strong></span> <span class='ocrx_word' id='word_1_709' title='bbox 2675 3129 2888 3199; x_wconf 85' lang='lat' dir='ltr'><strong><em>(Jerem.</em></strong></span> <span class='ocrx_word' id='word_1_710' title='bbox 2918 3150 2974 3200; x_wconf 81' lang='grc' dir='ltr'><strong>ιι,</strong></span> <span class='ocrx_word' id='word_1_711' title='bbox 3004 3135 3141 3208; x_wconf 75' lang='lat' dir='ltr'><strong>2t)?</strong></span> <span class='ocrx_word' id='word_1_712' title='bbox 3191 3156 3295 3196; x_wconf 94' lang='lat' dir='ltr'><strong>non</strong></span> <span class='ocrx_word' id='word_1_713' title='bbox 3323 3143 3614 3213; x_wconf 87' lang='lat' dir='ltr'><strong>adulteros,</strong></span> <span class='ocrx_word' id='word_1_714' title='bbox 3651 3151 3747 3206; x_wconf 88' lang='lat' dir='ltr'><strong>sed</strong></span> 
     </span>
    </p>
   </div>
   <div class='ocr_carea' id='block_1_93' title="bbox 2152 3209 3744 3309">
    <p class='ocr_par' dir='ltr' id='par_1_93' title="bbox 2152 3209 3744 3309">
     <span class='ocr_line' id='line_1_93' title="bbox 2152 3209 3744 3309; baseline 0.023 -47"><span class='ocrx_word' id='word_1_715' title='bbox 2152 3209 2249 3265; x_wconf 89' lang='lat' dir='ltr'><strong>Dei</strong></span> <span class='ocrx_word' id='word_1_716' title='bbox 2276 3211 2432 3279; x_wconf 83' lang='lat' dir='ltr'><strong>filios,</strong></span> <span class='ocrx_word' id='word_1_717' title='bbox 2464 3231 2586 3272; x_wconf 92' lang='lat' dir='ltr'><strong>nam</strong></span> <span class='ocrx_word' id='word_1_718' title='bbox 2616 3219 2781 3292; x_wconf 93' lang='lat' dir='ltr'><strong><em>iniqui</em></strong></span> <span class='ocrx_word' id='word_1_719' title='bbox 2830 3234 2953 3281; x_wconf 82' lang='lat' dir='ltr'><strong>sunt</strong></span> <span class='ocrx_word' id='word_1_720' title='bbox 2999 3228 3094 3284; x_wconf 78' lang='lat' dir='ltr'><strong>lilii</strong></span> <span class='ocrx_word' id='word_1_721' title='bbox 3123 3229 3348 3300; x_wconf 86' lang='lat' dir='ltr'><strong>diaboli;</strong></span> <span class='ocrx_word' id='word_1_722' title='bbox 3381 3253 3486 3293; x_wconf 91' lang='lat' dir='ltr'><strong>non</strong></span> <span class='ocrx_word' id='word_1_723' title='bbox 3517 3209 3744 3309; x_wconf 77' lang='lat' dir='ltr'><strong>erroris,</strong></span> 
     </span>
    </p>
   </div>
   <div class='ocr_carea' id='block_1_94' title="bbox 2150 3301 3746 3400">
    <p class='ocr_par' dir='ltr' id='par_1_94' title="bbox 2150 3301 3746 3400">
     <span class='ocr_line' id='line_1_94' title="bbox 2150 3301 3746 3400; baseline 0.023 -46"><span class='ocrx_word' id='word_1_724' title='bbox 2150 3301 2246 3356; x_wconf 91' lang='lat' dir='ltr'><strong>sed</strong></span> <span class='ocrx_word' id='word_1_725' title='bbox 2296 3305 2486 3362; x_wconf 78' lang='lat' dir='ltr'><strong>Salutis</strong></span> <span class='ocrx_word' id='word_1_726' title='bbox 2538 3310 2772 3380; x_wconf 77' lang='lat' dir='ltr'><strong>eti‘ectos,</strong></span> <span class='ocrx_word' id='word_1_727' title='bbox 2829 3331 2952 3372; x_wconf 91' lang='lat' dir='ltr'><strong>nam</strong></span> <span class='ocrx_word' id='word_1_728' title='bbox 2992 3335 3099 3375; x_wconf 93' lang='lat' dir='ltr'><strong>non</strong></span> <span class='ocrx_word' id='word_1_729' title='bbox 3147 3324 3316 3380; x_wconf 91' lang='lat' dir='ltr'><strong>salvat</strong></span> <span class='ocrx_word' id='word_1_730' title='bbox 3359 3327 3655 3400; x_wconf 88' lang='lat' dir='ltr'><strong>iniquitas:</strong></span> <span class='ocrx_word' id='word_1_731' title='bbox 3689 3335 3746 3390; x_wconf 92' lang='lat' dir='ltr'><strong>in</strong></span> 
     </span>
    </p>
   </div>
   <div class='ocr_carea' id='block_1_95' title="bbox 2149 3393 3744 3485">
    <p class='ocr_par' dir='ltr' id='par_1_95' title="bbox 2149 3393 3744 3485">
     <span class='ocr_line' id='line_1_95' title="bbox 2149 3393 3744 3485; baseline 0.021 -39"><span class='ocrx_word' id='word_1_732' title='bbox 2149 3393 2444 3451; x_wconf 85' lang='lat' dir='ltr'><strong>Ecclesiam</strong></span> <span class='ocrx_word' id='word_1_733' title='bbox 2485 3401 2670 3470; x_wconf 87' lang='lat' dir='ltr'><strong>recipi,</strong></span> <span class='ocrx_word' id='word_1_734' title='bbox 2722 3404 2774 3459; x_wconf 91' lang='lat' dir='ltr'><strong><em>id</em></strong></span> <span class='ocrx_word' id='word_1_735' title='bbox 2821 3416 2922 3474; x_wconf 91' lang='lat' dir='ltr'><strong><em>est,</em></strong></span> <span class='ocrx_word' id='word_1_736' title='bbox 2974 3409 3027 3465; x_wconf 92' lang='lat' dir='ltr'><strong><em>in</em></strong></span> <span class='ocrx_word' id='word_1_737' title='bbox 3059 3411 3203 3468; x_wconf 91' lang='lat' dir='ltr'><strong>illam</strong></span> <span class='ocrx_word' id='word_1_738' title='bbox 3238 3393 3468 3485; x_wconf 61' lang='lat' dir='ltr'><strong>petram,</strong></span> <span class='ocrx_word' id='word_1_739' title='bbox 3506 3421 3562 3476; x_wconf 93' lang='lat' dir='ltr'><strong><em>in</em></strong></span> <span class='ocrx_word' id='word_1_740' title='bbox 3591 3422 3744 3481; x_wconf 88' lang='lat' dir='ltr'><strong>illam</strong></span> 
     </span>
    </p>
   </div>
   <div class='ocr_carea' id='block_1_96' title="bbox 2148 3489 3742 3574">
    <p class='ocr_par' dir='ltr' id='par_1_96' title="bbox 2148 3489 3742 3574">
     <span class='ocr_line' id='line_1_96' title="bbox 2148 3489 3742 3574; baseline 0.021 -32"><span class='ocrx_word' id='word_1_741' title='bbox 2148 3489 2471 3559; x_wconf 89' lang='lat' dir='ltr'><strong>columbam,</strong></span> <span class='ocrx_word' id='word_1_742' title='bbox 2503 3495 2556 3550; x_wconf 91' lang='lat' dir='ltr'><strong><em>in</em></strong></span> <span class='ocrx_word' id='word_1_743' title='bbox 2584 3497 2730 3554; x_wconf 89' lang='lat' dir='ltr'><strong>illum</strong></span> <span class='ocrx_word' id='word_1_744' title='bbox 2761 3500 2972 3558; x_wconf 90' lang='lat' dir='ltr'><strong>hortum</strong></span> <span class='ocrx_word' id='word_1_745' title='bbox 2998 3507 3304 3566; x_wconf 87' lang='lat' dir='ltr'><strong>conclusum</strong></span> <span class='ocrx_word' id='word_1_746' title='bbox 3353 3521 3408 3568; x_wconf 90' lang='lat' dir='ltr'><strong>et</strong></span> <span class='ocrx_word' id='word_1_747' title='bbox 3431 3513 3632 3572; x_wconf 88' lang='lat' dir='ltr'><strong>fontem</strong></span> <span class='ocrx_word' id='word_1_748' title='bbox 3667 3520 3742 3574; x_wconf 93' lang='lat' dir='ltr'><strong>si-</strong></span> 
     </span>
    </p>
   </div>
   <div class='ocr_carea' id='block_1_97' title="bbox 2146 3586 3735 3678">
    <p class='ocr_par' dir='ltr' id='par_1_97' title="bbox 2146 3586 3735 3678">
     <span class='ocr_line' id='line_1_97' title="bbox 2146 3586 3735 3678; baseline 0.021 -44"><span class='ocrx_word' id='word_1_749' title='bbox 2146 3591 2388 3652; x_wconf 79' lang='lat' dir='ltr'><strong>gnatum,</strong></span> <span class='ocrx_word' id='word_1_750' title='bbox 2429 3586 2520 3656; x_wconf 92' lang='lat' dir='ltr'><strong>qui</strong></span> <span class='ocrx_word' id='word_1_751' title='bbox 2549 3604 2654 3644; x_wconf 93' lang='lat' dir='ltr'><strong><em>non</em></strong></span> <span class='ocrx_word' id='word_1_752' title='bbox 2686 3592 2789 3648; x_wconf 92' lang='lat' dir='ltr'><strong>nisi</strong></span> <span class='ocrx_word' id='word_1_753' title='bbox 2822 3595 2875 3650; x_wconf 93' lang='lat' dir='ltr'><strong><em>in</em></strong></span> <span class='ocrx_word' id='word_1_754' title='bbox 2911 3597 3107 3665; x_wconf 91' lang='lat' dir='ltr'><strong>tritico,</strong></span> <span class='ocrx_word' id='word_1_755' title='bbox 3138 3616 3242 3658; x_wconf 93' lang='lat' dir='ltr'><strong>non</strong></span> <span class='ocrx_word' id='word_1_756' title='bbox 3265 3613 3443 3661; x_wconf 89' lang='lat' dir='ltr'><strong>autem</strong></span> <span class='ocrx_word' id='word_1_757' title='bbox 3468 3607 3522 3662; x_wconf 93' lang='lat' dir='ltr'><strong>in</strong></span> <span class='ocrx_word' id='word_1_758' title='bbox 3563 3610 3735 3678; x_wconf 88' lang='lat' dir='ltr'><strong>paleis</strong></span> 
     </span>
    </p>
   </div>
   <div class='ocr_carea' id='block_1_98' title="bbox 2144 3676 3726 3762">
    <p class='ocr_par' dir='ltr' id='par_1_98' title="bbox 2144 3676 3726 3762">
     <span class='ocr_line' id='line_1_98' title="bbox 2144 3676 3726 3762; baseline 0.02 -37"><span class='ocrx_word' id='word_1_759' title='bbox 2144 3676 2468 3745; x_wconf 81' lang='lat' dir='ltr'><strong>agnoscitur,</strong></span> <span class='ocrx_word' id='word_1_760' title='bbox 2500 3680 2611 3735; x_wconf 90' lang='lat' dir='ltr'><strong>sive</strong></span> <span class='ocrx_word' id='word_1_761' title='bbox 2653 3681 2810 3754; x_wconf 79' lang='lat' dir='ltr'><strong>longe</strong></span> <span class='ocrx_word' id='word_1_762' title='bbox 2857 3701 2884 3742; x_wconf 91' lang='lat' dir='ltr'><strong>a</strong></span> <span class='ocrx_word' id='word_1_763' title='bbox 2927 3698 3084 3745; x_wconf 88' lang='lat' dir='ltr'><strong>vento</strong></span> <span class='ocrx_word' id='word_1_764' title='bbox 3111 3703 3444 3762; x_wconf 89' lang='lat' dir='ltr'><strong>separentur,</strong></span> <span class='ocrx_word' id='word_1_765' title='bbox 3492 3699 3604 3756; x_wconf 88' lang='lat' dir='ltr'><strong>sive</strong></span> <span class='ocrx_word' id='word_1_766' title='bbox 3630 3717 3726 3757; x_wconf 87' lang='lat' dir='ltr'><strong>us-</strong></span> 
     </span>
    </p>
   </div>
   <div class='ocr_carea' id='block_1_99' title="bbox 2143 3768 3737 3850">
    <p class='ocr_par' dir='ltr' id='par_1_99' title="bbox 2143 3768 3737 3850">
     <span class='ocr_line' id='line_1_99' title="bbox 2143 3768 3737 3850; baseline 0.02 -31"><span class='ocrx_word' id='word_1_767' title='bbox 2143 3780 2247 3837; x_wconf 92' lang='lat' dir='ltr'><strong>que</strong></span> <span class='ocrx_word' id='word_1_768' title='bbox 2274 3768 2340 3822; x_wconf 88' lang='lat' dir='ltr'><strong>ad</strong></span> <span class='ocrx_word' id='word_1_769' title='bbox 2363 3769 2600 3828; x_wconf 89' lang='lat' dir='ltr'><strong>ultimam</strong></span> <span class='ocrx_word' id='word_1_770' title='bbox 2629 3777 3026 3837; x_wconf 88' lang='lat' dir='ltr'><strong>ventilationem</strong></span> <span class='ocrx_word' id='word_1_771' title='bbox 3047 3783 3317 3842; x_wconf 87' lang='lat' dir='ltr'><strong>frumento</strong></span> <span class='ocrx_word' id='word_1_772' title='bbox 3343 3793 3622 3848; x_wconf 88' lang='lat' dir='ltr'><strong>commixti</strong></span> <span class='ocrx_word' id='word_1_773' title='bbox 3654 3796 3737 3850; x_wconf 81' lang='lat' dir='ltr'><strong>vi-</strong></span> 
     </span>
    </p>
   </div>
   <div class='ocr_carea' id='block_1_100' title="bbox 2141 3854 3735 3955">
    <p class='ocr_par' dir='ltr' id='par_1_100' title="bbox 2141 3854 3735 3955">
     <span class='ocr_line' id='line_1_100' title="bbox 2141 3854 3735 3955; baseline 0.021 -46"><span class='ocrx_word' id='word_1_774' title='bbox 2141 3854 2387 3914; x_wconf 88' lang='lat' dir='ltr'><strong>deantur.</strong></span> <span class='ocrx_word' id='word_1_775' title='bbox 2428 3860 2647 3920; x_wconf 88' lang='lat' dir='ltr'><strong>Frustra</strong></span> <span class='ocrx_word' id='word_1_776' title='bbox 2697 3883 2825 3939; x_wconf 79' lang='lat' dir='ltr'><strong>ergo</strong></span> <span class='ocrx_word' id='word_1_777' title='bbox 2849 3869 3064 3929; x_wconf 91' lang='lat' dir='ltr'><strong>Cassius</strong></span> <span class='ocrx_word' id='word_1_778' title='bbox 3107 3875 3333 3945; x_wconf 86' lang='lat' dir='ltr'><strong>addidit,</strong></span> <span class='ocrx_word' id='word_1_779' title='bbox 3367 3898 3388 3934; x_wconf 80' lang='lat' dir='ltr'><strong><em>t</em></strong></span> <span class='ocrx_word' id='word_1_780' title='bbox 3419 3883 3617 3955; x_wconf 82' lang='lat' dir='ltr'><strong><em>Absque</em></strong></span> <span class='ocrx_word' id='word_1_781' title='bbox 3652 3888 3735 3942; x_wconf 85' lang='lat' dir='ltr'><strong><em>his</em></strong></span> 
     </span>
    </p>
   </div>
   <div class='ocr_carea' id='block_1_101' title="bbox 2139 3947 3733 4032">
    <p class='ocr_par' dir='ltr' id='par_1_101' title="bbox 2139 3947 3733 4032">
     <span class='ocr_line' id='line_1_101' title="bbox 2139 3947 3733 4032; baseline 0.021 -33"><span class='ocrx_word' id='word_1_782' title='bbox 2139 3947 2229 4016; x_wconf 87' lang='lat' dir='ltr'><strong>qui</strong></span> <span class='ocrx_word' id='word_1_783' title='bbox 2255 3948 2310 4002; x_wconf 88' lang='lat' dir='ltr'><strong>in</strong></span> <span class='ocrx_word' id='word_1_784' title='bbox 2335 3947 2566 4008; x_wconf 87' lang='lat' dir='ltr'><strong><em>Ecclesia</em></strong></span> <span class='ocrx_word' id='word_1_785' title='bbox 2590 3955 2767 4025; x_wconf 72' lang='lat' dir='ltr'><strong><em>ﬁdeles</em></strong></span> <span class='ocrx_word' id='word_1_786' title='bbox 2794 3962 3128 4031; x_wconf 80' lang='lat' dir='ltr'><strong><em>supplantati,</em></strong></span> <span class='ocrx_word' id='word_1_787' title='bbox 3159 3969 3227 4020; x_wconf 92' lang='lat' dir='ltr'><strong>ad</strong></span> <span class='ocrx_word' id='word_1_788' title='bbox 3251 3969 3456 4027; x_wconf 74' lang='lat' dir='ltr'><strong><em>hwresis</em></strong></span> <span class='ocrx_word' id='word_1_789' title='bbox 3499 3947 3733 4032; x_wconf 77' lang='lat' dir='ltr'><strong><em>tenebras</em></strong></span> 
     </span>
    </p>
   </div>
   <div class='ocr_carea' id='block_1_102' title="bbox 2141 4040 3729 4124">
    <p class='ocr_par' dir='ltr' id='par_1_102' title="bbox 2141 4040 3729 4124">
     <span class='ocr_line' id='line_1_102' title="bbox 2141 4040 3729 4124; baseline 0.022 -34"><span class='ocrx_word' id='word_1_790' title='bbox 2141 4040 2464 4097; x_wconf 80' lang='lat' dir='ltr'><strong><em>transierant.</em></strong></span> <span class='ocrx_word' id='word_1_791' title='bbox 2511 4044 2569 4099; x_wconf 92' lang='lat' dir='ltr'><strong>Si</strong></span> <span class='ocrx_word' id='word_1_792' title='bbox 2621 4049 2763 4103; x_wconf 88' lang='lat' dir='ltr'><strong>enim</strong></span> <span class='ocrx_word' id='word_1_793' title='bbox 2800 4059 2858 4105; x_wconf 91' lang='lat' dir='ltr'><strong>et</strong></span> <span class='ocrx_word' id='word_1_794' title='bbox 2893 4053 2993 4123; x_wconf 87' lang='lat' dir='ltr'><strong>ipsi</strong></span> <span class='ocrx_word' id='word_1_795' title='bbox 3037 4055 3104 4112; x_wconf 88' lang='lat' dir='ltr'><strong>ab</strong></span> <span class='ocrx_word' id='word_1_796' title='bbox 3144 4056 3386 4117; x_wconf 89' lang='lat' dir='ltr'><strong>Ecclesia</strong></span> <span class='ocrx_word' id='word_1_797' title='bbox 3423 4066 3729 4124; x_wconf 72' lang='lat' dir='ltr'><strong>cecedendo</strong></span> 
     </span>
    </p>
   </div>
   <div class='ocr_carea' id='block_1_103' title="bbox 2139 4131 3731 4222">
    <p class='ocr_par' dir='ltr' id='par_1_103' title="bbox 2139 4131 3731 4222">
     <span class='ocr_line' id='line_1_103' title="bbox 2139 4131 3731 4222; baseline 0.019 -36"><span class='ocrx_word' id='word_1_798' title='bbox 2139 4131 2468 4204; x_wconf 88' lang='lat' dir='ltr'><strong>Baptismum</strong></span> <span class='ocrx_word' id='word_1_799' title='bbox 2511 4140 2821 4211; x_wconf 84' lang='lat' dir='ltr'><strong>amiserant,</strong></span> <span class='ocrx_word' id='word_1_800' title='bbox 2849 4146 3009 4203; x_wconf 92' lang='lat' dir='ltr'><strong>etiam</strong></span> <span class='ocrx_word' id='word_1_801' title='bbox 3057 4150 3188 4222; x_wconf 89' lang='lat' dir='ltr'><strong>ipsis</strong></span> <span class='ocrx_word' id='word_1_802' title='bbox 3217 4153 3471 4212; x_wconf 85' lang='lat' dir='ltr'><strong>reddatur</strong></span> <span class='ocrx_word' id='word_1_803' title='bbox 3501 4176 3514 4211; x_wconf 91' lang='lat'><strong>:</strong></span> <span class='ocrx_word' id='word_1_804' title='bbox 3550 4160 3596 4215; x_wconf 91' lang='lat' dir='ltr'><strong>si</strong></span> <span class='ocrx_word' id='word_1_805' title='bbox 3632 4176 3731 4216; x_wconf 85' lang='lat' dir='ltr'><strong>au-</strong></span> 
     </span>
    </p>
   </div>
   <div class='ocr_carea' id='block_1_104' title="bbox 2139 4227 3731 4322">
    <p class='ocr_par' dir='ltr' id='par_1_104' title="bbox 2139 4227 3731 4322">
     <span class='ocr_line' id='line_1_104' title="bbox 2139 4227 3731 4322; baseline 0.02 -46"><span class='ocrx_word' id='word_1_806' title='bbox 2139 4231 2246 4277; x_wconf 90' lang='lat' dir='ltr'><strong>tem</strong></span> <span class='ocrx_word' id='word_1_807' title='bbox 2298 4241 2408 4290; x_wconf 84' lang='lat' dir='ltr'><strong><em>non</em></strong></span> <span class='ocrx_word' id='word_1_808' title='bbox 2455 4227 2761 4300; x_wconf 88' lang='lat' dir='ltr'><strong>amiserant,</strong></span> <span class='ocrx_word' id='word_1_809' title='bbox 2798 4237 2941 4306; x_wconf 91' lang='lat' dir='ltr'><strong>quod</strong></span> <span class='ocrx_word' id='word_1_810' title='bbox 2969 4253 3067 4310; x_wconf 88' lang='lat' dir='ltr'><strong>per</strong></span> <span class='ocrx_word' id='word_1_811' title='bbox 3110 4255 3205 4298; x_wconf 90' lang='lat' dir='ltr'><strong>eos</strong></span> <span class='ocrx_word' id='word_1_812' title='bbox 3248 4244 3428 4302; x_wconf 89' lang='lat' dir='ltr'><strong>datum</strong></span> <span class='ocrx_word' id='word_1_813' title='bbox 3456 4257 3538 4304; x_wconf 91' lang='lat' dir='ltr'><strong>est</strong></span> <span class='ocrx_word' id='word_1_814' title='bbox 3561 4264 3731 4322; x_wconf 80' lang='lat' dir='ltr'><strong>agno-</strong></span> 
     </span>
    </p>
   </div>
   <div class='ocr_carea' id='block_1_105' title="bbox 2133 4325 2333 4372">
    <p class='ocr_par' dir='ltr' id='par_1_105' title="bbox 2133 4325 2333 4372">
     <span class='ocr_line' id='line_1_105' title="bbox 2133 4325 2333 4372; baseline 0.01 -2"><span class='ocrx_word' id='word_1_815' title='bbox 2133 4325 2333 4372; x_wconf 82' lang='lat' dir='ltr'><strong>scatur.</strong></span> 
     </span>
    </p>
   </div>
   <div class='ocr_carea' id='block_1_106' title="bbox 2203 4407 3725 4491">
    <p class='ocr_par' dir='ltr' id='par_1_106' title="bbox 2203 4407 3725 4491">
     <span class='ocr_line' id='line_1_106' title="bbox 2203 4407 3725 4491; baseline 0.02 -29"><span class='ocrx_word' id='word_1_816' title='bbox 2203 4407 2431 4466; x_wconf 88' lang='lat' dir='ltr'><strong>CAPUT</strong></span> <span class='ocrx_word' id='word_1_817' title='bbox 2471 4411 2638 4469; x_wconf 83' lang='lat' dir='ltr'><strong>XXX.</strong></span> <span class='ocrx_word' id='word_1_818' title='bbox 2661 4446 2732 4457; x_wconf 95' lang='lat'><em>—</em></span> <span class='ocrx_word' id='word_1_819' title='bbox 2759 4419 2848 4474; x_wconf 87' lang='lat'><strong>57.</strong></span> <span class='ocrx_word' id='word_1_820' title='bbox 2884 4420 3035 4478; x_wconf 84' lang='lat' dir='ltr'><strong>Alius</strong></span> <span class='ocrx_word' id='word_1_821' title='bbox 3062 4423 3345 4484; x_wconf 82' lang='lat' dir='ltr'><strong>Januarins</strong></span> <span class='ocrx_word' id='word_1_822' title='bbox 3387 4446 3419 4486; x_wconf 90' lang='lat' dir='ltr'><strong>a</strong></span> <span class='ocrx_word' id='word_1_823' title='bbox 3462 4433 3581 4488; x_wconf 88' lang='lat' dir='ltr'><strong><em>vico</em></strong></span> <span class='ocrx_word' id='word_1_824' title='bbox 3606 4435 3725 4491; x_wconf 69' lang='lat' dir='ltr'><strong>Cae-</strong></span> 
     </span>
    </p>
   </div>
   <div class='ocr_carea' id='block_1_107' title="bbox 2131 4499 3723 4600">
    <p class='ocr_par' dir='ltr' id='par_1_107' title="bbox 2131 4499 3723 4600">
     <span class='ocr_line' id='line_1_107' title="bbox 2131 4499 3723 4600; baseline 0.019 -49"><span class='ocrx_word' id='word_1_825' title='bbox 2131 4499 2268 4554; x_wconf 89' lang='lat' dir='ltr'><strong>saris</strong></span> <span class='ocrx_word' id='word_1_826' title='bbox 2306 4499 2440 4556; x_wconf 87' lang='lat' dir='ltr'><strong><em>dixit</em></strong></span> <span class='ocrx_word' id='word_1_827' title='bbox 2470 4521 2485 4559; x_wconf 89' lang='lat'><strong>:</strong></span> <span class='ocrx_word' id='word_1_828' title='bbox 2516 4504 2579 4559; x_wconf 86' lang='lat' dir='ltr'><strong><em>Si</em></strong></span> <span class='ocrx_word' id='word_1_829' title='bbox 2619 4522 2720 4561; x_wconf 87' lang='lat' dir='ltr'><strong>non</strong></span> <span class='ocrx_word' id='word_1_830' title='bbox 2757 4508 3064 4582; x_wconf 88' lang='lat' dir='ltr'><strong><em>obtemperat</em></strong></span> <span class='ocrx_word' id='word_1_831' title='bbox 3103 4533 3244 4572; x_wconf 87' lang='lat' dir='ltr'><strong><em>error</em></strong></span> <span class='ocrx_word' id='word_1_832' title='bbox 3281 4522 3510 4600; x_wconf 82' lang='lat' dir='ltr'><strong><em>veritati,</em></strong></span> <span class='ocrx_word' id='word_1_833' title='bbox 3561 4527 3723 4581; x_wconf 88' lang='lat' dir='ltr'><strong><em>multo</em></strong></span> 
     </span>
    </p>
   </div>
   <div class='ocr_carea' id='block_1_108' title="bbox 2130 4592 3720 4676">
    <p class='ocr_par' dir='ltr' id='par_1_108' title="bbox 2130 4592 3720 4676">
     <span class='ocr_line' id='line_1_108' title="bbox 2130 4592 3720 4676; baseline 0.021 -33"><span class='ocrx_word' id='word_1_834' title='bbox 2130 4592 2292 4663; x_wconf 86' lang='lat' dir='ltr'><strong><em>magis</em></strong></span> <span class='ocrx_word' id='word_1_835' title='bbox 2318 4595 2496 4651; x_wconf 86' lang='lat' dir='ltr'><strong><em>veritas</em></strong></span> <span class='ocrx_word' id='word_1_836' title='bbox 2521 4613 2622 4653; x_wconf 89' lang='lat' dir='ltr'><strong>non</strong></span> <span class='ocrx_word' id='word_1_837' title='bbox 2650 4604 2891 4658; x_wconf 89' lang='lat' dir='ltr'><strong><em>consentit</em></strong></span> <span class='ocrx_word' id='word_1_838' title='bbox 2919 4609 3082 4662; x_wconf 87' lang='lat' dir='ltr'><strong><em>errori</em></strong></span> <span class='ocrx_word' id='word_1_839' title='bbox 3101 4626 3120 4663; x_wconf 88' lang='lat'><strong>:</strong></span> <span class='ocrx_word' id='word_1_840' title='bbox 3141 4620 3191 4665; x_wconf 90' lang='lat' dir='ltr'><strong><em>et</em></strong></span> <span class='ocrx_word' id='word_1_841' title='bbox 3214 4613 3327 4668; x_wconf 87' lang='lat' dir='ltr'><strong><em>ideo</em></strong></span> <span class='ocrx_word' id='word_1_842' title='bbox 3355 4598 3452 4670; x_wconf 80' lang='lat' dir='ltr'><strong>nos</strong></span> <span class='ocrx_word' id='word_1_843' title='bbox 3468 4617 3720 4676; x_wconf 76' lang='lat' dir='ltr'><strong><em>Ecclesia:</em></strong></span> 
     </span>
    </p>
   </div>
   <div class='ocr_carea' id='block_1_109' title="bbox 2129 4683 3705 4782">
    <p class='ocr_par' dir='ltr' id='par_1_109' title="bbox 2129 4683 3705 4782">
     <span class='ocr_line' id='line_1_109' title="bbox 2129 4683 3705 4782; baseline 0.02 -47"><span class='ocrx_word' id='word_1_844' title='bbox 2129 4683 2434 4752; x_wconf 81' lang='lat' dir='ltr'><strong><em>assistimus,</em></strong></span> <span class='ocrx_word' id='word_1_845' title='bbox 2467 4688 2520 4742; x_wconf 91' lang='lat' dir='ltr'><strong>in</strong></span> <span class='ocrx_word' id='word_1_846' title='bbox 2545 4705 2648 4757; x_wconf 87' lang='lat' dir='ltr'><strong>qua</strong></span> <span class='ocrx_word' id='word_1_847' title='bbox 2677 4695 3024 4764; x_wconf 68' lang='lat' dir='ltr'><strong><em>praesidemus,</em></strong></span> <span class='ocrx_word' id='word_1_848' title='bbox 3056 4709 3110 4754; x_wconf 91' lang='lat' dir='ltr'><strong><em>ut</em></strong></span> <span class='ocrx_word' id='word_1_849' title='bbox 3134 4701 3451 4774; x_wconf 88' lang='lat' dir='ltr'><strong><em>Baptismum</em></strong></span> <span class='ocrx_word' id='word_1_850' title='bbox 3475 4712 3585 4776; x_wconf 87' lang='lat' dir='ltr'><strong><em>ejus</em></strong></span> <span class='ocrx_word' id='word_1_851' title='bbox 3615 4713 3705 4782; x_wconf 73' lang='lat' dir='ltr'><strong><em>ip:</em></strong></span> 
     </span>
    </p>
   </div>
   <div class='ocr_carea' id='block_1_110' title="bbox 2128 4777 3684 4870">
    <p class='ocr_par' dir='ltr' id='par_1_110' title="bbox 2128 4777 3684 4870">
     <span class='ocr_line' id='line_1_110' title="bbox 2128 4777 3684 4870; baseline 0.019 -40"><span class='ocrx_word' id='word_1_852' title='bbox 2128 4777 2229 4831; x_wconf 90' lang='lat' dir='ltr'><strong><em>soli</em></strong></span> <span class='ocrx_word' id='word_1_853' title='bbox 2266 4778 2574 4837; x_wconf 81' lang='lat' dir='ltr'><strong><em>vindicantes</em></strong></span> <span class='ocrx_word' id='word_1_854' title='bbox 2593 4823 2608 4848; x_wconf 92' lang='lat'><strong>,</strong></span> <span class='ocrx_word' id='word_1_855' title='bbox 2652 4800 2736 4840; x_wconf 89' lang='lat' dir='ltr'><strong>eos</strong></span> <span class='ocrx_word' id='word_1_856' title='bbox 2761 4804 2886 4858; x_wconf 88' lang='lat' dir='ltr'><strong><em>quos</em></strong></span> <span class='ocrx_word' id='word_1_857' title='bbox 2913 4789 3142 4849; x_wconf 88' lang='lat' dir='ltr'><strong><em>Ecclesia</em></strong></span> <span class='ocrx_word' id='word_1_858' title='bbox 3163 4813 3264 4852; x_wconf 89' lang='lat' dir='ltr'><strong>non</strong></span> <span class='ocrx_word' id='word_1_859' title='bbox 3285 4798 3558 4870; x_wconf 77' lang='lat' dir='ltr'><strong><em>baptizavit</em></strong></span> <span class='ocrx_word' id='word_1_860' title='bbox 3575 4843 3590 4870; x_wconf 89' lang='lat'><strong>,</strong></span> <span class='ocrx_word' id='word_1_861' title='bbox 3619 4777 3684 4859; x_wconf 83' lang='lat' dir='ltr'><strong><em>ba</em></strong></span> 
     </span>
    </p>
   </div>
   <div class='ocr_carea' id='block_1_111' title="bbox 2124 4870 2387 4940">
    <p class='ocr_par' dir='ltr' id='par_1_111' title="bbox 2124 4870 2387 4940">
     <span class='ocr_line' id='line_1_111' title="bbox 2124 4870 2387 4940; baseline 0.015 -18"><span class='ocrx_word' id='word_1_862' title='bbox 2124 4870 2387 4940; x_wconf 80' lang='lat' dir='ltr'><strong><em>ptisemus.</em></strong></span> 
     </span>
    </p>
   </div>
   <div class='ocr_carea' id='block_1_112' title="bbox 2195 4961 3712 5060">
    <p class='ocr_par' dir='ltr' id='par_1_112' title="bbox 2195 4961 3712 5060">
     <span class='ocr_line' id='line_1_112' title="bbox 2195 4961 3712 5060; baseline 0.018 -42"><span class='ocrx_word' id='word_1_863' title='bbox 2195 4961 2283 5018; x_wconf 86' lang='lat'><strong>58.</strong></span> <span class='ocrx_word' id='word_1_864' title='bbox 2332 4963 2749 5034; x_wconf 82' lang='lat' dir='ltr'><strong>Respondetur:</strong></span> <span class='ocrx_word' id='word_1_865' title='bbox 2778 4970 2924 5040; x_wconf 90' lang='lat' dir='ltr'><strong>Quos</strong></span> <span class='ocrx_word' id='word_1_866' title='bbox 2953 4973 3188 5034; x_wconf 73' lang='lat' dir='ltr'><strong>Ecclesia</strong></span> <span class='ocrx_word' id='word_1_867' title='bbox 3221 4979 3484 5053; x_wconf 86' lang='lat' dir='ltr'><strong>baptizat,</strong></span> <span class='ocrx_word' id='word_1_868' title='bbox 3525 4988 3712 5060; x_wconf 91' lang='lat' dir='ltr'><strong>utique</strong></span> 
     </span>
    </p>
   </div>
   <div class='ocr_carea' id='block_1_113' title="bbox 2124 5055 3711 5147">
    <p class='ocr_par' dir='ltr' id='par_1_113' title="bbox 2124 5055 3711 5147">
     <span class='ocr_line' id='line_1_113' title="bbox 2124 5055 3711 5147; baseline 0.019 -40"><span class='ocrx_word' id='word_1_869' title='bbox 2124 5063 2274 5123; x_wconf 89' lang='lat' dir='ltr'><strong>petra</strong></span> <span class='ocrx_word' id='word_1_870' title='bbox 2295 5055 2385 5110; x_wconf 90' lang='lat' dir='ltr'><strong>illa</strong></span> <span class='ocrx_word' id='word_1_871' title='bbox 2406 5057 2656 5128; x_wconf 87' lang='lat' dir='ltr'><strong>baptizat,</strong></span> <span class='ocrx_word' id='word_1_872' title='bbox 2680 5073 2829 5118; x_wconf 84' lang='lat' dir='ltr'><strong><em>extra</em></strong></span> <span class='ocrx_word' id='word_1_873' title='bbox 2848 5081 3007 5135; x_wconf 89' lang='lat' dir='ltr'><strong>quam</strong></span> <span class='ocrx_word' id='word_1_874' title='bbox 3028 5078 3155 5124; x_wconf 88' lang='lat' dir='ltr'><strong>sunt</strong></span> <span class='ocrx_word' id='word_1_875' title='bbox 3175 5087 3361 5130; x_wconf 88' lang='lat' dir='ltr'><strong>omnes</strong></span> <span class='ocrx_word' id='word_1_876' title='bbox 3375 5077 3463 5147; x_wconf 93' lang='lat' dir='ltr'><strong>qui</strong></span> <span class='ocrx_word' id='word_1_877' title='bbox 3484 5055 3711 5137; x_wconf 81' lang='lat' dir='ltr'><strong>audiunt</strong></span> 
     </span>
    </p>
   </div>
   <div class='ocr_carea' id='block_1_114' title="bbox 2123 5144 3704 5241">
    <p class='ocr_par' dir='ltr' id='par_1_114' title="bbox 2123 5144 3704 5241">
     <span class='ocr_line' id='line_1_114' title="bbox 2123 5144 3704 5241; baseline 0.018 -43"><span class='ocrx_word' id='word_1_878' title='bbox 2123 5144 2285 5200; x_wconf 88' lang='lat' dir='ltr'><strong>verba</strong></span> <span class='ocrx_word' id='word_1_879' title='bbox 2327 5146 2524 5203; x_wconf 90' lang='lat' dir='ltr'><strong>Christi</strong></span> <span class='ocrx_word' id='word_1_880' title='bbox 2566 5159 2621 5205; x_wconf 91' lang='lat' dir='ltr'><strong>et</strong></span> <span class='ocrx_word' id='word_1_881' title='bbox 2659 5167 2768 5208; x_wconf 90' lang='lat' dir='ltr'><strong><em>non</em></strong></span> <span class='ocrx_word' id='word_1_882' title='bbox 2812 5155 3026 5211; x_wconf 87' lang='lat' dir='ltr'><strong>faciunt.</strong></span> <span class='ocrx_word' id='word_1_883' title='bbox 3058 5144 3410 5231; x_wconf 37' lang='lat' dir='ltr'><strong>Baptizentur—</strong></span> <span class='ocrx_word' id='word_1_884' title='bbox 3425 5182 3554 5238; x_wconf 79' lang='lat' dir='ltr'><strong>ergo</strong></span> <span class='ocrx_word' id='word_1_885' title='bbox 3583 5172 3704 5241; x_wconf 83' lang='lat' dir='ltr'><strong>qui-</strong></span> 
     </span>
    </p>
   </div>
   <div class='ocr_carea' id='block_1_115' title="bbox 2121 5240 3708 5330">
    <p class='ocr_par' dir='ltr' id='par_1_115' title="bbox 2121 5240 3708 5330">
     <span class='ocr_line' id='line_1_115' title="bbox 2121 5240 3708 5330; baseline 0.019 -41"><span class='ocrx_word' id='word_1_886' title='bbox 2121 5249 2350 5308; x_wconf 88' lang='lat' dir='ltr'><strong>cumque</strong></span> <span class='ocrx_word' id='word_1_887' title='bbox 2377 5253 2407 5293; x_wconf 89' lang='lat' dir='ltr'><strong><em>a</em></strong></span> <span class='ocrx_word' id='word_1_888' title='bbox 2441 5240 2631 5298; x_wconf 89' lang='lat' dir='ltr'><strong>talibus</strong></span> <span class='ocrx_word' id='word_1_889' title='bbox 2655 5243 2907 5316; x_wconf 88' lang='lat' dir='ltr'><strong>baptizati</strong></span> <span class='ocrx_word' id='word_1_890' title='bbox 2929 5259 3072 5307; x_wconf 89' lang='lat' dir='ltr'><strong>sunt.</strong></span> <span class='ocrx_word' id='word_1_891' title='bbox 3102 5252 3255 5320; x_wconf 89' lang='lat' dir='ltr'><strong>Quod</strong></span> <span class='ocrx_word' id='word_1_892' title='bbox 3282 5256 3327 5312; x_wconf 93' lang='lat' dir='ltr'><strong><em>si</em></strong></span> <span class='ocrx_word' id='word_1_893' title='bbox 3360 5272 3467 5316; x_wconf 93' lang='lat' dir='ltr'><strong><em>non</em></strong></span> <span class='ocrx_word' id='word_1_894' title='bbox 3497 5259 3577 5330; x_wconf 87' lang='lat' dir='ltr'><strong>tit,</strong></span> <span class='ocrx_word' id='word_1_895' title='bbox 3601 5240 3708 5318; x_wconf 82' lang='lat' dir='ltr'><strong>sic-</strong></span> 
     </span>
    </p>
   </div>
   <div class='ocr_carea' id='block_1_116' title="bbox 2184 5465 3128 5536">
    <p class='ocr_par' dir='ltr' id='par_1_116' title="bbox 2184 5465 3128 5536">
     <span class='ocr_line' id='line_1_116' title="bbox 2184 5465 3128 5536; baseline -0.003 -1"><span class='ocrx_word' id='word_1_896' title='bbox 2184 5465 2202 5536; x_wconf 69' lang='grc' dir='ltr'><strong>Ῐ</strong></span> <span class='ocrx_word' id='word_1_897' title='bbox 2354 5473 2406 5536; x_wconf 56' lang='lat' dir='ltr'><strong>ei</strong></span> <span class='ocrx_word' id='word_1_898' title='bbox 2421 5469 2718 5536; x_wconf 66' lang='lat' dir='ltr'><strong>antiquiores</strong></span> <span class='ocrx_word' id='word_1_899' title='bbox 2738 5481 2866 5536; x_wconf 82' lang='lat' dir='ltr'><strong>Ilss.,</strong></span> <span class='ocrx_word' id='word_1_900' title='bbox 2894 5485 2946 5530; x_wconf 91' lang='lat' dir='ltr'><strong>ut</strong></span> <span class='ocrx_word' id='word_1_901' title='bbox 2968 5493 3128 5532; x_wconf 85' lang='lat' dir='ltr'><strong><em>sacra.</em></strong></span> 
     </span>
    </p>
   </div>
   <div class='ocr_carea' id='block_1_117' title="bbox 2180 5527 3700 5604">
    <p class='ocr_par' dir='ltr' id='par_1_117' title="bbox 2180 5527 3700 5604">
     <span class='ocr_line' id='line_1_117' title="bbox 2180 5527 3700 5604; baseline 0.02 -31"><span class='ocrx_word' id='word_1_902' title='bbox 2180 5527 2202 5556; x_wconf 68' lang='grc' dir='ltr'><strong>ε</strong></span> <span class='ocrx_word' id='word_1_903' title='bbox 2225 5535 2357 5604; x_wconf 60' lang='lat' dir='ltr'><strong>nova</strong></span> <span class='ocrx_word' id='word_1_904' title='bbox 2371 5527 2586 5604; x_wconf 67' lang='lat' dir='ltr'><strong>Cypriani</strong></span> <span class='ocrx_word' id='word_1_905' title='bbox 2603 5527 3212 5604; x_wconf 51' lang='lat' dir='ltr'><strong><em>ediuo,_ad}tlterirtos:5ed</em></strong></span> <span class='ocrx_word' id='word_1_906' title='bbox 3235 5550 3384 5598; x_wconf 85' lang='lat' dir='ltr'><strong>nostri</strong></span> <span class='ocrx_word' id='word_1_907' title='bbox 3406 5562 3578 5601; x_wconf 85' lang='lat' dir='ltr'><strong>omnes</strong></span> <span class='ocrx_word' id='word_1_908' title='bbox 3592 5551 3700 5604; x_wconf 78' lang='lat' dir='ltr'><strong>libn&#39;</strong></span> 
     </span>
    </p>
   </div>
   <div class='ocr_carea' id='block_1_118' title="bbox 2116 5592 3694 5675">
    <p class='ocr_par' dir='ltr' id='par_1_118' title="bbox 2116 5592 3694 5675">
     <span class='ocr_line' id='line_1_118' title="bbox 2116 5592 3694 5675; baseline 0.02 -39"><span class='ocrx_word' id='word_1_909' title='bbox 2116 5592 2906 5675; x_wconf 34' lang='lat' dir='ltr'><strong>consta‘ndterotgdu‘lteros;gladii</strong></span> <span class='ocrx_word' id='word_1_910' title='bbox 2926 5592 3113 5656; x_wconf 69' lang='lat' dir='ltr'><strong>CasSius</strong></span> <span class='ocrx_word' id='word_1_911' title='bbox 3133 5592 3694 5675; x_wconf 54' lang='lat' dir='ltr'><strong>aliiﬁiiiiiéiiifiiili&#39;i</strong></span> 
     </span>
    </p>
   </div>
   <div class='ocr_carea' id='block_1_119' title="bbox 2116 5650 3695 5811">
    <p class='ocr_par' dir='ltr' id='par_1_119' title="bbox 2116 5650 3695 5811">
     <span class='ocr_line' id='line_1_119' title="bbox 2116 5650 3694 5744; baseline -0.025 -45"><span class='ocrx_word' id='word_1_912' title='bbox 2116 5657 2242 5714; x_wconf 82' lang='lat' dir='ltr'><strong>Ergo</strong></span> <span class='ocrx_word' id='word_1_913' title='bbox 2266 5650 2494 5723; x_wconf 73' lang='lat' dir='ltr'><strong><em>adulteri,</em></strong></span> <span class='ocrx_word' id='word_1_914' title='bbox 2512 5663 2560 5706; x_wconf 76' lang='grc' dir='ltr'><em>ει</em></span> <span class='ocrx_word' id='word_1_915' title='bbox 2575 5671 2667 5729; x_wconf 51' lang='lat' dir='ltr'><strong>mp</strong></span> <span class='ocrx_word' id='word_1_916' title='bbox 2689 5659 2782 5724; x_wconf 62' lang='lat' dir='ltr'><strong>ﬁ“,-</strong></span> <span class='ocrx_word' id='word_1_917' title='bbox 2803 5650 3111 5716; x_wconf 34' lang='lat' dir='ltr'><strong>es,&amp;.’I*W-—</strong></span> <span class='ocrx_word' id='word_1_918' title='bbox 3135 5650 3193 5656; x_wconf 81' lang='lat'><strong>-—</strong></span> <span class='ocrx_word' id='word_1_919' title='bbox 3208 5650 3333 5744; x_wconf 40' lang='grc'><strong>.----</strong></span> <span class='ocrx_word' id='word_1_920' title='bbox 3357 5650 3502 5662; x_wconf 69' lang='grc' dir='ltr'><em>ην...</em></span> <span class='ocrx_word' id='word_1_921' title='bbox 3523 5650 3609 5675; x_wconf 81' lang='grc'><strong>-..,</strong></span> <span class='ocrx_word' id='word_1_922' title='bbox 3632 5650 3664 5664; x_wconf 71' lang='grc' dir='ltr'>υ</span> <span class='ocrx_word' id='word_1_923' title='bbox 3680 5653 3694 5668; x_wconf 83' lang='grc'><em>,</em></span> 
     </span>
     <span class='ocr_line' id='line_1_120' title="bbox 2116 5715 3695 5811; baseline -0.011 1"><span class='ocrx_word' id='word_1_924' title='bbox 2116 5715 2775 5811; x_wconf 47' lang='grc' dir='ltr'><strong>ρνξέξεῑιεηικλὶοειξξιξέίλξ</strong></span> <span class='ocrx_word' id='word_1_925' title='bbox 2793 5733 2905 5811; x_wconf 56' lang='lat'><strong>3:9:-</strong></span> <span class='ocrx_word' id='word_1_926' title='bbox 2925 5730 3334 5811; x_wconf 57' lang='lat' dir='ltr'><strong>EE”;_P‘.£&#39;L€_‘!9’93</strong></span> <span class='ocrx_word' id='word_1_927' title='bbox 3352 5742 3468 5811; x_wconf 56' lang='lat' dir='ltr'><strong>uss.</strong></span> <span class='ocrx_word' id='word_1_928' title='bbox 3494 5747 3548 5810; x_wconf 60' lang='grc' dir='ltr'><strong>υρ</strong></span> <span class='ocrx_word' id='word_1_929' title='bbox 3568 5739 3695 5811; x_wconf 68' lang='grc' dir='ltr'><strong>ερρυα</strong></span> 
     </span>
    </p>
   </div>
   <div class='ocr_carea' id='block_1_120' title="bbox 2109 5777 3694 5864">
    <p class='ocr_par' dir='ltr' id='par_1_120' title="bbox 2109 5777 3694 5864">
     <span class='ocr_line' id='line_1_121' title="bbox 2109 5777 3694 5864; baseline 0.023 -44"><span class='ocrx_word' id='word_1_930' title='bbox 2109 5777 2732 5864; x_wconf 42' lang='lat' dir='ltr'><strong>Qpriapumgndefcclesia</strong></span> <span class='ocrx_word' id='word_1_931' title='bbox 2755 5790 2882 5864; x_wconf 54' lang='lat' dir='ltr'><strong>{sed</strong></span> <span class='ocrx_word' id='word_1_932' title='bbox 2928 5777 3055 5844; x_wconf 67' lang='lat' dir='ltr'><strong>inira</strong></span> <span class='ocrx_word' id='word_1_933' title='bbox 3067 5777 3694 5864; x_wconf 48' lang='lat' dir='ltr'><strong>ﬁeri;</strong></span> 
     </span>
    </p>
   </div>
   <div class='ocr_carea' id='block_1_121' title="bbox 2109 5839 2890 5907">
    <p class='ocr_par' dir='ltr' id='par_1_121' title="bbox 2109 5839 2890 5907">
     <span class='ocr_line' id='line_1_122' title="bbox 2109 5839 2890 5907; baseline 0.018 -22"><span class='ocrx_word' id='word_1_934' title='bbox 2109 5839 2368 5898; x_wconf 79' lang='lat' dir='ltr'><strong>sponsione</strong></span> <span class='ocrx_word' id='word_1_935' title='bbox 2385 5839 2567 5907; x_wconf 80' lang='lat' dir='ltr'><strong>ferunt,</strong></span> <span class='ocrx_word' id='word_1_936' title='bbox 2591 5844 2645 5898; x_wconf 88' lang='lat' dir='ltr'><strong>in</strong></span> <span class='ocrx_word' id='word_1_937' title='bbox 2657 5847 2890 5903; x_wconf 76' lang='lat' dir='ltr'><strong><em>Ecclesia.</em></strong></span> 
     </span>
    </p>
   </div>
  </div>
