4008 6468
206 378 296 436 su
554 317 573 361 ⁷
931 402 959 411 -γ
1536 362 1739 420 LIBER

1874 364 2065 426 KTUS.

219 506 269 555 ut
290 495 337 551 in
358 493 488 559 istis,
510 491 592 546 ita
617 486 670 545 in
699 484 967 544 haereticis
994 483 1299 557 Baptismus
1319 482 1547 551 Christi,
1576 497 1759 539 eorum

222 588 472 659 iniquitate
490 592 543 639 et
560 580 902 653 perversitate
919 577 1169 634 damnata
1192 577 1305 633 sive
1325 584 1586 643 correcta,
1610 588 1767 645 agno-

220 676 421 737 scendus
447 684 501 731 et
524 672 895 743 approbandus
925 681 1025 726 est.

275 767 487 827 CAPUT
522 764 710 821 XXXI.
740 794 811 805 —
851 762 941 818 59.
976 762 1125 817 Alius
1154 760 1491 816 Secundinus
1521 774 1549 813 a
1582 760 1765 830 Carpis

216 863 362 919 dixit:
385 878 403 911 ι
430 856 672 913 Haeretici
692 852 967 910 christiani
991 860 1134 918 sunt,
1154 866 1221 905 an
1246 852 1388 905 non?
1413 850 1469 905 Si
1489 848 1766 905 christiani

212 962 335 1021 sunt,
364 966 454 1007 cur
479 950 533 1004 in
561 947 797 1003 Ecclesia
828 947 923 1001 Dei
953 960 1057 999 non
1084 944 1243 999 sunt?
1272 942 1329 998 Si
1352 942 1631 997 christiani
1657 956 1764 997 non

212 1057 333 1113 sunt,
358 1045 500 1100 ﬁant.
535 1045 639 1099 Aut
666 1057 773 1113 quo
818 1040 1104 1111 pertinebit
1131 1053 1309 1093 sermo
1343 1037 1549 1091 Domini
1576 1036 1763 1092 dicen-

212 1144 283 1209 tis,
332 1140 425 1209 Qui
448 1154 549 1192 non
576 1144 650 1192 est
675 1152 870 1189 mecum
890 1176 906 1202 ,
940 1133 1181 1187 adversus
1208 1147 1286 1183 me
1312 1140 1414 1195 est;
1453 1140 1499 1183 et
1536 1131 1620 1199 qui
1663 1146 1765 1183 non

208 1236 373 1306 colligit
390 1248 612 1297 mecum,
637 1229 829 1301 spargit
856 1226 1070 1298 (Matth.
1094 1241 1191 1293 xu,
1216 1223 1341 1295 30)?
1373 1223 1525 1279 Unde
1555 1232 1763 1278 constat

206 1344 347 1401 super
382 1326 518 1382 ﬁlios
562 1324 766 1380 alienos
808 1330 864 1379 et
904 1320 1120 1377 soboles
1157 1317 1456 1374 antichristi
1502 1317 1761 1388 Spiritum

204 1430 416 1480 sanctum
459 1434 557 1489 per
598 1431 787 1472 manus
834 1414 1227 1484 impositionem
1256 1410 1625 1466 tantummodo
1651 1426 1761 1465 non

204 1529 339 1587 posse
364 1510 713 1576 descendere,
744 1523 865 1564 cum
895 1504 1234 1562 manifestum
1261 1504 1331 1560 sit
1354 1503 1635 1559 haereticos
1661 1502 1763 1558 Ba-

173 1594 184 1678 l
203 1607 367 1677 ptisma
393 1618 496 1658 non
532 1602 751 1657 habere.
784 1619 803 1653 ι

174 1696 175 1705 ‘
257 1696 335 1751 60.
374 1695 506 1750 Huic
538 1692 897 1765 respondetur
928 1710 942 1747 :
974 1691 1144 1762 Iniqui
1173 1689 1448 1745 christiani
1486 1698 1649 1758 sunt,
1691 1703 1762 1745 an

199 1787 317 1843 non?
344 1786 397 1841 Si
427 1784 707 1841 christiani
738 1792 883 1851 sunt,
914 1798 1011 1839 cur
1037 1783 1090 1837 in
1122 1782 1209 1837 illa
1238 1790 1387 1852 petra
1419 1797 1525 1837 non
1552 1791 1676 1837 sunt
1706 1782 1760 1838 in

198 1894 281 1950 qua
306 1877 599 1932 aedificatur
627 1876 897 1940 Ecclesia;
931 1874 1155 1929 audiunt
1169 1873 1310 1929 enim
1346 1874 1505 1928 verba
1534 1873 1757 1941 Christi,

197 1980 356 2026 etnon
381 1969 606 2025 faciunt.
640 1968 697 2023 Si
724 1968 1000 2023 christiani
1032 1982 1137 2022 non
1166 1974 1308 2031 sunt,
1338 1966 1486 2021 ﬁant.
1520 1968 1625 2021 Aut
1656 1982 1760 2037 quo

196 2061 452 2134 pertinebit
475 2075 664 2116 sermo
692 2059 905 2115 Domini
925 2058 1174 2123 dicentis,
1206 2058 1303 2125 Qui
1326 2066 1517 2111 nonest
1540 2075 1755 2125 mecum,

195 2156 425 2208 adversum
453 2169 541 2207 me
569 2162 674 2219 est;
702 2160 749 2205 et
785 2153 870 2221 qui
912 2168 1108 2205 mecum
1135 2167 1233 2205 non
1260 2151 1485 2221 colligit,
1528 2151 1759 2221 spargit?

194 2246 426 2316 Spargunt
450 2245 602 2299 enim
633 2258 760 2299 oves
789 2244 936 2313 ejus,
973 2243 1061 2313 qui
1089 2257 1181 2297 eas
1202 2242 1268 2296 ad
1299 2257 1509 2296 morum
1538 2258 1756 2297 suorum

195 2339 338 2394 labem
364 2352 526 2408 prava
557 2336 853 2391 imitatione
883 2336 1197 2404 perducunt.
1230 2334 1381 2389 Unde
1405 2342 1634 2400 constat,
1668 2350 1759 2389 su-

194 2446 270 2501 per
294 2431 420 2485 tilios
445 2430 659 2484 alienos
688 2427 869 2499 (quod
899 2440 1087 2481 omnes
1114 2426 1279 2495 iniqui
1310 2424 1667 2496 appellantur)
1703 2434 1757 2480 et

193 2521 372 2577 soboles
398 2520 725 2575 Antichristi
750 2518 913 2589 (quod
939 2527 1065 2573 sunt
1091 2532 1280 2572 omnes
1305 2517 1393 2587 qui
1416 2516 1630 2572 Christo
1656 2517 1755 2572 ad-

192 2615 453 2683 versantur)
472 2612 737 2683 Spiritum
761 2619 1003 2666 sanctum
1031 2625 1125 2680 per
1144 2624 1333 2664 manus
1357 2610 1753 2679 impositiouem

193 2707 529 2761 tantummodo
557 2722 663 2761 non
692 2719 851 2775 posse
877 2702 1229 2770 descendere,
1253 2702 1297 2757 si
1324 2701 1501 2757 cordis
1530 2717 1635 2756 non
1661 2703 1755 2757 ad-

191 2800 246 2853 sit
262 2816 370 2855 vera
390 2800 711 2865 conversio;
735 2813 856 2853 cum
882 2798 1221 2853 manifestum
1246 2796 1315 2851 sit
1336 2797 1542 2867 iniquos
1563 2812 1757 2867 quam-

190 2892 262 2947 diu
289 2894 441 2963 iniqui
464 2903 634 2960 sunt,
667 2891 936 2961 Baptisma
967 2890 1181 2961 quidem
1207 2904 1365 2961 posse
1396 2889 1623 2955 habere,
1658 2888 1753 2944 sed

190 2983 380 3039 salutem
400 2986 561 3054 cujus
582 2990 977 3039 sacramentum
999 2982 1269 3052 Baptisma
1291 2990 1391 3047 est,
1419 2981 1615 3035 habere
1646 2997 1752 3037 non

189 3089 335 3144 posse.
378 3078 673 3133 Videamus
721 3076 863 3131 enim
910 3075 956 3129 si
1008 3073 1241 3129 haeretici
1282 3073 1659 3128 describuntur
1698 3074 1751 3129 in

188 3169 361 3236 psalmo
388 3170 504 3237 illo,
543 3168 635 3223 ubi
662 3168 729 3223 de
756 3168 878 3222 ﬁliis
907 3166 1097 3222 alienis
1125 3166 1197 3220 ita
1225 3166 1423 3221 dicitur
1454 3183 1466 3219 :
1500 3165 1744 3233 Domine,

188 3259 315 3314 libera
338 3278 411 3316 me
437 3263 507 3316 de
542 3278 696 3315 manu
726 3260 953 3330 ﬁliorum
992 3260 1305 3326 alienorum,
1339 3277 1555 3331 quorum
1583 3278 1637 3313 os
1668 3262 1747 3315 lo-

186 3363 327 3405 cutum
354 3363 423 3408 est
452 3354 753 3421 vanitatem,
778 3362 821 3406 et
846 3352 1054 3408 dextera
1082 3368 1255 3407 eorum
1285 3352 1489 3407 dextera
1517 3354 1749 3425 iniquita-

189 3444 263 3510 tis;
280 3462 483 3516 quorum
509 3446 609 3516 ﬁlii
631 3462 803 3499 eorum
820 3447 837 3477 ¹
860 3447 995 3501 velut
1018 3447 1229 3502 novella:
1253 3447 1601 3513 constabilitas,
1628 3448 1751 3517 ﬁlia:

188 3552 329 3591 eorum
366 3548 569 3594 ornata
610 3539 741 3593 sicut
780 3538 1060 3593 similitudo
1088 3540 1280 3608 templi.
1319 3538 1539 3594 Cellaria
1576 3558 1749 3596 eorum

186 3630 330 3698 plena,
357 3630 685 3684 eructuantia
713 3646 775 3685 ea:
799 3630 893 3684 hoc
918 3631 971 3684 in
1003 3630 1096 3684 hoc
1121 3646 1270 3685 :oves
1300 3647 1468 3684 eorum
1499 3636 1749 3702 fecundae,

187 3722 556 3791 multiplicantes
582 3720 636 3774 in
660 3720 875 3774 exitibus
901 3721 1039 3787 suis;
1066 3722 1211 3774 boves
1232 3738 1406 3774 eorum
1437 3722 1630 3777 crassi:
1650 3741 1751 3777 non

187 3821 245 3865 est
266 3814 401 3866 ruina
427 3813 691 3879 maceriae,
724 3829 882 3883 neque
911 3813 1073 3889 exitus
1098 3854 1111 3877 ,
1146 3829 1303 3881 neque
1334 3812 1528 3866 clamor
1554 3815 1606 3867 in
1636 3815 1752 3884 pla-

186 3906 257 3959 teis
271 3923 449 3962 eorum.
476 3907 699 3961 Beatum
719 3908 953 3961 dixerunt
972 3906 1217 3977 populum
1234 3906 1317 3959 cui
1342 3906 1446 3960 hwc
1464 3916 1608 3971 sunt;
1632 3908 1753 3960 bea-
1774 3936 1777 3939 ν

187 4006 249 4052 tus
267 4001 477 4069 papulas
501 4001 651 4071 cujus
674 4008 745 4053 est
767 3997 1024 4053 Dominus
1047 3996 1186 4052 Deus
1205 3996 1539 4069 ipsius(Psal.
1562 4014 1748 4067 cxuu,

186 4090 341 4162 7-l5).
371 4094 427 4149 Si
459 4108 595 4162 ergo
623 4092 710 4146 isti
742 4099 866 4145 sunt
891 4090 983 4143 ﬁlii
1014 4089 1194 4156 alieni,
1226 4090 1315 4159 qui
1349 4089 1401 4142 in
1429 4089 1588 4143 rebus
1618 4098 1753 4143 tem-

186 4185 427 4251 poralibus
455 4194 517 4240 et
541 4183 866 4239 abundantia
893 4191 1125 4236 terrena:
1162 4180 1429 4235 felicitatis
1468 4180 1755 4245 beatitudi-

186 4290 285 4329 nem
313 4286 540 4347 ponunt,
569 4284 622 4331 et
650 4275 829 4329 divina
862 4281 1129 4344 prmeepta
1157 4278 1537 4335 contemnunt,
1565 4270 1751 4325 videa-

187 4380 283 4421 mus
317 4370 360 4423 si
403 4384 515 4423 non
560 4366 721 4422 iidem
767 4365 866 4436 ipsi
896 4374 1020 4419 sunt
1047 4364 1113 4419 de
1142 4363 1331 4434 quibus
1356 4362 1653 4433 Cyprianus
1680 4365 1751 4419 ita

184 4456 308 4525 dicit,
339 4461 388 4514 in
420 4476 483 4515 se
510 4472 723 4529 quoque
746 4454 1128 4527 transfigurans
1151 4470 1265 4521 eos,
1290 4463 1349 4509 ut
1376 4454 1444 4510 de
1470 4453 1553 4509 his
1581 4470 1639 4510 se
1668 4454 1752 4509 di-

184 4564 285 4605 cere
301 4552 568 4618 ostendat,
585 4565 707 4604 cum
728 4549 920 4619 quibus
936 4546 1281 4602 Sacramenta
1303 4545 1749 4601 communicabat:

187 4661 200 4692 ι
228 4644 345 4699 Dum
374 4647 519 4701 viam
561 4643 806 4711 Domini,
839 4662 858 4695 ι
888 4643 1093 4712 inquit,
1134 4660 1152 4694 ‹
1187 4656 1293 4695 non
1343 4650 1620 4707 tenemus,
1654 4656 1753 4697 nec

182 4732 282 4788 data
326 4736 477 4790 nobis
522 4734 590 4789 ad
629 4735 855 4790 salutem
892 4732 1131 4789 coelestia
1166 4731 1415 4787 mandata
1454 4747 1749 4787 servamus.

183 4824 310 4881 FeCit
340 4829 601 4883 Dominus
630 4836 813 4881 noster
842 4826 1169 4880 voluntatem
1196 4825 1369 4879 Patris
1390 4866 1406 4892 ,
1438 4833 1493 4880 et
1520 4839 1616 4878 nos
1648 4840 1752 4880 non

184 4917 382 4973 facimus
414 4920 626 4975 Domini
656 4919 1005 4983 voluntatem,
1042 4916 1362 4986 patrimonio
1388 4924 1442 4969 et
1472 4915 1620 4969 lucro
1642 4924 1754 4969 stu-

181 5006 368 5076 dentes,
392 5011 698 5083 superbiam
728 5017 1015 5075 sectantes,
1038 5018 1091 5063 et
1111 5016 1303 5064 cmtera
1334 5025 1352 5059 ›
1378 5005 1661 5077 (Epist.ll,
1687 5008 1754 5060 ad

184 5098 427 5174 Clericos).
480 5103 552 5157 At
592 5102 635 5157 si
682 5102 768 5155 isti
796 5101 1122 5170 Baptismum
1155 5109 1208 5154 et
1237 5098 1434 5153 habere
1465 5106 1519 5153 et
1544 5098 1755 5155 tradere

185 5200 432 5262 poterant,
458 5209 558 5250 cur
584 5202 806 5264 negatur
826 5207 945 5248 esse
970 5206 1126 5262 posse
1148 5192 1199 5245 in
1230 5190 1351 5245 filiis
1376 5191 1599 5246 alienis?
1620 5205 1754 5261 quos

185 5299 345 5344 tamen
371 5289 618 5344 hortatur
642 5296 700 5342 ut
723 5287 961 5342 cmlestia
991 5285 1237 5340 mandata
1268 5285 1555 5352 servando,
1590 5287 1755 5342 missa

183 5378 271 5434 sibi
308 5398 402 5451 per
427 5383 642 5437 unicum
672 5376 898 5447 Filium,
931 5377 1125 5435 fratres
1155 5378 1271 5448 ejus
1295 5386 1350 5433 et
1383 5378 1475 5433 lilii
1507 5377 1604 5434 Dei
1635 5393 1755 5434 esse

186 5482 494 5529 mereantur.

246 5562 467 5621 CAPUT
496 5563 789 5621 XXXl‘l.——
813 5563 903 5619 6t.
919 5562 1217 5618 Victorious
1246 5575 1275 5615 a
1297 5559 1570 5615 Thabraca
1592 5559 1755 5617 dixit:

191 5653 246 5709 Si
272 5656 384 5711 licet
429 5657 671 5713 lucreticis
716 5656 1007 5726 baptizare,
1051 5665 1097 5709 et
1138 5653 1399 5708 rentissam
1435 5660 1759 5712 peccatorum

248 5857 267 5890 ⁸
284 5864 368 5911 lle
390 5871 455 5911 ex
475 5867 581 5913 Mss.
603 5858 810 5923 additur,
834 5868 1017 5910 eorum

3357 388 3463 447 218

1884 484 2039 551 dare;
2068 487 2191 557 quid
2214 487 2333 545 illos
2359 488 2687 562 infamamus,
2714 500 2771 547 ut
2800 492 3062 552 luereticos
3089 499 3400 570 appellemus
3418 504 3444 558 .’

1953 574 2043 631 62.
2074 576 2211 646 Quid
2232 622 2245 645 ,
2290 582 2334 635 si
2380 581 2514 639 alius
2558 584 2797 641 diceret:
2826 587 2880 642 Si
2912 587 3037 643 licet
3066 589 3259 659 iniquis
3299 592 3469 663 bapti-

1881 684 2004 725 zare
2026 710 2041 736 ,
2069 678 2124 725 et
2150 673 2428 728 remissam
2459 685 2793 744 peccatorum
2820 677 2978 744 dare;
3010 680 3137 751 quid
3170 682 3291 739 illos
3329 685 3465 741 inla-

1878 776 2115 830 mamus,
2148 771 2205 817 ut
2234 764 2441 835 iniquos
2472 767 2590 821 illos
2620 770 2985 839 appellemus?
3013 774 3165 840 Quod
3208 775 3330 831 huic
3373 794 3462 834 re-

1876 854 2230 923 sponderetur
2258 857 2325 912 de
2354 858 2580 929 iniquis,
2618 860 2720 915 hoc
2756 871 2808 917 et
2853 863 2931 918 illi
2970 866 3363 935 respondeatur
3401 870 3469 925 de

1876 946 2175 1016 hzereticis;
2208 948 2259 1004 id
2284 960 2369 1006 est
2388 993 2402 1017 ,
2438 968 2609 1023 neque
2638 970 2822 1009 eorum
2851 972 2971 1013 esse
2997 958 3327 1029 Baptismum
3358 979 3465 1033 quo

1876 1040 2145 1111 baptizant
2164 1087 2178 1110 ,
2204 1053 2256 1098 et
2298 1060 2402 1099 non
2430 1061 2548 1101 esse
2576 1063 2911 1118 consequens
2944 1060 3001 1105 ut
3027 1054 3271 1123 quisquis
3300 1054 3465 1111 habet

1875 1132 2204 1205 Baptismum
2231 1136 2449 1205 Christi,
2483 1141 2640 1195 etiam
2668 1142 2735 1197 de
2772 1136 3111 1213 peccatorum
3144 1150 3462 1205 remissione

1873 1242 2091 1283 securus
2117 1229 2212 1295 sit;
2244 1232 2290 1286 si
2318 1230 2417 1286 hoc
2443 1231 2497 1286 in
2524 1231 2873 1289 Sacramento
2903 1245 3104 1292 tantum
3134 1239 3326 1305 habet,
3361 1257 3461 1297 nec

1872 1322 2047 1377 veraci
2088 1322 2265 1378 cordis
2300 1326 2649 1381 conversione
2677 1328 2692 1358 ¹
2717 1342 3009 1385 conversus
3036 1340 3137 1399 est,
3166 1340 3224 1387 ut
3266 1333 3452 1389 dimit-

1872 1412 2001 1467 tenli
2032 1412 2409 1470 dimitteretur.
2800 1479 2815 1488 ,

1939 1504 2167 1560 CAPUT
2204 1506 2445 1562 XXXIII.
2476 1537 2549 1549 —
2587 1508 2675 1566 65.
2723 1510 2874 1565 Alius
2917 1510 3069 1568 Felix
3115 1514 3181 1569 ab
3223 1516 3461 1573 Uthina‘

1868 1594 2042 1650 dixit:
2079 1596 2283 1652 Nemini
2328 1601 2538 1653 dubium
2582 1612 2689 1667 est,
2714 1604 3022 1657 sanctissimi
3046 1609 3458 1679 consacerdotes,

1870 1702 1970 1740 non
1996 1690 2047 1741 in
2070 1698 2263 1743 tantum
2292 1708 2441 1760 posse
2462 1692 2482 1723 ³
2503 1692 2783 1748 humanam
2815 1698 3279 1767 prwsumptionem,
3298 1718 3461 1770 quan-

1870 1787 1971 1831 tunt
2000 1777 2208 1834 Domini
2235 1782 2392 1835 nostri
2419 1781 2546 1837 Iesu
2574 1784 2763 1839 Christi
2788 1784 3109 1841 adorandum
3134 1799 3180 1842 et
3204 1792 3461 1845 venerabi-

1868 1872 1964 1923 lem
1989 1873 2320 1941 majestatem.
2346 1874 2401 1926 .1!
2407 1892 2595 1929 emeres
2618 1894 2736 1948 ergo
2763 1880 2997 1949 periculi,
3029 1880 3123 1933 hoc
3144 1898 3339 1953 quoque
3358 1900 3462 1939 non

1870 1972 2068 2016 tantum
2105 1966 2366 2021 observare
2391 1968 2641 2034 debemus,
2670 1987 2839 2024 verum
2862 1974 3010 2025 etiam
3028 1974 3090 2026 ab
3116 1975 3344 2029 omnibus
3369 1994 3463 2032 no-

1866 2055 1940 2108 bis
1970 2058 2273 2126 conﬁrmare
2292 2102 2305 2124 ,
2338 2068 2394 2112 ut
2421 2078 2590 2115 omnes
2622 2062 2844 2116 hwretici
2870 2064 2958 2134 qui
2988 2065 3055 2117 ad
3084 2066 3250 2119 sinum
3282 2070 3457 2126 matris

1868 2146 2111 2203 Ecclesitc
2131 2162 2423 2219 accurrunt,
2443 2153 2761 2224 baptizcntur
2774 2174 2793 2219 ;
2821 2167 2877 2209 ut
2904 2174 3042 2211 mens
3067 2160 3321 2227 haeretica,
3344 2179 3459 2233 quae

1866 2242 2109 2295 diuturna
2142 2245 2255 2298 tabe
2291 2247 2487 2314 polluta
2516 2255 2619 2313 est,
2657 2249 3062 2317 sanctiﬁcatione
3100 2252 3289 2307 lavacri
3332 2273 3459 2325 pur-

1864 2344 1985 2405 gata
2013 2337 2066 2389 in
2097 2338 2277 2391 melius
2305 2339 2625 2408 reformetur.

1937 2426 2025 2480 64.
2068 2427 2336 2483 Fortassis
2366 2430 2466 2484 iste
2494 2432 2583 2500 qui
2626 2431 2680 2486 in
2722 2432 2973 2489 diuturna
3019 2435 3139 2491 tabe
3184 2439 3457 2509 purganda

1866 2532 2081 2573 causam
2112 2522 2307 2590 posuit,
2338 2537 2433 2576 cur
2454 2522 2713 2579 deberent
2742 2525 2978 2581 haeretici
3010 2527 3303 2598 baptizari,
3329 2548 3455 2601 par-

1865 2621 2015 2667 ceret
2040 2612 2117 2666 eis
2144 2614 2233 2683 qui
2260 2613 2311 2668 in
2339 2614 2569 2684 aliquam
2602 2616 2852 2672 hmresim
2881 2617 3146 2674 irruentes
3174 2622 3366 2691 exiguo
3392 2623 3458 2677 il-

1866 2704 1932 2759 lic
1975 2714 2217 2775 tempore
2260 2705 2516 2772 fuissent,
2550 2716 2605 2763 et
2633 2708 2741 2762 cito
2772 2711 3003 2764 correcti
3033 2710 3099 2764 ad
3124 2710 3456 2771 Catholicam

1865 2796 1987 2851 inde
2020 2796 2358 2867 migrassent.
2404 2797 2605 2853 Deinde
2630 2809 2685 2854 et
2715 2800 2827 2869 ipse
2858 2817 3044 2871 parum
3074 2802 3303 2858 advertit
3324 2845 3339 2869 ,
3381 2806 3456 2861 ita

1863 2889 1967 2943 dici
2018 2904 2206 2959 posse,
2230 2898 2289 2944 ut
2342 2889 2509 2960 iniqui
2561 2906 2751 2946 omnes
2777 2892 2867 2962 qui
2893 2893 2959 2946 ad
2990 2894 3131 2947 illam
3164 2904 3371 2964 petram
3398 2898 3455 2952 in

1862 2996 1965 3051 qua
1997 2980 2237 3035 Ecclesia
2276 2981 2623 3051 signiﬁcatur,
2656 2992 2963 3050 accurrunt,
2982 2984 3355 3053 baptizentur;
3396 2996 3457 3042 ut

1864 3088 2019 3127 mens
2052 3073 2233 3142 iniqua
2266 3088 2386 3143 quze
2420 3083 2572 3128 extra
2616 3083 2821 3145 petram
2865 3075 2917 3128 in
2956 3090 3117 3129 arena
3158 3076 3457 3132 :edilicabat

1861 3164 2126 3219 audiendo
2152 3165 2312 3220 verba
2342 3164 2537 3220 Christi
2589 3174 2645 3221 et
2687 3183 2793 3221 non
2840 3167 3083 3222 faciendo
3106 3210 3121 3236 ,
3155 3170 3456 3226 sanctiﬁca-

1862 3256 2006 3311 tione
2035 3257 2231 3312 lavacri
2260 3266 2480 3328 purgata
2514 3258 2566 3312 in
2589 3259 2780 3313 melius
2806 3260 3131 3315 rel‘ormetur
3154 3279 3165 3314 :
3192 3270 3247 3317 et
3273 3271 3453 3319 tamen

1862 3364 1967 3403 non
2001 3350 2077 3415 lit,
2103 3350 2146 3404 si
2168 3350 2278 3419 jam
2311 3350 2561 3420 baptizati
2582 3359 2726 3419 sunt,
2752 3352 2911 3406 etiam
2935 3353 2978 3406 si
3005 3353 3299 3421 probentur
3320 3357 3454 3413 tales

1861 3440 2025 3497 fuisse
2054 3456 2175 3496 cum
2205 3442 2632 3511 baptizarentur;
2664 3441 2719 3498 id
2743 3451 2843 3509 est,
2876 3452 2935 3499 ut
2960 3445 3160 3500 saeculo
3189 3446 3369 3504 verbis
3396 3454 3455 3503 et

1860 3552 1967 3591 non
2000 3536 2152 3591 factis
2176 3537 2565 3592 renuntiarent.
2636 3534 2655 3547 ‘

1930 3628 2155 3685 CAPUT
2194 3628 2433 3684 XXXIV.
2456 3660 2529 3671 -—
2562 3629 2651 3685 65.
2680 3629 2903 3699 Quietus
2945 3645 2975 3685 a
3020 3630 3237 3687 Buruch
3276 3631 3450 3689 dixit:

1866 3742 1883 3774 ι
1917 3724 2016 3790 Qui
2048 3722 2151 3777 ﬁde
2173 3724 2419 3790 vivimus,
2439 3723 2661 3793 obsequi
2690 3724 2771 3778 his
2792 3738 2911 3793 quae
2939 3723 3267 3779 instruendis
3296 3724 3454 3781 nobis

1859 3827 1983 3871 ante
2010 3816 2263 3886 prmdicta
2294 3826 2437 3883 sunt,
2468 3815 2682 3871 credula
2708 3816 2730 3846 ⁸
2756 3816 3135 3871 observatione
3164 3815 3447 3871 debemus.

1858 3908 1989 3963 Nam
2019 3908 2275 3978 scriptum
2302 3918 2382 3963 est
2406 3907 2546 3977 apud
2573 3907 2938 3972 Salomonem,
2970 3907 3069 3974 Qui
3099 3907 3387 3976 baptizatur
3415 3923 3451 3962 a

1859 4009 2057 4053 mortuo
2085 4000 2127 4065 ⁸,
2163 3999 2286 4068 quid
2312 3998 2513 4069 proﬁcit
2541 3998 2726 4052 lavatio
2752 3997 2860 4068 ejus
2885 3995 3072 4067 (Eccli.
3102 4013 3285 4061 xxxrv,
3313 3997 3451 4069 30)?

1858 4091 2009 4159 Quod
2042 4090 2223 4160 utique
2254 4089 2320 4144 de
2348 4089 2430 4143 his
2462 4090 2549 4159 qui
2580 4090 2648 4145 ab
2677 4088 2944 4143 haereticis
2971 4089 3267 4159 tinguntur,
3295 4096 3350 4143 et
3376 4088 3444 4145 de

1858 4181 2188 4253 tingentibus
2216 4174 2469 4252 loquitur.
2502 4179 2558 4237 Si
2581 4180 2724 4236 enim
2746 4180 2836 4251 qui
2866 4178 3007 4249 apud
3040 4180 3156 4234 illos
3177 4180 3449 4249 baptizan-

1858 4285 1979 4343 tur,
2030 4288 2127 4344 per
2170 4273 2543 4329 remissionem
2590 4281 2928 4342 peccatorum
2975 4272 3142 4325 vitam
3189 4280 3449 4328 aeternam

1859 4376 2265 4441 consequuntur
2288 4409 2301 4435 ,
2332 4382 2428 4423 cur
2453 4367 2520 4422 ad
2560 4366 2856 4422 Ecclesiam
2887 4365 3144 4419 veniunt?
3175 4364 3230 4419 Si
3260 4379 3392 4420 vero
3416 4380 3450 4421 ι

1858 4471 2071 4520 mortuo
2114 4462 2301 4517 salutis
2344 4459 2476 4516 nihil
2520 4458 2794 4529 accipitur,
2828 4471 2891 4512 ac
2925 4466 3209 4528 propterea
3236 4456 3449 4527 cognito

1859 4570 2044 4611 errore
2070 4555 2295 4625 pristino
2313 4593 2329 4619 ,
2361 4551 2429 4606 ad
2457 4552 2738 4606 veritatem
2768 4564 2890 4604 cum
2917 4548 3230 4618 pmnitentia
3260 4562 3447 4602 rever-

1859 4656 2072 4711 tuntur;
2100 4661 2205 4699 uno
2222 4643 2369 4699 vitali
2390 4643 2737 4713 Baptismate,
2759 4640 2903 4711 quod
2924 4641 2977 4695 in
2999 4639 3238 4695 Ecclesia
3260 4638 3447 4695 catho-

1857 4741 1959 4796 lica
1984 4750 2086 4806 est,
2116 4735 2431 4793 sanctiﬁcari
2454 4734 2745 4791 debebunt.
2778 4754 2796 4787 ι

1931 4832 2018 4886 66.
2049 4828 2187 4898 Quid
2216 4829 2285 4885 sit
2305 4836 2556 4882 amortuo
2577 4826 2856 4897 baptizari,
2890 4824 3005 4879 sine
3032 4824 3339 4895 praajudicio
3366 4824 3449 4879 di-

1858 4924 2156 4995 ligentioris
2204 4921 2444 4992 ejusdem
2502 4920 2790 4991 Scripturre
2817 4919 3256 4974 considerationis
3276 4962 3290 4987 ,
3320 4920 3448 4973 alibi

1853 5018 1963 5088 jam
2010 5015 2241 5070 diximus
2275 5012 2485 5084 (Contra
2519 5011 2920 5067 Parmenianum
3095 5011 3151 5077 2,
3178 5026 3293 5079 cap.
3334 5008 3446 5077 l0).

1858 5110 2052 5178 Quaero
2111 5116 2287 5163 autem
2346 5121 2441 5160 cur
2487 5104 2767 5160 haereticos
2817 5104 2960 5159 solos
3007 5103 3172 5158 velint
3228 5098 3448 5168 intelligi

1858 5211 2120 5270 mortuos,
2139 5216 2258 5257 cum
2290 5198 2485 5254 Paulus
2505 5198 2774 5269 apostolus
2797 5196 3119 5269 generaliter
3138 5193 3204 5248 de
3224 5202 3447 5261 peccato

1860 5296 2089 5361 dixerit,
2138 5292 2461 5365 Stipendium
2491 5291 2705 5362 peccati,
2736 5306 2872 5345 mors
2898 5289 2915 5359 (
2948 5287 3095 5341 Rom.
3123 5300 3195 5350 vt,
3220 5280 3313 5351 23)
3344 5298 3358 5348 ;
3392 5292 3449 5338 et

1926 5480 1943 5510 ι
1970 5476 2138 5540 Plures
2158 5482 2284 5535 Mss,
2310 5471 2616 5540 confessione.
2760 5538 2784 5540 α
2821 5526 2863 5540 η

1924 5542 1945 5572 ³
1963 5523 2284 5588 ἑίῶὶξιέθηὲῖέ
2301 5523 2444 5587 venis
2475 5523 2658 5594 codex,
2690 5546 2723 5583 a
2750 5526 2943 5580 Tubina.
2990 5524 3076 5576 Alii
3098 5523 3291 5589 quidam
3313 5530 3448 5587 Mss,

1861 5601 2122 5726 ωιῗῗῖαέὶ
2145 5660 2327 5726 aliquot
2500 5670 2594 5707 ηοη
2619 5660 2977 5726 maneres-

1925 5725 1949 5756 ⁸
1970 5710 2341 5773 Cambronénsis
2356 5710 2512 5786 codex
2540 5726 2593 5786 et_
2609 5710 3018 5786 cyprianiLeditie,
3033 5710 3220 5786 sedula.

1924 5786 2064 5853 {Amz
2086 5789 2160 5831 Er.
2190 5791 2244 5853 et
2260 5782 2519 5853 Cymianus
2531 5780 2792 5853 _addunt,_et
2812 5780 2990 5853 iterum
2998 5780 3153 5853 tangit
3176 5784 3451 5829 mortuusis:

1865 5844 2030 5909 Initio;
2048 5843 2146 5898 hoc
2166 5838 2310 5897 ω’
2324 5838 2505 5903 "addito,
2531 5840 2665 5892 locus
2683 5840 2743 5891 ad
2766 5854 2873 5893 rem
2894 5839 3013 5891 nihil
3034 5838 3160 5890 facit.
