4008 6476
587 398 696 458 219

588 512 809 581 iterum,
832 506 1027 583 Sapere
1041 516 1206 565 autem
1227 504 1500 563 secundum
1524 519 1727 559 carnem
1752 517 1888 557 mors
1903 508 1975 557 est
2001 497 2177 576 (Rom.

586 622 704 677 γιιι,
725 609 805 680 6).
832 607 902 667 Et
931 622 1050 663 cum
1084 611 1346 661 mortuam
1388 600 1532 657 dicat
1568 598 1782 657 viduam
1840 610 1958 668 quae
2002 593 2175 649 inde-

588 700 727 757 liciis
755 701 882 758 vivit
908 700 955 773 (Ι
981 698 1112 755 Tim.
1143 714 1197 767 v,
1230 696 1335 772 6.),
1364 695 1631 770 quomodo
1670 709 1778 751 non
1804 700 1927 749 sunt
1956 690 2170 757 mortui,

587 794 677 864 qui
701 795 894 850 sarculo
918 792 1096 849 verbis
1124 798 1178 848 et
1203 807 1309 846 non
1335 789 1487 847 iactis
1514 785 1860 847 renuntiant?
1880 783 2016 853 Quid
2046 798 2176 855 ergo

587 889 800 959 prolicit
826 888 1021 947 lavatio
1047 887 1162 958 ejus
1187 888 1276 959 qui
1307 886 1373 941 ab
1402 885 1518 941 istis
1546 883 1877 953 baptizatur:
1911 880 2013 936 nisi
2049 878 2173 951 quia

587 989 642 1035 et
670 981 783 1050 ipse
808 981 851 1035 si
888 979 1007 1034 talis
1028 987 1140 1043 est,
1168 980 1436 1034 lavacrum
1484 974 1699 1048 quidem
1730 972 1911 1038 habet,
1941 970 2035 1028 sed
2068 985 2172 1025 non

586 1087 636 1127 et
658 1071 863 1143 prolicit
888 1073 955 1128 ad
981 1072 1251 1129 salutem?
1276 1071 1331 1128 Si
1360 1077 1538 1127 autem
1568 1070 1655 1125 ille
1682 1083 1710 1122 a
1745 1082 1850 1139 quo
1876 1067 2176 1138 baptizatur

581 1165 704 1221 talis
724 1174 826 1234 est,
859 1166 959 1223 iste
984 1183 1112 1223 vero
1139 1182 1244 1222 non
1287 1164 1423 1222 falso
1448 1162 1610 1220 corde
1655 1161 1721 1219 ad
1758 1162 1925 1216 Deum
1955 1173 2177 1214 conver-

582 1257 743 1324 titur;
768 1273 873 1312 non
912 1258 980 1314 ab
1018 1259 1109 1313 illo
1137 1266 1347 1313 mortuo
1382 1255 1695 1329 baptizatur,
1725 1254 1818 1309 sed
1846 1251 1914 1307 ab
1937 1250 2028 1307 illo
2052 1249 2173 1306 vivo

581 1349 649 1407 de
677 1367 784 1422 quo
811 1351 1011 1409 dictum
1038 1363 1139 1420 est,
1164 1351 1286 1425 Ipse
1314 1360 1405 1421 est,
1422 1352 1509 1423 qui
1535 1350 1755 1421 baptizat
1780 1346 1957 1419 (Joan.
1985 1363 2022 1412 ι,
2045 1343 2170 1414 55);

581 1446 819 1515 quolibet
838 1447 1186 1517 corporaliter
1209 1456 1476 1519 'operante
1512 1444 1759 1514 baptizet.
1791 1439 1943 1509 Quod
1990 1447 2170 1496 autem

581 1537 656 1591 ait
677 1536 745 1592 de
772 1537 1056 1605 haereticis,
1080 1537 1144 1594 Si
1167 1538 1301 1594 enim
1316 1537 1402 1608 qui
1426 1536 1564 1606 apud
1583 1535 1697 1589 illos
1716 1533 2058 1604 baptizantur,
2082 1550 2172 1605 per

577 1632 922 1687 remissionem
946 1642 1263 1704 peccatorum
1298 1632 1451 1686 vitam
1492 1638 1733 1687 aeternam
1768 1637 2169 1699 consequuntur,

579 1740 671 1778 cur
694 1725 762 1778 ad
793 1724 1070 1783 Ecclesium
1096 1726 1299 1783 veniunt
1322 1721 1719 1796 ?respondetur
1742 1742 1754 1776 :
1774 1721 1900 1778 Ideo
1927 1721 2167 1787 veniunt,

579 1815 703 1887 quia
730 1818 939 1874 etiamsi
984 1818 1177 1874 Christi
1207 1818 1535 1889 Baptismum
1563 1830 1732 1886 usque
1759 1812 1827 1869 ad
1852 1811 2169 1869 sacramenti

576 1907 989 1966 celebrationem
1012 1917 1381 1982 perceperunt,
1406 1918 1582 1964 tamen
1604 1908 1766 1962 vitam
1789 1915 2043 1963 :eternam
2065 1904 2168 1960 nisi

577 2013 674 2068 per
700 2001 913 2054 utilitatis
942 2000 1255 2056 charitatcm
1286 2015 1391 2057 non
1430 2006 1861 2070 consequuntur:
1896 1998 2032 2051 sicut
2067 2011 2169 2051 nec

575 2093 649 2147 illi
677 2094 922 2149 malevoli
954 2103 1007 2150 et
1032 2094 1216 2160 invidi,
1244 2093 1438 2167 quibus
1475 2108 1583 2148 non
1622 2091 2017 2147 dimitterentur
2043 2105 2168 2161 pec-

573 2192 715 2253 cata,
738 2200 837 2241 nec
858 2186 902 2242 si
931 2187 1185 2244 adversus
1215 2201 1307 2242 eos
1333 2184 1511 2242 odium
1534 2193 1777 2242 tenerent
1802 2200 1830 2240 a
1858 2186 2048 2255 quibus
2068 2199 2164 2255 pa-

576 2284 816 2332 terentur
862 2278 1146 2350 injuriam;
1185 2279 1306 2350 quia
1357 2277 1565 2335 Veritas
1586 2278 1751 2346 dixit,
1784 2276 1844 2333 Si
1871 2294 1972 2332 non
2010 2276 2164 2331 dimi-

573 2370 766 2438 seritis,
791 2387 880 2425 nec
909 2369 1065 2426 Pater
1084 2380 1241 2426 vester
1266 2372 1479 2426 dimittet
1518 2370 1695 2442 vobis(
1724 2368 1907 2425 Matth.
1937 2386 2009 2437 Vl,
2039 2369 2162 2441 l5):

573 2472 776 2535 quanto
817 2466 986 2536 magis
1015 2480 1137 2519 cum
1173 2479 1266 2519 eos
1307 2464 1549 2528 oderant,
1576 2464 1765 2536 quibus
1800 2461 2167 2518 retribuebant

572 2554 711 2611 mala
731 2572 827 2627 pro
848 2556 1383 2631 bonis(Psal.xxx1v,
1404 2559 1521 2631 ηρ
1538 2558 1645 2614 Nec
1662 2567 1837 2614 tamen
1857 2558 1943 2613 isti
1965 2557 2164 2613 saeculo

562 2648 750 2723 verbis
774 2636 913 2705 solis
933 2659 986 2705 et
1010 2666 1117 2706 non
1143 2652 1293 2707 lactis
1320 2653 1717 2717 renuntiantes,
1749 2651 1794 2706 si
1825 2659 2009 2721 postea
2039 2666 2161 2706 cor-

570 2741 909 2810 rigerentur,
943 2759 1128 2800 rursus
1167 2745 1598 2817 baptizarentur;
1626 2744 1721 2799 sed
1749 2760 1853 2800 uno
1884 2745 2029 2799 vitali
2057 2744 2163 2801 Ba-

574 2832 822 2903 ptismate
841 2836 1317 2893 sanctificarentur.
1360 2837 1512 2905 Quod
1555 2836 1770 2908 quidem
1800 2835 1852 2890 in
1889 2835 2163 2893 Catholica

572 2934 675 2990 est,
704 2925 799 2981 sed
841 2943 947 2982 non
988 2929 1039 2983 in
1070 2930 1213 2995 sola;
1252 2930 1387 2985 sicut
1416 2945 1516 2989 nec
1563 2929 1617 2985 in
1660 2930 1860 2987 sanctis
1901 2928 2051 2997 solis,
2074 2931 2165 3002 qui

572 3013 818 3073 aediﬁcati
862 3028 987 3075 sunt
1016 3034 1176 3091 super
1205 3030 1442 3092 petram,
1466 3030 1522 3079 et
1563 3038 1630 3077 ex
1668 3023 1861 3092 quibus
1891 3022 2044 3079 unica
2074 3022 2163 3079 illa

571 3108 817 3165 columba
846 3112 1113 3181 perﬁcitur
1140 3112 1309 3187 (Cant.
1339 3130 1411 3181 vr,
1436 3114 1515 3186 δ).
1698 3122 1701 3127 ’

641 3202 870 3265 CAPUT
907 3206 1125 3262 XXXV.
1190 3208 1279 3263 67.
1343 3206 1532 3264 Castus
1572 3225 1604 3264 a
1653 3207 1803 3267 Sicca
1845 3208 2018 3266 dicit:
2061 3209 2165 3277 Qui

571 3306 857 3369 contempta
899 3300 1105 3354 veritate
1148 3300 1407 3370 prwsumit
1449 3300 1856 3357 consuetudinem
1883 3301 2039 3372 sequi,
2073 3308 2161 3357 aut

566 3394 706 3451 circa
734 3397 914 3466 fratres
938 3395 1135 3453 invidus
1164 3404 1235 3450 est
1262 3403 1308 3449 et
1328 3395 1614 3469 malignus,
1644 3394 1822 3468 quibus
1854 3396 2034 3455 vetitas
2075 3412 2159 3453 rc-

569 3486 763 3539 velatur
784 3503 804 3551 ;
828 3495 916 3541 aut
939 3487 1073 3541 circa
1102 3486 1265 3543 Deum
1289 3488 1517 3560 ingratus
1541 3498 1633 3555 est,
1666 3491 1810 3562 cujus
1830 3489 2162 3563 inspiratione

564 3575 799 3635 Ecclesia
827 3580 936 3651 ejus
954 3578 1237 3637 instruitur.

642 3670 730 3727 68.
762 3671 866 3728 lste
894 3672 938 3729 si
965 3673 1305 3730 convinceret
1328 3687 1421 3729 eos
1460 3673 1548 3745 qui
1574 3673 1789 3730 diversa
1818 3674 2154 3745 sentiebant,

568 3770 622 3821 et
648 3760 752 3823 hoc
781 3765 1053 3833 tenebant,
1083 3765 1226 3841 quod
1266 3768 1425 3823 etiam
1457 3774 1599 3825 totus
1624 3766 1772 3823 orbis
1800 3776 1984 3839 postea
2013 3768 2158 3825 chri-

565 3853 742 3911 stiano
781 3857 1010 3913 concilio
1037 3858 1384 3917 confirmatus
1413 3859 1672 3927 obtinuit,
1707 3861 1777 3918 ita
1812 3864 2157 3921 consuetudi-

566 3962 690 4003 nem
725 3950 904 4020 sequi,
938 3958 999 4006 ut
1040 3960 1446 4009 contemnerent
1479 3954 1756 4010 veritatem
1779 3997 1794 4023 ,
1838 3955 1954 4012 hzec
1993 3956 2156 4012 verba

566 4040 857 4100 formidare
885 4043 1204 4101 deberemus
1228 4064 1242 4101 :
1274 4061 1394 4101 cum
1420 4062 1546 4102 vero
1569 4047 1654 4101 illa
1686 4048 2016 4105 consuetudo
2045 4058 2099 4106 et
2123 4065 2154 4104 a

565 4134 791 4189 veritate
836 4146 1124 4207 propagata
1170 4146 1225 4192 et
1268 4137 1491 4193 veritate
1532 4138 1778 4194 roborata
1821 4140 2150 4210 reperiatur,

568 4227 701 4283 nihil
732 4228 784 4283 in
822 4227 923 4283 hac
947 4230 1209 4285 sententia
1234 4229 1680 4300 pertimescimus.
1710 4231 1779 4287 Et
1802 4239 1979 4288 tamen
2005 4233 2050 4288 si
2077 4234 2153 4289 illi

562 4320 698 4377 circa
723 4321 908 4390 fratres
928 4319 1086 4375 invidi
1111 4330 1251 4377 erant
1276 4329 1323 4378 et
1347 4322 1579 4393 maligni,
1611 4333 1697 4378 aut
1718 4325 1853 4379 circa
1881 4325 2046 4381 Deum
2072 4327 2153 4385 in-

559 4410 718 4481 grati,
750 4425 876 4466 ecce
901 4411 1148 4483 qualibus
1175 4414 1671 4482 communicabant,
1701 4431 1826 4473 ecce
1856 4419 2040 4487 quales
2065 4419 2148 4479 di-

560 4517 715 4563 versa
754 4502 1082 4572 sentientes,
1130 4508 1267 4561 sicut
1307 4505 1603 4579 Cyprianus
1641 4510 1915 4580 praedixit,
1960 4527 1992 4567 a
2029 4512 2151 4585 jure

561 4598 954 4659 communionis
972 4614 1080 4655 non
1106 4602 1445 4666 amovebant,
1476 4617 1602 4660 ecce
1620 4618 1651 4659 a
1677 4604 1867 4676 quibus
1890 4621 1997 4663 non
2028 4608 2147 4677 pol-

560 4687 845 4743 luebantur
873 4690 929 4744 in
967 4692 1371 4749 conservatione
1415 4694 1692 4763 unitatis‘,
1726 4709 1850 4752 ecce
1889 4706 2149 4768 quantum

560 4779 847 4837 amandum
875 4782 946 4838 sit
976 4782 1242 4838 vinculum
1273 4784 1453 4855 pacis;
1486 4802 1611 4843 ecce
1640 4787 1764 4858 quid
1806 4789 2149 4846 considerent

559 4873 651 4943 qui
682 4872 836 4929 nobis
873 4875 942 4929 de
987 4874 1441 4947 praedecessorum
1467 4880 1488 4912 ³
1517 4880 1890 4951 episcOporum
1919 4881 2147 4937 concilio

560 4968 977 5039 calumniantur,
1006 4985 1235 5041 quorum
1274 4971 1585 5029 charitatem
1616 4989 1722 5029 non
1765 4974 2060 5042 imitantur,
2092 4984 2148 5031 et

557 5076 785 5130 quorum
807 5062 1052 5133 exemplo
1072 5061 1409 5119 considerato
1429 5063 1550 5134 jure
1570 5064 1908 5139 damnantur.
1935 5067 1992 5123 Si
2017 5081 2146 5124 con-

555 5153 782 5211 suetudo
810 5161 946 5218 erat,
981 5155 1121 5209 sicut
1146 5154 1260 5209 inec
1286 5155 1550 5211 sententia
1578 5157 1726 5217 testis
1754 5168 1856 5226 est,
1887 5167 1946 5217 ut
1972 5158 2143 5217 haere-

556 5245 643 5299 tici
666 5247 942 5317 venientes
967 5245 1034 5301 ad
1061 5246 1350 5302 Ecclesium
1374 5262 1495 5303 cum
1524 5248 1849 5320 Baptismate
1876 5251 2016 5321 quod
2043 5250 2141 5307 ha-

560 5338 754 5393 bebant
782 5342 1201 5411 susciperentur,
1235 5350 1327 5396 aut
1364 5341 1467 5397 hoc
1503 5352 1650 5400 recte
1680 5343 1873 5410 ﬁebat,
1901 5353 1993 5399 aut
2017 5346 2142 5400 mali

559 5430 727 5486 bonos
755 5433 805 5487 in
837 5436 1039 5491 unitate
1084 5451 1188 5490 non
1217 5437 1502 5495 maculant.
1549 5436 1604 5491 Si
1632 5445 1780 5494 recte
1805 5437 2003 5507 ﬁebat,
2048 5455 2143 5495 cur

555 5518 741 5576 orbem
773 5532 1034 5580 terrarum
1057 5569 1070 5593 ,
1107 5527 1227 5597 quia
1272 5527 1350 5581 sic
1391 5527 1736 5597 recipiuntur,
1768 5529 2058 5584 accusant?
2084 5532 2139 5587 Si

556 5621 732 5668 autem
758 5616 882 5669 mali
912 5616 1081 5672 bonos
1110 5618 1163 5673 in
1186 5619 1387 5679 unitate
1414 5634 1519 5675 non
1552 5621 1840 5687 maculant,
1872 5622 2138 5692 quomodo

554 5722 617 5763 se
644 5722 674 5761 a
700 5705 923 5766 crimine
948 5712 1216 5784 sacrilega:
1254 5713 1606 5784 scparationis
1632 5713 1923 5769 excusant?

624 5868 635 5897 ¹
785 5871 859 5917 Er.
888 5869 941 5914 et
958 5862 1125 5928 plures
1147 5872 1275 5929 Mss,
1289 5864 1341 5919 in
1362 5865 1713 5921 conversatione

616 5930 637 5961 ³
784 5961 793 5968 ο
883 5938 1248 5991 ρνωοθδδοηιηι.

1335 389 1424 447 DE
1459 385 1795 446 BAPTISMO
1829 376 2102 444 CONTRA
2142 372 2593 459 DONATIS‘I‘AS,
2634 387 2693 448 S.
2733 390 3103 452 AUGUSTINI
3725 414 3808 477 230
3880 446 3886 452 .

2358 498 2587 559 CAPUT
2614 498 2855 562 XXXVI.
2881 537 2952 549 -
2980 502 3070 564 69.
3102 506 3377 571 Eu'cratius
3400 529 3430 572 ει
3452 506 3636 580 't‘hents
3658 526 3802 591 dixit:

2287 588 2470 652 Fidem
2496 608 2736 667 nostram,
2769 608 2815 655 et
2841 599 3170 673 Baptismatis
3195 607 3436 677 gratiam,
3463 622 3510 666 et
3536 614 3648 686 legis
3676 588 3805 681 eccle.

2286 686 2502 744 siastica:
2522 691 2755 763 regulam
2776 692 2914 749 Deus
2934 702 2982 749 et
3007 692 3257 753 Dominus
3276 709 3438 756 noster
3452 702 3592 761 Iesus
3611 708 3803 775 Christus

2284 795 2375 834 suo
2399 796 2484 836 ore
2501 783 2771 854 Apostolus
2795 786 2979 842 docens
2999 790 3328 863 perimplevit,
3352 790 3514 850 dicens
3533 814 3552 853 :
3580 818 3599 852 ι
3620 800 3705 869 Ite,
3730 811 3805 863 do-

2282 882 2387 929 cete
2413 892 2581 933 omnes
2614 889 2812 951 gentes,
2842 878 3153 954 baptizantes
3184 899 3268 939 eos
3297 886 3348 940 in
3380 890 3569 945 nomine
3592 888 3741 953 Patris
3762 910 3799 956 et

2281 966 2410 1025 Filii
2436 979 2485 1026 et
2526 972 2750 1043 Spiritus
2776 976 2936 1030 sancti
2962 994 2983 1030 ι
3023 976 3235 1047 (Matth.
3264 995 3457 1048 xxvnt,
3491 985 3598 1057 i9).
3628 986 3802 1049 Falsum

2282 1078 2401 1133 ergo
2439 1064 2789 1123 Iucreticorum
2813 1068 3077 1142 Baptisma
3104 1081 3151 1126 et
3183 1072 3406 1144 iniquum
3432 1091 3462 1129 a
3489 1077 3619 1134 nobis
3648 1085 3802 1152 pellen-

2282 1154 2404 1210 dum
2424 1166 2518 1225 est,
2544 1168 2591 1213 et
2618 1161 2755 1214 omni
2774 1163 3131 1219 contestatione
3151 1164 3167 1197 ί
3190 1166 3527 1238 refutandum,
3557 1170 3613 1225 de
3628 1188 3803 1242 quorum

2281 1263 2367 1303 ore
2386 1249 2539 1317 uirus,
2572 1268 2672 1307 non
2698 1253 2827 1321 vita;
2856 1272 2946 1310 nec
2970 1257 3133 1327 gratia
3159 1257 3395 1325 cwlestis,
3431 1256 3515 1314 sed
3539 1259 3801 1333 blasphemia

2276 1336 2543 1397 Trinitatis
2579 1346 2904 1416 exprimitur.
2946 1344 3012 1401 Et
3041 1349 3154 1403 ideo
3192 1351 3437 1407 venientes
3462 1354 3529 1407 ad
3565 1353 3802 1414 Ecclesium

2277 1433 2536 1490 hwreticos
2572 1437 2766 1510 integro
2794 1448 2839 1494 et
2864 1440 3112 1495 catholico
3153 1439 3464 1511 Baptismate
3490 1444 3712 1514 baptizari
3732 1449 3803 1501 de-

2275 1526 2390 1581 bere
2433 1529 2754 1598 manifestum
2797 1539 2903 1599 est,
2951 1540 3006 1586 ut
3049 1549 3083 1587 a
3123 1531 3432 1604 blasphemia
3473 1552 3573 1590 sate
3603 1554 3803 1608 presum-

2273 1620 2460 1691 ptionis
2499 1622 2790 1692 puriﬁcati,
2820 1624 3012 1695 possint
3038 1623 3266 1695 Spiritus
3300 1626 3460 1681 sancti
3483 1627 3636 1700 gratia
3669 1633 3802 1703 refor-

2272 1713 2402 1767 mari
2428 1713 2469 1765 ¹.
3590 1774 3599 1787 .
3736 1718 3741 1722 ’

2347 1798 2434 1860 70.
2472 1804 2637 1862 Plane
2676 1807 2721 1863 si
2750 1821 2856 1862 non
2901 1795 2981 1863 est
3008 1807 3305 1878 haptismus
3346 1807 3512 1865 Patris
3538 1818 3587 1864 et
3625 1804 3731 1863 Filii
3763 1819 3803 1866 et

2270 1898 2504 1968 Spiritus
2530 1900 2698 1955 sancti
2727 1900 2943 1955 nomine
2966 1911 3332 1969 consecratus,
3365 1895 3710 1956 hazrcticorum
3727 1898 3803 1956 de-

2271 2000 2505 2062 putetur,
2536 2002 2591 2047 et
2620 1993 2832 2065 iniquus
2850 1992 2871 2024 ³
2888 2006 2917 2047 a
2942 1992 3095 2048 nobis
3121 1993 3268 2048 omni
3298 1994 3669 2049 contestatione
3688 1990 3805 2048 rcfu-
3880 1994 3883 1997 ’

2270 2090 2450 2151 tetur;
2483 2083 2526 2139 si
2552 2092 2726 2139 autem
2758 2083 2861 2140 hoc
2885 2084 2940 2140 in
2970 2099 3035 2141 eo
3055 2094 3249 2141 nomen
3277 2085 3624 2157 agnoscimus,
3650 2080 3804 2138 melius

2270 2175 2432 2231 verba
2475 2175 2778 2245 evangelica
2816 2172 2885 2231 ab
2929 2174 3304 2231 haereticorum
3350 2184 3531 2232 errore
3568 2172 3804 2244 distingui-

2269 2281 2421 2334 mus,
2451 2266 2675 2338 etquod
2715 2267 2770 2321 in
2797 2267 2876 2323 eis
2917 2266 3141 2338 probum
3183 2277 3267 2325 est
3295 2267 3666 2342 approbamus,
3691 2260 3804 2337 quod

2268 2360 2585 2415 mendosum
2613 2368 2697 2416 est
2716 2358 3084 2417 emendamns.

2340 2451 2566 2508 CAPUT
2596 2451 2862 2508 XXXVII.
2890 2484 2962 2495 —
2991 2452 3075 2508 7i.
3121 2451 3352 2509 Libosus
3392 2465 3424 2507 a
3460 2451 3596 2523 Vaga
3618 2449 3641 2483 ⁸
3664 2449 3773 2505 dixit
3790 2468 3809 2537 ε,

2268 2542 2335 2600 1η
2362 2545 2639 2619 Evangelia
2671 2547 2946 2615 Dominus,
2984 2566 3005 2600 ι
3033 2547 3143 2620 Ego
3164 2563 3297 2614 sum,
3330 2565 3350 2601 ι
3376 2546 3550 2618 inquit,
3575 2563 3593 2599 t
3612 2547 3800 2600 veritas»

2268 2636 2449 2707 (Joan.
2482 2653 2591 2705 xw,
2620 2638 2675 2711 6)
2702 2656 2716 2694 :
2748 2655 2851 2693 non
2872 2638 3019 2704 dixit,
3052 2637 3163 2711 Ego
3189 2655 3303 2693 sum
3324 2638 3636 2695 consuetudo.
3658 2636 3806 2708 Itaque

2266 2730 2477 2784 veritate
2502 2731 2856 2800 manifestata,
2884 2731 3028 2786 cedat
3058 2726 3368 2787 consuetudo
3394 2732 3585 2786 veritati
3605 2747 3622 2785 :
3645 2738 3692 2784 ut
3715 2739 3753 2784 et
3772 2728 3808 2783 si

2265 2823 2319 2878 in
2344 2826 2649 2896 praeteritum
2670 2826 2779 2897 quis
2803 2827 2856 2881 in
2882 2822 3111 2882 Ecclesia
3140 2826 3399 2882 haereticos
3422 2842 3519 2882 non
3540 2824 3803 2898 baptizabat,

2265 2932 2399 2971 nunc
2426 2917 2683 2988 baptizare
2706 2919 2936 2990 incipiat.

2338 3009 2427 3065 72.
2475 3010 2572 3068 Hic
2618 3011 2747 3067 nihil
2793 3009 3079 3068 ostendere
3104 3020 3329 3068 conatus
3372 3020 3453 3068 est
3487 3004 3807 3082 quomodosit

2265 3101 2462 3158 veritas
2504 3101 2562 3173 ⁸,
2605 3104 2689 3158 cui
2729 3102 2926 3163 debere
2972 3102 3101 3159 dicit
3147 3100 3585 3182 consuetudinem
3628 3099 3804 3157 cedere.

2263 3195 2392 3253 Plus
2419 3204 2595 3253 tamen
2625 3212 2725 3254 nos
2751 3198 2967 3271 adjuvat
2990 3197 3247 3255 adverSus
3274 3201 3407 3256 istos
3433 3200 3521 3271 qui
3545 3208 3600 3254 Se
3625 3195 3685 3252 ab
3711 3193 3806 3250 uni-

2265 3294 2372 3343 tate
2394 3285 2707 3359 diviserunt,
2732 3290 2873 3362 quod
2900 3291 3045 3347 illam
3066 3292 3508 3349 consuetudinem
3534 3289 3683 3347 luisse
3703 3300 3805 3344 con-

2263 3378 2466 3448 ﬁtetur,
2505 3398 2664 3453 quam
2708 3384 2850 3456 quod
2876 3399 2993 3440 eam
3022 3384 3231 3441 veritati
3260 3396 3422 3458 quam
3454 3398 3554 3440 non
3580 3379 3804 3444 OStcndil,

2261 3472 2454 3531 cedere
2483 3488 2732 3547 Oportere
2759 3479 3065 3533 arbitratur.
3094 3474 3186 3534 illa
3212 3487 3297 3535 est
3326 3480 3468 3536 enim
3495 3473 3803 3540 consuetudo,

2260 3582 2380 3638 quae
2408 3568 2452 3622 si
2484 3570 2770 3641 sacrilegos
2795 3570 2862 3627 ad
2884 3571 3051 3627 altare
3075 3571 3279 3629 Christi
3301 3574 3417 3630 sine
3444 3568 3684 3644 Baptismi
3704 3584 3806 3643 put-

2259 3661 2475 3730 gatione
2518 3661 2869 3731 admittebat,
2919 3673 2974 3720 et
3020 3664 3220 3720 nullum
3267 3667 3529 3723 bonorum
3566 3665 3616 3720 in
3644 3664 3807 3720 unitate

2259 3752 2554 3823 polluebat,
2606 3755 2924 3827 quicumque
2966 3770 3024 3813 se
3072 3756 3141 3813 ab
3169 3757 3359 3816 eadem
3392 3759 3621 3825 unitate,
3650 3757 3695 3811 iu
3724 3766 3805 3824 qua

2259 3843 2527 3901 nullorum
2566 3847 2826 3903 malorum
2856 3848 3170 3921 contagione
3211 3852 3376 3922 pollui
3415 3859 3680 3924 poterant,
3705 3845 3802 3902 fru-

2258 3946 2368 3991 stra
2394 3947 2797 4008 separaverunt,
2823 3939 3164 3997 manifestum
3186 3942 3523 4016 sacrilegium
3545 3936 3807 3998 schismalis

2256 4029 2608 4087 admiserunt.
2632 4033 2689 4089 Si
2714 4042 2891 4089 autem
2919 4050 3015 4107 per
3033 4035 3175 4093 illam
3199 4037 3635 4095 consuetudinem
3652 4045 3807 4093 omnes

2256 4125 2442 4195 polluti
2476 4127 2784 4196 perierunt,
2830 4125 2898 4182 de
2924 4143 3028 4199 qua
3070 4144 3301 4186 caverna
3333 4131 3421 4187 isti
3451 4131 3564 4186 sine
3599 4118 3806 4199 originali

2256 4218 2480 4273 veritate
2522 4227 2577 4274 et
2614 4234 2733 4273 cum
2777 4219 3057 4274 calumniae
3098 4220 3391 4278 calliditate
3430 4214 3806 4295 procedunt?Si

2253 4326 2383 4367 vero
2412 4321 2557 4368 recta
2587 4309 2763 4368 fuerat
2799 4313 3152 4382 consuetudo,
3182 4330 3286 4387 qua
3315 4316 3393 4372 sic
3420 4313 3805 4387 suscipiebantur

2255 4388 2533 4473 haeretici,
2581 4405 2883 4476 relinquant
2927 4403 3203 4473 furorem,
3251 4408 3521 4464 fateantur
3565 4414 3803 4465 errorem;

2252 4494 2470 4551 veniant
2510 4494 2578 4552 ad
2607 4495 2970 4570 Catholicam,
3024 4513 3131 4559 non
3178 4506 3229 4555 ut
3283 4501 3613 4573 retingantur
3653 4498 3805 4552 sacra-

2251 4596 2435 4661 mento
2476 4586 2848 4661 Baptismatis,
2892 4588 2988 4646 sed
3028 4599 3087 4646 ut
3112 4601 3431 4651 curentura
3470 4591 3619 4664 plaga
3651 4583 3805 4645 conci-

2250 4680 2436 4738 sionis.

2321 4768 2545 4833 CAPUT
2566 4762 2855 4831 XXXVIII.
2874 4805 2942 4816 —
2963 4772 3054 4833 73.
3077 4762 3271 4834 Lucius
3288 4793 3318 4833 a
3341 4762 3605 4833 Thebeste
3620 4774 3639 4806 ⁸
3659 4768 3803 4828 dixit:

2249 4864 2551 4936 ereticos,
2586 4852 2924 4941 blasphemas,
2955 4879 3103 4943 atque
3128 4872 3330 4944 iniquos
3358 4871 3520 4927 verbis
3556 4868 3699 4928 uariis
3724 4864 3797 4918 dc-

2246 4967 2504 5032 cerpentes
2550 4970 2729 5023 sancta
2779 4970 2828 5019 et
2875 4961 3159 5019 adorabilia
3212 4962 3599 5038 Scripturarum
3641 4958 3797 5023 verba.

2313 5159 2331 5190 ⁸
2365 5157 2511 5229 ΛΡΜ,
2534 5159 2845 5226 Cyprianum,
2880 5160 3207 5229 detestatione.
3249 5167 3304 5213 Et
3342 5159 3486 5225 paulo
3524 5165 3630 5229 post
3654 5191 3669 5220 ι
3702 5157 3746 5206 αι
3780 5161 3806 5200 α

2245 5218 2554 5288 blasphemia:
2568 5218 2677 5271 tam
2704 5218 3089 5288 prmsumptione.
3125 5287 3131 5288 ί
3294 5261 3299 5265 -

2312 5282 2510 5349 {Nostri
2536 5291 2642 5349 mss.
2661 5282 2857 5349 ,_gloria
2876 5282 3149 5349 reformari.
3236 5348 3241 5349 ί
3520 5344 3534 5349 _
3720 5348 3725 5349 ί
3766 5337 3776 5347 ,

2309 5346 2406 5413 fta
2446 5351 2585 5413 Mss,
2614 5344 2857 5413 iniquum.
2925 5344 3019 5400 Sed
3076 5348 3403 5413 mvanieuses
3442 5344 3653 5413 mlunt,
3684 5344 3805 5413 “U9

2244 5406 2485 5471 prioribus
2498 5408 2684 5483 editis,
2706 5406 2900 5483 iniquus
2936 5424 2965 5483 ς.
2995 5413 3109 5476 quia
3146 5411 3195 5460 in
3229 5410 3553 5483 reSponslone
3585 5406 3804 5470 Auguslim

2243 5483 2359 5532 non,
2389 5474 2632 5533 Baptisma
2650 5510 2665 5534 ,
2692 5474 2801 5533 sed,
2830 5474 3113 5536 Baptismus,
3139 5474 3349 5536 ponitur.

2244 5572 2247 5573 ν
2307 5534 2330 5566 ι
2363 5540 2552 5605 Αωιςι
2586 5540 2659 5584 Er.
2706 5549 2817 5605 cum
2856 5535 3272 5605 nonnullisnussL,
3315 5533 3376 5585 ab
3410 5543 3600 5605 gyris”:
3637 5526 3801 5605 πάρει]

2244 5608 2377 5662 vero
2402 5594 2647 5647 editiones
2683 5596 2861 5648 melius
2888 5611 3060 5662 supra,
3097 5597 3183 5647 lib.
3224 5592 3286 5659 3',
3321 5612 3373 5648 n.
3408 5592 3477 5657 9;
3505 5593 3686 5647 Libosus
3724 5596 3802 5637 Va-

2240 5669 2447 5789 “iugi,
2461 5723 2517 5789 in
2536 5721 2679 5789 editis
2700 5722 2947 5789 superﬂuo
2969 5722 3173 5789 additur,
3197 5721 3503 5789 mmsirestata
3644 5778 3653 5789 .
3686 5775 3695 5786 .

2303 5784 2324 5815 ⁸
2347 5783 2832 5854 Corbeiensiscaia
2872 5792 2923 5834 et
2945 5783 3024 5854 alii
3064 5783 3365 5854 antiquiores
3400 5783 3801 5854 _0

2244 5844 2480 5913 Theueste.
2504 5847 2593 5899 Alii
2630 5846 2814 5912 plures,
2838 5846 3054 5900 Mucius
3077 5838 3197 5899 ωε
3216 5854 3273 5900 et
3298 5852 3403 5913 ἢκ,
3428 5838 3615 5901 uitis:
3633 5855 3664 5896 ο
3696 5838 3831 5909 πιαᾶ
