4008 6514
210 479 296 536 221
1577 464 1778 521 LIBER

1914 465 2102 527 KTUS.

214 585 538 650 ersecrandos
591 597 798 648 censeo;
847 586 895 635 et
943 579 1057 635 ideo
1107 574 1469 634 exorcizaudos
1521 587 1566 634 et
1621 579 1784 651 bapti-

212 686 408 742 sandes.

274 776 355 831 74.
389 773 458 829 Et
479 787 582 843 ego
607 766 964 826 exsecrandos
985 779 1211 832 censeo;
1241 763 1334 820 sed
1357 779 1462 818 non
1488 761 1607 819 ideo
1633 778 1790 818 exor-

216 867 455 927 cizandos
479 876 534 920 ct
560 861 924 935 baptizandos.
950 861 1187 930 Ipsorum
1212 867 1291 914 est
1314 858 1455 912 enim
1482 857 1785 925 ﬁgmentum

212 963 342 1037 quod
370 975 644 1026 exsecror,
677 956 872 1012 Christi
898 965 1072 1009 autem
1101 955 1502 1009 Sacramcntum
1533 951 1674 1023 quod
1700 967 1792 1006 ve-

213 1072 494 1204 ncCﬁii‘UT
535 1137 787 1199 XXXIX.
819 1170 889 1180 ——
927 1139 1014 1195 75.
1058 1138 1327 1210 Eugenius
1361 1136 1429 1192 ab
1472 1134 1788 1192 Ammedera

213 1241 366 1297 dixit:
397 1236 468 1293 Et
499 1253 594 1309 ego
632 1235 726 1290 hoc
755 1233 888 1289 idem
935 1249 1133 1300 censeo,
1165 1231 1422 1287 haereticos
1461 1229 1788 1302 baptizandos

213 1349 324 1389 €888.

275 1423 356 1482 76.
385 1421 519 1475 Huic
550 1417 938 1492 respondetur:
973 1413 1080 1471 Sed
1124 1429 1229 1469 non
1259 1413 1361 1469 hoc
1388 1419 1573 1469 censet
1602 1410 1788 1468 Eccle-

214 1515 318 1594 sia,
341 1513 420 1568 cui
463 1511 612 1566 Deus
642 1510 750 1582 jam
781 1508 1020 1582 plenario
1060 1508 1219 1563 etiam
1248 1507 1477 1562 concilio
1505 1506 1788 1573 revelavit,

214 1608 339 1678 quod
381 1618 508 1662 tunc
541 1604 721 1659 adhuc
750 1603 905 1656 aliter
941 1600 1154 1672 quidem
1201 1599 1488 1671 sapiebatis
1515 1597 1790 1670 (Philipp.
1819 1611 1822 1614 ‘

215 1719 278 1766 ιιι,
311 1703 426 1772 l5);
458 1699 559 1755 sed
591 1699 713 1769 quia
741 1698 793 1752 in
819 1697 967 1752 vobis
996 1697 1230 1753 charitas
1256 1697 1401 1751 salva
1431 1705 1566 1763 erat,
1601 1696 1654 1750 in
1677 1696 1794 1751 uni.

219 1803 306 1847 tate
330 1788 752 1862 permanebatis.
1422 1781 1430 1789 '

275 1883 488 1939 CAPUT
537 1880 819 1936 XL.—77.
853 1879 982 1936 Item
1023 1879 1159 1934 alius
1187 1876 1336 1934 Felix
1363 1875 1429 1933 ab
1453 1878 1745 1933 Amaccura
1773 1878 1790 1908 ¹

216 1978 361 2032 dixit:
393 1975 458 2030 Et
493 1977 614 2045 ipse
645 1985 845 2029 secutus
881 1974 1168 2027 divinarum
1196 1973 1582 2043 Scripturarum
1616 1979 1792 2025 aucto-

214 2070 420 2134 ritatem,
453 2069 726 2120 haereticos
772 2066 1101 2138 baptizandos
1129 2081 1233 2119 esse
1275 2080 1481 2130 censeo;
1522 2064 1611 2118 sed
1639 2074 1684 2117 et
1713 2080 1794 2118 eos

219 2159 288 2230 qui
313 2176 360 2214 se
381 2159 522 2229 apud
550 2158 900 2212 schismaticos
923 2158 1199 2228 baptizatos
1235 2173 1340 2212 esse
1379 2156 1702 2212 contendunt.
1733 2155 1795 2213 Si

217 2253 327 2305 enim
363 2251 648 2306 secundum
693 2260 902 2303 cautum
939 2249 1160 2314 Christi,
1210 2250 1431 2320 privatus
1470 2253 1585 2321 fons
1628 2243 1796 2304 noster

218 2356 303 2414 est,
330 2347 624 2418 intelligant
660 2346 827 2399 etmcti
857 2343 1096 2399 Ecclesiw
1125 2353 1311 2398 nostra:
1339 2343 1645 2410 adversarii,
1677 2343 1796 2413 quia

217 2443 385 2496 alienus
410 2458 518 2496 esse
545 2457 653 2496 non
680 2449 837 2510 potest
867 2441 911 2504 ',
946 2455 1034 2492 nec
1074 2437 1266 2492 duobus
1301 2438 1502 2509 populis
1521 2438 1795 2493 salutarem

219 2517 378 2605 aquam
407 2534 635 2588 tribuere
668 2541 827 2603 potest
863 2531 950 2586 ille
987 2531 1074 2603 qui
1117 2534 1270 2584 unius
1307 2530 1472 2601 gregis
1503 2538 1675 2599 pastor
1703 2538 1792 2582 est.

218 2625 275 2682 Et
295 2627 396 2680 ideo
420 2626 753 2694 manifestum
783 2633 883 2689 est,
919 2639 1008 2677 nec
1039 2623 1298 2678 hwreticos
1325 2639 1414 2676 nec
1451 2623 1795 2677 schismaticos

221 2719 386 2789 aliquid
411 2719 619 2773 caeleste
647 2717 930 2786 suscipere,
962 2716 1051 2784 qui
1079 2733 1110 2768 a
1145 2715 1464 2786 peccantibus
1513 2715 1795 2769 hominibus

220 2820 256 2866 et
281 2810 334 2864 ab
359 2809 596 2865 Ecclesia
621 2810 873 2864 extraneis
909 2808 1094 2862 audent
1122 2809 1364 2879 accipere.
1401 2807 1616 2875 Quando
1654 2808 1796 2862 danti

222 2903 339 2958 locus
359 2921 453 2958 non
476 2911 580 2970 est,
614 2903 785 2972 utique
810 2917 899 2955 nec
925 2901 1194 2970 accipienti
1226 2900 1448 2970 prodest.

283 2997 358 3052 78.
385 2997 520 3052 Huic
557 2995 935 3066 respondetur,
967 2995 1273 3064 Scripturas
1297 2994 1508 3050 divinas
1535 3010 1794 3066 nusquam

220 3090 520 3160 praecepisse
550 3096 612 3143 ut
643 3087 880 3144 haeretici
913 3087 1051 3157 apud
1094 3087 1373 3142 lueretimis
1417 3087 1665 3158 baptizati
1697 3088 1795 3144 de-

224 3199 313 3242 nuo
336 3186 704 3256 baptizentur;
738 3181 834 3237 sed
864 3181 1047 3237 multis
1075 3180 1208 3236 locis
1237 3180 1560 3247 ostendisse,
1592 3182 1796 3236 alienos

222 3287 322 3330 esse
344 3277 408 3331 ab
433 3275 682 3332 Ecclesia
709 3289 898 3330 omnes
928 3274 1016 3342 qui
1046 3289 1153 3328 non
1175 3281 1298 3329 sunt
1327 3273 1378 3328 in
1402 3282 1574 3344 petra,
1605 3289 1701 3328 nec
1731 3274 1796 3329 ad

223 3369 451 3426 columbm
483 3370 637 3426 illius
660 3368 899 3423 membra
924 3368 1213 3438 pertinent,
1242 3375 1296 3423 et
1323 3375 1501 3424 tamen
1526 3367 1799 3438 baptizare

224 3473 268 3518 et
292 3463 538 3536 baptizari
563 3505 578 3530 ,
610 3474 664 3519 et
692 3463 888 3518 habere
919 3462 1034 3518 sine
1060 3461 1230 3518 salute
1260 3461 1666 3520 Sacramentum
1708 3477 1798 3518 sa-

225 3558 348 3616 lutis.
375 3560 522 3620 Fons
555 3567 732 3614 autem
765 3566 946 3616 noster
975 3557 1063 3628 qui
1085 3557 1275 3614 similis
1295 3565 1377 3614 est
1394 3557 1522 3614 fonti
1547 3555 1794 3628 paradisi,

227 3652 346 3722 quod
381 3653 549 3708 etiam
591 3653 731 3706 sicut
760 3650 850 3706 ille
879 3659 1031 3705 extra
1071 3650 1376 3722 paradisum
1404 3649 1661 3720 proﬂuat,
1689 3648 1799 3719 jam

226 3745 338 3798 satis
361 3744 568 3799 dictum
597 3751 681 3799 est
711 3743 929 3813 (Supra,
960 3758 1073 3811 cap.
1103 3739 1195 3812 21)
1224 3759 1236 3795 :
1267 3751 1320 3795 et
1349 3741 1482 3812 quod
1503 3740 1697 3798 duobus
1719 3757 1802 3810 po-

227 3837 371 3905 pulis,
409 3837 460 3892 id
491 3844 610 3902 est,
643 3850 740 3891 suo
771 3845 823 3890 et
847 3843 1137 3900 extraneo,
1179 3834 1454 3888 salutarem
1492 3849 1675 3904 aquam
1705 3833 1802 3886 tri-

229 3930 355 3986 buere
372 3949 470 3986 non
495 3939 658 4000 potest
676 3929 761 3984 ille
778 3927 864 3998 qui
883 3927 1028 3980 unius
1050 3927 1214 3997 gregis
1239 3935 1413 3998 pastor
1433 3935 1534 3989 est,
1565 3924 1801 3979 concedo

229 4030 362 4092 atque
391 4022 698 4082 consentio.
725 4019 830 4075 Sed
861 4017 1110 4088 numquid
1142 4017 1264 4087 quia
1293 4016 1539 4072 salutaris
1575 4031 1680 4070 non
1719 4023 1802 4080 est

229 4115 494 4180 extraneis,
531 4113 651 4167 ideo
681 4111 792 4180 ipsa
820 4125 924 4164 non
957 4117 1039 4164 est
1057 4111 1080 4162 Ἰ
1114 4111 1259 4177 Aqua
1291 4107 1432 4161 enim
1460 4105 1644 4162 diluvii
1676 4121 1803 4161 con-

230 4205 411 4261 tdtutis
441 4209 586 4262 intra
620 4220 797 4259 arcam
840 4204 1088 4260 salutaris
1118 4202 1247 4270 fuit,
1291 4209 1439 4257 extra
1472 4216 1645 4255 arcam
1675 4217 1802 4256 vero

232 4300 486 4368 mortifera
516 4299 648 4369 fuit;
681 4297 868 4353 eadem
899 4306 1073 4352 tamen
1107 4297 1221 4350 fuit.
1255 4296 1322 4350 Et
1348 4295 1496 4350 multi
1528 4295 1801 4362 extranei,

230 4386 271 4440 id
296 4399 396 4455 est,
428 4389 634 4456 invidi,
681 4404 812 4458 quos
843 4404 905 4441 ex
936 4396 1085 4456 parte
1115 4387 1309 4442 diaboli
1358 4401 1476 4441 esse
1505 4385 1803 4469 Cyprianus

230 4479 340 4535 dicit
381 4492 434 4536 et
461 4483 534 4537 de
561 4482 849 4551 Scripturis
893 4481 1158 4547 ostendit,
1189 4481 1338 4536 velut
1363 4480 1508 4536 intus
1534 4478 1804 4546 videntur,

230 4581 276 4626 et
303 4584 471 4630 tamen
507 4574 608 4628 nisi
655 4580 836 4627 essent
873 4581 1022 4626 extra
1064 4587 1240 4626 arcam
1265 4615 1279 4640 ,
1321 4587 1425 4626 non
1466 4579 1806 4626 morerentur

230 4679 311 4733 per
351 4683 568 4738 aquam.
615 4666 772 4720 Tales
815 4665 954 4718 enim
996 4664 1333 4734 Baptismus,
1384 4679 1504 4718 eum
1555 4679 1619 4718 eo
1666 4661 1806 4717 male

230 4768 465 4825 utuntur,
500 4767 685 4822 necat;
725 4757 861 4811 sicut
891 4756 996 4810 illis
1030 4756 1096 4811 de
1136 4757 1328 4826 quibus
1369 4755 1446 4810 ait
1483 4755 1802 4825 Apostolus,

232 4849 382 4906 bonus
406 4853 542 4907 odor
561 4850 758 4904 Christi
783 4858 898 4904 erat
919 4849 970 4902 in
998 4857 1225 4904 mortem
1252 4846 1320 4916 (ll
1341 4847 1458 4903 Cor.
1483 4865 1540 4916 ιι,
1571 4849 1658 4914 15,
1684 4847 1774 4919 16)
1790 4889 1803 4904 .

234 4939 324 4997 Cur
348 4961 473 5016 ergo
501 4957 607 4997 non
636 4942 939 5014 suscipiunt“
964 4941 1158 5011 aliquid
1191 4941 1410 4996 cmleste
1433 4942 1523 4998 vel
1545 4941 1808 4996 schisma-

236 5034 311 5089 tici
337 5037 414 5092 vel
446 5035 721 5099 hmretici;
763 5034 899 5088 sicut
942 5027 1109 5102 'spinze
1159 5033 1270 5088 sive
1310 5033 1510 5088 zizania
1541 5033 1803 5103 pluviam,

232 5128 355 5184 sicut
381 5129 482 5199 ipsi
513 5129 600 5200 qui
632 5135 781 5184 extra
819 5141 997 5182 arcam
1025 5124 1273 5190 fuerunt,
1316 5139 1506 5196 aquam
1547 5125 1614 5180 de
1657 5135 1807 5182 cata-

235 5221 380 5278 ractis
407 5221 528 5277 cmli
575 5219 880 5276 venientem
927 5225 1278 5290 susceperunt
1320 5217 1562 5288 quidem,
1608 5217 1703 5274 sed
1741 5218 1808 5274 ad

235 5313 514 5378 perniciem
539 5355 556 5382 ,
589 5327 696 5368 non
725 5311 791 5366 ad
836 5309 1099 5366 salutem?
1128 5309 1356 5382 Ideoque
1399 5308 1527 5365 illud
1569 5309 1710 5382 quod
1755 5309 1808 5364 in

239 5404 410 5475 ultimo
436 5407 635 5478 posuit,
670 5405 889 5473 Quando
933 5404 1074 5458 danti
1101 5405 1241 5459 locus
1268 5420 1372 5458 non
1397 5413 1487 5471 est,
1521 5405 1692 5476 utique
1721 5420 1810 5457 nec

239 5497 488 5565 accipienti
527 5498 760 5569 prodest;
790 5513 896 5551 non
937 5496 1122 5552 laboro
1161 5494 1409 5550 refellere
1435 5514 1447 5550 :
1478 5496 1600 5565 quia
1629 5505 1682 5552 et
1711 5510 1810 5550 nos

241 5586 453 5646 dicimus
481 5591 860 5662 accipientibus
906 5605 1010 5645 non
1053 5589 1339 5660 prodesse,
1373 5603 1492 5644 cum
1529 5588 1582 5643 in
1620 5588 1807 5644 haeresi

299 5745 315 5778 ⁸
347 5750 647 5799 Corbeiensis
669 5756 768 5808 Ms.,
796 5747 1168 5798 ub.4mmacura.
1195 5743 1608 5808 Floriacensis,ab
1628 5756 1815 5795 dinota—

247 5819 395 5858 ειη-τα.
421 5811 582 5862 Plures
595 5811 674 5861 alii
694 5824 804 5861 cum
826 5819 926 5861 Am.
955 5817 1006 5860 et
1028 5817 1122 5870 En,
1145 5809 1206 5860 ab
1230 5820 1415 5860 uocum
1428 5821 1447 5870 ;
1467 5807 1563 5869 vel,
1585 5808 1644 5858 ab
1669 5818 1815 5858 neur-

247 5881 326 5942 ra_;
349 5873 523 5934 vel,ab
548 5885 808 5942 Λυσανία.-
1235 5941 1239 5942 ν
1454 5941 1465 5942 7
1563 5933 1576 5942 _
1643 5933 1654 5942 _
1730 5930 1761 5942 η

251 5930 448 6047 mw.
473 5945 525 5989 et
546 5943 640 6000 Er.,
665 5935 833 5988 otiaris
855 5948 955 5988 esse
978 5948 1071 5988 non
1095 5941 1259 6000 potest.
1276 5936 1424 5989 editio
1442 5933 1677 5998 Cypriani,
1692 5930 1813 5984 alie-

1895 582 2161 653 accipiunt
2186 589 2578 648 consentientes
2604 590 2898 662 htereticls;
2930 603 2986 653 et
3007 595 3131 655 ideo
3158 601 3379 658 veniunt
3407 605 3476 660 ad

1893 674 2209 732 catholicam
2252 694 2433 749 pacem
2471 691 2630 756 atque
2665 687 2923 746 unitatem
2955 690 3010 760 ί,
3059 705 3167 750 non
3208 703 3264 748 ut
3305 694 3480 765 bapti-

1895 781 2069 822 smum
2097 769 2380 841 accipiant,
2406 773 2499 830 sed
2531 785 2585 830 ut
2611 777 2689 834 eis
2705 779 2961 856 prodesse
2989 781 3206 860 incipiat
3223 784 3369 861 quod
3388 800 3481 842 ac-

1893 871 2165 932 ceperant.

1965 954 2190 1012 CAPUT
2215 957 2351 1014 XLI.
2382 991 2451 1002 -—
2479 961 2565 1018 79.
2619 964 2747 1019 Item
2793 967 2928 1022 alius
2969 967 3252 1025 Ianuarius
3294 971 3469 1028 llquu‘

1895 1045 2057 1102 leusis
2087 1049 2216 1104 dixit
2243 1070 2253 1104 :
2287 1051 2450 1107 Miror
2476 1055 2613 1126 quod
2637 1073 2749 1111 cum
2770 1076 2940 1114 omnes
2961 1064 3296 1130 conﬁteantur
3321 1082 3481 1120 unum

1895 1152 2000 1192 esse
2037 1138 2388 1210 Baptismum,
2435 1163 2536 1200 non
2578 1165 2749 1204 omnes
2792 1151 3075 1224 intelligant
3118 1156 3343 1228 ejusdem
3375 1155 3482 1210 Ba-

1895 1229 2064 1299 ptismi
2090 1233 2353 1290 unitatem.
2398 1235 2630 1294 Ecclesia
2667 1243 2799 1296 enim
2837 1252 2882 1298 et
2923 1244 3127 1300 haeresis
3167 1246 3283 1302 dua:
3323 1256 3370 1301 et
3401 1247 3483 1301 di-

1893 1339 2048 1380 versa:
2073 1343 2152 1380 res
2179 1340 2314 1382 sunt.
2355 1329 2414 1386 Si
2452 1332 2674 1388 Ita’retici
2703 1336 2884 1391 habent
2923 1337 3185 1410 Baptisma
3205 1382 3219 1408 ,
3251 1357 3342 1394 nos
3379 1358 3480 1396 non

1895 1415 2176 1474 habemus:
2201 1423 2246 1476 si
2272 1431 2440 1478 autem
2476 1441 2568 1479 nos
2602 1425 2869 1494 habemus,
2903 1429 3122 1485 hwretici
3161 1431 3344 1486 habere
3382 1449 3484 1487 non

1897 1519 2124 1579 possunt.
2152 1511 2376 1568 Dubium
2406 1526 2572 1570 autem
2600 1535 2700 1571 non
2736 1528 2826 1585 est,
2873 1519 3148 1576 Ecclesium
3188 1523 3351 1578 solam
3375 1522 3484 1577 Ba-

1895 1603 2135 1686 ptismum
2160 1603 2350 1659 Christi
2374 1608 2629 1678 possidere
2649 1651 2664 1676 ,
2695 1626 2808 1682 quae
2844 1611 2955 1666 sola
2981 1612 3235 1681 possideat
3275 1623 3322 1669 et
3361 1631 3487 1686 gra-

1897 1694 2019 1750 tiam
2053 1693 2240 1750 Christi
2267 1707 2311 1753 et
2336 1699 2609 1754 veritatem.

1969 1787 2058 1846 80.
2090 1790 2282 1848 Posset
2319 1793 2455 1848 alius
2483 1793 2727 1850 similiter
2754 1793 2968 1860 dicere,
3015 1803 3071 1851 et
3097 1796 3343 1852 similiter
3381 1812 3490 1855 non

1899 1897 2084 1938 verum
2115 1883 2293 1940 dicere
2326 1903 2338 1940 :
2371 1885 2534 1942 Miror
2572 1887 2714 1958 quod
2756 1901 2878 1943 cum
2920 1903 3108 1944 omnes
3135 1889 3491 1946 conﬁteantur

1898 1995 2061 2036 unum
2081 1994 2202 2035 esse
2219 1981 2570 2051 Baptismum,
2597 1997 2701 2036 non
2730 1997 2918 2038 omnes
2937 1983 3232 2052 intelligant
3249 1983 3490 2053 ejusdem

1899 2073 2157 2145 Baptismi
2183 2075 2464 2130 unitatem.
2503 2075 2715 2132 Justilia
2747 2077 2887 2131 enim
2931 2085 2984 2131 et
3011 2077 3259 2146 iniquitas
3285 2077 3402 2132 dua:
3440 2085 3494 2132 et

1900 2165 2128 2232 diversae
2154 2181 2244 2223 res
2267 2176 2409 2224 sunt.
2434 2167 2491 2224 Si
2517 2167 2685 2237 iniqui
2705 2168 2899 2223 habent
2925 2168 3212 2239 Baptisma,
3233 2169 3362 2238 justi
3388 2183 3495 2224 non

1900 2256 2099 2314 habent
2143 2276 2157 2312 :
2203 2259 2247 2314 si
2294 2267 2473 2314 autem
2513 2259 2639 2329 justi
2671 2259 2895 2323 habent,
2942 2259 3107 2329 iniqui
3148 2259 3347 2314 habere
3389 2275 3496 2315 non

1900 2359 2146 2420 possunt.
2178 2351 2405 2406 Dubium
2449 2359 2628 2405 autem
2659 2366 2764 2408 non
2801 2360 2905 2418 est,
2934 2351 3108 2421 justas
3136 2352 3279 2406 solos
3317 2351 3498 2423 Bapti-

1901 2457 2073 2504 smum
2120 2442 2318 2498 Christi
2349 2443 2622 2512 possidere
2646 2484 2662 2510 ,
2693 2443 2782 2513 qui
2830 2443 2928 2498 soli
2960 2443 3266 2512 possideant
3292 2453 3346 2498 et
3369 2458 3496 2513 gra-

1901 2536 2026 2590 tiam
2053 2533 2256 2590 Christi
2284 2544 2340 2590 et
2375 2535 2675 2590 veritatem.
2722 2535 2833 2590 Iloc
2861 2543 3006 2589 certe
3035 2534 3225 2590 falsum
3253 2543 3358 2602 est,
3388 2535 3498 2592 illis

1899 2643 2108 2698 quoque
2139 2628 2445 2683 latentibus.
2491 2628 2558 2682 Et
2603 2627 2677 2682 illi
2705 2627 2897 2697 quippe
2933 2627 3098 2682 invidi
3139 2629 3230 2698 qui
3274 2635 3492 2684 suntex

1901 2729 2050 2790 parte
2075 2719 2272 2774 diaboli
2300 2721 2442 2774 intus
2471 2718 2651 2791 positi,
2674 2719 2812 2776 sicut
2837 2719 2965 2773 dicit
2984 2718 3302 2790 Cyprianus,
3334 2729 3496 2790 atque

1899 2815 2142 2886 apostolo
2166 2814 2331 2870 Paulo
2353 2814 2638 2879 notissimi,
2662 2813 2991 2884 Baptismum
3019 2813 3038 2843 ³
3062 2813 3330 2872 ΙιειΙκιιιιιιι
3355 2831 3367 2868 :
3393 2827 3496 2869 nec

1900 2908 1966 2962 ad
1997 2907 2236 2964 membra
2267 2907 2411 2964 illius
2435 2906 2698 2964 columba;
2723 2921 2841 2976 qua:
2871 2907 2922 2962 in
2951 2914 3099 2979 petra
3128 2915 3238 2963 tuta
3265 2915 3349 2962 est
3373 2921 3500 2978 per-

1901 3001 2158 3060 tiuebant.

1971 3091 2196 3148 CAPUT
2224 3090 2384 3148 XLII.
2405 3121 2475 3132 —
2495 3091 2586 3148 81.
2609 3090 2904 3162 Adelphius
2929 3105 2957 3144 a
2979 3091 3267 3148 Thashalte
3288 3092 3310 3123 ³
3329 3092 3494 3148 dixit:

1902 3184 2027 3238 Sine
2045 3201 2198 3240 causa
2224 3185 2424 3254 quidem
2444 3185 2578 3255 falso
2596 3195 2644 3241 et
2670 3185 2914 3240 invidioso
2936 3185 3081 3240 verbo
3106 3185 3405 3256 impugnans
3423 3202 3502 3242 se.

1900 3277 2117 3342 ritatem,
2146 3284 2201 3332 ut
2230 3275 2544 3347 rebaptizare
2577 3292 2670 3332 nos
2695 3275 2884 3342 dicant,
2911 3276 3114 3347 quando
3148 3275 3375 3332 Ecclesia
3394 3276 3500 3332 ha-

1901 3369 2080 3426 reticos
2099 3385 2200 3422 non
2225 3368 2520 3439 rebaptizet,
2550 3369 2637 3424 sed
2664 3369 2900 3439 baptiset.

1974 3462 2064 3517 82.
2095 3461 2206 3518 Imo
2245 3478 2373 3519 vero
2402 3460 2565 3518 modo
2603 3475 2708 3520 non
2747 3460 3073 3530 rebaptizat;
3099 3459 3225 3530 quia
3263 3459 3365 3516 nisi
3402 3474 3499 3518 eos
3542 3478 3548 3486 ·

1905 3553 1996 3625 qui
2025 3555 2278 3625 baptizati
2322 3569 2427 3610 non
2473 3563 2619 3622 sunt,
2649 3570 2754 3610 non
2784 3554 3055 3624 haptizat;
3083 3569 3242 3624 quam
3271 3569 3500 3614 consue-

1907 3647 2144 3703 tudinem
2175 3648 2500 3704 anteriorem
2532 3646 2768 3717 perl‘ecta
2797 3645 3099 3716 diligentius
3119 3645 3313 3701 veritas
3336 3645 3499 3706 etiam
3587 3652 3590 3654 '

1905 3742 2133 3796 concilio
2159 3743 2453 3810 posteriore
2483 3742 2730 3798 ﬁrmavit.

1978 3835 2200 3891 CAPUT
2242 3835 2426 3890 XLIII.
2456 3863 2527 3874 —
2554 3834 2644 3888 85.
2693 3833 2993 3888 Demetrius
3029 3846 3059 3885 a
3089 3832 3452 3903 Lepti-minus
3475 3831 3498 3864 δ

1905 3925 2038 3982 dixit
2065 3944 2077 3978 :
2116 3925 2285 3980 Unum
2308 3924 2574 3994 Baptisma
2615 3939 2706 3978 nos
2733 3923 3044 3978 custodimus
3071 3961 3084 3986 ,
3112 3923 3230 3993 quia
3256 3920 3500 3976 Ecclesia!

1907 4020 2170 4074 catholicas
2195 4018 2289 4072 soli
2316 4033 2421 4072 rem
2455 4032 2600 4071 suam
2636 4015 2966 4070 vindicamus.
3006 4013 3104 4078 Qui
3131 4022 3297 4068 autem
3323 4012 3499 4069 dicunt

1907 4113 2025 4183 quia
2065 4111 2289 4164 haeretici
2317 4126 2430 4164 vere
2472 4118 2520 4163 et
2566 4109 2783 4179 legitime
2810 4107 3088 4177 baptizant,
3128 4108 3227 4178 ipsi
3265 4115 3380 4160 sunt
3413 4107 3499 4186 qui

1850 4259 1852 4261 .
1909 4219 2009 4256 non
2031 4202 2134 4256 duo
2165 4203 2207 4267 ⁸,
2232 4201 2320 4256 sed
2349 4200 2509 4256 multa
2531 4201 2833 4272 baptismata
2856 4200 3088 4272 faciunt:
3116 4215 3234 4254 nam
3261 4215 3374 4252 cum
3395 4198 3500 4254 lue-

1909 4311 2040 4348 reses
2069 4295 2242 4348 multa:
2269 4295 2388 4359 sint,
2423 4310 2514 4364 pro
2532 4309 2708 4348 earum
2732 4309 2939 4347 numero
2966 4301 3014 4347 et
3045 4292 3345 4363 baptismata
3364 4307 3500 4346 com-

1911 4386 2240 4457 putabuntur.
2715 4382 2718 4385 ’

1985 4479 2075 4538 84.
2109 4478 2242 4538 Huic
2270 4477 2624 4548 respondetur
2656 4496 2668 4532 :
2701 4477 2758 4532 Si
2799 4477 2870 4532 ita
2897 4487 3000 4543 est,
3034 4485 3110 4532 tot
3153 4491 3280 4547 ergo
3309 4491 3500 4532 nume-

1912 4583 2099 4627 rentur
2125 4572 2462 4642 baptismata,
2491 4580 2620 4642 quot
2645 4578 2769 4624 sunt
2795 4584 2954 4640 opera
2992 4570 3187 4635 carnis,
3214 4569 3280 4624 de
3310 4570 3502 4640 quibus

1909 4665 1985 4720 ait
2009 4665 2312 4733 Apostolus,
2337 4663 2587 4728 Quoniam
2608 4663 2696 4733 qui
2711 4662 2833 4716 talia
2855 4670 3032 4732 agunt,
3053 4677 3264 4732 regnum
3285 4660 3381 4715 Dei
3401 4678 3503 4716 non

1912 4757 2235 4827 possidebunt
2285 4755 2495 4826 (Galat.
2527 4770 2561 4807 v
2585 4796 2600 4819 ,
2645 4754 2739 4825 2|)
2776 4774 2788 4809 :
2830 4755 2966 4808 inter
2994 4770 3112 4825 quae
3156 4765 3504 4810 numerantur

1911 4856 1965 4904 et
2007 4848 2276 4914 haereses,
2325 4853 2379 4900 et
2411 4855 2516 4899 tam
2555 4845 2722 4899 multa
2770 4845 3006 4914 ipsorum
3050 4861 3269 4915 operum
3302 4847 3322 4878 ⁸
3362 4847 3505 4901 intus

1913 4947 2160 5008 tanquam
2208 4940 2262 4992 in
2311 4938 2463 5010 palea
2511 4939 2844 5006 tolerantur,
2893 4948 2948 4995 et
2988 4948 3163 4996 tamen
3196 4956 3356 4996 unum
3403 4940 3504 4994 Ba-

1910 5031 2104 5102 ptisma
2150 5030 2399 5099 omnibus
2439 5039 2558 5099 est,
2605 5030 2746 5103 quod
2805 5031 2954 5088 nullo
3001 5032 3294 5106 iniquitatis
3339 5044 3502 5100 opere

1911 5125 2159 5184 violatur.

1981 5308 1996 5338 ί
2032 5305 2198 5356 Plures
2220 5309 2350 5364 Mss,
2379 5302 2640 5364 veritatem.

1977 5371 1997 5401 υ
2032 5376 2081 5439 In
2104 5358 2390 5432 quibusdam
2411 5363 2564 5428 libris,
2577 5372 2718 5430 atque
2739 5362 2978 5430 apostolus
2995 5358 3191 5422 Paulus,
3209 5359 3506 5414 notissimnm

1918 5439 2327 5561 Βέξᾞξῖηέῗὶιε,
2347 5490 2641 5561 Αάειρὴιιδα
2669 5488 2928 5561 7ha_s_balte.
2946 5492 3121 5561 atLOIV-
3145 5492 3338 5561 813285;:
3363 5488 3504 5561 Αζίείο

1917 5556 2058 5622 phius
2074 5569 2090 5616 ;
2111 5555 2212 5622 vel,
2240 5550 2483 5619 Adelﬁusf
2500 5561 2667 5604 Postea
2689 5552 2878 5602 codices
2895 5550 3194 5610 antiquiores
3236 5550 3438 5612 habent,
3477 5565 3509 5602 α

1921 5617 2214 5731 Τὴθδιξίῖξξϐἑι
2235 5685 2332 5740 Er.,
2358 5676 2700 5741 Aleptuninus:
2723 5682 2967 5736 corrupte,
2992 5687 3096 5736 pro,
3119 5687 3150 5724 α
3170 5676 3475 5741 Lepti-munis
3489 5696 3511 5709 -

1919 5750 2126 5806 quaeest
2140 5743 2257 5791 urbs
2279 5739 2538 5851 provincia:
2554 5739 2790 5786 Bizacenze
2805 5751 2817 5796 ;
2833 5745 3009 5798 prmter
3025 5749 3167 5800 quam
3187 5747 3308 5801 erat,
3333 5739 3508 5803 Leptis-

1919 5817 2109 5851 maana.
2134 5805 2276 5851 't‘riuo
2297 5805 2470 5851 itaaee:
2494 5801 2558 5849 de
2577 5801 2667 5849 hac
2689 5807 2872 5851 postea.
2890 5798 2973 5851 lib.
3001 5801 3046 5851 7.
3069 5814 3118 5850 n.
3149 5801 3227 5851 92.

1917 5798 2109 5866 ritagna.
2134 5798 2470 5865 't‘ripolitaaaa;
2494 5801 2558 5849 de
2577 5801 2667 5866 hac
2689 5807 2872 5860 postea,
2890 5798 2973 5852 lib.
3001 5798 3054 5859 ’I,‘
3069 5814 3118 5850 ιι.
3149 5801 3227 5852 92.

1984 5862 2018 5900 ⁸⁷
2040 5869 2111 5917 sic
2128 5862 2231 5916 Am:
2249 5871 2321 5918 ur.
2346 5870 2398 5914 et
2419 5876 2590 5914 omnes
2613 5862 2691 5914 hic
2706 5869 2813 5916 Mss.
2842 5871 2896 5916 At
2919 5870 3026 5915 ιον.
3049 5871 3100 5915 et
3115 5867 3390 5930 Cxprianus,
3415 5874 3509 5922 non

1920 5942 2176 6054 ""i'iiaiu,
2198 5990 2414 6054 ipsorum
2433 5999 2600 6052 opera.
2623 5995 2682 6044 At
2702 5995 2833 6055 usq
2855 5988 3069 6055 ipsorum
3088 6002 3304 6054 opst-tan.
