  <div class='ocr_page' id='page_1' title='image "/cluster/home/n/w/nwhite01/storage/ocr_20150623/43/hvd.32044012717385/117.png"; bbox 0 0 4008 6498; ppageno 0'>
   <div class='ocr_carea' id='block_1_1' title="bbox 523 507 2037 568">
    <p class='ocr_par' dir='ltr' id='par_1_1' title="bbox 523 507 2037 568">
     <span class='ocr_line' id='line_1_1' title="bbox 523 507 2037 568; baseline -0.004 0"><span class='ocrx_word' id='word_1_1' title='bbox 523 508 751 568; x_wconf 81' lang='lat' dir='ltr'><strong><em>CAPUT</em></strong></span> <span class='ocrx_word' id='word_1_2' title='bbox 787 509 972 566; x_wconf 79' lang='lat' dir='ltr'><strong><em>XLIV.</em></strong></span> <span class='ocrx_word' id='word_1_3' title='bbox 1002 539 1072 551; x_wconf 96' lang='lat'><strong>—</strong></span> <span class='ocrx_word' id='word_1_4' title='bbox 1097 508 1187 566; x_wconf 79' lang='lat'><strong><em>85.</em></strong></span> <span class='ocrx_word' id='word_1_5' title='bbox 1213 508 1523 566; x_wconf 79' lang='lat' dir='ltr'><strong><em>Vincentius</em></strong></span> <span class='ocrx_word' id='word_1_6' title='bbox 1549 523 1579 562; x_wconf 91' lang='lat' dir='ltr'><strong><em>a</em></strong></span> <span class='ocrx_word' id='word_1_7' title='bbox 1605 508 1824 564; x_wconf 89' lang='lat' dir='ltr'><strong><em>Thibari</em></strong></span> <span class='ocrx_word' id='word_1_8' title='bbox 1860 507 1995 564; x_wconf 79' lang='lat' dir='ltr'><strong><em>dixit</em></strong></span> <span class='ocrx_word' id='word_1_9' title='bbox 2021 525 2037 562; x_wconf 92' lang='lat'><strong>:</strong></span> 
     </span>
    </p>
   </div>
   <div class='ocr_carea' id='block_1_2' title="bbox 455 599 2040 674">
    <p class='ocr_par' dir='ltr' id='par_1_2' title="bbox 455 599 2040 674">
     <span class='ocr_line' id='line_1_2' title="bbox 455 599 2040 674; baseline -0.004 -13"><span class='ocrx_word' id='word_1_10' title='bbox 455 605 736 662; x_wconf 69' lang='lat' dir='ltr'><strong><em>ereticos</em></strong></span> <span class='ocrx_word' id='word_1_11' title='bbox 774 606 962 660; x_wconf 87' lang='lat' dir='ltr'><strong><em>scimus</em></strong></span> <span class='ocrx_word' id='word_1_12' title='bbox 987 620 1092 660; x_wconf 87' lang='lat' dir='ltr'><strong><em>esse</em></strong></span> <span class='ocrx_word' id='word_1_13' title='bbox 1117 603 1332 674; x_wconf 89' lang='lat' dir='ltr'><strong><em>pejores,</em></strong></span> <span class='ocrx_word' id='word_1_14' title='bbox 1364 619 1519 674; x_wconf 84' lang='lat' dir='ltr'><strong><em>quam</em></strong></span> <span class='ocrx_word' id='word_1_15' title='bbox 1542 599 1809 659; x_wconf 86' lang='lat' dir='ltr'><strong><em>Ethnicos.</em></strong></span> <span class='ocrx_word' id='word_1_16' title='bbox 1833 602 1897 658; x_wconf 84' lang='lat' dir='ltr'><strong><em>Si</em></strong></span> <span class='ocrx_word' id='word_1_17' title='bbox 1921 618 2040 656; x_wconf 87' lang='lat' dir='ltr'><strong><em>con-</em></strong></span> 
     </span>
    </p>
   </div>
   <div class='ocr_carea' id='block_1_3' title="bbox 451 694 2040 766">
    <p class='ocr_par' dir='ltr' id='par_1_3' title="bbox 451 694 2040 766">
     <span class='ocr_line' id='line_1_3' title="bbox 451 694 2040 766; baseline -0.004 -11"><span class='ocrx_word' id='word_1_18' title='bbox 451 701 584 758; x_wconf 90' lang='lat' dir='ltr'><strong><em>versi</em></strong></span> <span class='ocrx_word' id='word_1_19' title='bbox 611 700 678 754; x_wconf 89' lang='lat' dir='ltr'><strong><em>ad</em></strong></span> <span class='ocrx_word' id='word_1_20' title='bbox 705 697 873 754; x_wconf 88' lang='lat' dir='ltr'><strong><em>Deum</em></strong></span> <span class='ocrx_word' id='word_1_21' title='bbox 898 698 1063 753; x_wconf 88' lang='lat' dir='ltr'><strong><em>venire</em></strong></span> <span class='ocrx_word' id='word_1_22' title='bbox 1092 696 1338 751; x_wconf 86' lang='lat' dir='ltr'><strong><em>voluerint</em></strong></span> <span class='ocrx_word' id='word_1_23' title='bbox 1356 736 1372 762; x_wconf 93' lang='lat'><strong><em>,</em></strong></span> <span class='ocrx_word' id='word_1_24' title='bbox 1404 696 1586 762; x_wconf 86' lang='lat' dir='ltr'><strong><em>habent</em></strong></span> <span class='ocrx_word' id='word_1_25' title='bbox 1615 697 1787 766; x_wconf 80' lang='lat' dir='ltr'><strong><em>utique</em></strong></span> <span class='ocrx_word' id='word_1_26' title='bbox 1812 694 2040 766; x_wconf 87' lang='lat' dir='ltr'><strong><em>regulam</em></strong></span> 
     </span>
    </p>
   </div>
   <div class='ocr_carea' id='block_1_4' title="bbox 452 787 2039 864">
    <p class='ocr_par' dir='ltr' id='par_1_4' title="bbox 452 787 2039 864">
     <span class='ocr_line' id='line_1_4' title="bbox 452 787 2039 864; baseline -0.004 -17"><span class='ocrx_word' id='word_1_27' title='bbox 452 793 695 858; x_wconf 87' lang='lat' dir='ltr'><strong><em>veritatis,</em></strong></span> <span class='ocrx_word' id='word_1_28' title='bbox 717 808 869 864; x_wconf 84' lang='lat' dir='ltr'><strong><em>quam</em></strong></span> <span class='ocrx_word' id='word_1_29' title='bbox 892 790 1141 846; x_wconf 88' lang='lat' dir='ltr'><strong><em>Dominus</em></strong></span> <span class='ocrx_word' id='word_1_30' title='bbox 1165 796 1413 860; x_wconf 75' lang='lat' dir='ltr'><strong><em>prwcepto</em></strong></span> <span class='ocrx_word' id='word_1_31' title='bbox 1439 789 1608 843; x_wconf 89' lang='lat' dir='ltr'><strong><em>divino</em></strong></span> <span class='ocrx_word' id='word_1_32' title='bbox 1628 788 1886 842; x_wconf 79' lang='lat' dir='ltr'><strong><em>mandavit</em></strong></span> <span class='ocrx_word' id='word_1_33' title='bbox 1904 787 2039 858; x_wconf 79' lang='lat' dir='ltr'><strong><em>Apo-</em></strong></span> 
     </span>
    </p>
   </div>
   <div class='ocr_carea' id='block_1_5' title="bbox 455 877 2036 951">
    <p class='ocr_par' dir='ltr' id='par_1_5' title="bbox 455 877 2036 951">
     <span class='ocr_line' id='line_1_5' title="bbox 455 877 2036 951; baseline -0.005 -11"><span class='ocrx_word' id='word_1_34' title='bbox 455 886 620 951; x_wconf 89' lang='lat' dir='ltr'><strong><em>stolis,</em></strong></span> <span class='ocrx_word' id='word_1_35' title='bbox 651 885 842 951; x_wconf 86' lang='lat' dir='ltr'><strong><em>dicens,</em></strong></span> <span class='ocrx_word' id='word_1_36' title='bbox 868 900 890 935; x_wconf 69' lang='grc' dir='ltr'><em>α</em></span> <span class='ocrx_word' id='word_1_37' title='bbox 921 882 1022 950; x_wconf 85' lang='lat' dir='ltr'><strong><em>Ite,</em></strong></span> <span class='ocrx_word' id='word_1_38' title='bbox 1052 883 1107 936; x_wconf 89' lang='lat' dir='ltr'><strong><em>in</em></strong></span> <span class='ocrx_word' id='word_1_39' title='bbox 1135 882 1337 936; x_wconf 82' lang='lat' dir='ltr'><strong><em>nomine</em></strong></span> <span class='ocrx_word' id='word_1_40' title='bbox 1376 896 1487 934; x_wconf 90' lang='lat' dir='ltr'><strong><em>meo</em></strong></span> <span class='ocrx_word' id='word_1_41' title='bbox 1528 896 1736 934; x_wconf 90' lang='lat' dir='ltr'><strong><em>manum</em></strong></span> <span class='ocrx_word' id='word_1_42' title='bbox 1775 877 2036 951; x_wconf 74' lang='lat' dir='ltr'><strong><em>imponite,</em></strong></span> 
     </span>
    </p>
   </div>
   <div class='ocr_carea' id='block_1_6' title="bbox 453 967 2036 1042">
    <p class='ocr_par' dir='ltr' id='par_1_6' title="bbox 453 967 2036 1042">
     <span class='ocr_line' id='line_1_6' title="bbox 453 967 2036 1042; baseline -0.005 -12"><span class='ocrx_word' id='word_1_43' title='bbox 453 975 704 1030; x_wconf 67' lang='lat' dir='ltr'><strong><em>daemonia</em></strong></span> <span class='ocrx_word' id='word_1_44' title='bbox 755 973 990 1042; x_wconf 77' lang='lat' dir='ltr'><strong><em>expellite</em></strong></span> <span class='ocrx_word' id='word_1_45' title='bbox 1017 991 1036 1025; x_wconf 74' lang='grc' dir='ltr'><strong><em>ι</em></strong></span> <span class='ocrx_word' id='word_1_46' title='bbox 1085 973 1104 1041; x_wconf 88' lang='grc'>(</span> <span class='ocrx_word' id='word_1_47' title='bbox 1134 970 1298 1026; x_wconf 80' lang='lat' dir='ltr'><strong><em>Marc.</em></strong></span> <span class='ocrx_word' id='word_1_48' title='bbox 1345 985 1460 1038; x_wconf 75' lang='lat' dir='ltr'><strong><em>xvr,</em></strong></span> <span class='ocrx_word' id='word_1_49' title='bbox 1503 971 1570 1025; x_wconf 81' lang='grc'>17</span> <span class='ocrx_word' id='word_1_50' title='bbox 1597 967 1637 1041; x_wconf 92' lang='grc'><strong><em>).</em></strong></span> <span class='ocrx_word' id='word_1_51' title='bbox 1671 968 1742 1023; x_wconf 87' lang='lat' dir='ltr'><strong><em>Et</em></strong></span> <span class='ocrx_word' id='word_1_52' title='bbox 1777 969 1878 1024; x_wconf 91' lang='lat' dir='ltr'><strong><em>alio</em></strong></span> <span class='ocrx_word' id='word_1_53' title='bbox 1906 969 2036 1035; x_wconf 92' lang='lat' dir='ltr'><strong><em>loco,</em></strong></span> 
     </span>
    </p>
   </div>
   <div class='ocr_carea' id='block_1_7' title="bbox 460 1059 2040 1136">
    <p class='ocr_par' dir='ltr' id='par_1_7' title="bbox 460 1059 2040 1136">
     <span class='ocr_line' id='line_1_7' title="bbox 460 1059 2040 1136; baseline -0.004 -16"><span class='ocrx_word' id='word_1_54' title='bbox 460 1085 480 1120; x_wconf 72' lang='grc' dir='ltr'><strong><em>ι</em></strong></span> <span class='ocrx_word' id='word_1_55' title='bbox 512 1067 611 1135; x_wconf 89' lang='lat' dir='ltr'><strong><em>Ite,</em></strong></span> <span class='ocrx_word' id='word_1_56' title='bbox 639 1075 686 1120; x_wconf 89' lang='lat' dir='ltr'><strong><em>et</em></strong></span> <span class='ocrx_word' id='word_1_57' title='bbox 712 1065 883 1120; x_wconf 89' lang='lat' dir='ltr'><strong><em>docete</em></strong></span> <span class='ocrx_word' id='word_1_58' title='bbox 924 1072 1115 1136; x_wconf 87' lang='lat' dir='ltr'><strong><em>gentes,</em></strong></span> <span class='ocrx_word' id='word_1_59' title='bbox 1145 1064 1390 1133; x_wconf 86' lang='lat' dir='ltr'><strong><em>tingentes</em></strong></span> <span class='ocrx_word' id='word_1_60' title='bbox 1431 1079 1519 1117; x_wconf 85' lang='lat' dir='ltr'><strong><em>eas</em></strong></span> <span class='ocrx_word' id='word_1_61' title='bbox 1557 1062 1611 1115; x_wconf 90' lang='lat' dir='ltr'><strong><em>in</em></strong></span> <span class='ocrx_word' id='word_1_62' title='bbox 1639 1062 1838 1116; x_wconf 86' lang='lat' dir='ltr'><strong><em>nomine</em></strong></span> <span class='ocrx_word' id='word_1_63' title='bbox 1867 1059 2040 1114; x_wconf 88' lang='lat' dir='ltr'><strong><em>Patris</em></strong></span> 
     </span>
    </p>
   </div>
   <div class='ocr_carea' id='block_1_8' title="bbox 450 1150 2039 1227">
    <p class='ocr_par' dir='ltr' id='par_1_8' title="bbox 450 1150 2039 1227">
     <span class='ocr_line' id='line_1_8' title="bbox 450 1150 2039 1227; baseline -0.004 -15"><span class='ocrx_word' id='word_1_64' title='bbox 450 1167 497 1212; x_wconf 88' lang='lat' dir='ltr'><strong><em>et</em></strong></span> <span class='ocrx_word' id='word_1_65' title='bbox 534 1155 660 1211; x_wconf 86' lang='lat' dir='ltr'><strong><em>Filii</em></strong></span> <span class='ocrx_word' id='word_1_66' title='bbox 700 1166 746 1211; x_wconf 86' lang='lat' dir='ltr'><strong><em>et</em></strong></span> <span class='ocrx_word' id='word_1_67' title='bbox 787 1154 1015 1226; x_wconf 85' lang='lat' dir='ltr'><strong><em>Spiritus</em></strong></span> <span class='ocrx_word' id='word_1_68' title='bbox 1058 1153 1219 1210; x_wconf 86' lang='lat' dir='ltr'><strong><em>sancti</em></strong></span> <span class='ocrx_word' id='word_1_69' title='bbox 1252 1173 1272 1205; x_wconf 67' lang='grc' dir='ltr'><strong><em>ι</em></strong></span> <span class='ocrx_word' id='word_1_70' title='bbox 1308 1151 1520 1227; x_wconf 82' lang='lat' dir='ltr'><strong><em>(Matth.</em></strong></span> <span class='ocrx_word' id='word_1_71' title='bbox 1545 1168 1728 1217; x_wconf 81' lang='lat' dir='ltr'><strong><em>xxvtu,</em></strong></span> <span class='ocrx_word' id='word_1_72' title='bbox 1761 1152 1868 1222; x_wconf 84' lang='grc'><strong><em>19).</em></strong></span> <span class='ocrx_word' id='word_1_73' title='bbox 1900 1150 2039 1222; x_wconf 87' lang='lat' dir='ltr'><strong><em>Ergo</em></strong></span> 
     </span>
    </p>
   </div>
   <div class='ocr_carea' id='block_1_9' title="bbox 451 1245 2039 1320">
    <p class='ocr_par' dir='ltr' id='par_1_9' title="bbox 451 1245 2039 1320">
     <span class='ocr_line' id='line_1_9' title="bbox 451 1245 2039 1320; baseline -0.003 -18"><span class='ocrx_word' id='word_1_74' title='bbox 451 1251 618 1318; x_wconf 89' lang='lat' dir='ltr'><strong><em>primo</em></strong></span> <span class='ocrx_word' id='word_1_75' title='bbox 659 1266 751 1320; x_wconf 90' lang='lat' dir='ltr'><strong><em>per</em></strong></span> <span class='ocrx_word' id='word_1_76' title='bbox 790 1264 973 1303; x_wconf 90' lang='lat' dir='ltr'><strong><em>manus</em></strong></span> <span class='ocrx_word' id='word_1_77' title='bbox 1013 1247 1382 1318; x_wconf 86' lang='lat' dir='ltr'><strong><em>impositionem</em></strong></span> <span class='ocrx_word' id='word_1_78' title='bbox 1410 1247 1464 1300; x_wconf 88' lang='lat' dir='ltr'><strong><em>in</em></strong></span> <span class='ocrx_word' id='word_1_79' title='bbox 1493 1248 1789 1312; x_wconf 71' lang='lat' dir='ltr'><strong><em>exorcismo,</em></strong></span> <span class='ocrx_word' id='word_1_80' title='bbox 1821 1245 2039 1299; x_wconf 87' lang='lat' dir='ltr'><strong><em>secundo</em></strong></span> 
     </span>
    </p>
   </div>
   <div class='ocr_carea' id='block_1_10' title="bbox 451 1336 2040 1411">
    <p class='ocr_par' dir='ltr' id='par_1_10' title="bbox 451 1336 2040 1411">
     <span class='ocr_line' id='line_1_10' title="bbox 451 1336 2040 1411; baseline -0.001 -17"><span class='ocrx_word' id='word_1_81' title='bbox 451 1357 542 1411; x_wconf 91' lang='lat' dir='ltr'><strong><em>per</em></strong></span> <span class='ocrx_word' id='word_1_82' title='bbox 569 1338 820 1410; x_wconf 87' lang='lat' dir='ltr'><strong><em>Baptismi</em></strong></span> <span class='ocrx_word' id='word_1_83' title='bbox 858 1340 1304 1411; x_wconf 86' lang='lat' dir='ltr'><strong><em>regenerationem,</em></strong></span> <span class='ocrx_word' id='word_1_84' title='bbox 1345 1348 1462 1392; x_wconf 90' lang='lat' dir='ltr'><strong><em>tunc</em></strong></span> <span class='ocrx_word' id='word_1_85' title='bbox 1501 1348 1712 1408; x_wconf 86' lang='lat' dir='ltr'><strong><em>possunt</em></strong></span> <span class='ocrx_word' id='word_1_86' title='bbox 1753 1338 1820 1391; x_wconf 88' lang='lat' dir='ltr'><strong><em>ad</em></strong></span> <span class='ocrx_word' id='word_1_87' title='bbox 1853 1336 2040 1392; x_wconf 75' lang='lat' dir='ltr'><strong><em>Christi</em></strong></span> 
     </span>
    </p>
   </div>
   <div class='ocr_carea' id='block_1_11' title="bbox 451 1430 2041 1501">
    <p class='ocr_par' dir='ltr' id='par_1_11' title="bbox 451 1430 2041 1501">
     <span class='ocr_line' id='line_1_11' title="bbox 451 1430 2041 1501; baseline 0.001 -17"><span class='ocrx_word' id='word_1_88' title='bbox 451 1432 866 1501; x_wconf 79' lang='lat' dir='ltr'><strong><em>pollicitationem</em></strong></span> <span class='ocrx_word' id='word_1_89' title='bbox 905 1433 1107 1497; x_wconf 86' lang='lat' dir='ltr'><strong><em>venire;</em></strong></span> <span class='ocrx_word' id='word_1_90' title='bbox 1145 1430 1276 1486; x_wconf 85' lang='lat' dir='ltr'><strong><em>alias</em></strong></span> <span class='ocrx_word' id='word_1_91' title='bbox 1316 1440 1484 1485; x_wconf 87' lang='lat' dir='ltr'><strong><em>autem</em></strong></span> <span class='ocrx_word' id='word_1_92' title='bbox 1533 1431 1644 1500; x_wconf 82' lang='lat' dir='ltr'><strong><em>ﬁeri</em></strong></span> <span class='ocrx_word' id='word_1_93' title='bbox 1689 1446 1862 1485; x_wconf 86' lang='lat' dir='ltr'><strong><em>censeo</em></strong></span> <span class='ocrx_word' id='word_1_94' title='bbox 1889 1431 1907 1461; x_wconf 85' lang='grc'>¹</span> <span class='ocrx_word' id='word_1_95' title='bbox 1936 1446 2041 1486; x_wconf 87' lang='lat' dir='ltr'><strong><em>non</em></strong></span> 
     </span>
    </p>
   </div>
   <div class='ocr_carea' id='block_1_12' title="bbox 447 1524 643 1579">
    <p class='ocr_par' dir='ltr' id='par_1_12' title="bbox 447 1524 643 1579">
     <span class='ocr_line' id='line_1_12' title="bbox 447 1524 643 1579; baseline -0.01 -1"><span class='ocrx_word' id='word_1_96' title='bbox 447 1524 643 1579; x_wconf 83' lang='lat' dir='ltr'><strong><em>debere.</em></strong></span> 
     </span>
    </p>
   </div>
   <div class='ocr_carea' id='block_1_13' title="bbox 522 1614 2041 1687">
    <p class='ocr_par' dir='ltr' id='par_1_13' title="bbox 522 1614 2041 1687">
     <span class='ocr_line' id='line_1_13' title="bbox 522 1614 2041 1687; baseline 0 -17"><span class='ocrx_word' id='word_1_97' title='bbox 522 1615 611 1671; x_wconf 85' lang='lat'><strong><em>86.</em></strong></span> <span class='ocrx_word' id='word_1_98' title='bbox 656 1616 733 1670; x_wconf 78' lang='lat' dir='ltr'><strong><em>Ex</em></strong></span> <span class='ocrx_word' id='word_1_99' title='bbox 778 1630 880 1686; x_wconf 90' lang='lat' dir='ltr'><strong><em>qua</em></strong></span> <span class='ocrx_word' id='word_1_100' title='bbox 927 1617 1109 1687; x_wconf 88' lang='lat' dir='ltr'><strong><em>regula</em></strong></span> <span class='ocrx_word' id='word_1_101' title='bbox 1152 1616 1298 1671; x_wconf 81' lang='lat' dir='ltr'><strong><em>dicat</em></strong></span> <span class='ocrx_word' id='word_1_102' title='bbox 1335 1615 1615 1670; x_wconf 81' lang='lat' dir='ltr'><strong><em>haereticos</em></strong></span> <span class='ocrx_word' id='word_1_103' title='bbox 1659 1614 1874 1685; x_wconf 85' lang='lat' dir='ltr'><strong><em>pejores</em></strong></span> <span class='ocrx_word' id='word_1_104' title='bbox 1919 1628 2041 1670; x_wconf 89' lang='lat' dir='ltr'><strong><em>esse</em></strong></span> 
     </span>
    </p>
   </div>
   <div class='ocr_carea' id='block_1_14' title="bbox 456 1705 2043 1777">
    <p class='ocr_par' dir='ltr' id='par_1_14' title="bbox 456 1705 2043 1777">
     <span class='ocr_line' id='line_1_14' title="bbox 456 1705 2043 1777; baseline -0.001 -16"><span class='ocrx_word' id='word_1_105' title='bbox 456 1722 616 1777; x_wconf 91' lang='lat' dir='ltr'><strong><em>quam</em></strong></span> <span class='ocrx_word' id='word_1_106' title='bbox 639 1707 914 1772; x_wconf 87' lang='lat' dir='ltr'><strong><em>Ethnicos,</em></strong></span> <span class='ocrx_word' id='word_1_107' title='bbox 943 1709 1158 1774; x_wconf 89' lang='lat' dir='ltr'><strong><em>nescio;</em></strong></span> <span class='ocrx_word' id='word_1_108' title='bbox 1189 1723 1309 1763; x_wconf 92' lang='lat' dir='ltr'><strong><em>cum</em></strong></span> <span class='ocrx_word' id='word_1_109' title='bbox 1331 1707 1587 1762; x_wconf 89' lang='lat' dir='ltr'><strong><em>Dominus</em></strong></span> <span class='ocrx_word' id='word_1_110' title='bbox 1611 1706 1773 1771; x_wconf 81' lang='lat' dir='ltr'><strong><em>dicat,</em></strong></span> <span class='ocrx_word' id='word_1_111' title='bbox 1799 1705 1860 1760; x_wconf 90' lang='lat' dir='ltr'><strong><em>Si</em></strong></span> <span class='ocrx_word' id='word_1_112' title='bbox 1885 1722 2043 1776; x_wconf 86' lang='lat' dir='ltr'><strong><em>neque</em></strong></span> 
     </span>
    </p>
   </div>
   <div class='ocr_carea' id='block_1_15' title="bbox 459 1795 2042 1868">
    <p class='ocr_par' dir='ltr' id='par_1_15' title="bbox 459 1795 2042 1868">
     <span class='ocr_line' id='line_1_15' title="bbox 459 1795 2042 1868; baseline -0.001 -17"><span class='ocrx_word' id='word_1_113' title='bbox 459 1797 742 1852; x_wconf 86' lang='lat' dir='ltr'><strong><em>Ecclesiam</em></strong></span> <span class='ocrx_word' id='word_1_114' title='bbox 767 1798 1002 1861; x_wconf 86' lang='lat' dir='ltr'><strong><em>audierit,</em></strong></span> <span class='ocrx_word' id='word_1_115' title='bbox 1032 1799 1094 1851; x_wconf 91' lang='lat' dir='ltr'><strong><em>sit</em></strong></span> <span class='ocrx_word' id='word_1_116' title='bbox 1123 1799 1210 1852; x_wconf 86' lang='lat' dir='ltr'><strong><em>tibi</em></strong></span> <span class='ocrx_word' id='word_1_117' title='bbox 1239 1807 1477 1868; x_wconf 85' lang='lat' dir='ltr'><strong><em>tanquam</em></strong></span> <span class='ocrx_word' id='word_1_118' title='bbox 1497 1797 1724 1850; x_wconf 86' lang='lat' dir='ltr'><strong><em>ethnicus</em></strong></span> <span class='ocrx_word' id='word_1_119' title='bbox 1745 1806 1789 1850; x_wconf 91' lang='lat' dir='ltr'><strong><em>et</em></strong></span> <span class='ocrx_word' id='word_1_120' title='bbox 1813 1795 2042 1867; x_wconf 84' lang='lat' dir='ltr'><strong><em>publica-</em></strong></span> 
     </span>
    </p>
   </div>
   <div class='ocr_carea' id='block_1_16' title="bbox 451 1887 2042 1962">
    <p class='ocr_par' dir='ltr' id='par_1_16' title="bbox 451 1887 2042 1962">
     <span class='ocr_line' id='line_1_16' title="bbox 451 1887 2042 1962; baseline -0.001 -20"><span class='ocrx_word' id='word_1_121' title='bbox 451 1907 547 1943; x_wconf 87' lang='lat' dir='ltr'><strong><em>nus</em></strong></span> <span class='ocrx_word' id='word_1_122' title='bbox 574 1888 684 1962; x_wconf 84' lang='lat' dir='ltr'><strong><em>(Id.</em></strong></span> <span class='ocrx_word' id='word_1_123' title='bbox 712 1905 866 1958; x_wconf 81' lang='lat' dir='ltr'><strong><em>xvm,</em></strong></span> <span class='ocrx_word' id='word_1_124' title='bbox 893 1889 983 1961; x_wconf 75' lang='grc'><strong><em>17)</em></strong></span> <span class='ocrx_word' id='word_1_125' title='bbox 1009 1892 1088 1944; x_wconf 90' lang='lat' dir='ltr'><strong><em>An</em></strong></span> <span class='ocrx_word' id='word_1_126' title='bbox 1121 1890 1278 1944; x_wconf 91' lang='lat' dir='ltr'><strong><em>etiam</em></strong></span> <span class='ocrx_word' id='word_1_127' title='bbox 1314 1891 1402 1943; x_wconf 88' lang='lat' dir='ltr'><strong><em>tali</em></strong></span> <span class='ocrx_word' id='word_1_128' title='bbox 1435 1889 1716 1944; x_wconf 68' lang='lat' dir='ltr'><strong><em>haereticus</em></strong></span> <span class='ocrx_word' id='word_1_129' title='bbox 1745 1889 1896 1958; x_wconf 86' lang='lat' dir='ltr'><strong><em>pejor</em></strong></span> <span class='ocrx_word' id='word_1_130' title='bbox 1918 1887 2042 1942; x_wconf 83' lang='lat' dir='ltr'><strong><em>est?</em></strong></span> 
     </span>
    </p>
   </div>
   <div class='ocr_carea' id='block_1_17' title="bbox 448 1980 2041 2052">
    <p class='ocr_par' dir='ltr' id='par_1_17' title="bbox 448 1980 2041 2052">
     <span class='ocr_line' id='line_1_17' title="bbox 448 1980 2041 2052; baseline -0.002 -14"><span class='ocrx_word' id='word_1_131' title='bbox 448 1981 593 2038; x_wconf 83' lang='lat' dir='ltr'><strong><em>Nihil</em></strong></span> <span class='ocrx_word' id='word_1_132' title='bbox 623 1983 814 2038; x_wconf 86' lang='lat' dir='ltr'><strong><em>resisto</em></strong></span> <span class='ocrx_word' id='word_1_133' title='bbox 844 2001 857 2037; x_wconf 89' lang='lat'><strong>:</strong></span> <span class='ocrx_word' id='word_1_134' title='bbox 890 1997 996 2037; x_wconf 89' lang='lat' dir='ltr'><strong><em>non</em></strong></span> <span class='ocrx_word' id='word_1_135' title='bbox 1029 1992 1206 2037; x_wconf 89' lang='lat' dir='ltr'><strong><em>tamen</em></strong></span> <span class='ocrx_word' id='word_1_136' title='bbox 1238 1991 1518 2052; x_wconf 85' lang='lat' dir='ltr'><strong><em>propterea</em></strong></span> <span class='ocrx_word' id='word_1_137' title='bbox 1558 1981 1681 2051; x_wconf 92' lang='lat' dir='ltr'><strong><em>quia</em></strong></span> <span class='ocrx_word' id='word_1_138' title='bbox 1729 1981 1842 2051; x_wconf 89' lang='lat' dir='ltr'><strong><em>ipse</em></strong></span> <span class='ocrx_word' id='word_1_139' title='bbox 1881 1980 2041 2035; x_wconf 88' lang='lat' dir='ltr'><strong><em>homo</em></strong></span> 
     </span>
    </p>
   </div>
   <div class='ocr_carea' id='block_1_18' title="bbox 451 2073 2043 2145">
    <p class='ocr_par' dir='ltr' id='par_1_18' title="bbox 451 2073 2043 2145">
     <span class='ocr_line' id='line_1_18' title="bbox 451 2073 2043 2145; baseline 0 -17"><span class='ocrx_word' id='word_1_140' title='bbox 451 2074 606 2145; x_wconf 84' lang='lat' dir='ltr'><strong><em>pejor</em></strong></span> <span class='ocrx_word' id='word_1_141' title='bbox 634 2082 716 2129; x_wconf 90' lang='lat' dir='ltr'><strong><em>est</em></strong></span> <span class='ocrx_word' id='word_1_142' title='bbox 742 2074 976 2141; x_wconf 90' lang='lat' dir='ltr'><strong><em>ethnico,</em></strong></span> <span class='ocrx_word' id='word_1_143' title='bbox 1002 2074 1054 2128; x_wconf 90' lang='lat' dir='ltr'><strong><em>id</em></strong></span> <span class='ocrx_word' id='word_1_144' title='bbox 1081 2083 1182 2141; x_wconf 91' lang='lat' dir='ltr'><strong><em>est,</em></strong></span> <span class='ocrx_word' id='word_1_145' title='bbox 1211 2075 1396 2145; x_wconf 83' lang='lat' dir='ltr'><strong><em>gentili</em></strong></span> <span class='ocrx_word' id='word_1_146' title='bbox 1420 2083 1578 2144; x_wconf 92' lang='lat' dir='ltr'><strong><em>atque</em></strong></span> <span class='ocrx_word' id='word_1_147' title='bbox 1606 2089 1828 2143; x_wconf 85' lang='lat' dir='ltr'><strong><em>pagano,</em></strong></span> <span class='ocrx_word' id='word_1_148' title='bbox 1853 2073 2043 2128; x_wconf 89' lang='lat' dir='ltr'><strong><em>Sacra-</em></strong></span> 
     </span>
    </p>
   </div>
   <div class='ocr_carea' id='block_1_19' title="bbox 455 2164 2042 2236">
    <p class='ocr_par' dir='ltr' id='par_1_19' title="bbox 455 2164 2042 2236">
     <span class='ocr_line' id='line_1_19' title="bbox 455 2164 2042 2236; baseline -0.002 -15"><span class='ocrx_word' id='word_1_149' title='bbox 455 2175 696 2221; x_wconf 91' lang='lat' dir='ltr'><strong><em>mentum</em></strong></span> <span class='ocrx_word' id='word_1_150' title='bbox 723 2167 882 2220; x_wconf 89' lang='lat' dir='ltr'><strong><em>etiam</em></strong></span> <span class='ocrx_word' id='word_1_151' title='bbox 904 2166 1102 2220; x_wconf 87' lang='lat' dir='ltr'><strong><em>Christi</em></strong></span> <span class='ocrx_word' id='word_1_152' title='bbox 1129 2167 1173 2220; x_wconf 89' lang='lat' dir='ltr'><strong><em>si</em></strong></span> <span class='ocrx_word' id='word_1_153' title='bbox 1203 2165 1344 2236; x_wconf 87' lang='lat' dir='ltr'><strong><em>quod</em></strong></span> <span class='ocrx_word' id='word_1_154' title='bbox 1377 2165 1554 2231; x_wconf 85' lang='lat' dir='ltr'><strong><em>habet,</em></strong></span> <span class='ocrx_word' id='word_1_155' title='bbox 1579 2165 1720 2218; x_wconf 86' lang='lat' dir='ltr'><strong><em>vitiis</em></strong></span> <span class='ocrx_word' id='word_1_156' title='bbox 1745 2164 1859 2233; x_wconf 90' lang='lat' dir='ltr'><strong><em>ejus</em></strong></span> <span class='ocrx_word' id='word_1_157' title='bbox 1878 2164 2042 2218; x_wconf 87' lang='lat' dir='ltr'><strong><em>mori-</em></strong></span> 
     </span>
    </p>
   </div>
   <div class='ocr_carea' id='block_1_20' title="bbox 448 2256 2043 2328">
    <p class='ocr_par' dir='ltr' id='par_1_20' title="bbox 448 2256 2043 2328">
     <span class='ocr_line' id='line_1_20' title="bbox 448 2256 2043 2328; baseline -0.001 -16"><span class='ocrx_word' id='word_1_158' title='bbox 448 2256 658 2328; x_wconf 87' lang='lat' dir='ltr'><strong><em>busque</em></strong></span> <span class='ocrx_word' id='word_1_159' title='bbox 699 2257 975 2324; x_wconf 86' lang='lat' dir='ltr'><strong><em>miscetur,</em></strong></span> <span class='ocrx_word' id='word_1_160' title='bbox 1004 2267 1058 2312; x_wconf 91' lang='lat' dir='ltr'><strong><em>et</em></strong></span> <span class='ocrx_word' id='word_1_161' title='bbox 1097 2257 1282 2312; x_wconf 90' lang='lat' dir='ltr'><strong><em>eadem</em></strong></span> <span class='ocrx_word' id='word_1_162' title='bbox 1327 2257 1689 2327; x_wconf 82' lang='lat' dir='ltr'><strong><em>permixtione</em></strong></span> <span class='ocrx_word' id='word_1_163' title='bbox 1732 2265 2043 2325; x_wconf 89' lang='lat' dir='ltr'><strong><em>corruptum</em></strong></span> 
     </span>
    </p>
   </div>
   <div class='ocr_carea' id='block_1_21' title="bbox 446 2345 2043 2422">
    <p class='ocr_par' dir='ltr' id='par_1_21' title="bbox 446 2345 2043 2422">
     <span class='ocr_line' id='line_1_21' title="bbox 446 2345 2043 2422; baseline -0.003 -16"><span class='ocrx_word' id='word_1_164' title='bbox 446 2351 608 2422; x_wconf 89' lang='lat' dir='ltr'><strong><em>perit.</em></strong></span> <span class='ocrx_word' id='word_1_165' title='bbox 637 2350 772 2406; x_wconf 89' lang='lat' dir='ltr'><strong><em>Nam</em></strong></span> <span class='ocrx_word' id='word_1_166' title='bbox 813 2358 868 2406; x_wconf 91' lang='lat' dir='ltr'><strong><em>et</em></strong></span> <span class='ocrx_word' id='word_1_167' title='bbox 906 2350 980 2405; x_wconf 86' lang='lat' dir='ltr'><strong><em>illi</em></strong></span> <span class='ocrx_word' id='word_1_168' title='bbox 1022 2351 1111 2420; x_wconf 90' lang='lat' dir='ltr'><strong><em>qui</em></strong></span> <span class='ocrx_word' id='word_1_169' title='bbox 1155 2350 1415 2405; x_wconf 90' lang='lat' dir='ltr'><strong><em>recedunt</em></strong></span> <span class='ocrx_word' id='word_1_170' title='bbox 1449 2349 1516 2404; x_wconf 89' lang='lat' dir='ltr'><strong><em>de</em></strong></span> <span class='ocrx_word' id='word_1_171' title='bbox 1551 2349 1807 2415; x_wconf 81' lang='lat' dir='ltr'><strong><em>Ecclesia,</em></strong></span> <span class='ocrx_word' id='word_1_172' title='bbox 1831 2355 1884 2402; x_wconf 92' lang='lat' dir='ltr'><strong><em>et</em></strong></span> <span class='ocrx_word' id='word_1_173' title='bbox 1909 2345 2043 2402; x_wconf 82' lang='lat' dir='ltr'><strong><em>ﬁunt</em></strong></span> 
     </span>
    </p>
   </div>
   <div class='ocr_carea' id='block_1_22' title="bbox 450 2437 2044 2507">
    <p class='ocr_par' dir='ltr' id='par_1_22' title="bbox 450 2437 2044 2507">
     <span class='ocr_line' id='line_1_22' title="bbox 450 2437 2044 2507; baseline -0.003 -11"><span class='ocrx_word' id='word_1_174' title='bbox 450 2441 718 2498; x_wconf 88' lang='lat' dir='ltr'><strong><em>haeresum</em></strong></span> <span class='ocrx_word' id='word_1_175' title='bbox 746 2457 850 2498; x_wconf 93' lang='lat' dir='ltr'><strong><em>non</em></strong></span> <span class='ocrx_word' id='word_1_176' title='bbox 881 2450 1084 2496; x_wconf 89' lang='lat' dir='ltr'><strong><em>tantum</em></strong></span> <span class='ocrx_word' id='word_1_177' title='bbox 1117 2448 1441 2507; x_wconf 90' lang='lat' dir='ltr'><strong><em>sectatores,</em></strong></span> <span class='ocrx_word' id='word_1_178' title='bbox 1477 2439 1570 2494; x_wconf 91' lang='lat' dir='ltr'><strong><em>sed</em></strong></span> <span class='ocrx_word' id='word_1_179' title='bbox 1609 2439 1770 2495; x_wconf 92' lang='lat' dir='ltr'><strong><em>etiam</em></strong></span> <span class='ocrx_word' id='word_1_180' title='bbox 1803 2437 2044 2493; x_wconf 84' lang='lat' dir='ltr'><strong><em>condito-</em></strong></span> 
     </span>
    </p>
   </div>
   <div class='ocr_carea' id='block_1_23' title="bbox 449 2529 2042 2603">
    <p class='ocr_par' dir='ltr' id='par_1_23' title="bbox 449 2529 2042 2603">
     <span class='ocr_line' id='line_1_23' title="bbox 449 2529 2042 2603; baseline -0.003 -15"><span class='ocrx_word' id='word_1_181' title='bbox 449 2548 568 2599; x_wconf 67' lang='lat' dir='ltr'><strong><em>res,</em></strong></span> <span class='ocrx_word' id='word_1_182' title='bbox 596 2534 640 2588; x_wconf 92' lang='lat' dir='ltr'><strong><em>si</em></strong></span> <span class='ocrx_word' id='word_1_183' title='bbox 673 2535 782 2603; x_wconf 91' lang='lat' dir='ltr'><strong><em>jam</em></strong></span> <span class='ocrx_word' id='word_1_184' title='bbox 820 2533 1073 2602; x_wconf 90' lang='lat' dir='ltr'><strong><em>baptizati</em></strong></span> <span class='ocrx_word' id='word_1_185' title='bbox 1103 2531 1382 2599; x_wconf 87' lang='lat' dir='ltr'><strong><em>recedunt,</em></strong></span> <span class='ocrx_word' id='word_1_186' title='bbox 1412 2546 1534 2586; x_wconf 92' lang='lat' dir='ltr'><strong><em>cum</em></strong></span> <span class='ocrx_word' id='word_1_187' title='bbox 1565 2530 1858 2586; x_wconf 90' lang='lat' dir='ltr'><strong><em>secundum</em></strong></span> <span class='ocrx_word' id='word_1_188' title='bbox 1885 2529 2042 2584; x_wconf 91' lang='lat' dir='ltr'><strong><em>istam</em></strong></span> 
     </span>
    </p>
   </div>
   <div class='ocr_carea' id='block_1_24' title="bbox 449 2622 2040 2696">
    <p class='ocr_par' dir='ltr' id='par_1_24' title="bbox 449 2622 2040 2696">
     <span class='ocr_line' id='line_1_24' title="bbox 449 2622 2040 2696; baseline -0.002 -17"><span class='ocrx_word' id='word_1_189' title='bbox 449 2625 685 2696; x_wconf 87' lang='lat' dir='ltr'><strong><em>regulam</em></strong></span> <span class='ocrx_word' id='word_1_190' title='bbox 705 2624 915 2695; x_wconf 87' lang='lat' dir='ltr'><strong><em>pejores</em></strong></span> <span class='ocrx_word' id='word_1_191' title='bbox 934 2625 1041 2678; x_wconf 89' lang='lat' dir='ltr'><strong><em>sint</em></strong></span> <span class='ocrx_word' id='word_1_192' title='bbox 1056 2623 1316 2688; x_wconf 89' lang='lat' dir='ltr'><strong><em>Ethnicis,</em></strong></span> <span class='ocrx_word' id='word_1_193' title='bbox 1332 2623 1532 2678; x_wconf 89' lang='lat' dir='ltr'><strong><em>habent</em></strong></span> <span class='ocrx_word' id='word_1_194' title='bbox 1551 2631 1727 2677; x_wconf 90' lang='lat' dir='ltr'><strong><em>tamen</em></strong></span> <span class='ocrx_word' id='word_1_195' title='bbox 1741 2622 2040 2693; x_wconf 89' lang='lat' dir='ltr'><strong><em>Baptisma:</em></strong></span> 
     </span>
    </p>
   </div>
   <div class='ocr_carea' id='block_1_25' title="bbox 447 2713 2044 2787">
    <p class='ocr_par' dir='ltr' id='par_1_25' title="bbox 447 2713 2044 2787">
     <span class='ocr_line' id='line_1_25' title="bbox 447 2713 2044 2787; baseline -0.003 -15"><span class='ocrx_word' id='word_1_196' title='bbox 447 2732 570 2772; x_wconf 89' lang='lat' dir='ltr'><strong><em>nam</em></strong></span> <span class='ocrx_word' id='word_1_197' title='bbox 600 2718 646 2772; x_wconf 90' lang='lat' dir='ltr'><strong><em>si</em></strong></span> <span class='ocrx_word' id='word_1_198' title='bbox 675 2716 904 2772; x_wconf 88' lang='lat' dir='ltr'><strong><em>correcti</em></strong></span> <span class='ocrx_word' id='word_1_199' title='bbox 933 2714 1176 2782; x_wconf 87' lang='lat' dir='ltr'><strong><em>redeant,</em></strong></span> <span class='ocrx_word' id='word_1_200' title='bbox 1207 2731 1314 2770; x_wconf 92' lang='lat' dir='ltr'><strong><em>non</em></strong></span> <span class='ocrx_word' id='word_1_201' title='bbox 1342 2715 1646 2787; x_wconf 88' lang='lat' dir='ltr'><strong><em>accipiunt;</em></strong></span> <span class='ocrx_word' id='word_1_202' title='bbox 1678 2713 1819 2784; x_wconf 89' lang='lat' dir='ltr'><strong><em>quod</em></strong></span> <span class='ocrx_word' id='word_1_203' title='bbox 1845 2715 1889 2768; x_wconf 90' lang='lat' dir='ltr'><strong><em>si</em></strong></span> <span class='ocrx_word' id='word_1_204' title='bbox 1911 2714 2044 2768; x_wconf 81' lang='lat' dir='ltr'><strong><em>ami-</em></strong></span> 
     </span>
    </p>
   </div>
   <div class='ocr_carea' id='block_1_26' title="bbox 449 2805 2044 2881">
    <p class='ocr_par' dir='ltr' id='par_1_26' title="bbox 449 2805 2044 2881">
     <span class='ocr_line' id='line_1_26' title="bbox 449 2805 2044 2881; baseline -0.003 -15"><span class='ocrx_word' id='word_1_205' title='bbox 449 2811 667 2877; x_wconf 88' lang='lat' dir='ltr'><strong><em>sissent,</em></strong></span> <span class='ocrx_word' id='word_1_206' title='bbox 700 2811 882 2880; x_wconf 53' lang='lat' dir='ltr'><strong><em>utiﬁue</em></strong></span> <span class='ocrx_word' id='word_1_207' title='bbox 913 2811 1238 2881; x_wconf 90' lang='lat' dir='ltr'><strong><em>acciperent.</em></strong></span> <span class='ocrx_word' id='word_1_208' title='bbox 1261 2805 1443 2864; x_wconf 85' lang='lat' dir='ltr'><strong><em>Potest</em></strong></span> <span class='ocrx_word' id='word_1_209' title='bbox 1473 2824 1601 2878; x_wconf 83' lang='lat' dir='ltr'><strong><em>ergo</em></strong></span> <span class='ocrx_word' id='word_1_210' title='bbox 1628 2807 1742 2862; x_wconf 83' lang='lat' dir='ltr'><strong><em>ﬁeri</em></strong></span> <span class='ocrx_word' id='word_1_211' title='bbox 1769 2815 1826 2861; x_wconf 93' lang='lat' dir='ltr'><strong><em>ut</em></strong></span> <span class='ocrx_word' id='word_1_212' title='bbox 1854 2806 2044 2876; x_wconf 87' lang='lat' dir='ltr'><strong><em>aliquis</em></strong></span> 
     </span>
    </p>
   </div>
   <div class='ocr_carea' id='block_1_27' title="bbox 447 2899 2044 2976">
    <p class='ocr_par' dir='ltr' id='par_1_27' title="bbox 447 2899 2044 2976">
     <span class='ocr_line' id='line_1_27' title="bbox 447 2899 2044 2976; baseline -0.004 -17"><span class='ocrx_word' id='word_1_213' title='bbox 447 2905 601 2976; x_wconf 87' lang='lat' dir='ltr'><strong><em>pejor</em></strong></span> <span class='ocrx_word' id='word_1_214' title='bbox 629 2904 701 2959; x_wconf 89' lang='lat' dir='ltr'><strong><em>sit</em></strong></span> <span class='ocrx_word' id='word_1_215' title='bbox 735 2902 972 2972; x_wconf 89' lang='lat' dir='ltr'><strong><em>ethnico,</em></strong></span> <span class='ocrx_word' id='word_1_216' title='bbox 1012 2912 1067 2959; x_wconf 92' lang='lat' dir='ltr'><strong><em>et</em></strong></span> <span class='ocrx_word' id='word_1_217' title='bbox 1105 2913 1282 2958; x_wconf 89' lang='lat' dir='ltr'><strong><em>tamen</em></strong></span> <span class='ocrx_word' id='word_1_218' title='bbox 1313 2902 1365 2956; x_wconf 93' lang='lat' dir='ltr'><strong><em>in</em></strong></span> <span class='ocrx_word' id='word_1_219' title='bbox 1397 2917 1463 2956; x_wconf 91' lang='lat' dir='ltr'><strong><em>eo</em></strong></span> <span class='ocrx_word' id='word_1_220' title='bbox 1486 2899 1685 2956; x_wconf 87' lang='lat' dir='ltr'><strong><em>Christi</em></strong></span> <span class='ocrx_word' id='word_1_221' title='bbox 1727 2899 2044 2954; x_wconf 88' lang='lat' dir='ltr'><strong><em>Sacramen-</em></strong></span> 
     </span>
    </p>
   </div>
   <div class='ocr_carea' id='block_1_28' title="bbox 452 2992 2043 3064">
    <p class='ocr_par' dir='ltr' id='par_1_28' title="bbox 452 2992 2043 3064">
     <span class='ocr_line' id='line_1_28' title="bbox 452 2992 2043 3064; baseline -0.004 -11"><span class='ocrx_word' id='word_1_222' title='bbox 452 3007 566 3053; x_wconf 91' lang='lat' dir='ltr'><strong><em>tum</em></strong></span> <span class='ocrx_word' id='word_1_223' title='bbox 593 3013 701 3052; x_wconf 92' lang='lat' dir='ltr'><strong><em>non</em></strong></span> <span class='ocrx_word' id='word_1_224' title='bbox 741 2998 914 3052; x_wconf 89' lang='lat' dir='ltr'><strong><em>solum</em></strong></span> <span class='ocrx_word' id='word_1_225' title='bbox 940 2996 1027 3060; x_wconf 86' lang='lat' dir='ltr'><strong><em>sit,</em></strong></span> <span class='ocrx_word' id='word_1_226' title='bbox 1058 2995 1154 3051; x_wconf 91' lang='lat' dir='ltr'><strong><em>sed</em></strong></span> <span class='ocrx_word' id='word_1_227' title='bbox 1183 2995 1344 3050; x_wconf 91' lang='lat' dir='ltr'><strong><em>etiam</em></strong></span> <span class='ocrx_word' id='word_1_228' title='bbox 1371 3009 1476 3049; x_wconf 91' lang='lat' dir='ltr'><strong><em>non</em></strong></span> <span class='ocrx_word' id='word_1_229' title='bbox 1507 2993 1576 3048; x_wconf 90' lang='lat' dir='ltr'><strong><em>sit</em></strong></span> <span class='ocrx_word' id='word_1_230' title='bbox 1606 2993 1777 3064; x_wconf 89' lang='lat' dir='ltr'><strong><em>pejus,</em></strong></span> <span class='ocrx_word' id='word_1_231' title='bbox 1805 3007 1962 3063; x_wconf 89' lang='lat' dir='ltr'><strong><em>quam</em></strong></span> <span class='ocrx_word' id='word_1_232' title='bbox 1989 2992 2043 3047; x_wconf 92' lang='lat' dir='ltr'><strong><em>in</em></strong></span> 
     </span>
    </p>
   </div>
   <div class='ocr_carea' id='block_1_29' title="bbox 450 3083 2045 3158">
    <p class='ocr_par' dir='ltr' id='par_1_29' title="bbox 450 3083 2045 3158">
     <span class='ocr_line' id='line_1_29' title="bbox 450 3083 2045 3158; baseline -0.002 -16"><span class='ocrx_word' id='word_1_233' title='bbox 450 3087 668 3143; x_wconf 85' lang='lat' dir='ltr'><strong><em>homine</em></strong></span> <span class='ocrx_word' id='word_1_234' title='bbox 707 3097 895 3144; x_wconf 89' lang='lat' dir='ltr'><strong><em>sancto</em></strong></span> <span class='ocrx_word' id='word_1_235' title='bbox 931 3095 986 3143; x_wconf 87' lang='lat' dir='ltr'><strong><em>et</em></strong></span> <span class='ocrx_word' id='word_1_236' title='bbox 1021 3087 1185 3158; x_wconf 86' lang='lat' dir='ltr'><strong><em>justo.</em></strong></span> <span class='ocrx_word' id='word_1_237' title='bbox 1217 3087 1284 3140; x_wconf 88' lang='lat' dir='ltr'><strong><em>Et</em></strong></span> <span class='ocrx_word' id='word_1_238' title='bbox 1311 3087 1356 3141; x_wconf 89' lang='lat' dir='ltr'><strong><em>si</em></strong></span> <span class='ocrx_word' id='word_1_239' title='bbox 1386 3087 1526 3139; x_wconf 86' lang='lat' dir='ltr'><strong><em>enim</em></strong></span> <span class='ocrx_word' id='word_1_240' title='bbox 1564 3093 1819 3155; x_wconf 90' lang='lat' dir='ltr'><strong><em>quantum</em></strong></span> <span class='ocrx_word' id='word_1_241' title='bbox 1858 3084 1911 3138; x_wconf 92' lang='lat' dir='ltr'><strong><em>in</em></strong></span> <span class='ocrx_word' id='word_1_242' title='bbox 1953 3083 2045 3139; x_wconf 91' lang='lat' dir='ltr'><strong><em>illo</em></strong></span> 
     </span>
    </p>
   </div>
   <div class='ocr_carea' id='block_1_30' title="bbox 452 3175 2043 3248">
    <p class='ocr_par' dir='ltr' id='par_1_30' title="bbox 452 3175 2043 3248">
     <span class='ocr_line' id='line_1_30' title="bbox 452 3175 2043 3248; baseline -0.002 -17"><span class='ocrx_word' id='word_1_243' title='bbox 452 3177 668 3234; x_wconf 88' lang='lat' dir='ltr'><strong><em>homine</em></strong></span> <span class='ocrx_word' id='word_1_244' title='bbox 692 3187 795 3246; x_wconf 91' lang='lat' dir='ltr'><strong><em>est,</em></strong></span> <span class='ocrx_word' id='word_1_245' title='bbox 823 3193 928 3233; x_wconf 89' lang='lat' dir='ltr'><strong><em>non</em></strong></span> <span class='ocrx_word' id='word_1_246' title='bbox 959 3179 1132 3248; x_wconf 91' lang='lat' dir='ltr'><strong><em>ipsum</em></strong></span> <span class='ocrx_word' id='word_1_247' title='bbox 1161 3175 1410 3241; x_wconf 85' lang='lat' dir='ltr'><strong><em>servavit,</em></strong></span> <span class='ocrx_word' id='word_1_248' title='bbox 1439 3175 1533 3231; x_wconf 91' lang='lat' dir='ltr'><strong><em>sed</em></strong></span> <span class='ocrx_word' id='word_1_249' title='bbox 1561 3176 1740 3230; x_wconf 91' lang='lat' dir='ltr'><strong><em>animo</em></strong></span> <span class='ocrx_word' id='word_1_250' title='bbox 1767 3183 1820 3230; x_wconf 89' lang='lat' dir='ltr'><strong><em>et</em></strong></span> <span class='ocrx_word' id='word_1_251' title='bbox 1847 3175 2043 3230; x_wconf 84' lang='lat' dir='ltr'><strong><em>volun-</em></strong></span> 
     </span>
    </p>
   </div>
   <div class='ocr_carea' id='block_1_31' title="bbox 452 3263 2045 3338">
    <p class='ocr_par' dir='ltr' id='par_1_31' title="bbox 452 3263 2045 3338">
     <span class='ocr_line' id='line_1_31' title="bbox 452 3263 2045 3338; baseline -0.002 -15"><span class='ocrx_word' id='word_1_252' title='bbox 452 3276 562 3323; x_wconf 90' lang='lat' dir='ltr'><strong><em>tate</em></strong></span> <span class='ocrx_word' id='word_1_253' title='bbox 584 3269 836 3336; x_wconf 76' lang='lat' dir='ltr'><strong><em>violavit;</em></strong></span> <span class='ocrx_word' id='word_1_254' title='bbox 865 3275 1045 3323; x_wconf 86' lang='lat' dir='ltr'><strong><em>tamen</em></strong></span> <span class='ocrx_word' id='word_1_255' title='bbox 1067 3275 1322 3338; x_wconf 89' lang='lat' dir='ltr'><strong><em>quantum</em></strong></span> <span class='ocrx_word' id='word_1_256' title='bbox 1351 3266 1418 3321; x_wconf 88' lang='lat' dir='ltr'><strong><em>ad</em></strong></span> <span class='ocrx_word' id='word_1_257' title='bbox 1450 3267 1621 3337; x_wconf 90' lang='lat' dir='ltr'><strong><em>ipsum</em></strong></span> <span class='ocrx_word' id='word_1_258' title='bbox 1645 3265 1833 3321; x_wconf 89' lang='lat' dir='ltr'><strong><em>attinet</em></strong></span> <span class='ocrx_word' id='word_1_259' title='bbox 1853 3263 2045 3321; x_wconf 88' lang='lat' dir='ltr'><strong><em>Sacra-</em></strong></span> 
     </span>
    </p>
   </div>
   <div class='ocr_carea' id='block_1_32' title="bbox 453 3356 2044 3429">
    <p class='ocr_par' dir='ltr' id='par_1_32' title="bbox 453 3356 2044 3429">
     <span class='ocr_line' id='line_1_32' title="bbox 453 3356 2044 3429; baseline -0.003 -14"><span class='ocrx_word' id='word_1_260' title='bbox 453 3369 691 3415; x_wconf 90' lang='lat' dir='ltr'><strong><em>mentum</em></strong></span> <span class='ocrx_word' id='word_1_261' title='bbox 714 3402 729 3428; x_wconf 94' lang='lat'><strong><em>,</em></strong></span> <span class='ocrx_word' id='word_1_262' title='bbox 761 3369 814 3414; x_wconf 93' lang='lat' dir='ltr'><strong><em>et</em></strong></span> <span class='ocrx_word' id='word_1_263' title='bbox 846 3375 965 3415; x_wconf 92' lang='lat' dir='ltr'><strong><em>cum</em></strong></span> <span class='ocrx_word' id='word_1_264' title='bbox 993 3369 1360 3429; x_wconf 88' lang='lat' dir='ltr'><strong><em>contemptore</em></strong></span> <span class='ocrx_word' id='word_1_265' title='bbox 1387 3367 1441 3412; x_wconf 93' lang='lat' dir='ltr'><strong><em>et</em></strong></span> <span class='ocrx_word' id='word_1_266' title='bbox 1469 3357 1808 3428; x_wconf 89' lang='lat' dir='ltr'><strong><em>repudiatore</em></strong></span> <span class='ocrx_word' id='word_1_267' title='bbox 1837 3371 1935 3412; x_wconf 92' lang='lat' dir='ltr'><strong><em>suo</em></strong></span> <span class='ocrx_word' id='word_1_268' title='bbox 1961 3356 2044 3410; x_wconf 92' lang='lat' dir='ltr'><strong><em>in-</em></strong></span> 
     </span>
    </p>
   </div>
   <div class='ocr_carea' id='block_1_33' title="bbox 457 3448 2045 3522">
    <p class='ocr_par' dir='ltr' id='par_1_33' title="bbox 457 3448 2045 3522">
     <span class='ocr_line' id='line_1_33' title="bbox 457 3448 2045 3522; baseline -0.001 -16"><span class='ocrx_word' id='word_1_269' title='bbox 457 3460 664 3522; x_wconf 88' lang='lat' dir='ltr'><strong><em>tegrum</em></strong></span> <span class='ocrx_word' id='word_1_270' title='bbox 717 3451 1138 3522; x_wconf 88' lang='lat' dir='ltr'><strong><em>inviolatumque</em></strong></span> <span class='ocrx_word' id='word_1_271' title='bbox 1183 3450 1492 3521; x_wconf 87' lang='lat' dir='ltr'><strong><em>permansit.</em></strong></span> <span class='ocrx_word' id='word_1_272' title='bbox 1532 3449 1719 3504; x_wconf 89' lang='lat' dir='ltr'><strong><em>Nonne</em></strong></span> <span class='ocrx_word' id='word_1_273' title='bbox 1755 3448 2045 3505; x_wconf 71' lang='lat' dir='ltr'><strong><em>Sodomita:</em></strong></span> 
     </span>
    </p>
   </div>
   <div class='ocr_carea' id='block_1_34' title="bbox 452 3538 2110 3614">
    <p class='ocr_par' dir='ltr' id='par_1_34' title="bbox 452 3538 2110 3614">
     <span class='ocr_line' id='line_1_34' title="bbox 452 3538 2110 3614; baseline -0.002 -16"><span class='ocrx_word' id='word_1_274' title='bbox 452 3541 653 3598; x_wconf 89' lang='lat' dir='ltr'><strong><em>ethnici</em></strong></span> <span class='ocrx_word' id='word_1_275' title='bbox 677 3551 848 3607; x_wconf 90' lang='lat' dir='ltr'><strong><em>erant,</em></strong></span> <span class='ocrx_word' id='word_1_276' title='bbox 877 3542 929 3597; x_wconf 91' lang='lat' dir='ltr'><strong><em>id</em></strong></span> <span class='ocrx_word' id='word_1_277' title='bbox 958 3551 1059 3608; x_wconf 90' lang='lat' dir='ltr'><strong><em>est,</em></strong></span> <span class='ocrx_word' id='word_1_278' title='bbox 1082 3542 1348 3614; x_wconf 84' lang='lat' dir='ltr'><strong><em>gentiles?</em></strong></span> <span class='ocrx_word' id='word_1_279' title='bbox 1375 3540 1594 3610; x_wconf 89' lang='lat' dir='ltr'><strong><em>Pejores</em></strong></span> <span class='ocrx_word' id='word_1_280' title='bbox 1621 3555 1750 3611; x_wconf 87' lang='lat' dir='ltr'><strong><em>ergo</em></strong></span> <span class='ocrx_word' id='word_1_281' title='bbox 1779 3548 1934 3595; x_wconf 89' lang='lat' dir='ltr'><strong><em>erant</em></strong></span> <span class='ocrx_word' id='word_1_282' title='bbox 1951 3538 2046 3594; x_wconf 84' lang='lat' dir='ltr'><strong><em>Ju-</em></strong></span> <span class='ocrx_word' id='word_1_283' title='bbox 2107 3567 2110 3570; x_wconf 56' lang='grc' dir='ltr'><strong><em>ι</em></strong></span> 
     </span>
    </p>
   </div>
   <div class='ocr_carea' id='block_1_35' title="bbox 450 3631 2045 3704">
    <p class='ocr_par' dir='ltr' id='par_1_35' title="bbox 450 3631 2045 3704">
     <span class='ocr_line' id='line_1_35' title="bbox 450 3631 2045 3704; baseline -0.001 -17"><span class='ocrx_word' id='word_1_284' title='bbox 450 3632 574 3700; x_wconf 78' lang='lat' dir='ltr'><strong><em>daei,</em></strong></span> <span class='ocrx_word' id='word_1_285' title='bbox 616 3633 807 3704; x_wconf 90' lang='lat' dir='ltr'><strong><em>quibus</em></strong></span> <span class='ocrx_word' id='word_1_286' title='bbox 831 3633 1088 3688; x_wconf 92' lang='lat' dir='ltr'><strong><em>Dominus</em></strong></span> <span class='ocrx_word' id='word_1_287' title='bbox 1117 3632 1264 3700; x_wconf 87' lang='lat' dir='ltr'><strong><em>dicit,</em></strong></span> <span class='ocrx_word' id='word_1_288' title='bbox 1301 3631 1637 3687; x_wconf 80' lang='lat' dir='ltr'><strong><em>Tolerabilius</em></strong></span> <span class='ocrx_word' id='word_1_289' title='bbox 1677 3633 1770 3685; x_wconf 90' lang='lat' dir='ltr'><strong><em>erit</em></strong></span> <span class='ocrx_word' id='word_1_290' title='bbox 1806 3631 2045 3686; x_wconf 86' lang='lat' dir='ltr'><strong><em>Sodomis</em></strong></span> 
     </span>
    </p>
   </div>
   <div class='ocr_carea' id='block_1_36' title="bbox 450 3723 2045 3796">
    <p class='ocr_par' dir='ltr' id='par_1_36' title="bbox 450 3723 2045 3796">
     <span class='ocr_line' id='line_1_36' title="bbox 450 3723 2045 3796; baseline 0.001 -18"><span class='ocrx_word' id='word_1_291' title='bbox 450 3725 506 3779; x_wconf 90' lang='lat' dir='ltr'><strong><em>in</em></strong></span> <span class='ocrx_word' id='word_1_292' title='bbox 532 3725 614 3778; x_wconf 90' lang='lat' dir='ltr'><strong><em>die</em></strong></span> <span class='ocrx_word' id='word_1_293' title='bbox 632 3724 836 3796; x_wconf 84' lang='lat' dir='ltr'><strong><em>judicii,</em></strong></span> <span class='ocrx_word' id='word_1_294' title='bbox 865 3743 1016 3796; x_wconf 84' lang='lat' dir='ltr'><strong><em>quant</em></strong></span> <span class='ocrx_word' id='word_1_295' title='bbox 1040 3725 1174 3780; x_wconf 85' lang='lat' dir='ltr'><strong><em>vobis</em></strong></span> <span class='ocrx_word' id='word_1_296' title='bbox 1203 3723 1310 3795; x_wconf 89' lang='lat' dir='ltr'><strong><em>(Id.</em></strong></span> <span class='ocrx_word' id='word_1_297' title='bbox 1335 3741 1410 3790; x_wconf 75' lang='lat' dir='ltr'><strong><em>XI,</em></strong></span> <span class='ocrx_word' id='word_1_298' title='bbox 1441 3723 1536 3796; x_wconf 63' lang='grc' dir='ltr'><strong><em>Ἡ)</em></strong></span> <span class='ocrx_word' id='word_1_299' title='bbox 1568 3742 1580 3778; x_wconf 89' lang='lat'>:</span> <span class='ocrx_word' id='word_1_300' title='bbox 1612 3732 1669 3779; x_wconf 87' lang='lat' dir='ltr'><strong><em>et</em></strong></span> <span class='ocrx_word' id='word_1_301' title='bbox 1694 3723 1886 3794; x_wconf 88' lang='lat' dir='ltr'><strong><em>quibus</em></strong></span> <span class='ocrx_word' id='word_1_302' title='bbox 1915 3738 2045 3794; x_wconf 87' lang='lat' dir='ltr'><strong><em>pro-</em></strong></span> 
     </span>
    </p>
   </div>
   <div class='ocr_carea' id='block_1_37' title="bbox 452 3812 2042 3888">
    <p class='ocr_par' dir='ltr' id='par_1_37' title="bbox 452 3812 2042 3888">
     <span class='ocr_line' id='line_1_37' title="bbox 452 3812 2042 3888; baseline 0.001 -19"><span class='ocrx_word' id='word_1_303' title='bbox 452 3815 610 3888; x_wconf 90' lang='lat' dir='ltr'><strong><em>pheta</em></strong></span> <span class='ocrx_word' id='word_1_304' title='bbox 641 3816 787 3880; x_wconf 90' lang='lat' dir='ltr'><strong><em>dicit,</em></strong></span> <span class='ocrx_word' id='word_1_305' title='bbox 815 3814 1147 3886; x_wconf 76' lang='lat' dir='ltr'><strong><em>Justiﬁcastis</em></strong></span> <span class='ocrx_word' id='word_1_306' title='bbox 1183 3815 1462 3872; x_wconf 88' lang='lat' dir='ltr'><strong><em>Sodomam</em></strong></span> <span class='ocrx_word' id='word_1_307' title='bbox 1491 3815 1510 3886; x_wconf 94' lang='lat'><strong><em>(</em></strong></span> <span class='ocrx_word' id='word_1_308' title='bbox 1534 3814 1723 3869; x_wconf 80' lang='lat' dir='ltr'><strong><em>Ezech.</em></strong></span> <span class='ocrx_word' id='word_1_309' title='bbox 1753 3814 1958 3881; x_wconf 63' lang='lat'><strong><em>“1,51</em></strong></span> <span class='ocrx_word' id='word_1_310' title='bbox 1986 3812 2042 3887; x_wconf 83' lang='grc'>);</span> 
     </span>
    </p>
   </div>
   <div class='ocr_carea' id='block_1_38' title="bbox 453 3905 2043 3979">
    <p class='ocr_par' dir='ltr' id='par_1_38' title="bbox 453 3905 2043 3979">
     <span class='ocr_line' id='line_1_38' title="bbox 453 3905 2043 3979; baseline -0.001 -15"><span class='ocrx_word' id='word_1_311' title='bbox 453 3909 508 3964; x_wconf 89' lang='lat' dir='ltr'><strong><em>id</em></strong></span> <span class='ocrx_word' id='word_1_312' title='bbox 551 3917 648 3975; x_wconf 90' lang='lat' dir='ltr'><strong><em>est,</em></strong></span> <span class='ocrx_word' id='word_1_313' title='bbox 697 3909 748 3962; x_wconf 93' lang='lat' dir='ltr'><strong><em>in</em></strong></span> <span class='ocrx_word' id='word_1_314' title='bbox 789 3909 1187 3979; x_wconf 88' lang='lat' dir='ltr'><strong><em>comparatione</em></strong></span> <span class='ocrx_word' id='word_1_315' title='bbox 1215 3916 1412 3976; x_wconf 88' lang='lat' dir='ltr'><strong><em>vestra,</em></strong></span> <span class='ocrx_word' id='word_1_316' title='bbox 1454 3907 1687 3963; x_wconf 89' lang='lat' dir='ltr'><strong><em>Sodoma</em></strong></span> <span class='ocrx_word' id='word_1_317' title='bbox 1724 3909 1868 3975; x_wconf 89' lang='lat' dir='ltr'><strong><em>justa</em></strong></span> <span class='ocrx_word' id='word_1_318' title='bbox 1906 3905 2043 3962; x_wconf 82' lang='lat' dir='ltr'><strong><em>facta</em></strong></span> 
     </span>
    </p>
   </div>
   <div class='ocr_carea' id='block_1_39' title="bbox 452 3998 2043 4071">
    <p class='ocr_par' dir='ltr' id='par_1_39' title="bbox 452 3998 2043 4071">
     <span class='ocr_line' id='line_1_39' title="bbox 452 3998 2043 4071; baseline 0.001 -17"><span class='ocrx_word' id='word_1_319' title='bbox 452 4001 596 4055; x_wconf 78' lang='lat' dir='ltr'><strong><em>est&#39;.</em></strong></span> <span class='ocrx_word' id='word_1_320' title='bbox 618 3998 884 4071; x_wconf 86' lang='lat' dir='ltr'><strong><em>Numquid</em></strong></span> <span class='ocrx_word' id='word_1_321' title='bbox 929 4009 1105 4057; x_wconf 89' lang='lat' dir='ltr'><strong><em>tamen</em></strong></span> <span class='ocrx_word' id='word_1_322' title='bbox 1156 4000 1279 4056; x_wconf 91' lang='lat' dir='ltr'><strong><em>ideo</em></strong></span> <span class='ocrx_word' id='word_1_323' title='bbox 1322 4008 1656 4057; x_wconf 86' lang='lat' dir='ltr'><strong><em>sacramenta</em></strong></span> <span class='ocrx_word' id='word_1_324' title='bbox 1701 3999 1876 4056; x_wconf 86' lang='lat' dir='ltr'><strong><em>divina</em></strong></span> <span class='ocrx_word' id='word_1_325' title='bbox 1924 4014 2043 4070; x_wconf 66' lang='lat' dir='ltr'><strong><em>quas</em></strong></span> 
     </span>
    </p>
   </div>
   <div class='ocr_carea' id='block_1_40' title="bbox 460 4151 1349 4212">
    <p class='ocr_par' dir='ltr' id='par_1_40' title="bbox 460 4151 1349 4212">
     <span class='ocr_line' id='line_1_40' title="bbox 460 4151 1349 4212; baseline 0.003 -14"><span class='ocrx_word' id='word_1_326' title='bbox 460 4209 462 4211; x_wconf 16' lang='grc' dir='ltr'>ν</span> <span class='ocrx_word' id='word_1_327' title='bbox 515 4152 532 4183; x_wconf 74' lang='grc' dir='ltr'><strong><em>ι</em></strong></span> <span class='ocrx_word' id='word_1_328' title='bbox 569 4151 796 4212; x_wconf 84' lang='lat' dir='ltr'><strong><em>Verbum,</em></strong></span> <span class='ocrx_word' id='word_1_329' title='bbox 821 4165 1005 4212; x_wconf 85' lang='lat' dir='ltr'><strong><em>censeo,</em></strong></span> <span class='ocrx_word' id='word_1_330' title='bbox 1030 4154 1174 4204; x_wconf 89' lang='lat' dir='ltr'><strong><em>abest</em></strong></span> <span class='ocrx_word' id='word_1_331' title='bbox 1191 4165 1222 4204; x_wconf 86' lang='lat' dir='ltr'><strong><em>a</em></strong></span> <span class='ocrx_word' id='word_1_332' title='bbox 1246 4161 1349 4204; x_wconf 76' lang='lat' dir='ltr'><strong><em>MSS.</em></strong></span> 
     </span>
    </p>
   </div>
   <div class='ocr_carea' id='block_1_41' title="bbox 515 4213 1853 4278">
    <p class='ocr_par' dir='ltr' id='par_1_41' title="bbox 515 4213 1853 4278">
     <span class='ocr_line' id='line_1_41' title="bbox 515 4213 1853 4278; baseline 0.001 -17"><span class='ocrx_word' id='word_1_333' title='bbox 515 4215 535 4244; x_wconf 80' lang='grc'>³</span> <span class='ocrx_word' id='word_1_334' title='bbox 569 4218 642 4261; x_wconf 82' lang='lat' dir='ltr'><strong><em>Er.</em></strong></span> <span class='ocrx_word' id='word_1_335' title='bbox 666 4213 810 4276; x_wconf 79' lang='lat' dir='ltr'><strong><em>Lugd.</em></strong></span> <span class='ocrx_word' id='word_1_336' title='bbox 833 4222 951 4265; x_wconf 77' lang='lat' dir='ltr'><strong><em>ven.</em></strong></span> <span class='ocrx_word' id='word_1_337' title='bbox 976 4221 1109 4278; x_wconf 87' lang='lat' dir='ltr'><strong><em>Lov.,</em></strong></span> <span class='ocrx_word' id='word_1_338' title='bbox 1132 4213 1334 4266; x_wconf 86' lang='lat' dir='ltr'><strong><em>Sodoma</em></strong></span> <span class='ocrx_word' id='word_1_339' title='bbox 1343 4213 1614 4278; x_wconf 81' lang='lat' dir='ltr'><strong><em>justi/icata</em></strong></span> <span class='ocrx_word' id='word_1_340' title='bbox 1642 4218 1728 4264; x_wconf 79' lang='lat' dir='ltr'><strong><em>est.</em></strong></span> <span class='ocrx_word' id='word_1_341' title='bbox 1794 4220 1853 4263; x_wconf 73' lang='grc' dir='ltr'><strong>Μ.</strong></span> 
     </span>
    </p>
   </div>
   <div class='ocr_carea' id='block_1_42' title="bbox 1197 384 2955 454">
    <p class='ocr_par' dir='ltr' id='par_1_42' title="bbox 1197 384 2955 454">
     <span class='ocr_line' id='line_1_42' title="bbox 1197 384 2955 454; baseline -0.001 -6"><span class='ocrx_word' id='word_1_342' title='bbox 1197 390 1289 449; x_wconf 83' lang='lat' dir='ltr'><strong><em>DE</em></strong></span> <span class='ocrx_word' id='word_1_343' title='bbox 1323 387 1664 448; x_wconf 76' lang='lat' dir='ltr'><strong><em>BAPTISMO</em></strong></span> <span class='ocrx_word' id='word_1_344' title='bbox 1699 387 1976 447; x_wconf 83' lang='lat' dir='ltr'><strong><em>CONTRA</em></strong></span> <span class='ocrx_word' id='word_1_345' title='bbox 2014 384 2458 454; x_wconf 81' lang='lat' dir='ltr'><strong><em>DONATISTAS,</em></strong></span> <span class='ocrx_word' id='word_1_346' title='bbox 2497 385 2557 443; x_wconf 91' lang='lat' dir='ltr'><strong><em>S.</em></strong></span> <span class='ocrx_word' id='word_1_347' title='bbox 2588 385 2955 446; x_wconf 80' lang='lat' dir='ltr'><strong><em>AUGUSTINI</em></strong></span> 
     </span>
    </p>
   </div>
   <div class='ocr_carea' id='block_1_43' title="bbox 2147 507 3732 592">
    <p class='ocr_par' dir='ltr' id='par_1_43' title="bbox 2147 507 3732 592">
     <span class='ocr_line' id='line_1_43' title="bbox 2147 507 3732 592; baseline 0.011 -31"><span class='ocrx_word' id='word_1_348' title='bbox 2147 507 2288 578; x_wconf 88' lang='lat' dir='ltr'><strong><em>apud</em></strong></span> <span class='ocrx_word' id='word_1_349' title='bbox 2328 507 2540 564; x_wconf 69' lang='lat' dir='ltr'><strong><em>Iudaeos</em></strong></span> <span class='ocrx_word' id='word_1_350' title='bbox 2583 519 2756 581; x_wconf 90' lang='lat' dir='ltr'><strong><em>erant,</em></strong></span> <span class='ocrx_word' id='word_1_351' title='bbox 2803 512 2926 567; x_wconf 89' lang='lat' dir='ltr'><strong><em>talia</em></strong></span> <span class='ocrx_word' id='word_1_352' title='bbox 2973 521 3126 570; x_wconf 89' lang='lat' dir='ltr'><strong><em>erant</em></strong></span> <span class='ocrx_word' id='word_1_353' title='bbox 3171 516 3357 587; x_wconf 87' lang='lat' dir='ltr'><strong><em>quales</em></strong></span> <span class='ocrx_word' id='word_1_354' title='bbox 3393 518 3497 592; x_wconf 84' lang='lat' dir='ltr'><strong><em>ipsi</em></strong></span> <span class='ocrx_word' id='word_1_355' title='bbox 3533 532 3732 589; x_wconf 85' lang='lat' dir='ltr'><strong><em>erant;</em></strong></span> 
     </span>
    </p>
   </div>
   <div class='ocr_carea' id='block_1_44' title="bbox 2147 601 3732 678">
    <p class='ocr_par' dir='ltr' id='par_1_44' title="bbox 2147 601 3732 678">
     <span class='ocr_line' id='line_1_44' title="bbox 2147 601 3732 678; baseline 0.009 -23"><span class='ocrx_word' id='word_1_356' title='bbox 2147 616 2265 671; x_wconf 79' lang='lat' dir='ltr'><strong><em>quae</em></strong></span> <span class='ocrx_word' id='word_1_357' title='bbox 2288 601 2546 658; x_wconf 88' lang='lat' dir='ltr'><strong><em>Dominus</em></strong></span> <span class='ocrx_word' id='word_1_358' title='bbox 2574 604 2692 674; x_wconf 89' lang='lat' dir='ltr'><strong><em>ipse</em></strong></span> <span class='ocrx_word' id='word_1_359' title='bbox 2712 619 2922 677; x_wconf 91' lang='lat' dir='ltr'><strong><em>quoque</em></strong></span> <span class='ocrx_word' id='word_1_360' title='bbox 2943 607 3196 678; x_wconf 87' lang='lat' dir='ltr'><strong><em>suscepit,</em></strong></span> <span class='ocrx_word' id='word_1_361' title='bbox 3215 618 3268 664; x_wconf 91' lang='lat' dir='ltr'><strong><em>et</em></strong></span> <span class='ocrx_word' id='word_1_362' title='bbox 3282 609 3350 665; x_wconf 90' lang='lat' dir='ltr'><strong><em>ad</em></strong></span> <span class='ocrx_word' id='word_1_363' title='bbox 3367 624 3430 666; x_wconf 88' lang='lat' dir='ltr'><strong><em>ea</em></strong></span> <span class='ocrx_word' id='word_1_364' title='bbox 3450 613 3732 671; x_wconf 85' lang='lat' dir='ltr'><strong><em>celebran-</em></strong></span> 
     </span>
    </p>
   </div>
   <div class='ocr_carea' id='block_1_45' title="bbox 2147 693 3730 778">
    <p class='ocr_par' dir='ltr' id='par_1_45' title="bbox 2147 693 3730 778">
     <span class='ocr_line' id='line_1_45' title="bbox 2147 693 3730 778; baseline 0.008 -29"><span class='ocrx_word' id='word_1_365' title='bbox 2147 693 2213 749; x_wconf 91' lang='lat' dir='ltr'><strong><em>da</em></strong></span> <span class='ocrx_word' id='word_1_366' title='bbox 2245 693 2488 764; x_wconf 89' lang='lat' dir='ltr'><strong><em>leprosos</em></strong></span> <span class='ocrx_word' id='word_1_367' title='bbox 2515 711 2649 767; x_wconf 91' lang='lat' dir='ltr'><strong><em>quos</em></strong></span> <span class='ocrx_word' id='word_1_368' title='bbox 2679 698 3028 755; x_wconf 87' lang='lat' dir='ltr'><strong><em>mundaverat</em></strong></span> <span class='ocrx_word' id='word_1_369' title='bbox 3054 701 3199 756; x_wconf 90' lang='lat' dir='ltr'><strong><em>misit</em></strong></span> <span class='ocrx_word' id='word_1_370' title='bbox 3223 701 3242 773; x_wconf 95' lang='lat'><strong><em>(</em></strong></span> <span class='ocrx_word' id='word_1_371' title='bbox 3269 701 3392 758; x_wconf 88' lang='lat' dir='ltr'><strong><em>Luc.</em></strong></span> <span class='ocrx_word' id='word_1_372' title='bbox 3420 720 3557 773; x_wconf 81' lang='lat' dir='ltr'><strong><em>xvu,</em></strong></span> <span class='ocrx_word' id='word_1_373' title='bbox 3587 708 3657 761; x_wconf 75' lang='grc'><strong><em>14</em></strong></span> <span class='ocrx_word' id='word_1_374' title='bbox 3685 708 3730 778; x_wconf 94' lang='grc'><em>),</em></span> 
     </span>
    </p>
   </div>
   <div class='ocr_carea' id='block_1_46' title="bbox 2146 784 3735 870">
    <p class='ocr_par' dir='ltr' id='par_1_46' title="bbox 2146 784 3735 870">
     <span class='ocr_line' id='line_1_46' title="bbox 2146 784 3735 870; baseline 0.009 -31"><span class='ocrx_word' id='word_1_375' title='bbox 2146 793 2200 840; x_wconf 93' lang='lat' dir='ltr'><strong><em>et</em></strong></span> <span class='ocrx_word' id='word_1_376' title='bbox 2226 799 2288 840; x_wconf 91' lang='lat' dir='ltr'><strong><em>ea</em></strong></span> <span class='ocrx_word' id='word_1_377' title='bbox 2315 784 2588 842; x_wconf 58' lang='lat' dir='ltr'><strong><em>Zachariae</em></strong></span> <span class='ocrx_word' id='word_1_378' title='bbox 2616 788 2936 844; x_wconf 86' lang='lat' dir='ltr'><strong><em>ministranti</em></strong></span> <span class='ocrx_word' id='word_1_379' title='bbox 2973 791 3190 862; x_wconf 77' lang='lat' dir='ltr'><strong><em>angelus</em></strong></span> <span class='ocrx_word' id='word_1_380' title='bbox 3227 791 3462 863; x_wconf 87' lang='lat' dir='ltr'><strong><em>adstitit,</em></strong></span> <span class='ocrx_word' id='word_1_381' title='bbox 3498 811 3735 870; x_wconf 88' lang='lat' dir='ltr'><strong><em>eumque</em></strong></span> 
     </span>
    </p>
   </div>
   <div class='ocr_carea' id='block_1_47' title="bbox 2149 879 3728 958">
    <p class='ocr_par' dir='ltr' id='par_1_47' title="bbox 2149 879 3728 958">
     <span class='ocr_line' id='line_1_47' title="bbox 2149 879 3728 958; baseline 0.007 -24"><span class='ocrx_word' id='word_1_382' title='bbox 2149 879 2202 935; x_wconf 91' lang='lat' dir='ltr'><strong><em>in</em></strong></span> <span class='ocrx_word' id='word_1_383' title='bbox 2230 881 2427 951; x_wconf 89' lang='lat' dir='ltr'><strong><em>templo</em></strong></span> <span class='ocrx_word' id='word_1_384' title='bbox 2448 880 2835 939; x_wconf 86' lang='lat' dir='ltr'><strong><em>sacriﬁcantem</em></strong></span> <span class='ocrx_word' id='word_1_385' title='bbox 2859 884 3166 940; x_wconf 82' lang='lat' dir='ltr'><strong><em>exauditum</em></strong></span> <span class='ocrx_word' id='word_1_386' title='bbox 3189 899 3307 942; x_wconf 87' lang='lat' dir='ltr'><strong><em>esse</em></strong></span> <span class='ocrx_word' id='word_1_387' title='bbox 3326 889 3590 945; x_wconf 87' lang='lat' dir='ltr'><strong><em>nuntiavit</em></strong></span> <span class='ocrx_word' id='word_1_388' title='bbox 3610 889 3728 958; x_wconf 84' lang='lat' dir='ltr'><strong><em>(la.</em></strong></span> 
     </span>
    </p>
   </div>
   <div class='ocr_carea' id='block_1_48' title="bbox 2111 975 3732 1052">
    <p class='ocr_par' dir='ltr' id='par_1_48' title="bbox 2111 975 3732 1052">
     <span class='ocr_line' id='line_1_48' title="bbox 2111 975 3732 1052; baseline 0.006 -23"><span class='ocrx_word' id='word_1_389' title='bbox 2111 989 2184 1052; x_wconf 61' lang='grc' dir='ltr'><strong><em>ἰ,</em></strong></span> <span class='ocrx_word' id='word_1_390' title='bbox 2213 975 2301 1042; x_wconf 77' lang='lat' dir='ltr'><strong><em>ll,</em></strong></span> <span class='ocrx_word' id='word_1_391' title='bbox 2331 975 2462 1045; x_wconf 79' lang='lat' dir='ltr'><strong><em>i5)?</em></strong></span> <span class='ocrx_word' id='word_1_392' title='bbox 2486 975 2610 1031; x_wconf 60' lang='lat' dir='ltr'><strong><em>Haec</em></strong></span> <span class='ocrx_word' id='word_1_393' title='bbox 2637 976 2823 1032; x_wconf 89' lang='lat' dir='ltr'><strong><em>eadem</em></strong></span> <span class='ocrx_word' id='word_1_394' title='bbox 2851 987 3180 1034; x_wconf 86' lang='lat' dir='ltr'><strong><em>sacramenta</em></strong></span> <span class='ocrx_word' id='word_1_395' title='bbox 3208 988 3262 1034; x_wconf 92' lang='lat' dir='ltr'><strong><em>et</em></strong></span> <span class='ocrx_word' id='word_1_396' title='bbox 3289 980 3343 1035; x_wconf 93' lang='lat' dir='ltr'><strong><em>in</em></strong></span> <span class='ocrx_word' id='word_1_397' title='bbox 3372 979 3526 1036; x_wconf 91' lang='lat' dir='ltr'><strong><em>bonis</em></strong></span> <span class='ocrx_word' id='word_1_398' title='bbox 3557 980 3732 1039; x_wconf 85' lang='lat' dir='ltr'><strong><em>homi-</em></strong></span> 
     </span>
    </p>
   </div>
   <div class='ocr_carea' id='block_1_49' title="bbox 2148 1066 3731 1143">
    <p class='ocr_par' dir='ltr' id='par_1_49' title="bbox 2148 1066 3731 1143">
     <span class='ocr_line' id='line_1_49' title="bbox 2148 1066 3731 1143; baseline 0.006 -23"><span class='ocrx_word' id='word_1_399' title='bbox 2148 1066 2304 1122; x_wconf 90' lang='lat' dir='ltr'><strong><em>nibus</em></strong></span> <span class='ocrx_word' id='word_1_400' title='bbox 2329 1067 2471 1122; x_wconf 89' lang='lat' dir='ltr'><strong><em>illius</em></strong></span> <span class='ocrx_word' id='word_1_401' title='bbox 2492 1069 2746 1140; x_wconf 90' lang='lat' dir='ltr'><strong><em>temporis</em></strong></span> <span class='ocrx_word' id='word_1_402' title='bbox 2760 1077 2934 1134; x_wconf 89' lang='lat' dir='ltr'><strong><em>erant,</em></strong></span> <span class='ocrx_word' id='word_1_403' title='bbox 2955 1077 3010 1126; x_wconf 91' lang='lat' dir='ltr'><strong><em>et</em></strong></span> <span class='ocrx_word' id='word_1_404' title='bbox 3029 1071 3080 1125; x_wconf 91' lang='lat' dir='ltr'><strong><em>in</em></strong></span> <span class='ocrx_word' id='word_1_405' title='bbox 3101 1070 3257 1126; x_wconf 88' lang='lat' dir='ltr'><strong><em>malis</em></strong></span> <span class='ocrx_word' id='word_1_406' title='bbox 3277 1071 3547 1142; x_wconf 89' lang='lat' dir='ltr'><strong><em>pejoribus</em></strong></span> <span class='ocrx_word' id='word_1_407' title='bbox 3566 1089 3731 1143; x_wconf 90' lang='lat' dir='ltr'><strong><em>quam</em></strong></span> 
     </span>
    </p>
   </div>
   <div class='ocr_carea' id='block_1_50' title="bbox 2147 1159 3733 1233">
    <p class='ocr_par' dir='ltr' id='par_1_50' title="bbox 2147 1159 3733 1233">
     <span class='ocr_line' id='line_1_50' title="bbox 2147 1159 3733 1233; baseline 0.005 -19"><span class='ocrx_word' id='word_1_408' title='bbox 2147 1159 2255 1214; x_wconf 91' lang='lat' dir='ltr'><strong><em>sint</em></strong></span> <span class='ocrx_word' id='word_1_409' title='bbox 2303 1159 2558 1228; x_wconf 89' lang='lat' dir='ltr'><strong><em>Ethnici;</em></strong></span> <span class='ocrx_word' id='word_1_410' title='bbox 2605 1161 3031 1233; x_wconf 90' lang='lat' dir='ltr'><strong><em>quandoquidem</em></strong></span> <span class='ocrx_word' id='word_1_411' title='bbox 3079 1161 3372 1220; x_wconf 90' lang='lat' dir='ltr'><strong><em>Sodomitis</em></strong></span> <span class='ocrx_word' id='word_1_412' title='bbox 3421 1165 3478 1220; x_wconf 93' lang='lat' dir='ltr'><strong><em>in</em></strong></span> <span class='ocrx_word' id='word_1_413' title='bbox 3525 1165 3733 1223; x_wconf 88' lang='lat' dir='ltr'><strong><em>malitia</em></strong></span> 
     </span>
    </p>
   </div>
   <div class='ocr_carea' id='block_1_51' title="bbox 2148 1251 3731 1322">
    <p class='ocr_par' dir='ltr' id='par_1_51' title="bbox 2148 1251 3731 1322">
     <span class='ocr_line' id='line_1_51' title="bbox 2148 1251 3731 1322; baseline 0.007 -19"><span class='ocrx_word' id='word_1_414' title='bbox 2148 1251 2352 1322; x_wconf 84' lang='lat' dir='ltr'><strong><em>praelati</em></strong></span> <span class='ocrx_word' id='word_1_415' title='bbox 2380 1261 2504 1307; x_wconf 88' lang='lat' dir='ltr'><strong><em>sunt</em></strong></span> <span class='ocrx_word' id='word_1_416' title='bbox 2531 1270 2545 1305; x_wconf 89' lang='lat'><strong>:</strong></span> <span class='ocrx_word' id='word_1_417' title='bbox 2575 1261 2629 1308; x_wconf 92' lang='lat' dir='ltr'><strong><em>et</em></strong></span> <span class='ocrx_word' id='word_1_418' title='bbox 2657 1262 2835 1310; x_wconf 89' lang='lat' dir='ltr'><strong><em>tamen</em></strong></span> <span class='ocrx_word' id='word_1_419' title='bbox 2861 1255 2951 1310; x_wconf 91' lang='lat' dir='ltr'><strong><em>illa</em></strong></span> <span class='ocrx_word' id='word_1_420' title='bbox 2965 1263 3295 1312; x_wconf 87' lang='lat' dir='ltr'><strong><em>sacramenta</em></strong></span> <span class='ocrx_word' id='word_1_421' title='bbox 3315 1264 3470 1313; x_wconf 88' lang='lat' dir='ltr'><strong><em>erant</em></strong></span> <span class='ocrx_word' id='word_1_422' title='bbox 3487 1257 3544 1315; x_wconf 85' lang='lat' dir='ltr'><strong><em>in</em></strong></span> <span class='ocrx_word' id='word_1_423' title='bbox 3567 1259 3731 1314; x_wconf 87' lang='lat' dir='ltr'><strong><em>utris-</em></strong></span> 
     </span>
    </p>
   </div>
   <div class='ocr_carea' id='block_1_52' title="bbox 2145 1343 2879 1415">
    <p class='ocr_par' dir='ltr' id='par_1_52' title="bbox 2145 1343 2879 1415">
     <span class='ocr_line' id='line_1_52' title="bbox 2145 1343 2879 1415; baseline 0.007 -20"><span class='ocrx_word' id='word_1_424' title='bbox 2145 1356 2248 1412; x_wconf 89' lang='lat' dir='ltr'><strong><em>que</em></strong></span> <span class='ocrx_word' id='word_1_425' title='bbox 2277 1343 2476 1413; x_wconf 89' lang='lat' dir='ltr'><strong><em>integra</em></strong></span> <span class='ocrx_word' id='word_1_426' title='bbox 2503 1353 2662 1415; x_wconf 90' lang='lat' dir='ltr'><strong><em>atque</em></strong></span> <span class='ocrx_word' id='word_1_427' title='bbox 2682 1344 2879 1400; x_wconf 88' lang='lat' dir='ltr'><strong><em>divina.</em></strong></span> 
     </span>
    </p>
   </div>
   <div class='ocr_carea' id='block_1_53' title="bbox 2217 1435 3733 1511">
    <p class='ocr_par' dir='ltr' id='par_1_53' title="bbox 2217 1435 3733 1511">
     <span class='ocr_line' id='line_1_53' title="bbox 2217 1435 3733 1511; baseline 0.006 -20"><span class='ocrx_word' id='word_1_428' title='bbox 2217 1435 2305 1491; x_wconf 90' lang='lat'><strong><em>87.</em></strong></span> <span class='ocrx_word' id='word_1_429' title='bbox 2345 1435 2477 1491; x_wconf 84' lang='lat' dir='ltr'><strong><em>Nam</em></strong></span> <span class='ocrx_word' id='word_1_430' title='bbox 2507 1445 2562 1492; x_wconf 91' lang='lat' dir='ltr'><strong><em>et</em></strong></span> <span class='ocrx_word' id='word_1_431' title='bbox 2586 1439 2685 1509; x_wconf 87' lang='lat' dir='ltr'><strong><em>ipsi</em></strong></span> <span class='ocrx_word' id='word_1_432' title='bbox 2713 1439 2949 1495; x_wconf 89' lang='lat' dir='ltr'><strong><em>Gentiles</em></strong></span> <span class='ocrx_word' id='word_1_433' title='bbox 2974 1440 3018 1496; x_wconf 91' lang='lat' dir='ltr'><strong><em>si</em></strong></span> <span class='ocrx_word' id='word_1_434' title='bbox 3047 1440 3175 1511; x_wconf 89' lang='lat' dir='ltr'><strong><em>quid</em></strong></span> <span class='ocrx_word' id='word_1_435' title='bbox 3193 1439 3429 1496; x_wconf 88' lang='lat' dir='ltr'><strong><em>divinum</em></strong></span> <span class='ocrx_word' id='word_1_436' title='bbox 3450 1449 3506 1498; x_wconf 89' lang='lat' dir='ltr'><strong><em>et</em></strong></span> <span class='ocrx_word' id='word_1_437' title='bbox 3523 1450 3733 1500; x_wconf 90' lang='lat' dir='ltr'><strong><em>rectum</em></strong></span> 
     </span>
    </p>
   </div>
   <div class='ocr_carea' id='block_1_54' title="bbox 2147 1527 3734 1604">
    <p class='ocr_par' dir='ltr' id='par_1_54' title="bbox 2147 1527 3734 1604">
     <span class='ocr_line' id='line_1_54' title="bbox 2147 1527 3734 1604; baseline 0.007 -24"><span class='ocrx_word' id='word_1_438' title='bbox 2147 1527 2200 1580; x_wconf 93' lang='lat' dir='ltr'><strong><em>in</em></strong></span> <span class='ocrx_word' id='word_1_439' title='bbox 2230 1527 2486 1584; x_wconf 90' lang='lat' dir='ltr'><strong><em>doctrinis</em></strong></span> <span class='ocrx_word' id='word_1_440' title='bbox 2525 1531 2637 1586; x_wconf 90' lang='lat' dir='ltr'><strong><em>suis</em></strong></span> <span class='ocrx_word' id='word_1_441' title='bbox 2671 1531 2868 1588; x_wconf 88' lang='lat' dir='ltr'><strong><em>habere</em></strong></span> <span class='ocrx_word' id='word_1_442' title='bbox 2898 1541 3213 1604; x_wconf 91' lang='lat' dir='ltr'><strong><em>potuerunt,</em></strong></span> <span class='ocrx_word' id='word_1_443' title='bbox 3243 1548 3352 1589; x_wconf 90' lang='lat' dir='ltr'><strong><em>non</em></strong></span> <span class='ocrx_word' id='word_1_444' title='bbox 3393 1534 3734 1604; x_wconf 54' lang='lat' dir='ltr'><strong><em>improbavec</em></strong></span> 
     </span>
    </p>
   </div>
   <div class='ocr_carea' id='block_1_55' title="bbox 2146 1621 3736 1696">
    <p class='ocr_par' dir='ltr' id='par_1_55' title="bbox 2146 1621 3736 1696">
     <span class='ocr_line' id='line_1_55' title="bbox 2146 1621 3736 1696; baseline 0.008 -24"><span class='ocrx_word' id='word_1_445' title='bbox 2146 1629 2271 1673; x_wconf 91' lang='lat' dir='ltr'><strong><em>runt</em></strong></span> <span class='ocrx_word' id='word_1_446' title='bbox 2294 1621 2464 1676; x_wconf 88' lang='lat' dir='ltr'><strong><em>sancti</em></strong></span> <span class='ocrx_word' id='word_1_447' title='bbox 2492 1623 2682 1691; x_wconf 89' lang='lat' dir='ltr'><strong><em>nostri,</em></strong></span> <span class='ocrx_word' id='word_1_448' title='bbox 2705 1624 2948 1694; x_wconf 90' lang='lat' dir='ltr'><strong><em>quamvis</em></strong></span> <span class='ocrx_word' id='word_1_449' title='bbox 2968 1625 3042 1679; x_wconf 92' lang='lat' dir='ltr'><strong><em>illi</em></strong></span> <span class='ocrx_word' id='word_1_450' title='bbox 3068 1641 3164 1695; x_wconf 89' lang='lat' dir='ltr'><strong><em>per</em></strong></span> <span class='ocrx_word' id='word_1_451' title='bbox 3183 1641 3308 1680; x_wconf 89' lang='lat' dir='ltr'><strong><em>suas</em></strong></span> <span class='ocrx_word' id='word_1_452' title='bbox 3327 1627 3736 1696; x_wconf 85' lang='lat' dir='ltr'><strong><em>superstitiones</em></strong></span> 
     </span>
    </p>
   </div>
   <div class='ocr_carea' id='block_1_56' title="bbox 2147 1712 3734 1787">
    <p class='ocr_par' dir='ltr' id='par_1_56' title="bbox 2147 1712 3734 1787">
     <span class='ocr_line' id='line_1_56' title="bbox 2147 1712 3734 1787; baseline 0.004 -21"><span class='ocrx_word' id='word_1_453' title='bbox 2147 1720 2202 1766; x_wconf 89' lang='lat' dir='ltr'><strong><em>et</em></strong></span> <span class='ocrx_word' id='word_1_454' title='bbox 2226 1712 2578 1768; x_wconf 90' lang='lat' dir='ltr'><strong><em>idololatriam</em></strong></span> <span class='ocrx_word' id='word_1_455' title='bbox 2602 1725 2656 1769; x_wconf 89' lang='lat' dir='ltr'><strong><em>et</em></strong></span> <span class='ocrx_word' id='word_1_456' title='bbox 2671 1717 2995 1785; x_wconf 89' lang='lat' dir='ltr'><strong><em>superbiam,</em></strong></span> <span class='ocrx_word' id='word_1_457' title='bbox 3013 1725 3342 1786; x_wconf 86' lang='lat' dir='ltr'><strong><em>caeterosque</em></strong></span> <span class='ocrx_word' id='word_1_458' title='bbox 3363 1717 3597 1787; x_wconf 87' lang='lat' dir='ltr'><strong><em>perditos</em></strong></span> <span class='ocrx_word' id='word_1_459' title='bbox 3612 1733 3734 1772; x_wconf 82' lang='lat' dir='ltr'><strong><em>mo-</em></strong></span> 
     </span>
    </p>
   </div>
   <div class='ocr_carea' id='block_1_57' title="bbox 2146 1806 3737 1879">
    <p class='ocr_par' dir='ltr' id='par_1_57' title="bbox 2146 1806 3737 1879">
     <span class='ocr_line' id='line_1_57' title="bbox 2146 1806 3737 1879; baseline 0.004 -19"><span class='ocrx_word' id='word_1_460' title='bbox 2146 1821 2235 1860; x_wconf 87' lang='lat' dir='ltr'><strong><em>res</em></strong></span> <span class='ocrx_word' id='word_1_461' title='bbox 2281 1806 2580 1862; x_wconf 86' lang='lat' dir='ltr'><strong><em>detestandi</em></strong></span> <span class='ocrx_word' id='word_1_462' title='bbox 2625 1818 2825 1876; x_wconf 87' lang='lat' dir='ltr'><strong><em>essent,</em></strong></span> <span class='ocrx_word' id='word_1_463' title='bbox 2866 1817 2921 1864; x_wconf 90' lang='lat' dir='ltr'><strong><em>et</em></strong></span> <span class='ocrx_word' id='word_1_464' title='bbox 2961 1809 3063 1864; x_wconf 91' lang='lat' dir='ltr'><strong><em>nisi</em></strong></span> <span class='ocrx_word' id='word_1_465' title='bbox 3108 1809 3523 1879; x_wconf 81' lang='lat' dir='ltr'><strong><em>corrigerentur,</em></strong></span> <span class='ocrx_word' id='word_1_466' title='bbox 3551 1809 3737 1866; x_wconf 91' lang='lat' dir='ltr'><strong><em>divino</em></strong></span> 
     </span>
    </p>
   </div>
   <div class='ocr_carea' id='block_1_58' title="bbox 2143 1898 3740 1972">
    <p class='ocr_par' dir='ltr' id='par_1_58' title="bbox 2143 1898 3740 1972">
     <span class='ocr_line' id='line_1_58' title="bbox 2143 1898 3740 1972; baseline 0.004 -21"><span class='ocrx_word' id='word_1_467' title='bbox 2143 1898 2342 1968; x_wconf 89' lang='lat' dir='ltr'><strong><em>judicio</em></strong></span> <span class='ocrx_word' id='word_1_468' title='bbox 2375 1901 2648 1970; x_wconf 91' lang='lat' dir='ltr'><strong><em>puniendi.</em></strong></span> <span class='ocrx_word' id='word_1_469' title='bbox 2670 1901 2802 1956; x_wconf 87' lang='lat' dir='ltr'><strong><em>Nam</em></strong></span> <span class='ocrx_word' id='word_1_470' title='bbox 2828 1911 2881 1957; x_wconf 90' lang='lat' dir='ltr'><strong><em>et</em></strong></span> <span class='ocrx_word' id='word_1_471' title='bbox 2899 1902 3095 1958; x_wconf 89' lang='lat' dir='ltr'><strong><em>Paulus</em></strong></span> <span class='ocrx_word' id='word_1_472' title='bbox 3113 1904 3386 1972; x_wconf 90' lang='lat' dir='ltr'><strong><em>apostolus</em></strong></span> <span class='ocrx_word' id='word_1_473' title='bbox 3410 1902 3549 1972; x_wconf 90' lang='lat' dir='ltr'><strong><em>apud</em></strong></span> <span class='ocrx_word' id='word_1_474' title='bbox 3571 1902 3740 1958; x_wconf 73' lang='lat' dir='ltr'><strong><em>Athe-</em></strong></span> 
     </span>
    </p>
   </div>
   <div class='ocr_carea' id='block_1_59' title="bbox 2149 1992 3737 2065">
    <p class='ocr_par' dir='ltr' id='par_1_59' title="bbox 2149 1992 3737 2065">
     <span class='ocr_line' id='line_1_59' title="bbox 2149 1992 3737 2065; baseline 0.003 -19"><span class='ocrx_word' id='word_1_475' title='bbox 2149 1992 2364 2047; x_wconf 91' lang='lat' dir='ltr'><strong><em>nienses</em></strong></span> <span class='ocrx_word' id='word_1_476' title='bbox 2389 2008 2508 2048; x_wconf 90' lang='lat' dir='ltr'><strong><em>cum</em></strong></span> <span class='ocrx_word' id='word_1_477' title='bbox 2533 1993 2600 2048; x_wconf 92' lang='lat' dir='ltr'><strong><em>de</em></strong></span> <span class='ocrx_word' id='word_1_478' title='bbox 2627 1994 2737 2050; x_wconf 92' lang='lat' dir='ltr'><strong><em>Deo</em></strong></span> <span class='ocrx_word' id='word_1_479' title='bbox 2767 1995 3009 2064; x_wconf 83' lang='lat' dir='ltr'><strong><em>quaedam</em></strong></span> <span class='ocrx_word' id='word_1_480' title='bbox 3035 1995 3257 2061; x_wconf 89' lang='lat' dir='ltr'><strong><em>diceret,</em></strong></span> <span class='ocrx_word' id='word_1_481' title='bbox 3289 1995 3557 2065; x_wconf 89' lang='lat' dir='ltr'><strong><em>perhibuit</em></strong></span> <span class='ocrx_word' id='word_1_482' title='bbox 3582 1995 3737 2050; x_wconf 84' lang='lat' dir='ltr'><strong><em>testi-</em></strong></span> 
     </span>
    </p>
   </div>
   <div class='ocr_carea' id='block_1_60' title="bbox 2147 2086 3740 2157">
    <p class='ocr_par' dir='ltr' id='par_1_60' title="bbox 2147 2086 3740 2157">
     <span class='ocr_line' id='line_1_60' title="bbox 2147 2086 3740 2157; baseline 0.002 -18"><span class='ocrx_word' id='word_1_483' title='bbox 2147 2086 2383 2140; x_wconf 86' lang='lat' dir='ltr'><strong><em>monium</em></strong></span> <span class='ocrx_word' id='word_1_484' title='bbox 2432 2086 2572 2156; x_wconf 90' lang='lat' dir='ltr'><strong><em>quod</em></strong></span> <span class='ocrx_word' id='word_1_485' title='bbox 2618 2086 2832 2157; x_wconf 91' lang='lat' dir='ltr'><strong><em>quidam</em></strong></span> <span class='ocrx_word' id='word_1_486' title='bbox 2879 2102 3062 2142; x_wconf 90' lang='lat' dir='ltr'><strong><em>eorum</em></strong></span> <span class='ocrx_word' id='word_1_487' title='bbox 3111 2087 3216 2142; x_wconf 89' lang='lat' dir='ltr'><strong><em>tale</em></strong></span> <span class='ocrx_word' id='word_1_488' title='bbox 3261 2086 3460 2156; x_wconf 91' lang='lat' dir='ltr'><strong><em>aliquid</em></strong></span> <span class='ocrx_word' id='word_1_489' title='bbox 3502 2087 3740 2142; x_wconf 80' lang='lat' dir='ltr'><strong><em>dixerint</em></strong></span> 
     </span>
    </p>
   </div>
   <div class='ocr_carea' id='block_1_61' title="bbox 2148 2177 3734 2250">
    <p class='ocr_par' dir='ltr' id='par_1_61' title="bbox 2148 2177 3734 2250">
     <span class='ocr_line' id='line_1_61' title="bbox 2148 2177 3734 2250; baseline 0.001 -20"><span class='ocrx_word' id='word_1_490' title='bbox 2148 2177 2288 2248; x_wconf 84' lang='lat' dir='ltr'><strong><em>(Act.</em></strong></span> <span class='ocrx_word' id='word_1_491' title='bbox 2314 2194 2444 2244; x_wconf 83' lang='lat' dir='ltr'><strong><em>xvu,</em></strong></span> <span class='ocrx_word' id='word_1_492' title='bbox 2467 2177 2559 2250; x_wconf 76' lang='grc'><strong><em>28)</em></strong></span> <span class='ocrx_word' id='word_1_493' title='bbox 2585 2197 2598 2233; x_wconf 88' lang='lat'><strong>:</strong></span> <span class='ocrx_word' id='word_1_494' title='bbox 2628 2179 2770 2249; x_wconf 91' lang='lat' dir='ltr'><strong><em>quod</em></strong></span> <span class='ocrx_word' id='word_1_495' title='bbox 2800 2179 2980 2249; x_wconf 89' lang='lat' dir='ltr'><strong><em>utique</em></strong></span> <span class='ocrx_word' id='word_1_496' title='bbox 3009 2178 3052 2232; x_wconf 89' lang='lat' dir='ltr'><strong><em>si</em></strong></span> <span class='ocrx_word' id='word_1_497' title='bbox 3081 2179 3146 2233; x_wconf 90' lang='lat' dir='ltr'><strong><em>ad</em></strong></span> <span class='ocrx_word' id='word_1_498' title='bbox 3178 2177 3445 2233; x_wconf 88' lang='lat' dir='ltr'><strong><em>Christum</em></strong></span> <span class='ocrx_word' id='word_1_499' title='bbox 3465 2179 3734 2244; x_wconf 85' lang='lat' dir='ltr'><strong><em>venirent,</em></strong></span> 
     </span>
    </p>
   </div>
   <div class='ocr_carea' id='block_1_62' title="bbox 2147 2271 3740 2342">
    <p class='ocr_par' dir='ltr' id='par_1_62' title="bbox 2147 2271 3740 2342">
     <span class='ocr_line' id='line_1_62' title="bbox 2147 2271 3740 2342; baseline 0.001 -16"><span class='ocrx_word' id='word_1_500' title='bbox 2147 2283 2530 2342; x_wconf 87' lang='lat' dir='ltr'><strong><em>agnosceretur</em></strong></span> <span class='ocrx_word' id='word_1_501' title='bbox 2575 2274 2626 2327; x_wconf 93' lang='lat' dir='ltr'><strong><em>in</em></strong></span> <span class='ocrx_word' id='word_1_502' title='bbox 2671 2274 2771 2340; x_wconf 91' lang='lat' dir='ltr'><strong><em>eis,</em></strong></span> <span class='ocrx_word' id='word_1_503' title='bbox 2808 2288 2914 2327; x_wconf 92' lang='lat' dir='ltr'><strong><em>non</em></strong></span> <span class='ocrx_word' id='word_1_504' title='bbox 2960 2273 3372 2342; x_wconf 88' lang='lat' dir='ltr'><strong><em>improbaretur.</em></strong></span> <span class='ocrx_word' id='word_1_505' title='bbox 3416 2271 3481 2325; x_wconf 86' lang='lat' dir='ltr'><strong><em>Et</em></strong></span> <span class='ocrx_word' id='word_1_506' title='bbox 3521 2281 3740 2327; x_wconf 85' lang='lat' dir='ltr'><strong><em>sanctus</em></strong></span> 
     </span>
    </p>
   </div>
   <div class='ocr_carea' id='block_1_63' title="bbox 2147 2362 3741 2437">
    <p class='ocr_par' dir='ltr' id='par_1_63' title="bbox 2147 2362 3741 2437">
     <span class='ocr_line' id='line_1_63' title="bbox 2147 2362 3741 2437; baseline -0.003 -17"><span class='ocrx_word' id='word_1_507' title='bbox 2147 2363 2443 2437; x_wconf 87' lang='lat' dir='ltr'><strong><em>Cyprianus</em></strong></span> <span class='ocrx_word' id='word_1_508' title='bbox 2491 2365 2685 2418; x_wconf 93' lang='lat' dir='ltr'><strong><em>talibus</em></strong></span> <span class='ocrx_word' id='word_1_509' title='bbox 2726 2364 2982 2419; x_wconf 87' lang='lat' dir='ltr'><strong><em>adversus</em></strong></span> <span class='ocrx_word' id='word_1_510' title='bbox 3022 2363 3239 2419; x_wconf 88' lang='lat' dir='ltr'><strong><em>eosdem</em></strong></span> <span class='ocrx_word' id='word_1_511' title='bbox 3271 2362 3528 2417; x_wconf 87' lang='lat' dir='ltr'><strong><em>Ethnicos</em></strong></span> <span class='ocrx_word' id='word_1_512' title='bbox 3572 2362 3741 2416; x_wconf 86' lang='lat' dir='ltr'><strong><em>utitur</em></strong></span> 
     </span>
    </p>
   </div>
   <div class='ocr_carea' id='block_1_64' title="bbox 2148 2447 3740 2526">
    <p class='ocr_par' dir='ltr' id='par_1_64' title="bbox 2148 2447 3740 2526">
     <span class='ocr_line' id='line_1_64' title="bbox 2148 2447 3740 2526; baseline -0.003 -14"><span class='ocrx_word' id='word_1_513' title='bbox 2148 2447 2389 2513; x_wconf 87' lang='lat' dir='ltr'><strong><em>testibus.</em></strong></span> <span class='ocrx_word' id='word_1_514' title='bbox 2414 2457 2544 2512; x_wconf 90' lang='lat' dir='ltr'><strong><em>Nam</em></strong></span> <span class='ocrx_word' id='word_1_515' title='bbox 2572 2473 2691 2511; x_wconf 92' lang='lat' dir='ltr'><strong><em>cum</em></strong></span> <span class='ocrx_word' id='word_1_516' title='bbox 2723 2457 2789 2511; x_wconf 90' lang='lat' dir='ltr'><strong><em>de</em></strong></span> <span class='ocrx_word' id='word_1_517' title='bbox 2818 2456 2987 2526; x_wconf 87' lang='lat' dir='ltr'><strong><em>magis</em></strong></span> <span class='ocrx_word' id='word_1_518' title='bbox 3015 2456 3360 2526; x_wconf 87' lang='lat' dir='ltr'><strong><em>loqueretur:</em></strong></span> <span class='ocrx_word' id='word_1_519' title='bbox 3393 2454 3624 2521; x_wconf 82' lang='lat' dir='ltr'><strong><em>Quorum</em></strong></span> <span class='ocrx_word' id='word_1_520' title='bbox 3655 2463 3740 2508; x_wconf 83' lang='lat' dir='ltr'><strong><em>ta-</em></strong></span> 
     </span>
    </p>
   </div>
   <div class='ocr_carea' id='block_1_65' title="bbox 2147 2545 3742 2621">
    <p class='ocr_par' dir='ltr' id='par_1_65' title="bbox 2147 2545 3742 2621">
     <span class='ocr_line' id='line_1_65' title="bbox 2147 2545 3742 2621; baseline -0.002 -18"><span class='ocrx_word' id='word_1_521' title='bbox 2147 2566 2279 2616; x_wconf 90' lang='lat' dir='ltr'><strong><em>men,</em></strong></span> <span class='ocrx_word' id='word_1_522' title='bbox 2312 2549 2501 2620; x_wconf 92' lang='lat' dir='ltr'><strong><em>inquit,</em></strong></span> <span class='ocrx_word' id='word_1_523' title='bbox 2544 2550 2828 2621; x_wconf 65' lang='lat' dir='ltr'><strong><em>praecipuus</em></strong></span> <span class='ocrx_word' id='word_1_524' title='bbox 2862 2547 3135 2616; x_wconf 87' lang='lat' dir='ltr'><strong><em>Hostanes,</em></strong></span> <span class='ocrx_word' id='word_1_525' title='bbox 3164 2556 3212 2601; x_wconf 88' lang='lat' dir='ltr'><strong><em>et</em></strong></span> <span class='ocrx_word' id='word_1_526' title='bbox 3249 2551 3466 2618; x_wconf 79' lang='lat' dir='ltr'><strong><em>formam</em></strong></span> <span class='ocrx_word' id='word_1_527' title='bbox 3503 2548 3607 2601; x_wconf 91' lang='lat' dir='ltr'><strong><em>veri</em></strong></span> <span class='ocrx_word' id='word_1_528' title='bbox 3640 2545 3742 2600; x_wconf 87' lang='lat' dir='ltr'><strong><em>Dei</em></strong></span> 
     </span>
    </p>
   </div>
   <div class='ocr_carea' id='block_1_66' title="bbox 2147 2639 3741 2715">
    <p class='ocr_par' dir='ltr' id='par_1_66' title="bbox 2147 2639 3741 2715">
     <span class='ocr_line' id='line_1_66' title="bbox 2147 2639 3741 2715; baseline -0.004 -17"><span class='ocrx_word' id='word_1_529' title='bbox 2147 2653 2295 2715; x_wconf 87' lang='lat' dir='ltr'><strong><em>negat</em></strong></span> <span class='ocrx_word' id='word_1_530' title='bbox 2324 2643 2547 2713; x_wconf 88' lang='lat' dir='ltr'><strong><em>conspici</em></strong></span> <span class='ocrx_word' id='word_1_531' title='bbox 2576 2658 2741 2712; x_wconf 89' lang='lat' dir='ltr'><strong><em>posse,</em></strong></span> <span class='ocrx_word' id='word_1_532' title='bbox 2765 2650 2811 2696; x_wconf 88' lang='lat' dir='ltr'><strong><em>et</em></strong></span> <span class='ocrx_word' id='word_1_533' title='bbox 2836 2640 3042 2712; x_wconf 85' lang='lat' dir='ltr'><strong><em>angelos</em></strong></span> <span class='ocrx_word' id='word_1_534' title='bbox 3071 2657 3212 2695; x_wconf 85' lang='lat' dir='ltr'><strong><em>veros</em></strong></span> <span class='ocrx_word' id='word_1_535' title='bbox 3238 2639 3346 2694; x_wconf 88' lang='lat' dir='ltr'><strong><em>sedi</em></strong></span> <span class='ocrx_word' id='word_1_536' title='bbox 3373 2641 3480 2709; x_wconf 87' lang='lat' dir='ltr'><strong><em>ejus</em></strong></span> <span class='ocrx_word' id='word_1_537' title='bbox 3508 2639 3628 2692; x_wconf 90' lang='lat' dir='ltr'><strong><em>dicit</em></strong></span> <span class='ocrx_word' id='word_1_538' title='bbox 3658 2655 3741 2692; x_wconf 79' lang='lat' dir='ltr'><strong><em>as-</em></strong></span> 
     </span>
    </p>
   </div>
   <div class='ocr_carea' id='block_1_67' title="bbox 2147 2731 3742 2804">
    <p class='ocr_par' dir='ltr' id='par_1_67' title="bbox 2147 2731 3742 2804">
     <span class='ocr_line' id='line_1_67' title="bbox 2147 2731 3742 2804; baseline -0.004 -16"><span class='ocrx_word' id='word_1_539' title='bbox 2147 2736 2340 2789; x_wconf 88' lang='lat' dir='ltr'><strong><em>sistere.</em></strong></span> <span class='ocrx_word' id='word_1_540' title='bbox 2368 2733 2435 2787; x_wconf 88' lang='grc' dir='ltr'><em>1η</em></span> <span class='ocrx_word' id='word_1_541' title='bbox 2460 2750 2559 2804; x_wconf 88' lang='lat' dir='ltr'><strong><em>quo</em></strong></span> <span class='ocrx_word' id='word_1_542' title='bbox 2588 2742 2636 2787; x_wconf 87' lang='lat' dir='ltr'><strong><em>et</em></strong></span> <span class='ocrx_word' id='word_1_543' title='bbox 2664 2732 2814 2786; x_wconf 90' lang='lat' dir='ltr'><strong><em>Plato</em></strong></span> <span class='ocrx_word' id='word_1_544' title='bbox 2846 2734 2959 2802; x_wconf 89' lang='lat' dir='ltr'><strong><em>pari</em></strong></span> <span class='ocrx_word' id='word_1_545' title='bbox 2987 2731 3182 2785; x_wconf 84' lang='lat' dir='ltr'><strong><em>ratione</em></strong></span> <span class='ocrx_word' id='word_1_546' title='bbox 3209 2731 3476 2796; x_wconf 87' lang='lat' dir='ltr'><strong><em>consentit,</em></strong></span> <span class='ocrx_word' id='word_1_547' title='bbox 3504 2739 3550 2783; x_wconf 93' lang='lat' dir='ltr'><strong><em>et</em></strong></span> <span class='ocrx_word' id='word_1_548' title='bbox 3579 2745 3742 2782; x_wconf 87' lang='lat' dir='ltr'><strong><em>unum</em></strong></span> 
     </span>
    </p>
   </div>
   <div class='ocr_carea' id='block_1_68' title="bbox 2147 2818 3744 2895">
    <p class='ocr_par' dir='ltr' id='par_1_68' title="bbox 2147 2818 3744 2895">
     <span class='ocr_line' id='line_1_68' title="bbox 2147 2818 3744 2895; baseline -0.006 -14"><span class='ocrx_word' id='word_1_549' title='bbox 2147 2826 2314 2882; x_wconf 89' lang='lat' dir='ltr'><strong><em>Deum</em></strong></span> <span class='ocrx_word' id='word_1_550' title='bbox 2341 2843 2562 2890; x_wconf 89' lang='lat' dir='ltr'><strong><em>servans,</em></strong></span> <span class='ocrx_word' id='word_1_551' title='bbox 2589 2835 2793 2880; x_wconf 68' lang='lat' dir='ltr'><strong><em>carteros</em></strong></span> <span class='ocrx_word' id='word_1_552' title='bbox 2817 2824 3021 2895; x_wconf 90' lang='lat' dir='ltr'><strong><em>angelos</em></strong></span> <span class='ocrx_word' id='word_1_553' title='bbox 3048 2823 3124 2877; x_wconf 88' lang='lat' dir='ltr'><strong><em>vel</em></strong></span> <span class='ocrx_word' id='word_1_554' title='bbox 3152 2823 3409 2877; x_wconf 71' lang='lat' dir='ltr'><strong><em>daemonas</em></strong></span> <span class='ocrx_word' id='word_1_555' title='bbox 3435 2821 3576 2874; x_wconf 81' lang='lat' dir='ltr'><strong><em>dicit.</em></strong></span> <span class='ocrx_word' id='word_1_556' title='bbox 3606 2818 3744 2872; x_wconf 85' lang='lat' dir='ltr'><strong><em>Her-</em></strong></span> 
     </span>
    </p>
   </div>
   <div class='ocr_carea' id='block_1_69' title="bbox 2148 2914 3744 2988">
    <p class='ocr_par' dir='ltr' id='par_1_69' title="bbox 2148 2914 3744 2988">
     <span class='ocr_line' id='line_1_69' title="bbox 2148 2914 3744 2988; baseline -0.004 -16"><span class='ocrx_word' id='word_1_557' title='bbox 2148 2936 2253 2974; x_wconf 89' lang='lat' dir='ltr'><strong><em>mes</em></strong></span> <span class='ocrx_word' id='word_1_558' title='bbox 2291 2935 2484 2988; x_wconf 88' lang='lat' dir='ltr'><strong><em>quoque</em></strong></span> <span class='ocrx_word' id='word_1_559' title='bbox 2506 2916 2860 2988; x_wconf 87' lang='lat' dir='ltr'><strong><em>Trismegistus</em></strong></span> <span class='ocrx_word' id='word_1_560' title='bbox 2897 2932 3054 2970; x_wconf 86' lang='lat' dir='ltr'><strong><em>unum</em></strong></span> <span class='ocrx_word' id='word_1_561' title='bbox 3080 2914 3245 2969; x_wconf 89' lang='lat' dir='ltr'><strong><em>Deum</em></strong></span> <span class='ocrx_word' id='word_1_562' title='bbox 3283 2914 3524 2985; x_wconf 89' lang='lat' dir='ltr'><strong><em>loquitur,</em></strong></span> <span class='ocrx_word' id='word_1_563' title='bbox 3555 2923 3600 2965; x_wconf 89' lang='lat' dir='ltr'><strong><em>et</em></strong></span> <span class='ocrx_word' id='word_1_564' title='bbox 3627 2929 3744 2966; x_wconf 86' lang='lat' dir='ltr'><strong><em>eum</em></strong></span> 
     </span>
    </p>
   </div>
   <div class='ocr_carea' id='block_1_70' title="bbox 2147 3001 3740 3080">
    <p class='ocr_par' dir='ltr' id='par_1_70' title="bbox 2147 3001 3740 3080">
     <span class='ocr_line' id='line_1_70' title="bbox 2147 3001 3740 3080; baseline -0.006 -15"><span class='ocrx_word' id='word_1_565' title='bbox 2147 3010 2702 3080; x_wconf 84' lang='lat' dir='ltr'><strong><em>incomprehensibilem</em></strong></span> <span class='ocrx_word' id='word_1_566' title='bbox 2727 3017 2875 3078; x_wconf 86' lang='lat' dir='ltr'><strong><em>atque</em></strong></span> <span class='ocrx_word' id='word_1_567' title='bbox 2897 3004 3295 3061; x_wconf 77' lang='lat' dir='ltr'><strong><em>inwstimabilem</em></strong></span> <span class='ocrx_word' id='word_1_568' title='bbox 3313 3005 3579 3072; x_wconf 81' lang='lat' dir='ltr'><strong><em>conﬁtetur</em></strong></span> <span class='ocrx_word' id='word_1_569' title='bbox 3599 3001 3740 3074; x_wconf 90' lang='lat' dir='ltr'><strong><em>(Lib.</em></strong></span> 
     </span>
    </p>
   </div>
   <div class='ocr_carea' id='block_1_71' title="bbox 2149 3094 3745 3172">
    <p class='ocr_par' dir='ltr' id='par_1_71' title="bbox 2149 3094 3745 3172">
     <span class='ocr_line' id='line_1_71' title="bbox 2149 3094 3745 3172; baseline -0.006 -14"><span class='ocrx_word' id='word_1_570' title='bbox 2149 3104 2213 3158; x_wconf 86' lang='lat' dir='ltr'><strong><em>de</em></strong></span> <span class='ocrx_word' id='word_1_571' title='bbox 2231 3102 2496 3158; x_wconf 76' lang='lat' dir='ltr'><strong><em>[dolorum</em></strong></span> <span class='ocrx_word' id='word_1_572' title='bbox 2527 3100 2804 3172; x_wconf 87' lang='lat' dir='ltr'><strong><em>Vanitate).</em></strong></span> <span class='ocrx_word' id='word_1_573' title='bbox 2826 3101 2881 3156; x_wconf 91' lang='lat' dir='ltr'><strong><em>Si</em></strong></span> <span class='ocrx_word' id='word_1_574' title='bbox 2912 3115 3038 3171; x_wconf 89' lang='lat' dir='ltr'><strong><em>ergo</em></strong></span> <span class='ocrx_word' id='word_1_575' title='bbox 3064 3099 3152 3155; x_wconf 86' lang='lat' dir='ltr'><strong><em>isti</em></strong></span> <span class='ocrx_word' id='word_1_576' title='bbox 3179 3099 3451 3154; x_wconf 89' lang='lat' dir='ltr'><strong><em>venissent</em></strong></span> <span class='ocrx_word' id='word_1_577' title='bbox 3477 3097 3543 3150; x_wconf 91' lang='lat' dir='ltr'><strong><em>ad</em></strong></span> <span class='ocrx_word' id='word_1_578' title='bbox 3569 3094 3745 3165; x_wconf 84' lang='lat' dir='ltr'><strong><em>perci-</em></strong></span> 
     </span>
    </p>
   </div>
   <div class='ocr_carea' id='block_1_72' title="bbox 2150 3187 3740 3268">
    <p class='ocr_par' dir='ltr' id='par_1_72' title="bbox 2150 3187 3740 3268">
     <span class='ocr_line' id='line_1_72' title="bbox 2150 3187 3740 3268; baseline -0.008 -16"><span class='ocrx_word' id='word_1_579' title='bbox 2150 3198 2396 3268; x_wconf 89' lang='lat' dir='ltr'><strong><em>piendam</em></strong></span> <span class='ocrx_word' id='word_1_580' title='bbox 2422 3196 2772 3251; x_wconf 89' lang='lat' dir='ltr'><strong><em>christianam</em></strong></span> <span class='ocrx_word' id='word_1_581' title='bbox 2801 3195 3049 3258; x_wconf 89' lang='lat' dir='ltr'><strong><em>salutem,</em></strong></span> <span class='ocrx_word' id='word_1_582' title='bbox 3082 3207 3188 3248; x_wconf 89' lang='lat' dir='ltr'><strong><em>non</em></strong></span> <span class='ocrx_word' id='word_1_583' title='bbox 3216 3191 3398 3260; x_wconf 90' lang='lat' dir='ltr'><strong><em>utique</em></strong></span> <span class='ocrx_word' id='word_1_584' title='bbox 3424 3190 3503 3243; x_wconf 88' lang='lat' dir='ltr'><strong><em>eis</em></strong></span> <span class='ocrx_word' id='word_1_585' title='bbox 3525 3187 3740 3242; x_wconf 90' lang='lat' dir='ltr'><strong><em>dicere-</em></strong></span> 
     </span>
    </p>
   </div>
   <div class='ocr_carea' id='block_1_73' title="bbox 2151 3277 3743 3355">
    <p class='ocr_par' dir='ltr' id='par_1_73' title="bbox 2151 3277 3743 3355">
     <span class='ocr_line' id='line_1_73' title="bbox 2151 3277 3743 3355; baseline -0.006 -12"><span class='ocrx_word' id='word_1_586' title='bbox 2151 3299 2255 3355; x_wconf 90' lang='lat' dir='ltr'><strong><em>tur,</em></strong></span> <span class='ocrx_word' id='word_1_587' title='bbox 2299 3289 2411 3343; x_wconf 91' lang='lat' dir='ltr'><strong><em>Hoc</em></strong></span> <span class='ocrx_word' id='word_1_588' title='bbox 2454 3288 2656 3341; x_wconf 90' lang='lat' dir='ltr'><strong><em>malum</em></strong></span> <span class='ocrx_word' id='word_1_589' title='bbox 2708 3285 2948 3349; x_wconf 88' lang='lat' dir='ltr'><strong><em>habetis,</em></strong></span> <span class='ocrx_word' id='word_1_590' title='bbox 2990 3284 3075 3340; x_wconf 88' lang='lat' dir='ltr'><strong><em>vel</em></strong></span> <span class='ocrx_word' id='word_1_591' title='bbox 3125 3283 3313 3337; x_wconf 80' lang='lat' dir='ltr'><strong><em>falsum</em></strong></span> <span class='ocrx_word' id='word_1_592' title='bbox 3363 3281 3613 3335; x_wconf 89' lang='lat' dir='ltr'><strong><em>habetis:</em></strong></span> <span class='ocrx_word' id='word_1_593' title='bbox 3645 3277 3743 3334; x_wconf 87' lang='lat' dir='ltr'><strong><em>sed</em></strong></span> 
     </span>
    </p>
   </div>
   <div class='ocr_carea' id='block_1_74' title="bbox 2149 3374 3740 3450">
    <p class='ocr_par' dir='ltr' id='par_1_74' title="bbox 2149 3374 3740 3450">
     <span class='ocr_line' id='line_1_74' title="bbox 2149 3374 3740 3450; baseline -0.006 -16"><span class='ocrx_word' id='word_1_594' title='bbox 2149 3383 2308 3450; x_wconf 85' lang='lat' dir='ltr'><strong><em>plane</em></strong></span> <span class='ocrx_word' id='word_1_595' title='bbox 2341 3381 2532 3435; x_wconf 90' lang='lat' dir='ltr'><strong><em>merito</em></strong></span> <span class='ocrx_word' id='word_1_596' title='bbox 2563 3380 2854 3446; x_wconf 91' lang='lat' dir='ltr'><strong><em>diceretur,</em></strong></span> <span class='ocrx_word' id='word_1_597' title='bbox 2887 3378 2999 3432; x_wconf 83' lang='lat' dir='ltr'><strong><em>Hoc</em></strong></span> <span class='ocrx_word' id='word_1_598' title='bbox 3026 3376 3178 3431; x_wconf 93' lang='lat' dir='ltr'><strong><em>vobis</em></strong></span> <span class='ocrx_word' id='word_1_599' title='bbox 3206 3374 3448 3444; x_wconf 88' lang='lat' dir='ltr'><strong><em>quamvis</em></strong></span> <span class='ocrx_word' id='word_1_600' title='bbox 3477 3374 3740 3442; x_wconf 86' lang='lat' dir='ltr'><strong><em>integrum</em></strong></span> 
     </span>
    </p>
   </div>
   <div class='ocr_carea' id='block_1_75' title="bbox 2149 3465 3742 3541">
    <p class='ocr_par' dir='ltr' id='par_1_75' title="bbox 2149 3465 3742 3541">
     <span class='ocr_line' id='line_1_75' title="bbox 2149 3465 3742 3541; baseline -0.008 -13"><span class='ocrx_word' id='word_1_601' title='bbox 2149 3482 2204 3529; x_wconf 89' lang='lat' dir='ltr'><strong><em>et</em></strong></span> <span class='ocrx_word' id='word_1_602' title='bbox 2228 3488 2437 3540; x_wconf 90' lang='lat' dir='ltr'><strong><em>verum,</em></strong></span> <span class='ocrx_word' id='word_1_603' title='bbox 2469 3471 2600 3527; x_wconf 91' lang='lat' dir='ltr'><strong><em>nihil</em></strong></span> <span class='ocrx_word' id='word_1_604' title='bbox 2633 3482 2809 3526; x_wconf 89' lang='lat' dir='ltr'><strong><em>tamen</em></strong></span> <span class='ocrx_word' id='word_1_605' title='bbox 2842 3469 3137 3541; x_wconf 89' lang='lat' dir='ltr'><strong><em>prodesset,</em></strong></span> <span class='ocrx_word' id='word_1_606' title='bbox 3168 3467 3271 3520; x_wconf 89' lang='lat' dir='ltr'><strong><em>nisi</em></strong></span> <span class='ocrx_word' id='word_1_607' title='bbox 3296 3466 3361 3520; x_wconf 88' lang='lat' dir='ltr'><strong><em>ad</em></strong></span> <span class='ocrx_word' id='word_1_608' title='bbox 3388 3465 3585 3520; x_wconf 89' lang='lat' dir='ltr'><strong><em>Christi</em></strong></span> <span class='ocrx_word' id='word_1_609' title='bbox 3615 3479 3742 3534; x_wconf 86' lang='lat' dir='ltr'><strong><em>gra-</em></strong></span> 
     </span>
    </p>
   </div>
   <div class='ocr_carea' id='block_1_76' title="bbox 2150 3556 3740 3636">
    <p class='ocr_par' dir='ltr' id='par_1_76' title="bbox 2150 3556 3740 3636">
     <span class='ocr_line' id='line_1_76' title="bbox 2150 3556 3740 3636; baseline -0.006 -15"><span class='ocrx_word' id='word_1_610' title='bbox 2150 3566 2279 3621; x_wconf 90' lang='lat' dir='ltr'><strong><em>tiam</em></strong></span> <span class='ocrx_word' id='word_1_611' title='bbox 2305 3566 2575 3622; x_wconf 88' lang='lat' dir='ltr'><strong><em>veniretis.</em></strong></span> <span class='ocrx_word' id='word_1_612' title='bbox 2599 3563 2654 3620; x_wconf 91' lang='lat' dir='ltr'><strong><em>Si</em></strong></span> <span class='ocrx_word' id='word_1_613' title='bbox 2677 3580 2806 3636; x_wconf 87' lang='lat' dir='ltr'><strong><em>ergo</em></strong></span> <span class='ocrx_word' id='word_1_614' title='bbox 2831 3563 2884 3618; x_wconf 93' lang='lat' dir='ltr'><strong><em>in</em></strong></span> <span class='ocrx_word' id='word_1_615' title='bbox 2914 3562 3043 3632; x_wconf 90' lang='lat' dir='ltr'><strong><em>ipsis</em></strong></span> <span class='ocrx_word' id='word_1_616' title='bbox 3068 3560 3314 3615; x_wconf 89' lang='lat' dir='ltr'><strong><em>Ethnicis</em></strong></span> <span class='ocrx_word' id='word_1_617' title='bbox 3341 3566 3517 3629; x_wconf 87' lang='lat' dir='ltr'><strong><em>potest</em></strong></span> <span class='ocrx_word' id='word_1_618' title='bbox 3542 3556 3740 3626; x_wconf 86' lang='lat' dir='ltr'><strong><em>aliquid</em></strong></span> 
     </span>
    </p>
   </div>
   <div class='ocr_carea' id='block_1_77' title="bbox 2150 3651 3739 3726">
    <p class='ocr_par' dir='ltr' id='par_1_77' title="bbox 2150 3651 3739 3726">
     <span class='ocr_line' id='line_1_77' title="bbox 2150 3651 3739 3726; baseline -0.006 -13"><span class='ocrx_word' id='word_1_619' title='bbox 2150 3658 2388 3713; x_wconf 90' lang='lat' dir='ltr'><strong><em>divinum</em></strong></span> <span class='ocrx_word' id='word_1_620' title='bbox 2419 3657 2644 3712; x_wconf 89' lang='lat' dir='ltr'><strong><em>inveniri</em></strong></span> <span class='ocrx_word' id='word_1_621' title='bbox 2675 3665 2926 3726; x_wconf 89' lang='lat' dir='ltr'><strong><em>recteque</em></strong></span> <span class='ocrx_word' id='word_1_622' title='bbox 2949 3653 3252 3725; x_wconf 89' lang='lat' dir='ltr'><strong><em>approbari,</em></strong></span> <span class='ocrx_word' id='word_1_623' title='bbox 3277 3651 3517 3723; x_wconf 88' lang='lat' dir='ltr'><strong><em>quamvis</em></strong></span> <span class='ocrx_word' id='word_1_624' title='bbox 3543 3651 3623 3705; x_wconf 90' lang='lat' dir='ltr'><strong><em>eis</em></strong></span> <span class='ocrx_word' id='word_1_625' title='bbox 3649 3665 3739 3705; x_wconf 84' lang='lat' dir='ltr'><strong><em>sa-</em></strong></span> 
     </span>
    </p>
   </div>
   <div class='ocr_carea' id='block_1_78' title="bbox 2150 3745 3742 3818">
    <p class='ocr_par' dir='ltr' id='par_1_78' title="bbox 2150 3745 3742 3818">
     <span class='ocr_line' id='line_1_78' title="bbox 2150 3745 3742 3818; baseline -0.005 -14"><span class='ocrx_word' id='word_1_626' title='bbox 2150 3749 2234 3805; x_wconf 91' lang='lat' dir='ltr'><strong><em>lus</em></strong></span> <span class='ocrx_word' id='word_1_627' title='bbox 2261 3749 2436 3804; x_wconf 89' lang='lat' dir='ltr'><strong><em>adhuc</em></strong></span> <span class='ocrx_word' id='word_1_628' title='bbox 2461 3764 2491 3803; x_wconf 90' lang='lat' dir='ltr'><strong><em>a</em></strong></span> <span class='ocrx_word' id='word_1_629' title='bbox 2517 3748 2734 3804; x_wconf 89' lang='lat' dir='ltr'><strong><em>Christo</em></strong></span> <span class='ocrx_word' id='word_1_630' title='bbox 2774 3746 3074 3818; x_wconf 64' lang='lat' dir='ltr'><strong><em>praestanda</em></strong></span> <span class='ocrx_word' id='word_1_631' title='bbox 3111 3745 3217 3810; x_wconf 91' lang='lat' dir='ltr'><strong><em>sit;</em></strong></span> <span class='ocrx_word' id='word_1_632' title='bbox 3249 3759 3355 3798; x_wconf 92' lang='lat' dir='ltr'><strong><em>non</em></strong></span> <span class='ocrx_word' id='word_1_633' title='bbox 3393 3751 3605 3814; x_wconf 91' lang='lat' dir='ltr'><strong><em>oportet</em></strong></span> <span class='ocrx_word' id='word_1_634' title='bbox 3643 3756 3742 3797; x_wconf 91' lang='lat' dir='ltr'><strong><em>nos</em></strong></span> 
     </span>
    </p>
   </div>
   <div class='ocr_carea' id='block_1_79' title="bbox 2150 3833 3740 3910">
    <p class='ocr_par' dir='ltr' id='par_1_79' title="bbox 2150 3833 3740 3910">
     <span class='ocr_line' id='line_1_79' title="bbox 2150 3833 3740 3910; baseline -0.005 -15"><span class='ocrx_word' id='word_1_635' title='bbox 2150 3842 2220 3897; x_wconf 89' lang='lat' dir='ltr'><strong><em>ita</em></strong></span> <span class='ocrx_word' id='word_1_636' title='bbox 2249 3842 2454 3896; x_wconf 89' lang='lat' dir='ltr'><strong><em>moveri</em></strong></span> <span class='ocrx_word' id='word_1_637' title='bbox 2483 3841 2693 3897; x_wconf 91' lang='lat' dir='ltr'><strong><em>etiamsi</em></strong></span> <span class='ocrx_word' id='word_1_638' title='bbox 2723 3840 2940 3910; x_wconf 88' lang='lat' dir='ltr'><strong><em>pejores</em></strong></span> <span class='ocrx_word' id='word_1_639' title='bbox 2967 3845 3092 3893; x_wconf 90' lang='lat' dir='ltr'><strong><em>sunt</em></strong></span> <span class='ocrx_word' id='word_1_640' title='bbox 3128 3835 3387 3901; x_wconf 69' lang='lat' dir='ltr'><strong><em>haeretici,</em></strong></span> <span class='ocrx_word' id='word_1_641' title='bbox 3419 3844 3477 3889; x_wconf 92' lang='lat' dir='ltr'><strong><em>ut</em></strong></span> <span class='ocrx_word' id='word_1_642' title='bbox 3504 3833 3647 3904; x_wconf 90' lang='lat' dir='ltr'><strong><em>quod</em></strong></span> <span class='ocrx_word' id='word_1_643' title='bbox 3687 3833 3740 3887; x_wconf 77' lang='lat' dir='ltr'><strong><em>in</em></strong></span> 
     </span>
    </p>
   </div>
   <div class='ocr_carea' id='block_1_80' title="bbox 2150 3922 3742 4002">
    <p class='ocr_par' dir='ltr' id='par_1_80' title="bbox 2150 3922 3742 4002">
     <span class='ocr_line' id='line_1_80' title="bbox 2150 3922 3742 4002; baseline -0.005 -15"><span class='ocrx_word' id='word_1_644' title='bbox 2150 3932 2230 3988; x_wconf 91' lang='lat' dir='ltr'><strong><em>eis</em></strong></span> <span class='ocrx_word' id='word_1_645' title='bbox 2257 3932 2455 3987; x_wconf 92' lang='lat' dir='ltr'><strong><em>malum</em></strong></span> <span class='ocrx_word' id='word_1_646' title='bbox 2498 3932 2734 4002; x_wconf 88' lang='lat' dir='ltr'><strong><em>ipsorum</em></strong></span> <span class='ocrx_word' id='word_1_647' title='bbox 2765 3939 2847 3984; x_wconf 90' lang='lat' dir='ltr'><strong><em>est</em></strong></span> <span class='ocrx_word' id='word_1_648' title='bbox 2870 3928 3096 3984; x_wconf 89' lang='lat' dir='ltr'><strong><em>velimus</em></strong></span> <span class='ocrx_word' id='word_1_649' title='bbox 3123 3927 3410 3995; x_wconf 89' lang='lat' dir='ltr'><strong><em>corrigere,</em></strong></span> <span class='ocrx_word' id='word_1_650' title='bbox 3435 3933 3488 3979; x_wconf 90' lang='lat' dir='ltr'><strong><em>et</em></strong></span> <span class='ocrx_word' id='word_1_651' title='bbox 3512 3922 3656 3994; x_wconf 91' lang='lat' dir='ltr'><strong><em>quod</em></strong></span> <span class='ocrx_word' id='word_1_652' title='bbox 3686 3924 3742 3979; x_wconf 92' lang='lat' dir='ltr'><strong><em>in</em></strong></span> 
     </span>
    </p>
   </div>
   <div class='ocr_carea' id='block_1_81' title="bbox 2150 4015 3742 4088">
    <p class='ocr_par' dir='ltr' id='par_1_81' title="bbox 2150 4015 3742 4088">
     <span class='ocr_line' id='line_1_81' title="bbox 2150 4015 3742 4088; baseline -0.005 -9"><span class='ocrx_word' id='word_1_653' title='bbox 2150 4024 2229 4079; x_wconf 91' lang='lat' dir='ltr'><strong><em>eis</em></strong></span> <span class='ocrx_word' id='word_1_654' title='bbox 2277 4023 2479 4079; x_wconf 91' lang='lat' dir='ltr'><strong><em>bonum</em></strong></span> <span class='ocrx_word' id='word_1_655' title='bbox 2521 4032 2604 4078; x_wconf 92' lang='lat' dir='ltr'><strong><em>est</em></strong></span> <span class='ocrx_word' id='word_1_656' title='bbox 2641 4021 2840 4078; x_wconf 88' lang='lat' dir='ltr'><strong><em>Christi</em></strong></span> <span class='ocrx_word' id='word_1_657' title='bbox 2889 4019 3120 4075; x_wconf 90' lang='lat' dir='ltr'><strong><em>nolimus</em></strong></span> <span class='ocrx_word' id='word_1_658' title='bbox 3160 4031 3468 4088; x_wconf 89' lang='lat' dir='ltr'><strong><em>agnoscere.</em></strong></span> <span class='ocrx_word' id='word_1_659' title='bbox 3500 4015 3602 4071; x_wconf 88' lang='lat' dir='ltr'><strong><em>Sed</em></strong></span> <span class='ocrx_word' id='word_1_660' title='bbox 3629 4016 3742 4085; x_wconf 90' lang='lat' dir='ltr'><strong><em>jam</em></strong></span> 
     </span>
    </p>
   </div>
   <div class='ocr_carea' id='block_1_82' title="bbox 2150 4108 3743 4186">
    <p class='ocr_par' dir='ltr' id='par_1_82' title="bbox 2150 4108 3743 4186">
     <span class='ocr_line' id='line_1_82' title="bbox 2150 4108 3743 4186; baseline -0.005 -15"><span class='ocrx_word' id='word_1_661' title='bbox 2150 4123 2372 4172; x_wconf 78' lang='lat' dir='ltr'><strong><em>caeteras</em></strong></span> <span class='ocrx_word' id='word_1_662' title='bbox 2419 4116 2576 4186; x_wconf 91' lang='lat' dir='ltr'><strong><em>hujus</em></strong></span> <span class='ocrx_word' id='word_1_663' title='bbox 2619 4114 2828 4170; x_wconf 92' lang='lat' dir='ltr'><strong><em>concilii</em></strong></span> <span class='ocrx_word' id='word_1_664' title='bbox 2869 4112 3162 4169; x_wconf 84' lang='lat' dir='ltr'><strong><em>sententias</em></strong></span> <span class='ocrx_word' id='word_1_665' title='bbox 3202 4108 3642 4181; x_wconf 88' lang='lat' dir='ltr'><strong><em>pertractandas,</em></strong></span> <span class='ocrx_word' id='word_1_666' title='bbox 3673 4108 3743 4163; x_wconf 89' lang='lat' dir='ltr'><strong><em>ab</em></strong></span> 
     </span>
    </p>
   </div>
   <div class='ocr_carea' id='block_1_83' title="bbox 2149 4202 3457 4278">
    <p class='ocr_par' dir='ltr' id='par_1_83' title="bbox 2149 4202 3457 4278">
     <span class='ocr_line' id='line_1_83' title="bbox 2149 4202 3457 4278; baseline -0.002 -18"><span class='ocrx_word' id='word_1_667' title='bbox 2149 4205 2259 4262; x_wconf 87' lang='lat' dir='ltr'><strong><em>alio</em></strong></span> <span class='ocrx_word' id='word_1_668' title='bbox 2287 4207 2641 4278; x_wconf 89' lang='lat' dir='ltr'><strong><em>suscipiemus</em></strong></span> <span class='ocrx_word' id='word_1_669' title='bbox 2668 4205 2910 4262; x_wconf 80' lang='lat' dir='ltr'><strong><em>exordio.</em></strong></span> <span class='ocrx_word' id='word_1_670' title='bbox 3443 4202 3457 4219; x_wconf 88' lang='lat'>&#39;</span> 
     </span>
    </p>
   </div>
   <div class='ocr_carea' id='block_1_84' title="bbox 1377 4415 2793 4524">
    <p class='ocr_par' dir='ltr' id='par_1_84' title="bbox 1377 4415 2793 4524">
     <span class='ocr_line' id='line_1_84' title="bbox 1377 4415 2793 4524; baseline 0.001 -2"><span class='ocrx_word' id='word_1_671' title='bbox 1377 4415 1862 4522; x_wconf 84' lang='lat' dir='ltr'><strong><em>LIBER</em></strong></span> <span class='ocrx_word' id='word_1_672' title='bbox 1953 4416 2235 4522; x_wconf 85' lang='lat' dir='ltr'><strong><em>SEP</em></strong></span> <span class='ocrx_word' id='word_1_673' title='bbox 2256 4417 2574 4523; x_wconf 87' lang='grc' dir='ltr'><strong><em>ΤΙΜ</em></strong></span> <span class='ocrx_word' id='word_1_674' title='bbox 2591 4417 2793 4524; x_wconf 85' lang='lat' dir='ltr'><strong><em>US.</em></strong></span> 
     </span>
    </p>
   </div>
   <div class='ocr_carea' id='block_1_85' title="bbox 1249 4599 2945 4668">
    <p class='ocr_par' dir='ltr' id='par_1_85' title="bbox 1249 4599 2945 4668">
     <span class='ocr_line' id='line_1_85' title="bbox 1249 4599 2945 4668; baseline 0 -17"><span class='ocrx_word' id='word_1_675' title='bbox 1249 4607 1301 4651; x_wconf 88' lang='lat' dir='ltr'><strong><em>tn</em></strong></span> <span class='ocrx_word' id='word_1_676' title='bbox 1323 4613 1422 4668; x_wconf 89' lang='lat' dir='ltr'><strong><em>quo</em></strong></span> <span class='ocrx_word' id='word_1_677' title='bbox 1444 4606 1638 4654; x_wconf 84' lang='lat' dir='ltr'><strong><em>caeterae</em></strong></span> <span class='ocrx_word' id='word_1_678' title='bbox 1660 4601 1922 4653; x_wconf 78' lang='lat' dir='ltr'><strong><em>sententiae</em></strong></span> <span class='ocrx_word' id='word_1_679' title='bbox 1942 4599 2138 4653; x_wconf 85' lang='lat' dir='ltr'><strong><em>concilii</em></strong></span> <span class='ocrx_word' id='word_1_680' title='bbox 2159 4601 2551 4667; x_wconf 84' lang='lat' dir='ltr'><strong><em>Carthaginensis</em></strong></span> <span class='ocrx_word' id='word_1_681' title='bbox 2571 4605 2945 4666; x_wconf 84' lang='lat' dir='ltr'><strong><em>pertractantur.</em></strong></span> 
     </span>
    </p>
   </div>
   <div class='ocr_carea' id='block_1_86' title="bbox 1903 4724 2276 4783">
    <p class='ocr_par' dir='ltr' id='par_1_86' title="bbox 1903 4724 2276 4783">
     <span class='ocr_line' id='line_1_86' title="bbox 1903 4724 2276 4783; baseline 0.003 -1"><span class='ocrx_word' id='word_1_682' title='bbox 1903 4724 2276 4783; x_wconf 59' lang='grc' dir='ltr'><strong><em>σκυφία</em></strong></span> 
     </span>
    </p>
   </div>
   <div class='ocr_carea' id='block_1_87' title="bbox 527 4847 2050 4920">
    <p class='ocr_par' dir='ltr' id='par_1_87' title="bbox 527 4847 2050 4920">
     <span class='ocr_line' id='line_1_87' title="bbox 527 4847 2050 4920; baseline -0.002 -14"><span class='ocrx_word' id='word_1_683' title='bbox 527 4849 756 4909; x_wconf 84' lang='lat' dir='ltr'><strong><em>CAPUT</em></strong></span> <span class='ocrx_word' id='word_1_684' title='bbox 795 4848 1080 4907; x_wconf 80' lang='lat' dir='ltr'><strong><em>PRIMUM.</em></strong></span> <span class='ocrx_word' id='word_1_685' title='bbox 1107 4880 1179 4892; x_wconf 93' lang='lat'><strong><em>—-</em></strong></span> <span class='ocrx_word' id='word_1_686' title='bbox 1206 4850 1260 4906; x_wconf 75' lang='lat' dir='ltr'><strong><em>‘l.</em></strong></span> <span class='ocrx_word' id='word_1_687' title='bbox 1288 4849 1405 4906; x_wconf 86' lang='lat' dir='ltr'><strong><em>Non</em></strong></span> <span class='ocrx_word' id='word_1_688' title='bbox 1433 4849 1602 4904; x_wconf 89' lang='lat' dir='ltr'><strong><em>simus</em></strong></span> <span class='ocrx_word' id='word_1_689' title='bbox 1627 4849 1839 4905; x_wconf 83' lang='lat' dir='ltr'><strong><em>molesti</em></strong></span> <span class='ocrx_word' id='word_1_690' title='bbox 1869 4847 2050 4920; x_wconf 83' lang='lat' dir='ltr'><strong><em>legen-</em></strong></span> 
     </span>
    </p>
   </div>
   <div class='ocr_carea' id='block_1_88' title="bbox 457 4943 2049 5015">
    <p class='ocr_par' dir='ltr' id='par_1_88' title="bbox 457 4943 2049 5015">
     <span class='ocr_line' id='line_1_88' title="bbox 457 4943 2049 5015; baseline -0.001 -16"><span class='ocrx_word' id='word_1_691' title='bbox 457 4945 619 5011; x_wconf 88' lang='lat' dir='ltr'><strong><em>tibus,</em></strong></span> <span class='ocrx_word' id='word_1_692' title='bbox 649 4944 695 4998; x_wconf 89' lang='lat' dir='ltr'><strong><em>si</em></strong></span> <span class='ocrx_word' id='word_1_693' title='bbox 721 4943 905 5000; x_wconf 90' lang='lat' dir='ltr'><strong><em>eadem</em></strong></span> <span class='ocrx_word' id='word_1_694' title='bbox 930 4943 1077 5000; x_wconf 88' lang='lat' dir='ltr'><strong><em>varie</em></strong></span> <span class='ocrx_word' id='word_1_695' title='bbox 1107 4958 1171 4999; x_wconf 92' lang='lat' dir='ltr'><strong><em>ac</em></strong></span> <span class='ocrx_word' id='word_1_696' title='bbox 1198 4957 1342 5015; x_wconf 66' lang='lat' dir='ltr'><strong><em>saepe</em></strong></span> <span class='ocrx_word' id='word_1_697' title='bbox 1375 4943 1708 4999; x_wconf 89' lang='lat' dir='ltr'><strong><em>disserimus.</em></strong></span> <span class='ocrx_word' id='word_1_698' title='bbox 1736 4943 2049 5014; x_wconf 85' lang='lat' dir='ltr'><strong><em>Quanquam</em></strong></span> 
     </span>
    </p>
   </div>
   <div class='ocr_carea' id='block_1_89' title="bbox 457 5034 2050 5107">
    <p class='ocr_par' dir='ltr' id='par_1_89' title="bbox 457 5034 2050 5107">
     <span class='ocr_line' id='line_1_89' title="bbox 457 5034 2050 5107; baseline 0 -17"><span class='ocrx_word' id='word_1_699' title='bbox 457 5035 599 5091; x_wconf 90' lang='lat' dir='ltr'><strong><em>enim</em></strong></span> <span class='ocrx_word' id='word_1_700' title='bbox 627 5035 864 5090; x_wconf 89' lang='lat' dir='ltr'><strong><em>Ecclesia</em></strong></span> <span class='ocrx_word' id='word_1_701' title='bbox 893 5034 1152 5090; x_wconf 90' lang='lat' dir='ltr'><strong><em>catholica</em></strong></span> <span class='ocrx_word' id='word_1_702' title='bbox 1194 5043 1377 5091; x_wconf 91' lang='lat' dir='ltr'><strong><em>saneta</em></strong></span> <span class='ocrx_word' id='word_1_703' title='bbox 1423 5036 1477 5090; x_wconf 94' lang='lat' dir='ltr'><strong><em>in</em></strong></span> <span class='ocrx_word' id='word_1_704' title='bbox 1513 5035 1761 5091; x_wconf 90' lang='lat' dir='ltr'><strong><em>omnibus</em></strong></span> <span class='ocrx_word' id='word_1_705' title='bbox 1803 5036 2050 5107; x_wconf 87' lang='lat' dir='ltr'><strong><em>gentibus</em></strong></span> 
     </span>
    </p>
   </div>
   <div class='ocr_carea' id='block_1_90' title="bbox 461 5129 2048 5200">
    <p class='ocr_par' dir='ltr' id='par_1_90' title="bbox 461 5129 2048 5200">
     <span class='ocr_line' id='line_1_90' title="bbox 461 5129 2048 5200; baseline -0.001 -17"><span class='ocrx_word' id='word_1_706' title='bbox 461 5129 718 5185; x_wconf 89' lang='lat' dir='ltr'><strong><em>adversus</em></strong></span> <span class='ocrx_word' id='word_1_707' title='bbox 760 5145 823 5186; x_wconf 85' lang='lat' dir='ltr'><strong><em>ea</em></strong></span> <span class='ocrx_word' id='word_1_708' title='bbox 868 5145 986 5200; x_wconf 71' lang='lat' dir='ltr'><strong><em>quae</em></strong></span> <span class='ocrx_word' id='word_1_709' title='bbox 1037 5130 1090 5184; x_wconf 90' lang='lat' dir='ltr'><strong><em>in</em></strong></span> <span class='ocrx_word' id='word_1_710' title='bbox 1138 5129 1239 5184; x_wconf 91' lang='lat' dir='ltr'><strong><em>ista</em></strong></span> <span class='ocrx_word' id='word_1_711' title='bbox 1289 5129 1584 5199; x_wconf 67' lang='lat' dir='ltr'><strong><em>quaestione</em></strong></span> <span class='ocrx_word' id='word_1_712' title='bbox 1627 5129 1694 5184; x_wconf 93' lang='lat' dir='ltr'><strong><em>de</em></strong></span> <span class='ocrx_word' id='word_1_713' title='bbox 1739 5129 2048 5198; x_wconf 89' lang='lat' dir='ltr'><strong><em>Baptismo,</em></strong></span> 
     </span>
    </p>
   </div>
   <div class='ocr_carea' id='block_1_91' title="bbox 462 5220 2053 5293">
    <p class='ocr_par' dir='ltr' id='par_1_91' title="bbox 462 5220 2053 5293">
     <span class='ocr_line' id='line_1_91' title="bbox 462 5220 2053 5293; baseline -0.001 -17"><span class='ocrx_word' id='word_1_714' title='bbox 462 5230 638 5278; x_wconf 89' lang='lat' dir='ltr'><strong><em>utrum</em></strong></span> <span class='ocrx_word' id='word_1_715' title='bbox 668 5233 722 5278; x_wconf 92' lang='lat' dir='ltr'><strong><em>et</em></strong></span> <span class='ocrx_word' id='word_1_716' title='bbox 749 5221 888 5293; x_wconf 86' lang='lat' dir='ltr'><strong><em>apud</em></strong></span> <span class='ocrx_word' id='word_1_717' title='bbox 917 5223 1196 5278; x_wconf 69' lang='lat' dir='ltr'><strong><em>haereticos</em></strong></span> <span class='ocrx_word' id='word_1_718' title='bbox 1232 5230 1287 5277; x_wconf 91' lang='lat' dir='ltr'><strong><em>et</em></strong></span> <span class='ocrx_word' id='word_1_719' title='bbox 1319 5221 1690 5276; x_wconf 88' lang='lat' dir='ltr'><strong><em>schismaticos</em></strong></span> <span class='ocrx_word' id='word_1_720' title='bbox 1718 5220 1857 5276; x_wconf 91' lang='lat' dir='ltr'><strong><em>idem</em></strong></span> <span class='ocrx_word' id='word_1_721' title='bbox 1882 5221 2053 5292; x_wconf 90' lang='lat' dir='ltr'><strong><em>possit</em></strong></span> 
     </span>
    </p>
   </div>
   <div class='ocr_carea' id='block_1_92' title="bbox 463 5311 2051 5388">
    <p class='ocr_par' dir='ltr' id='par_1_92' title="bbox 463 5311 2051 5388">
     <span class='ocr_line' id='line_1_92' title="bbox 463 5311 2051 5388; baseline -0.005 -16"><span class='ocrx_word' id='word_1_722' title='bbox 463 5331 584 5372; x_wconf 88' lang='lat' dir='ltr'><strong><em>esse</em></strong></span> <span class='ocrx_word' id='word_1_723' title='bbox 608 5316 698 5388; x_wconf 88' lang='lat' dir='ltr'><strong><em>qui</em></strong></span> <span class='ocrx_word' id='word_1_724' title='bbox 727 5324 810 5372; x_wconf 87' lang='lat' dir='ltr'><strong><em>est</em></strong></span> <span class='ocrx_word' id='word_1_725' title='bbox 838 5316 890 5370; x_wconf 92' lang='lat' dir='ltr'><strong><em>in</em></strong></span> <span class='ocrx_word' id='word_1_726' title='bbox 911 5313 1207 5378; x_wconf 88' lang='lat' dir='ltr'><strong><em>Catholica,</em></strong></span> <span class='ocrx_word' id='word_1_727' title='bbox 1232 5313 1543 5369; x_wconf 90' lang='lat' dir='ltr'><strong><em>nonnullam</em></strong></span> <span class='ocrx_word' id='word_1_728' title='bbox 1570 5313 1848 5383; x_wconf 87' lang='lat' dir='ltr'><strong><em>caliginem</em></strong></span> <span class='ocrx_word' id='word_1_729' title='bbox 1879 5311 2051 5366; x_wconf 78' lang='lat' dir='ltr'><strong><em>offun-</em></strong></span> 
     </span>
    </p>
   </div>
   <div class='ocr_carea' id='block_1_93' title="bbox 463 5403 2051 5478">
    <p class='ocr_par' dir='ltr' id='par_1_93' title="bbox 463 5403 2051 5478">
     <span class='ocr_line' id='line_1_93' title="bbox 463 5403 2051 5478; baseline -0.004 -16"><span class='ocrx_word' id='word_1_730' title='bbox 463 5407 614 5474; x_wconf 88' lang='lat' dir='ltr'><strong><em>dunt,</em></strong></span> <span class='ocrx_word' id='word_1_731' title='bbox 639 5408 829 5478; x_wconf 71' lang='lat' dir='ltr'><strong><em>priscte</em></strong></span> <span class='ocrx_word' id='word_1_732' title='bbox 856 5404 1260 5462; x_wconf 87' lang='lat' dir='ltr'><strong><em>consuetudinis</em></strong></span> <span class='ocrx_word' id='word_1_733' title='bbox 1283 5415 1338 5461; x_wconf 90' lang='lat' dir='ltr'><strong><em>et</em></strong></span> <span class='ocrx_word' id='word_1_734' title='bbox 1362 5403 1584 5476; x_wconf 88' lang='lat' dir='ltr'><strong><em>plenarii</em></strong></span> <span class='ocrx_word' id='word_1_735' title='bbox 1618 5403 1830 5459; x_wconf 90' lang='lat' dir='ltr'><strong><em>concilii</em></strong></span> <span class='ocrx_word' id='word_1_736' title='bbox 1865 5410 2051 5457; x_wconf 79' lang='lat' dir='ltr'><strong><em>aucto-</em></strong></span> 
     </span>
    </p>
   </div>
   <div class='ocr_carea' id='block_1_94' title="bbox 466 5493 2049 5568">
    <p class='ocr_par' dir='ltr' id='par_1_94' title="bbox 466 5493 2049 5568">
     <span class='ocr_line' id='line_1_94' title="bbox 466 5493 2049 5568; baseline -0.003 -13"><span class='ocrx_word' id='word_1_737' title='bbox 466 5500 623 5556; x_wconf 88' lang='lat' dir='ltr'><strong><em>ritate</em></strong></span> <span class='ocrx_word' id='word_1_738' title='bbox 646 5501 849 5556; x_wconf 89' lang='lat' dir='ltr'><strong><em>munita</em></strong></span> <span class='ocrx_word' id='word_1_739' title='bbox 873 5501 945 5555; x_wconf 88' lang='lat' dir='ltr'><strong><em>sit</em></strong></span> <span class='ocrx_word' id='word_1_740' title='bbox 968 5517 982 5553; x_wconf 87' lang='lat'><strong>:</strong></span> <span class='ocrx_word' id='word_1_741' title='bbox 1006 5509 1183 5555; x_wconf 91' lang='lat' dir='ltr'><strong><em>tamen</em></strong></span> <span class='ocrx_word' id='word_1_742' title='bbox 1205 5498 1326 5568; x_wconf 91' lang='lat' dir='ltr'><strong><em>quia</em></strong></span> <span class='ocrx_word' id='word_1_743' title='bbox 1348 5511 1452 5552; x_wconf 87' lang='lat' dir='ltr'><strong><em>non</em></strong></span> <span class='ocrx_word' id='word_1_744' title='bbox 1476 5494 1880 5551; x_wconf 89' lang='lat' dir='ltr'><strong><em>contemnendis</em></strong></span> <span class='ocrx_word' id='word_1_745' title='bbox 1898 5493 2049 5559; x_wconf 89' lang='lat' dir='ltr'><strong><em>viris,</em></strong></span> 
     </span>
    </p>
   </div>
   <div class='ocr_carea' id='block_1_95' title="bbox 463 5585 2054 5665">
    <p class='ocr_par' dir='ltr' id='par_1_95' title="bbox 463 5585 2054 5665">
     <span class='ocr_line' id='line_1_95' title="bbox 463 5585 2054 5665; baseline -0.006 -15"><span class='ocrx_word' id='word_1_746' title='bbox 463 5605 520 5650; x_wconf 82' lang='lat' dir='ltr'><strong><em>et</em></strong></span> <span class='ocrx_word' id='word_1_747' title='bbox 559 5593 791 5648; x_wconf 84' lang='lat' dir='ltr'><strong><em>maxime</em></strong></span> <span class='ocrx_word' id='word_1_748' title='bbox 825 5592 1092 5665; x_wconf 84' lang='lat' dir='ltr'><strong><em>Cypriane</em></strong></span> <span class='ocrx_word' id='word_1_749' title='bbox 1129 5593 1181 5648; x_wconf 93' lang='lat' dir='ltr'><strong><em>in</em></strong></span> <span class='ocrx_word' id='word_1_750' title='bbox 1208 5591 1321 5662; x_wconf 89' lang='lat' dir='ltr'><strong><em>ipsa</em></strong></span> <span class='ocrx_word' id='word_1_751' title='bbox 1357 5591 1560 5645; x_wconf 89' lang='lat' dir='ltr'><strong><em>unitate</em></strong></span> <span class='ocrx_word' id='word_1_752' title='bbox 1588 5586 1871 5659; x_wconf 89' lang='lat' dir='ltr'><strong><em>aliquando</em></strong></span> <span class='ocrx_word' id='word_1_753' title='bbox 1898 5585 2054 5642; x_wconf 85' lang='lat' dir='ltr'><strong><em>aliter</em></strong></span> 
     </span>
    </p>
   </div>
   <div class='ocr_carea' id='block_1_96' title="bbox 465 5681 2054 5758">
    <p class='ocr_par' dir='ltr' id='par_1_96' title="bbox 465 5681 2054 5758">
     <span class='ocr_line' id='line_1_96' title="bbox 465 5681 2054 5758; baseline -0.004 -16"><span class='ocrx_word' id='word_1_754' title='bbox 465 5688 636 5743; x_wconf 92' lang='lat' dir='ltr'><strong><em>visum</em></strong></span> <span class='ocrx_word' id='word_1_755' title='bbox 664 5695 767 5755; x_wconf 88' lang='lat' dir='ltr'><strong><em>est,</em></strong></span> <span class='ocrx_word' id='word_1_756' title='bbox 799 5686 951 5758; x_wconf 87' lang='lat' dir='ltr'><strong><em>cujus</em></strong></span> <span class='ocrx_word' id='word_1_757' title='bbox 975 5687 1052 5742; x_wconf 89' lang='lat' dir='ltr'><strong><em>uti</em></strong></span> <span class='ocrx_word' id='word_1_758' title='bbox 1081 5683 1362 5742; x_wconf 89' lang='lat' dir='ltr'><strong><em>adversum</em></strong></span> <span class='ocrx_word' id='word_1_759' title='bbox 1387 5697 1486 5740; x_wconf 93' lang='lat' dir='ltr'><strong><em>nos</em></strong></span> <span class='ocrx_word' id='word_1_760' title='bbox 1513 5681 1828 5738; x_wconf 89' lang='lat' dir='ltr'><strong><em>auctoritate</em></strong></span> <span class='ocrx_word' id='word_1_761' title='bbox 1855 5694 2054 5735; x_wconf 88' lang='lat' dir='ltr'><strong><em>conan-</em></strong></span> 
     </span>
    </p>
   </div>
   <div class='ocr_carea' id='block_1_97' title="bbox 467 5773 2056 5851">
    <p class='ocr_par' dir='ltr' id='par_1_97' title="bbox 467 5773 2056 5851">
     <span class='ocr_line' id='line_1_97' title="bbox 467 5773 2056 5851; baseline -0.004 -16"><span class='ocrx_word' id='word_1_762' title='bbox 467 5787 577 5847; x_wconf 89' lang='lat' dir='ltr'><strong><em>tur,</em></strong></span> <span class='ocrx_word' id='word_1_763' title='bbox 594 5778 684 5851; x_wconf 90' lang='lat' dir='ltr'><strong><em>qui</em></strong></span> <span class='ocrx_word' id='word_1_764' title='bbox 713 5779 872 5851; x_wconf 84' lang='lat' dir='ltr'><strong><em>longe</em></strong></span> <span class='ocrx_word' id='word_1_765' title='bbox 895 5778 964 5835; x_wconf 88' lang='lat' dir='ltr'><strong><em>ab</em></strong></span> <span class='ocrx_word' id='word_1_766' title='bbox 991 5777 1109 5850; x_wconf 89' lang='lat' dir='ltr'><strong><em>ejus</em></strong></span> <span class='ocrx_word' id='word_1_767' title='bbox 1122 5777 1384 5834; x_wconf 87' lang='lat' dir='ltr'><strong><em>charitate</em></strong></span> <span class='ocrx_word' id='word_1_768' title='bbox 1406 5773 1600 5832; x_wconf 90' lang='lat' dir='ltr'><strong><em>remoti</em></strong></span> <span class='ocrx_word' id='word_1_769' title='bbox 1627 5783 1788 5840; x_wconf 89' lang='lat' dir='ltr'><strong><em>sunt;</em></strong></span> <span class='ocrx_word' id='word_1_770' title='bbox 1811 5781 2056 5844; x_wconf 80' lang='lat' dir='ltr'><strong><em>propter-</em></strong></span> 
     </span>
    </p>
   </div>
   <div class='ocr_carea' id='block_1_98' title="bbox 468 5865 2055 5945">
    <p class='ocr_par' dir='ltr' id='par_1_98' title="bbox 468 5865 2055 5945">
     <span class='ocr_line' id='line_1_98' title="bbox 468 5865 2055 5945; baseline -0.001 -16"><span class='ocrx_word' id='word_1_771' title='bbox 468 5887 534 5929; x_wconf 85' lang='lat' dir='ltr'><strong><em>ea</em></strong></span> <span class='ocrx_word' id='word_1_772' title='bbox 577 5872 819 5945; x_wconf 85' lang='lat' dir='ltr'><strong><em>cogimur</em></strong></span> <span class='ocrx_word' id='word_1_773' title='bbox 864 5887 932 5930; x_wconf 82' lang='lat' dir='ltr'><strong><em>ex</em></strong></span> <span class='ocrx_word' id='word_1_774' title='bbox 971 5871 1371 5945; x_wconf 84' lang='lat' dir='ltr'><strong><em>opportunitate</em></strong></span> <span class='ocrx_word' id='word_1_775' title='bbox 1433 5865 1699 5928; x_wconf 85' lang='lat' dir='ltr'><strong><em>tractandi</em></strong></span> <span class='ocrx_word' id='word_1_776' title='bbox 1731 5875 1787 5928; x_wconf 90' lang='lat' dir='ltr'><strong><em>et</em></strong></span> <span class='ocrx_word' id='word_1_777' title='bbox 1809 5865 2055 5928; x_wconf 83' lang='lat' dir='ltr'><strong><em>conside-</em></strong></span> 
     </span>
    </p>
   </div>
   <div class='ocr_carea' id='block_1_99' title="bbox 2152 4849 3751 4924">
    <p class='ocr_par' dir='ltr' id='par_1_99' title="bbox 2152 4849 3751 4924">
     <span class='ocr_line' id='line_1_99' title="bbox 2152 4849 3751 4924; baseline 0.004 -19"><span class='ocrx_word' id='word_1_778' title='bbox 2152 4850 2305 4907; x_wconf 87' lang='lat' dir='ltr'><strong><em>randi</em></strong></span> <span class='ocrx_word' id='word_1_779' title='bbox 2327 4851 2504 4906; x_wconf 87' lang='lat' dir='ltr'><strong><em>omnia</em></strong></span> <span class='ocrx_word' id='word_1_780' title='bbox 2533 4867 2652 4923; x_wconf 86' lang='lat' dir='ltr'><strong><em>quae</em></strong></span> <span class='ocrx_word' id='word_1_781' title='bbox 2679 4852 2733 4907; x_wconf 90' lang='lat' dir='ltr'><strong><em>in</em></strong></span> <span class='ocrx_word' id='word_1_782' title='bbox 2761 4851 2878 4922; x_wconf 88' lang='lat' dir='ltr'><strong><em>ejus</em></strong></span> <span class='ocrx_word' id='word_1_783' title='bbox 2903 4851 3128 4906; x_wconf 90' lang='lat' dir='ltr'><strong><em>concilio</em></strong></span> <span class='ocrx_word' id='word_1_784' title='bbox 3149 4850 3217 4906; x_wconf 92' lang='lat' dir='ltr'><strong><em>de</em></strong></span> <span class='ocrx_word' id='word_1_785' title='bbox 3237 4849 3338 4906; x_wconf 91' lang='lat' dir='ltr'><strong><em>hac</em></strong></span> <span class='ocrx_word' id='word_1_786' title='bbox 3362 4865 3422 4907; x_wconf 89' lang='lat' dir='ltr'><strong><em>re</em></strong></span> <span class='ocrx_word' id='word_1_787' title='bbox 3447 4851 3751 4924; x_wconf 83' lang='lat' dir='ltr'><strong><em>litterisque</em></strong></span> 
     </span>
    </p>
   </div>
   <div class='ocr_carea' id='block_1_100' title="bbox 2154 4945 3757 5017">
    <p class='ocr_par' dir='ltr' id='par_1_100' title="bbox 2154 4945 3757 5017">
     <span class='ocr_line' id='line_1_100' title="bbox 2154 4945 3757 5017; baseline 0.003 -18"><span class='ocrx_word' id='word_1_788' title='bbox 2154 4945 2530 5015; x_wconf 90' lang='lat' dir='ltr'><strong><em>comperimus,</em></strong></span> <span class='ocrx_word' id='word_1_789' title='bbox 2554 4945 2690 5001; x_wconf 90' lang='lat' dir='ltr'><strong><em>hanc</em></strong></span> <span class='ocrx_word' id='word_1_790' title='bbox 2712 4945 2956 5001; x_wconf 88' lang='lat' dir='ltr'><strong><em>eamdem</em></strong></span> <span class='ocrx_word' id='word_1_791' title='bbox 2977 4946 3324 5015; x_wconf 84' lang='lat' dir='ltr'><strong><em>quaestionem</em></strong></span> <span class='ocrx_word' id='word_1_792' title='bbox 3345 4947 3616 5017; x_wconf 88' lang='lat' dir='ltr'><strong><em>aliquanto</em></strong></span> <span class='ocrx_word' id='word_1_793' title='bbox 3638 4947 3757 5004; x_wconf 84' lang='lat' dir='ltr'><strong><em>diu-</em></strong></span> 
     </span>
    </p>
   </div>
   <div class='ocr_carea' id='block_1_101' title="bbox 2155 5030 3753 5111">
    <p class='ocr_par' dir='ltr' id='par_1_101' title="bbox 2155 5030 3753 5111">
     <span class='ocr_line' id='line_1_101' title="bbox 2155 5030 3753 5111; baseline 0.004 -20"><span class='ocrx_word' id='word_1_794' title='bbox 2155 5037 2260 5092; x_wconf 90' lang='lat' dir='ltr'><strong><em>tius</em></strong></span> <span class='ocrx_word' id='word_1_795' title='bbox 2288 5047 2539 5109; x_wconf 89' lang='lat' dir='ltr'><strong><em>tanquam</em></strong></span> <span class='ocrx_word' id='word_1_796' title='bbox 2568 5039 2623 5093; x_wconf 92' lang='lat' dir='ltr'><strong><em>in</em></strong></span> <span class='ocrx_word' id='word_1_797' title='bbox 2649 5030 2896 5094; x_wconf 84' lang='lat' dir='ltr'><strong><em>manibus</em></strong></span> <span class='ocrx_word' id='word_1_798' title='bbox 2919 5053 3156 5106; x_wconf 83' lang='lat' dir='ltr'><strong><em>versare,</em></strong></span> <span class='ocrx_word' id='word_1_799' title='bbox 3188 5046 3243 5094; x_wconf 90' lang='lat' dir='ltr'><strong><em>et</em></strong></span> <span class='ocrx_word' id='word_1_800' title='bbox 3270 5040 3555 5094; x_wconf 89' lang='lat' dir='ltr'><strong><em>ostendere</em></strong></span> <span class='ocrx_word' id='word_1_801' title='bbox 3585 5056 3753 5111; x_wconf 87' lang='lat' dir='ltr'><strong><em>quam</em></strong></span> 
     </span>
    </p>
   </div>
   <div class='ocr_carea' id='block_1_102' title="bbox 2155 5130 3757 5204">
    <p class='ocr_par' dir='ltr' id='par_1_102' title="bbox 2155 5130 3757 5204">
     <span class='ocr_line' id='line_1_102' title="bbox 2155 5130 3757 5204; baseline 0.002 -19"><span class='ocrx_word' id='word_1_802' title='bbox 2155 5130 2332 5186; x_wconf 86' lang='lat' dir='ltr'><strong><em>verius</em></strong></span> <span class='ocrx_word' id='word_1_803' title='bbox 2376 5132 2711 5186; x_wconf 86' lang='lat' dir='ltr'><strong><em>universitati</em></strong></span> <span class='ocrx_word' id='word_1_804' title='bbox 2748 5130 3004 5186; x_wconf 82' lang='lat' dir='ltr'><strong><em>Ecclesiae</em></strong></span> <span class='ocrx_word' id='word_1_805' title='bbox 3042 5130 3319 5186; x_wconf 86' lang='lat' dir='ltr'><strong><em>catholicae</em></strong></span> <span class='ocrx_word' id='word_1_806' title='bbox 3363 5133 3658 5204; x_wconf 84' lang='lat' dir='ltr'><strong><em>placuerit,</em></strong></span> <span class='ocrx_word' id='word_1_807' title='bbox 3692 5143 3757 5189; x_wconf 86' lang='lat' dir='ltr'><strong><em>ut</em></strong></span> 
     </span>
    </p>
   </div>
   <div class='ocr_carea' id='block_1_103' title="bbox 2158 5221 3754 5294">
    <p class='ocr_par' dir='ltr' id='par_1_103' title="bbox 2158 5221 3754 5294">
     <span class='ocr_line' id='line_1_103' title="bbox 2158 5221 3754 5294; baseline 0.001 -16"><span class='ocrx_word' id='word_1_808' title='bbox 2158 5223 2396 5278; x_wconf 84' lang='lat' dir='ltr'><strong><em>haeretici</em></strong></span> <span class='ocrx_word' id='word_1_809' title='bbox 2422 5224 2506 5277; x_wconf 89' lang='lat' dir='ltr'><strong><em>vel</em></strong></span> <span class='ocrx_word' id='word_1_810' title='bbox 2545 5223 2872 5278; x_wconf 90' lang='lat' dir='ltr'><strong><em>schismatici</em></strong></span> <span class='ocrx_word' id='word_1_811' title='bbox 2916 5225 3004 5294; x_wconf 91' lang='lat' dir='ltr'><strong><em>qui</em></strong></span> <span class='ocrx_word' id='word_1_812' title='bbox 3042 5225 3153 5294; x_wconf 86' lang='lat' dir='ltr'><strong><em>jam</em></strong></span> <span class='ocrx_word' id='word_1_813' title='bbox 3187 5221 3384 5279; x_wconf 89' lang='lat' dir='ltr'><strong><em>Christi</em></strong></span> <span class='ocrx_word' id='word_1_814' title='bbox 3420 5224 3754 5294; x_wconf 87' lang='lat' dir='ltr'><strong><em>Baptismum</em></strong></span> 
     </span>
    </p>
   </div>
   <div class='ocr_carea' id='block_1_104' title="bbox 2156 5313 3754 5386">
    <p class='ocr_par' dir='ltr' id='par_1_104' title="bbox 2156 5313 3754 5386">
     <span class='ocr_line' id='line_1_104' title="bbox 2156 5313 3754 5386; baseline 0.001 -17"><span class='ocrx_word' id='word_1_815' title='bbox 2156 5314 2266 5370; x_wconf 92' lang='lat' dir='ltr'><strong><em>illic</em></strong></span> <span class='ocrx_word' id='word_1_816' title='bbox 2291 5313 2435 5368; x_wconf 90' lang='lat' dir='ltr'><strong><em>unde</em></strong></span> <span class='ocrx_word' id='word_1_817' title='bbox 2456 5313 2676 5368; x_wconf 87' lang='lat' dir='ltr'><strong><em>veniunt</em></strong></span> <span class='ocrx_word' id='word_1_818' title='bbox 2703 5325 3044 5386; x_wconf 83' lang='lat' dir='ltr'><strong><em>acceperunt,</em></strong></span> <span class='ocrx_word' id='word_1_819' title='bbox 3072 5315 3126 5368; x_wconf 93' lang='lat' dir='ltr'><strong><em>in</em></strong></span> <span class='ocrx_word' id='word_1_820' title='bbox 3155 5314 3474 5370; x_wconf 89' lang='lat' dir='ltr'><strong><em>catholicam</em></strong></span> <span class='ocrx_word' id='word_1_821' title='bbox 3501 5331 3754 5371; x_wconf 85' lang='lat' dir='ltr'><strong><em>commu-</em></strong></span> 
     </span>
    </p>
   </div>
   <div class='ocr_carea' id='block_1_105' title="bbox 2157 5405 3751 5475">
    <p class='ocr_par' dir='ltr' id='par_1_105' title="bbox 2157 5405 3751 5475">
     <span class='ocr_line' id='line_1_105' title="bbox 2157 5405 3751 5475; baseline 0.001 -15"><span class='ocrx_word' id='word_1_822' title='bbox 2157 5406 2372 5460; x_wconf 91' lang='lat' dir='ltr'><strong><em>nionem</em></strong></span> <span class='ocrx_word' id='word_1_823' title='bbox 2401 5419 2522 5459; x_wconf 90' lang='lat' dir='ltr'><strong><em>cum</em></strong></span> <span class='ocrx_word' id='word_1_824' title='bbox 2554 5405 2644 5460; x_wconf 91' lang='lat' dir='ltr'><strong><em>illo</em></strong></span> <span class='ocrx_word' id='word_1_825' title='bbox 2670 5406 3037 5472; x_wconf 85' lang='lat' dir='ltr'><strong><em>admittantur,</em></strong></span> <span class='ocrx_word' id='word_1_826' title='bbox 3068 5407 3136 5462; x_wconf 90' lang='lat' dir='ltr'><strong><em>ab</em></strong></span> <span class='ocrx_word' id='word_1_827' title='bbox 3163 5421 3350 5461; x_wconf 89' lang='lat' dir='ltr'><strong><em>errore</em></strong></span> <span class='ocrx_word' id='word_1_828' title='bbox 3377 5421 3474 5462; x_wconf 92' lang='lat' dir='ltr'><strong><em>suo</em></strong></span> <span class='ocrx_word' id='word_1_829' title='bbox 3498 5408 3751 5475; x_wconf 89' lang='lat' dir='ltr'><strong><em>correcti,</em></strong></span> 
     </span>
    </p>
   </div>
   <div class='ocr_carea' id='block_1_106' title="bbox 2157 5497 3754 5570">
    <p class='ocr_par' dir='ltr' id='par_1_106' title="bbox 2157 5497 3754 5570">
     <span class='ocr_line' id='line_1_106' title="bbox 2157 5497 3754 5570; baseline 0.003 -18"><span class='ocrx_word' id='word_1_830' title='bbox 2157 5498 2211 5552; x_wconf 93' lang='lat' dir='ltr'><strong><em>in</em></strong></span> <span class='ocrx_word' id='word_1_831' title='bbox 2239 5497 2500 5553; x_wconf 91' lang='lat' dir='ltr'><strong><em>charitate</em></strong></span> <span class='ocrx_word' id='word_1_832' title='bbox 2521 5498 2741 5554; x_wconf 89' lang='lat' dir='ltr'><strong><em>radicati</em></strong></span> <span class='ocrx_word' id='word_1_833' title='bbox 2767 5508 2925 5570; x_wconf 90' lang='lat' dir='ltr'><strong><em>atque</em></strong></span> <span class='ocrx_word' id='word_1_834' title='bbox 2953 5498 3154 5553; x_wconf 81' lang='lat' dir='ltr'><strong><em>fundati</em></strong></span> <span class='ocrx_word' id='word_1_835' title='bbox 3178 5515 3191 5563; x_wconf 92' lang='lat'><strong>;</strong></span> <span class='ocrx_word' id='word_1_836' title='bbox 3222 5506 3280 5552; x_wconf 91' lang='lat' dir='ltr'><strong><em>ut</em></strong></span> <span class='ocrx_word' id='word_1_837' title='bbox 3307 5498 3446 5569; x_wconf 89' lang='lat' dir='ltr'><strong><em>quod</em></strong></span> <span class='ocrx_word' id='word_1_838' title='bbox 3474 5499 3665 5554; x_wconf 89' lang='lat' dir='ltr'><strong><em>attinet</em></strong></span> <span class='ocrx_word' id='word_1_839' title='bbox 3683 5499 3754 5556; x_wconf 88' lang='lat' dir='ltr'><strong><em>ad</em></strong></span> 
     </span>
    </p>
   </div>
   <div class='ocr_carea' id='block_1_107' title="bbox 2159 5588 3752 5660">
    <p class='ocr_par' dir='ltr' id='par_1_107' title="bbox 2159 5588 3752 5660">
     <span class='ocr_line' id='line_1_107' title="bbox 2159 5588 3752 5660; baseline 0.003 -16"><span class='ocrx_word' id='word_1_840' title='bbox 2159 5588 2414 5659; x_wconf 88' lang='lat' dir='ltr'><strong><em>Baptismi</em></strong></span> <span class='ocrx_word' id='word_1_841' title='bbox 2457 5600 2868 5657; x_wconf 89' lang='lat' dir='ltr'><strong><em>sacramentum,</em></strong></span> <span class='ocrx_word' id='word_1_842' title='bbox 2905 5605 3012 5645; x_wconf 92' lang='lat' dir='ltr'><strong><em>non</em></strong></span> <span class='ocrx_word' id='word_1_843' title='bbox 3049 5589 3190 5645; x_wconf 90' lang='lat' dir='ltr'><strong><em>adsit</em></strong></span> <span class='ocrx_word' id='word_1_844' title='bbox 3227 5591 3370 5660; x_wconf 86' lang='lat' dir='ltr'><strong><em>quod</em></strong></span> <span class='ocrx_word' id='word_1_845' title='bbox 3406 5590 3618 5659; x_wconf 89' lang='lat' dir='ltr'><strong><em>deerat,</em></strong></span> <span class='ocrx_word' id='word_1_846' title='bbox 3655 5591 3752 5649; x_wconf 86' lang='lat' dir='ltr'><strong><em>sed</em></strong></span> 
     </span>
    </p>
   </div>
   <div class='ocr_carea' id='block_1_108' title="bbox 2159 5683 3750 5756">
    <p class='ocr_par' dir='ltr' id='par_1_108' title="bbox 2159 5683 3750 5756">
     <span class='ocr_line' id='line_1_108' title="bbox 2159 5683 3750 5756; baseline 0.003 -19"><span class='ocrx_word' id='word_1_847' title='bbox 2159 5683 2326 5754; x_wconf 90' lang='lat' dir='ltr'><strong><em>prosit</em></strong></span> <span class='ocrx_word' id='word_1_848' title='bbox 2353 5683 2496 5754; x_wconf 91' lang='lat' dir='ltr'><strong><em>quod</em></strong></span> <span class='ocrx_word' id='word_1_849' title='bbox 2527 5684 2717 5740; x_wconf 86' lang='lat' dir='ltr'><strong><em>inerat.</em></strong></span> <span class='ocrx_word' id='word_1_850' title='bbox 2741 5684 2807 5739; x_wconf 90' lang='lat' dir='ltr'><strong><em>Et</em></strong></span> <span class='ocrx_word' id='word_1_851' title='bbox 2830 5683 3016 5739; x_wconf 89' lang='lat' dir='ltr'><strong><em>beatus</em></strong></span> <span class='ocrx_word' id='word_1_852' title='bbox 3037 5683 3333 5756; x_wconf 83' lang='lat' dir='ltr'><strong><em>Cyprianus</em></strong></span> <span class='ocrx_word' id='word_1_853' title='bbox 3379 5683 3594 5755; x_wconf 90' lang='lat' dir='ltr'><strong><em>quidem</em></strong></span> <span class='ocrx_word' id='word_1_854' title='bbox 3637 5686 3750 5756; x_wconf 90' lang='lat' dir='ltr'><strong><em>jam</em></strong></span> 
     </span>
    </p>
   </div>
   <div class='ocr_carea' id='block_1_109' title="bbox 2158 5773 3746 5846">
    <p class='ocr_par' dir='ltr' id='par_1_109' title="bbox 2158 5773 3746 5846">
     <span class='ocr_line' id='line_1_109' title="bbox 2158 5773 3746 5846; baseline 0.001 -16"><span class='ocrx_word' id='word_1_855' title='bbox 2158 5788 2385 5846; x_wconf 89' lang='lat' dir='ltr'><strong><em>corpore</em></strong></span> <span class='ocrx_word' id='word_1_856' title='bbox 2413 5773 2554 5846; x_wconf 91' lang='lat' dir='ltr'><strong><em>quod</em></strong></span> <span class='ocrx_word' id='word_1_857' title='bbox 2591 5781 2952 5844; x_wconf 81' lang='lat' dir='ltr'><strong><em>corrumpitur</em></strong></span> <span class='ocrx_word' id='word_1_858' title='bbox 2987 5789 3094 5830; x_wconf 91' lang='lat' dir='ltr'><strong><em>non</em></strong></span> <span class='ocrx_word' id='word_1_859' title='bbox 3131 5784 3452 5846; x_wconf 84' lang='lat' dir='ltr'><strong><em>aggravante</em></strong></span> <span class='ocrx_word' id='word_1_860' title='bbox 3483 5776 3746 5844; x_wconf 74' lang='lat' dir='ltr'><strong><em>animam,</em></strong></span> 
     </span>
    </p>
   </div>
   <div class='ocr_carea' id='block_1_110' title="bbox 2159 5865 3744 5938">
    <p class='ocr_par' dir='ltr' id='par_1_110' title="bbox 2159 5865 3744 5938">
     <span class='ocr_line' id='line_1_110' title="bbox 2159 5865 3744 5938; baseline 0 -15"><span class='ocrx_word' id='word_1_861' title='bbox 2159 5881 2260 5926; x_wconf 89' lang='lat' dir='ltr'><strong><em>nec</em></strong></span> <span class='ocrx_word' id='word_1_862' title='bbox 2287 5865 2620 5938; x_wconf 87' lang='lat' dir='ltr'><strong><em>deprimente</em></strong></span> <span class='ocrx_word' id='word_1_863' title='bbox 2648 5874 2859 5924; x_wconf 84' lang='lat' dir='ltr'><strong><em>terrena</em></strong></span> <span class='ocrx_word' id='word_1_864' title='bbox 2894 5865 3279 5928; x_wconf 83' lang='lat' dir='ltr'><strong><em>inhabitatione</em></strong></span> <span class='ocrx_word' id='word_1_865' title='bbox 3313 5880 3531 5925; x_wconf 88' lang='lat' dir='ltr'><strong><em>sensum</em></strong></span> <span class='ocrx_word' id='word_1_866' title='bbox 3573 5868 3744 5925; x_wconf 80' lang='lat' dir='ltr'><strong><em>multa</em></strong></span> 
     </span>
    </p>
   </div>
  </div>
