4008 6496
234 470 343 526 9.25

237 584 564 656 cogitantem
593 583 763 654 (Sap.
790 598 869 648 ix,
900 583 967 639 15
995 582 1036 654 ),
1065 581 1304 638 serenius
1345 581 1596 652 perspicit
1621 579 1817 643 verita-

241 688 368 741 tem,
406 690 569 746 quam
612 679 806 731 meruit
843 675 1061 745 adipisci
1104 691 1199 745 per
1236 674 1567 729 charitatem.
1596 672 1822 742 Adjuvet

238 769 417 843 itaque
454 787 557 826 nos
582 772 911 826 orationibus
950 772 1058 825 suis
1096 771 1147 824 in
1189 770 1339 825 istius
1379 768 1555 824 carnis
1582 766 1821 822 mortali-

239 874 366 928 tate,
397 875 653 936 tanquam
680 866 733 919 in
762 864 1048 935 caliginosa
1077 864 1219 918 nube
1261 863 1586 927 laborantes,
1628 869 1686 914 ut
1724 858 1821 913 do-

236 969 399 1015 nante
420 960 671 1025 Domino,
700 967 952 1030 quantum
985 971 1284 1028 possumus,
1316 956 1457 1011 bona
1492 954 1607 1024 ejus
1636 952 1821 1007 imite-

237 1067 376 1105 mur.
406 1051 462 1106 SI
489 1051 617 1119 quid
646 1058 820 1105 autem
843 1050 997 1103 aliter
1016 1049 1202 1112 sensit,
1225 1057 1280 1102 et
1302 1045 1615 1118 quibusdam
1650 1043 1822 1099 fratri-

235 1143 333 1197 bus
359 1142 691 1212 collegisque
717 1142 997 1213 persuasit,
1020 1140 1163 1211 quod
1200 1155 1341 1194 nunc
1365 1154 1430 1193 eo
1455 1153 1611 1208 quem
1638 1136 1823 1192 dilexit

235 1236 511 1291 revelante
536 1236 645 1305 jam
677 1235 867 1299 cernit,
901 1249 1000 1289 nos
1024 1234 1179 1304 longe
1204 1233 1434 1303 impares
1461 1232 1663 1287 meritis
1688 1230 1817 1297 suis,

235 1326 497 1380 Ecclesia:
540 1334 715 1380 tamen
762 1325 1036 1380 catholicae
1084 1325 1472 1389 auctoritatem,
1516 1322 1666 1393 cujus
1706 1322 1822 1392 ipse

233 1418 508 1487 egregium
542 1426 596 1471 et
622 1417 975 1472 clarissimum
1009 1418 1025 1448 ¹
1054 1417 1350 1471 membrum
1380 1425 1482 1483 est,
1516 1431 1614 1485 pro
1640 1424 1820 1469 nostra

233 1510 549 1565 inlirmitate
570 1518 856 1576 sectantes,
881 1508 1139 1565 adversus
1161 1508 1439 1563 haareticos
1460 1507 1543 1562 vel
1571 1506 1822 1562 schisma-

234 1604 367 1657 ticos
386 1603 683 1658 enodemus
704 1623 716 1657 :
734 1618 869 1673 quos
888 1603 1137 1671 praecisos
1153 1602 1220 1656 ab
1243 1601 1440 1656 unitate
1456 1615 1610 1671 quam
1632 1598 1817 1666 tenuit,

231 1704 289 1749 et
310 1705 627 1749 arescentes
657 1710 686 1749 a
711 1695 969 1749 cliaritate
990 1709 1091 1764 qua
1120 1694 1306 1763 viguit,
1336 1702 1391 1748 et
1414 1692 1623 1763 elapsos
1642 1691 1709 1745 ab
1726 1690 1823 1744 hu-

241 1787 469 1841 militate
514 1802 616 1856 qua
665 1786 840 1852 stetit,
891 1794 1037 1840 tanto
1080 1786 1303 1856 amplius
1351 1784 1614 1856 improbat
1662 1792 1821 1853 atque

238 1877 586 1943 condemnat,
629 1886 824 1947 quanto
853 1876 1020 1946 magis
1061 1876 1207 1930 novit
1233 1890 1325 1931 eos
1362 1875 1428 1929 ad
1469 1874 1819 1930 insidiandum

229 1968 563 2037 perscrutari
602 1967 735 2022 velle
780 1968 919 2037 quod
960 1969 1206 2036 scripsit,
1244 1976 1298 2022 et
1332 1967 1397 2021 ad
1437 1966 1818 2036 paciﬁcandum

229 2061 429 2115 imitari
450 2061 595 2115 nolle
610 2060 751 2130 quod
769 2060 911 2115 fecit.
931 2060 1079 2115 Sicut
1094 2061 1168 2115 illi
1193 2061 1353 2130 quise
1365 2059 1692 2117 Christianos
1713 2059 1818 2113 Na—

232 2166 457 2208 zarenos
496 2161 709 2217 vocant,
752 2162 807 2207 et
842 2167 991 2207 more
1028 2151 1247 2206 Judaico
1289 2151 1520 2206 carnalia
1561 2150 1819 2222 praeputia

229 2244 655 2309 circumcidunt,
695 2244 805 2297 nati
849 2243 1084 2298 haeretici
1119 2259 1184 2297 ex
1218 2243 1308 2298 illo
1348 2258 1529 2298 errore
1568 2244 1619 2297 in
1660 2257 1818 2313 quem

230 2334 424 2390 Petrus
452 2335 676 2391 devians
704 2350 733 2388 a
761 2334 923 2389 Paulo
950 2344 1229 2390 revocatus
1252 2342 1334 2390 est
1359 2334 1377 2403 (
1404 2332 1575 2388 Galat.
1598 2350 1656 2401 ιι,
1683 2334 1742 2388 11
1774 2333 1816 2405 ),

231 2428 412 2484 adhuc
459 2444 630 2499 usque
676 2428 968 2498 persistunt
996 2429 1016 2458 ²
1045 2445 1057 2480 :
1087 2428 1225 2482 sicut
1273 2440 1401 2497 ergo
1451 2426 1525 2480 illi
1565 2425 1725 2480 Petro
1765 2426 1818 2479 in

233 2523 468 2591 primatu
490 2520 867 2590 Apostolorum
894 2519 1132 2590 martyrii
1159 2518 1326 2587 gloria
1351 2527 1625 2584 coronato,
1649 2517 1702 2571 in
1722 2531 1819 2571 sua

232 2614 589 2685 perversitate
613 2611 819 2683 praecisi
848 2612 915 2666 ab
937 2610 1174 2665 Ecclesia
1200 2619 1568 2665 remanserunt
1586 2608 1705 2673 ;.sic
1732 2608 1819 2663 isti

231 2704 505 2777 Cypriano
532 2719 630 2774 per
653 2702 1027 2757 abundantiam
1056 2702 1333 2757 charitatis
1361 2701 1414 2755 in
1450 2710 1651 2757 sortem
1687 2716 1816 2756 san-

232 2806 448 2854 ctorum
476 2797 739 2868 passionis
767 2796 1007 2851 claritate
1034 2802 1302 2866 suscepto,
1338 2810 1397 2851 se
1435 2794 1578 2864 ipsos
1609 2794 1818 2848 exsules

232 2890 458 2945 unitatis
504 2897 832 2959 agnoscunt,
866 2896 921 2941 et
957 2898 1142 2941 contra
1180 2886 1398 2940 unitatis
1442 2884 1667 2956 patriam
1719 2897 1820 2955 pro

229 2981 353 3035 suis
390 2980 667 3035 calumniis
706 2979 873 3034 civem
918 2977 1131 3033 unitatis
1169 2985 1459 3047 opponunt.
1484 2975 1601 3031 Jam
1641 2975 1819 3047 itaque

230 3083 460 3128 caeteras
505 3073 644 3129 illius
684 3070 895 3127 concilii
938 3069 1229 3126 sententias
1267 3068 1455 3124 eadem
1493 3069 1700 3124 ratione
1736 3068 1818 3123 vi-

231 3164 480 3219 deamus.

308 3253 533 3309 CAPUT
574 3253 638 3308 ll.
667 3283 735 3294 --
758 3253 814 3308 2.
848 3253 1054 3308 Marcus
1079 3268 1109 3307 a
1138 3253 1350 3308 Mactari
1377 3251 1398 3284 ⁸
1417 3250 1591 3307 dixit:
1617 3250 1818 3305 Miran-

235 3350 362 3402 dum
405 3364 505 3402 non
548 3357 641 3413 est,
689 3348 732 3402 si
781 3348 997 3401 heretici
1044 3348 1209 3401 hostes
1255 3356 1401 3417 atque
1446 3346 1820 3417 impugnatores

233 3440 458 3495 veritatis
504 3440 598 3493 sibi
650 3456 755 3493 rem
805 3438 1058 3493 vindicant
1110 3439 1368 3509 potestatis
1419 3448 1466 3491 et
1517 3436 1821 3507 dignationis

236 3532 421 3585 aliena:
446 3549 465 3585 :
493 3532 623 3585 illud
658 3532 943 3585 mirandum
972 3539 1065 3599 est,
1102 3532 1236 3600 quod
1270 3530 1475 3601 quidam
1504 3530 1661 3583 nostri
1691 3545 1822 3598 pras-

235 3625 539 3677 uaricatores
568 3624 787 3678 veritatis
819 3624 1062 3678 hwreticis
1097 3622 1465 3694 suﬁ'ragantur,
1496 3630 1542 3676 et
1570 3620 1821 3676 Christia-

236 3717 319 3768 nis
350 3716 701 3769 adversantur.
726 3715 1005 3787 Propterea
1028 3716 1341 3771 decernimus
1371 3716 1629 3771 haereticos
1655 3715 1822 3786 bapti-

234 3807 429 3861 sandos
453 3822 575 3860 esse.

312 3898 369 3953 5.
439 3897 571 3952 Huic
627 3897 1014 3967 respondemus
1067 3918 1081 3952 :
1136 3898 1249 3953 Imo
1304 3898 1471 3969 magis
1522 3897 1822 3952 mirandum

238 4001 345 4057 est,
379 4000 434 4045 et
460 4006 652 4061 magna
691 3991 847 4046 laude
880 3990 1296 4061 praedicandum,
1335 3990 1475 4061 quod
1505 3999 1704 4044 tantum
1738 3990 1824 4045 isti

239 4082 529 4138 dilexerint
566 4084 843 4151 unitatem,
867 4091 925 4138 ut
953 4098 1086 4153 quos
1120 4082 1560 4153 praevaricatores
1586 4082 1824 4136 veritatis

239 4176 659 4243 arbitrabantur,
687 4191 807 4230 cum
847 4176 925 4231 eis
964 4176 1019 4230 in
1061 4176 1262 4230 unitate
1306 4184 1729 4245 perseverantes,
1758 4174 1826 4228 ab

239 4268 321 4322 eis
350 4268 514 4336 pollui
543 4282 650 4322 non
678 4269 949 4321 timerent.
978 4265 1110 4321 Nam
1140 4281 1261 4321 cum
1292 4266 1391 4320 iste
1421 4265 1659 4331 dixisset,
1682 4265 1827 4319 Illud

236 4356 533 4409 mirandum
558 4366 651 4424 est,
677 4357 813 4427 quod
846 4357 1051 4425 quidam
1079 4359 1236 4412 nostri
1266 4361 1672 4428 prtevaricatores
1700 4358 1828 4410 ueri-

238 4449 358 4502 tatis
403 4448 655 4503 haereticis
700 4446 1067 4520 suﬂ'ragantur,
1115 4458 1159 4503 et
1198 4448 1497 4503 Christianis
1549 4450 1827 4503 adversan-

237 4551 355 4605 tur;
384 4541 662 4596 videbatur
691 4556 810 4597 esse
846 4542 1083 4598 dicturus
1103 4584 1117 4609 ,
1168 4542 1459 4613 PrOpterea
1492 4543 1829 4598 decernimus

238 4635 319 4688 eis
342 4651 447 4689 non
473 4650 592 4691 esse
616 4635 1135 4690 communicandum.
1158 4635 1273 4691 Non
1288 4636 1391 4691 hoc
1418 4636 1577 4702 dixit;
1598 4637 1690 4694 sed
1720 4638 1825 4691 ait:

238 4725 526 4798 Pwpterea
555 4727 866 4783 decernimus
895 4728 1155 4783 haereticos
1183 4728 1512 4800 baptizandos
1542 4746 1648 4784 esse
1669 4746 1687 4783 :
1708 4744 1826 4785 ser-

184 4844 193 4853 ~
238 4836 373 4874 vans
421 4821 562 4892 quod
614 4820 861 4890 paciﬁcus
904 4821 1203 4893 Cyprianus
1245 4830 1368 4877 ante
1419 4830 1825 4891 praestruxerat,

240 4910 446 4979 dicens,
482 4911 752 4966 Neminem
788 4902 1077 4983 judicanles
1097 4955 1112 4979 ,
1153 4922 1243 4967 aut
1271 4930 1301 4966 a
1317 4915 1438 4984 jure
1462 4915 1829 4968 communionis

239 5004 495 5072 aliquem,
544 5004 588 5056 si
631 5003 881 5057 diversum
925 5005 1165 5071 senserit,
1211 5014 1511 5059 amoventes.
1540 5004 1670 5059 Cum
1701 5020 1830 5075 ergo

240 5096 535 5152 Donatistae
564 5097 717 5152 nobis
751 5098 1139 5152 calumniantur
1160 5140 1175 5166 ,
1217 5106 1271 5153 et
1318 5113 1416 5152 nos
1440 5097 1623 5152 dicunt
1663 5097 1830 5153 tradi-

238 5197 387 5243 tores
411 5230 427 5253 ,
464 5188 511 5243 si
555 5188 674 5258 quis
702 5189 895 5244 existat
934 5190 1017 5243 vel
1054 5188 1268 5244 Judaaus
1300 5189 1381 5244 vel
1415 5189 1657 5259 Paganus
1679 5230 1695 5257 ,
1741 5190 1832 5261 qui

238 5279 383 5333 lecto
413 5280 518 5334 isto
551 5280 778 5335 concilio
807 5289 861 5335 et
885 5296 983 5335 nos
1006 5290 1059 5334 et
1090 5281 1231 5349 ipsos
1256 5321 1271 5346 ,
1319 5280 1614 5335 secundum
1643 5296 1832 5336 eorum

236 5372 473 5442 regulas,
507 5373 744 5428 veritatis
765 5374 997 5444 appellet
1020 5373 1475 5443 praevaricatores,
1507 5374 1665 5428 velim
1695 5374 1832 5431 scire

239 5463 313 5518 ad
350 5464 453 5518 hoc
480 5474 587 5518 tam
626 5479 785 5535 grave
814 5466 1015 5520 crimen
1046 5463 1382 5519 refutandum
1420 5472 1577 5534 atque
1617 5465 1829 5521 diluen-

237 5555 372 5611 dum
398 5556 668 5625 quomodo
707 5555 863 5612 nobis
886 5557 1084 5629 agenda
1112 5557 1181 5612 sit
1208 5571 1368 5611 causa
1393 5556 1710 5611 communis.
1738 5556 1831 5612 Isti

235 5661 341 5702 eos
366 5646 553 5701 dicunt
579 5646 862 5703 traditores
886 5687 903 5715 ,
933 5662 1067 5718 quos
1090 5662 1264 5718 neque
1292 5646 1399 5703 ullo
1426 5656 1669 5717 tempore
1694 5661 1830 5703 con-

308 5822 325 5887 ξ
364 5823 548 5887 Aliquot
568 5831 697 5887 Mss,
710 5824 1061 5880 charissimam.

307 5884 331 5978 ἶ
361 5884 771 5978 Ξδξὶεέέςῖἓὲᾳ
785 5888 990 5978 υἰῖλέΰ
1012 5891 1100 5978 ’⁸9⁸
1122 5905 1269 5959 ⁶⁴⁸ί¹⁸⁴θ
1290 5891 1565 5957 WW‘
1630 5900 1686 5943 "'

361 5952 445 5998 tu.
465 5951 791 6015 corbeiensis,
814 5964 845 6002 a
866 5952 1073 6007 Mattari.

1480 464 1683 521 LIBER
1721 459 2080 520 SEPTIMUS.

1931 591 2143 634 vincere
2184 586 2506 650 potuerunt,
2546 596 2719 656 neque
2762 597 2905 641 nunc
2930 594 3154 657 possunt
3175 589 3495 658 ostendere,

1927 678 1981 725 et
2024 670 2079 725 in
2127 670 2313 727 eodem
2357 674 2578 731 crimine
2616 676 2717 747 ipsi
2754 693 2873 734 esse
2914 679 3095 751 potius
3130 683 3503 740 ostenduntur.

1928 761 2033 818 Sed
2078 763 2205 833 quid
2250 764 2317 819 ad
2360 765 2495 821 nos?
2536 767 2611 823 De
2656 768 2772 825 istis
2818 780 2964 828 certe
3008 775 3505 843 pmvaricatoribus

1926 854 2051 924 quid
2079 855 2348 911 dicemus?
2373 857 2428 913 Si
2454 859 2596 914 enim
2620 876 2739 925 nos,
2770 864 3011 932 quamvis
3035 865 3191 934 falso,
3225 876 3503 938 propterea

1926 947 2153 1005 dicimur
2178 951 2497 1021 traditores,
2542 954 2665 1025 quia
2710 958 3050 1016 traditoribus
3082 976 3182 1018 nos
3215 962 3270 1017 in
3315 963 3502 1019 eadem

1925 1047 2299 1101 communione
2324 1048 2646 1105 successisse
2672 1050 3046 1119 criminantur;
3080 1057 3501 1125 prmvaricatori-

1925 1131 2028 1190 bus
2072 1134 2179 1191 illis
2221 1152 2410 1193 omnes
2447 1141 2828 1209 successimus,
2878 1144 3000 1214 quia
3048 1146 3281 1202 nondum
3330 1163 3390 1205 se
3436 1149 3504 1204 ab

1926 1228 2125 1284 unitate
2152 1228 2402 1286 diviserat
2430 1245 2552 1301 pars
2584 1233 2773 1289 Donati
2800 1234 2940 1291 beati
2966 1235 3215 1308 Cypriani
3253 1244 3506 1313 tempori-

1925 1317 2044 1375 bus.
2095 1319 2223 1375 Post
2265 1322 2566 1390 passionem
2615 1326 2811 1396 quippe
2852 1328 2967 1397 ejus
3014 1330 3392 1402 quadraginta,
3449 1342 3506 1390 et

1925 1412 2066 1481 quod
2090 1414 2356 1481 excurrit,
2382 1416 2535 1472 annis
2562 1418 2791 1486 peractis
2810 1459 2825 1485 ,
2858 1418 3071 1475 traditio
3096 1423 3337 1480 codicum
3366 1425 3504 1482 facta

1926 1512 2028 1569 est,
2083 1506 2223 1562 unde
2267 1517 2546 1579 coeperunt
2599 1510 2856 1581 appellari
2911 1512 3212 1570 traditores.
3268 1517 3325 1572 Si
3375 1533 3504 1589 ergo

1927 1606 2209 1667 propterea
2239 1615 2337 1655 nos
2364 1600 2645 1657 traditores
2664 1643 2680 1668 ,
2705 1603 2830 1672 quia
2857 1618 2921 1658 ex
2962 1604 3335 1673 traditoribus,
3369 1610 3506 1665 sicut

1924 1689 2211 1759 Opinantur
2229 1692 2313 1747 vel
2341 1692 2669 1764 contingunt,
2702 1694 2873 1750 exorti
2892 1709 3106 1762 sumus;
3135 1698 3206 1754 ab
3236 1698 3341 1755 illis
3369 1716 3506 1770 pra:-

1925 1781 2307 1838 varicatoribus
2362 1785 2571 1855 utrique
2626 1786 2883 1857 originem
2937 1788 3200 1845 ducimus.
3254 1791 3371 1847 Non
3424 1801 3508 1849 est

1926 1870 2067 1925 enim
2110 1873 2253 1943 quod
2303 1873 2544 1943 dicatur,
2590 1891 2695 1931 non
2747 1878 2827 1934 eis
2868 1881 3291 1959 communicasse
3339 1883 3504 1953 istos;

1923 1965 2135 2034 quando
2176 1980 2304 2023 suos
2333 1968 2452 2023 illos
2476 1977 2697 2035 vocant;
2743 1972 2883 2041 quod
2925 1974 3208 2029 concilium
3236 1975 3500 2048 loquitur,

1923 2054 2064 2125 quod
2093 2056 2191 2127 ipsi
2220 2059 2448 2115 maxime
2474 2060 2749 2128 proferunt
2778 2063 2795 2093 ί
2816 2080 2827 2114 :
2851 2062 3070 2127 Quidam
3099 2067 3277 2131 nostri,
3311 2066 3501 2135 inquit,

1923 2149 2330 2217 prmaricatores
2355 2152 2599 2219 veritatis,
2627 2153 2871 2209 hereticis
2891 2154 3255 2228 suffragantur.
3288 2159 3506 2215 Accedit

1922 2245 1977 2293 et
2013 2238 2370 2296 testimonium
2415 2241 2697 2313 Cypriani,
2742 2245 2870 2301 satis
2908 2245 3319 2305 demonstrantis
3364 2251 3504 2321 quod

1922 2326 1976 2382 in
2008 2344 2195 2385 eorum
2218 2334 2591 2390 communione
2616 2338 2999 2407 permanserit,
3028 2339 3255 2395 dicendo
3274 2384 3288 2407 ,
3320 2340 3502 2397 Nemi-

1922 2436 2036 2476 nem
2065 2422 2390 2493 judicantes,
2434 2435 2521 2481 aut
2563 2445 2596 2481 a
2621 2430 2742 2500 jure
2777 2432 3141 2487 communionis
3169 2435 3416 2504 aliquem,
3461 2438 3505 2492 si

1923 2512 2171 2567 diversum
2199 2518 2406 2570 senserit
2431 2558 2445 2584 ,
2474 2529 2774 2574 amoventes.
2807 2520 2911 2590 Ipsi
2940 2524 3083 2577 enim
3124 2534 3277 2580 erant
3310 2529 3398 2596 qui
3424 2528 3505 2583 di-

1921 2617 2135 2659 versum
2175 2607 2505 2675 sentiebant,
2540 2624 2674 2680 quos
2716 2613 2816 2668 iste
2858 2616 3293 2684 praevaricatores
3316 2628 3500 2686 vocat,

1921 2694 2045 2765 quia
2073 2696 2275 2752 scilicet
2305 2698 2567 2755 haereticis
2594 2701 3017 2773 suﬂ‘ragabantur
3036 2747 3051 2773 ,
3084 2706 3198 2761 sine
3231 2706 3504 2779 Baptismo

1920 2800 2014 2841 eos
2044 2787 2099 2841 in
2126 2786 2416 2844 Ecclesiam
2442 2791 2765 2861 recipiendo.
2794 2794 2925 2850 Eam
2951 2811 3163 2867 quoque
3187 2795 3352 2855 fuisse
3376 2814 3505 2854 con-

1920 2878 2254 2933 suetudinem
2293 2890 2353 2935 ut
2392 2881 2469 2936 sic
2513 2883 2908 2954 reciperentur,
2959 2895 3015 2943 et
3054 2887 3168 2959 ipse
3210 2888 3505 2961 Cyprianus

1923 2969 2101 3025 multis
2126 2970 2277 3038 locis,
2304 2980 2358 3026 et
2385 2973 2587 3044 aliquot
2609 2976 2843 3047 episcOpi
2874 2978 2926 3033 in
2957 2977 3059 3035 hoc
3085 2982 3314 3037 concilio
3337 2983 3507 3039 mani-

1920 3058 2136 3116 festant.
2170 3061 2323 3119 Unde
2352 3075 2608 3136 apparet,
2636 3068 2683 3123 si
2708 3068 2942 3127 haeretici
2968 3086 3075 3128 non
3101 3074 3299 3130 habent
3322 3075 3504 3147 Bapti-

1923 3168 2132 3225 smum,
2170 3156 2463 3214 Ecclesiam
2490 3160 2685 3217 Christi
2717 3170 3012 3235 temporum
3056 3166 3266 3223 illorum
3300 3184 3506 3239 praeva-

1922 3248 2243 3305 ricatoribus
2287 3252 2450 3308 fuisse
2490 3253 2734 3323 plenam,
2781 3257 2872 3326 qui
2920 3258 2998 3313 eis
3041 3258 3391 3332 sulfragantes
3429 3262 3507 3317 sic

1924 3354 2019 3395 eos
2038 3341 2385 3411 recipiebant.
2402 3346 2602 3415 Agatur
2617 3363 2745 3418 ergo
2764 3364 2921 3404 causa
2942 3352 3239 3408 communis
3255 3354 3507 3411 adversus

1924 3430 2127 3486 crimen
2152 3436 2600 3503 praevaricationis
2636 3441 2776 3510 quod
2802 3456 2999 3513 negare
3036 3459 3141 3498 non
3168 3455 3421 3515 possunt,
3455 3455 3511 3503 et

1926 3520 1999 3576 ibi
2029 3533 2216 3594 agetur
2248 3537 2428 3584 nostra
2469 3528 2726 3587 adversus
2772 3535 2975 3592 crimen
3024 3536 3322 3595 traditionis
3368 3539 3509 3611 quod

1926 3619 2251 3676 convincere
2285 3637 2392 3678 non
2426 3628 2773 3693 potuerunt’.
2804 3626 2911 3684 Sed
2955 3630 3033 3685 sic
3083 3645 3337 3702 agamus,
3383 3649 3511 3703 qua-

1927 3706 1973 3761 si
2040 3711 2371 3767 convicerint
2399 3731 2412 3767 :
2442 3716 2584 3785 quod
2653 3718 2862 3789 utrique
2932 3722 3370 3791 responderimus
3432 3726 3512 3781 eis

1928 3799 2018 3869 qui
2063 3802 2217 3857 nobis
2256 3804 2511 3874 objiciunt
2547 3809 2807 3878 majorum
2852 3820 3159 3868 nostrorum
3192 3816 3509 3883 pricvarica-

1930 3890 2126 3946 tionem
2148 3935 2163 3959 ,
2197 3893 2299 3949 hoc
2340 3910 2437 3951 nos
2466 3897 2581 3953 istis
2609 3901 3048 3970 respondebimus
3072 3904 3163 3975 qui
3193 3906 3344 3961 nobis
3372 3907 3510 3976 obji-

1929 3982 2078 4038 ciunt
2123 3985 2383 4056 majorum
2426 3998 2731 4045 nostrorum
2777 3992 3137 4050 traditionem.
3185 3995 3337 4052 Sicut
3366 3998 3511 4053 enim

1928 4090 2026 4145 per
2065 4077 2325 4146 majorum
2370 4089 2672 4137 nostrorum
2725 4083 3100 4154 traditionem,
3147 4087 3290 4143 unde
3324 4103 3383 4144 se
3424 4089 3513 4145 isti

1930 4168 2246 4240 diviserunt,
2270 4188 2368 4227 nos
2396 4176 2590 4230 mortui
2617 4191 2801 4233 sumus
2828 4195 2840 4231 :
2870 4178 2940 4232 ita
2966 4194 3064 4250 per
3088 4180 3348 4250 majorum
3377 4197 3513 4252 pra:-

1934 4259 2314 4317 varicationem
2334 4306 2349 4330 ,
2380 4266 2469 4334 qui
2497 4275 2551 4322 et
2578 4268 2749 4323 nostri
2774 4277 2827 4324 et
2856 4268 3093 4339 ipsorum
3132 4280 3377 4341 parentes
3401 4274 3515 4330 fue-

1931 4360 2074 4417 runt,
2101 4363 2154 4408 et
2179 4370 2277 4411 nos
2300 4365 2353 4411 et
2380 4357 2477 4427 ipsi
2509 4361 2702 4414 mortui
2729 4375 2931 4416 sumus.
2962 4361 3067 4418 Sed
3098 4364 3218 4433 quia
3243 4379 3302 4420 sc
3330 4365 3511 4422 vivere

1931 4441 2148 4511 dicunt,
2179 4447 2403 4503 credunt
2429 4450 2570 4520 quod
2600 4450 2667 4505 ad
2696 4467 2790 4506 eos
2818 4468 2925 4507 non
2967 4455 3233 4522 pertineat
3260 4456 3347 4511 illa
3377 4472 3515 4526 pra:-

1931 4534 2185 4590 varicatio
2205 4554 2219 4589 :
2236 4553 2364 4608 ergo
2384 4554 2481 4595 nec
2501 4539 2569 4596 ad
2593 4556 2689 4596 nos
2714 4541 2803 4597 illa
2830 4542 3061 4597 traditio.
3093 4544 3158 4599 Et
3183 4544 3273 4598 illa
3301 4546 3514 4615 quidem

1933 4630 2303 4697 praevaricatio
2348 4633 2640 4689 secundum
2691 4635 2836 4705 ipsos
2874 4646 3020 4691 certa
3071 4645 3153 4692 est
3180 4655 3195 4691 :
3222 4639 3513 4695 secundum

1934 4736 2035 4776 nos
2063 4732 2239 4779 autem
2268 4739 2368 4780 nec
2397 4727 2632 4782 anterior
2673 4729 3042 4797 praevaricatio
3080 4746 3204 4786 vera
3234 4740 3349 4800 est,
3391 4735 3515 4804 quia

1934 4822 1989 4869 et
2010 4815 2287 4871 haereticos
2307 4817 2531 4872 dicimus
2551 4834 2707 4888 posse
2724 4818 2921 4876 habere
2938 4821 3265 4893 Baptismum
3285 4824 3513 4892 Christi;

1934 4920 2035 4960 nec
2078 4909 2343 4976 posterior
2386 4909 2636 4973 traditio,
2682 4911 2803 4979 quia
2858 4912 2911 4966 in
2949 4928 3010 4969 ea
3059 4930 3217 4970 causa
3262 4924 3387 4970 sunt
3417 4915 3519 4985 ipsi

1935 4998 2191 5065 superati.
2228 4997 2343 5053 Non
2382 4998 2579 5055 habent
2622 5016 2748 5071 ergo
2790 5002 2872 5055 isti
2911 5017 3008 5058 cur
3049 5019 3079 5058 a
3125 5006 3277 5059 nobis
3317 5004 3520 5059 nefario

1936 5086 2142 5142 scelere
2169 5087 2473 5143 schismatis
2499 5101 2847 5161 separentur:
2873 5093 2992 5164 quia
3019 5095 3189 5149 nostri
3217 5094 3447 5164 majores
3471 5094 3519 5149 si

1938 5181 2223 5238 traditores
2246 5198 2352 5238 non
2389 5183 2636 5251 fuerunt,
2680 5185 2817 5241 sicut
2851 5200 2951 5242 nos
2986 5186 3252 5255 dicimus,
3292 5201 3395 5240 non
3435 5192 3522 5240 est

1938 5274 2082 5345 quod
2110 5275 2175 5330 ad
2206 5290 2304 5330 nos
2345 5277 2564 5333 omnino
2598 5278 2895 5347 pertineat;
2941 5279 2987 5334 si
3032 5289 3207 5334 autem
3237 5276 3523 5333 traditores

1937 5365 2187 5436 fuerunt,
2227 5369 2364 5424 sicut
2391 5369 2492 5439 ipsi
2519 5370 2729 5436 dicunt,
2761 5371 2841 5427 sic
2878 5370 2944 5426 ad
2985 5386 3083 5426 nos
3123 5385 3229 5425 non
3256 5368 3517 5439 pertinet,

1938 5458 2388 5529 quemadmodum
2439 5475 2540 5517 nec
2565 5460 2632 5517 ad
2677 5476 2777 5516 nos
2805 5476 2905 5517 nec
2928 5460 2997 5516 ad
3029 5461 3176 5530 ipsos
3202 5459 3280 5515 illi
3311 5473 3520 5529 praeva-

1938 5551 2217 5609 ricatores.
2250 5553 2330 5608 Ac
2355 5567 2451 5623 per
2488 5552 2593 5609 hoc
2630 5553 2879 5623 quoniam
2908 5567 2973 5607 ex
3011 5550 3274 5622 majorum
3301 5562 3520 5608 nostro-

1937 5656 2059 5697 rum
2086 5642 2361 5714 iniquitate
2384 5643 2589 5700 nullum
2608 5653 2693 5701 est
2710 5644 2913 5699 crimen
2933 5652 3197 5714 nostrum,
3218 5658 3286 5702 ex
3304 5642 3523 5717 proprio

1939 5735 2226 5794 schismate
2249 5747 2453 5795 certum
2480 5746 2565 5794 est
2590 5737 2794 5793 crimen
2820 5736 3052 5793 illorum.
