4008 6468
597 484 823 547 CAPUT
849 481 936 541 ut.
957 480 1103 537 ——t.
1134 477 1312 535 Satius
1345 490 1378 530 a
1419 456 1707 530 Sicilibba‘
1730 469 1899 525 dixit:
1926 467 1987 524 Si
2008 468 2113 522 [ιω-

527 581 695 639 usicis
735 581 792 633 its
830 576 1094 647 Baptismo
1120 586 1215 626 suo
1251 574 1457 639 peccata
1483 565 1766 628 donantur,
1813 562 1921 618 sine
1962 564 2116 617 causa

527 673 597 728 ad
624 669 908 727 Ecclesium
935 666 1155 722 veniant.
1188 659 1329 715 Nam
1353 673 1470 713 cum
1507 657 1563 711 in
1592 656 1674 710 die
1699 652 1885 727 jndicii
1911 660 2118 725 peccata

530 765 631 821 sint
655 778 770 835 quc
797 759 1092 831 ραπὶιιηκιν,
1127 752 1257 808 nihil
1285 761 1359 807 est
1382 748 1517 822 quod
1540 749 1718 803 timere
1741 746 1935 817 possint
1959 747 2118 800 Incre-

531 858 618 913 tici
641 857 705 912 de
719 853 920 925 judicio
945 848 1131 908 Cllisti
1147 888 1164 917 ,
1190 848 1237 904 si
1259 855 1376 903 sunt
1410 853 1730 918 peccatorum
1770 841 2114 896 remissionem

528 948 803 1007 consecuti.

604 1044 659 1101 5.
699 1042 768 1098 Et
803 1039 920 1096 haec
963 1044 1177 1108 poterat
1217 1034 1380 1091 etiam
1423 1038 1608 1088 nostra
1652 1043 1775 1086 esse
1816 1025 2115 1085 sententia:

531 1136 726 1192 viderit
748 1141 929 1189 autem
952 1140 1141 1187 auctor
1166 1129 1285 1201 ejus
1307 1140 1415 1199 quo
1439 1126 1618 1181 animo
1641 1123 1780 1180 dicta
1807 1123 1897 1179 sit.
1928 1114 2118 1177 Verbis

530 1236 709 1284 tamen
737 1227 806 1282 ita
838 1223 1139 1281 modiﬁcata
1168 1230 1282 1287 est,
1310 1229 1370 1275 ut
1398 1234 1505 1275 non
1529 1232 1617 1273 me
1644 1217 1821 1287 pigeat
1843 1228 1910 1269 eo
1938 1213 2118 1267 aniato

530 1317 837 1375 consentire
878 1325 1038 1386 atque
1073 1311 1445 1377 subscribam,
1479 1324 1587 1381 quo
1609 1317 1665 1363 et
1691 1322 1789 1378 ego
1815 1304 1991 1362 sentio
2013 1303 2118 1358 Ba-

532 1411 787 1481 ptismum
812 1408 1028 1480 quidem
1051 1404 1249 1461 Christi
1278 1403 1562 1460 hmreticos
1592 1414 1747 1472 posse
1772 1399 1992 1466 habere,
2021 1396 2119 1454 sed

530 1503 903 1560 remissionem
950 1509 1291 1571 peccatorum
1343 1511 1450 1551 non
1501 1494 1723 1550 habere.
1775 1491 1890 1546 Non
1938 1499 2116 1546 autem

530 1597 637 1662 sit,
682 1595 740 1653 Si
782 1593 1021 1650 haeretici
1056 1592 1328 1662 baptizant
1365 1598 1457 1643 aut
1494 1587 1865 1657 baptisantur:
1895 1583 2024 1652 sed,
2056 1582 2119 1638 Si

528 1687 800 1755 haereticis,
836 1686 1044 1757 inquit,
1084 1684 1143 1738 in
1162 1682 1425 1751 Baptismo
1451 1696 1545 1735 suo
1583 1689 1797 1751 peccata
1830 1678 2115 1745 donantur,

528 1782 639 1838 sine
671 1796 824 1837 causa
846 1779 915 1834 ad
937 1777 1215 1833 Ecclesium
1239 1775 1464 1831 veniant.
1494 1772 1629 1830 Nam
1653 1773 1700 1828 si
1730 1788 1827 1845 pro
1853 1771 2118 1827 haereticis

534 1887 795 1945 ponamus
823 1872 945 1928 illos
982 1885 1121 1943 quos
1147 1871 1202 1926 in
1239 1866 1479 1925 Ecclesia
1519 1874 1741 1923 noverat
1779 1865 2078 1939 Cyprianus
2100 1905 2115 1929 ,

531 1967 730 2023 smnio
756 1965 936 2021 verbis
958 1964 1124 2031 solis,
1155 1973 1209 2019 et
1247 1978 1357 2018 non
1385 1961 1536 2017 metis
1558 1960 1960 2025 renuntiantes;
1990 1956 2115 2013 toti.

530 2057 656 2115 dem
695 2057 875 2114 verbis
916 2069 1201 2127 possumus
1248 2053 1387 2109 hanc
1432 2052 1751 2110 sententiam
1803 2052 1964 2107 etiam
2019 2054 2119 2106 nos

528 2151 809 2208 verissime
835 2149 1018 2206 dicere
1039 2167 1053 2205 :
1074 2149 1131 2205 Si
1171 2147 1428 2203 fallaciter
1452 2145 1730 2202 conversis
1759 2144 1812 2198 in
1842 2142 2118 2212 Baptismo

426 2312 433 2317 η
533 2256 632 2301 suo
656 2250 873 2315 peccata
899 2242 1166 2297 donantur
1184 2280 1200 2308 ,
1244 2240 1363 2295 sine
1394 2251 1556 2293 causa
1584 2236 1652 2291 ad
1679 2248 1860 2290 veram
1890 2244 2117 2289 conver—

528 2338 735 2394 sionem
780 2343 966 2408 postea
1011 2333 1394 2406 perducuntur.
1420 2330 1554 2386 Nam
1580 2345 1705 2385 cum
1733 2323 1787 2383 iit
1816 2327 1904 2383 die
1927 2325 2115 2397 iudicii

526 2437 746 2501 peccata
787 2428 896 2485 sint
937 2441 1060 2499 quae
1107 2426 1421 2497 puniuntur,
1466 2420 1600 2478 nihil
1638 2429 1721 2478 est
1759 2418 1899 2491 quod
1927 2420 2119 2475 timere

527 2520 737 2592 possint
755 2561 773 2590 ,
814 2519 907 2591 qui
936 2517 1133 2575 saeculo
1158 2517 1338 2573 verbis
1364 2515 1495 2572 solis
1519 2523 1573 2571 et
1600 2528 1708 2570 non
1738 2512 1894 2569 lactis
1923 2528 2119 2568 renun-

528 2613 764 2680 tiarunt,
814 2610 885 2667 de
927 2610 1132 2682 judicio
1173 2607 1415 2675 Christi,
1469 2606 1515 2663 sl
1568 2614 1695 2662 sunt
1747 2605 2117 2662 remissionem

528 2713 870 2778 peccatorum
897 2706 1193 2761 consecuti.
1224 2702 1333 2759 Sed
1363 2702 1466 2757 ista
1500 2698 1837 2756 ratiocinatio
1868 2698 1958 2753 tali
1984 2712 2119 2753 cons

527 2798 758 2854 nexione
782 2797 1090 2868 perﬁcitur,
1136 2803 1198 2850 ut
1235 2794 1585 2865 adiungamus
1610 2790 1849 2847 dicentes
1868 2832 1884 2859 ,
1914 2790 2120 2847 Debent

529 2899 708 2946 autem
744 2890 938 2949 timere
972 2886 1172 2943 Christi
1206 2885 1500 2957 judicium,
1533 2891 1587 2939 et
1614 2886 1793 2940 veraci
1820 2881 1984 2955 corde
2019 2882 2119 2939 ali-

530 2980 745 3053 quando
767 2980 1008 3036 converti
1032 2995 1046 3034 :
1070 2977 1211 3049 quod
1239 2990 1361 3032 cum
1388 2974 1647 3042 fecerint,
1675 2989 1786 3033 non
1816 2989 1910 3029 eos
1934 2974 2120 3046 utique

528 3088 751 3132 necesse
772 3083 859 3130 est
878 3073 1073 3128 iterum
1088 3068 1367 3141 baptizari.
1384 3068 1683 3125 Potuerunt
1704 3067 1862 3139 igitur
1875 3067 2119 3138 accipere

530 3167 859 3239 Baptismum
878 3205 895 3234 ,
941 3172 997 3220 et
1040 3163 1414 3220 remissionem
1449 3176 1556 3217 non
1596 3160 1841 3231 accipere
1867 3166 2116 3232 peccato-

529 3277 672 3328 rum,
701 3268 793 3316 aut
817 3258 1058 3316 remissis
1093 3257 1329 3329 peccatis
1372 3254 1630 3313 continuo
1667 3267 1854 3311 rursus
1880 3252 2115 3311 onerari.

526 3352 616 3410 Sic
636 3368 766 3424 ergo
789 3363 845 3408 et
865 3351 1125 3407 hairetiei.

600 3446 827 3503 CAPUT
858 3445 946 3501 iV.
969 3473 1041 3486 —
1060 3443 1115 3500 6.
1145 3442 1331 3499 Victor
1357 3457 1388 3499 a
1411 3441 1523 3499 Gor
1550 3438 1721 3498 dixit:
1744 3438 1873 3498 Cum
1910 3449 2119 3514 peccata

531 3538 731 3597 nonnisi
755 3538 810 3592 in
839 3534 1082 3591 Ecclesiae
1106 3533 1370 3605 Baptismo
1400 3532 1749 3599 remittantur,
1791 3532 1877 3603 qui
1915 3530 2119 3587 hereti-

529 3647 649 3685 ουν»
698 3630 809 3685 sine
845 3627 1112 3700 Baptismo
1159 3627 1227 3680 ad
1273 3624 1776 3681 communicationem
1798 3624 1819 3654 ²
1862 3622 2115 3692 admittit,

530 3734 798 3795 utrumque
817 3730 996 3777 contra
1021 3721 1272 3775 rationem
1299 3720 1459 3791 facit,
1491 3734 1581 3774 nec
1605 3716 1867 3773 ntereticos
1892 3726 2115 3791 purgat,

527 3826 576 3874 et
600 3815 913 3873 Christianos
937 3814 1187 3887 inquinat.

600 3911 654 3965 7.
683 3910 818 3966 Huic
858 3907 1286 3979 respondemus,
1332 3902 1589 3962 Ecclesiae
1628 3904 1957 3975 Baptismum
1998 3917 2119 3961 esse

529 4011 584 4060 et
611 4001 755 4073 apud
773 4001 1077 4064 haereticos,
1104 3998 1347 4070 quamvis
1369 3997 1470 4068 ipsi
1497 4012 1604 4052 non
1630 3999 1735 4052 sint
1757 3998 1808 4051 in
1841 3996 2114 4054 Ecclesia:

530 4096 670 4153 sicut
697 4110 890 4165 aquam
922 4093 1152 4164 paradisi
1183 4094 1233 4146 in
1265 4099 1407 4147 terra
1436 4090 1686 4163 Egypti,
1733 4089 1974 4162 quamvis
2004 4093 2119 4160 ipsa

530 4202 637 4244 non
660 4188 729 4242 sit
755 4186 807 4241 in
833 4184 1105 4256 paradiso.
1135 4182 1253 4239 Non
1278 4183 1454 4253 itaque
1481 4182 1763 4238 haereticos
1786 4183 1903 4237 sine
1940 4182 2121 4252 Bapti-

529 4292 649 4336 smo
686 4277 756 4333 ad
793 4277 1226 4333 communionem
1263 4274 1629 4340 admittimus;
1664 4282 1719 4329 et
1744 4274 1869 4345 quia
1891 4272 2119 4329 correcti

528 4386 562 4427 a
586 4384 681 4426 sua
705 4371 1059 4441 perversitate
1095 4367 1315 4423 veniunt
1335 4409 1348 4431 ,
1382 4380 1488 4422 non
1515 4381 1701 4423 eorum
1732 4376 1980 4436 peccata,
2023 4366 2120 4423 sed

527 4463 728 4522 Christi
752 4463 1098 4520 Sacramenta
1118 4460 1435 4531 suscipimus
1460 4479 1474 4516 :
1499 4460 1566 4517 de
1595 4460 1909 4516 remissione
1938 4469 2118 4517 autem

532 4565 873 4629 peccatorum
911 4552 1053 4626 quod
1082 4552 1351 4623 superius,
1380 4551 1483 4607 hoc
1510 4561 1564 4607 et
1589 4552 1678 4607 hic
1706 4551 1951 4608 dicimus.
1981 4550 2115 4607 illud

532 4663 663 4704 sane
687 4646 831 4717 quod
869 4648 923 4701 in
953 4644 1141 4699 ultimo
1169 4643 1347 4714 posuit
1383 4645 1570 4699 dicens
1591 4686 1605 4711 ,
1638 4652 1902 4715 utrumque
1940 4651 2120 4697 contra

531 4740 779 4795 rationem
823 4738 979 4811 facit,
1026 4750 1115 4792 nec
1156 4736 1417 4791 hwreticos
1463 4746 1676 4809 purgat,
1715 4745 1761 4791 et
1803 4737 2118 4792 Christianos

527 4831 792 4903 inquinat;
822 4829 1026 4901 respuit
1054 4828 1301 4900 primitus
1329 4843 1393 4884 ac
1422 4830 1652 4884 maxime
1672 4829 1971 4901 Cyprianus
2003 4830 2116 4900 ipse

526 4939 649 4981 cum
692 4923 793 4980 sibi
838 4920 1291 4980 consentientibus
1331 4922 1548 4994 collegis
1592 4924 1938 4994 suiszneque
1970 4924 2114 4979 enim

532 5016 801 5090 inquinari
823 5030 882 5073 se
902 5014 1148 5084 credidit,
1166 5015 1379 5087 quando
1397 5016 1590 5072 talibus
1610 5025 1829 5089 propter
1847 5018 2116 5074 vinculum

533 5112 679 5184 pacis
694 5108 1199 5167 communicandum
1219 5122 1337 5164 esse
1362 5107 1597 5165 decrevit
1618 5110 1822 5177 dicens,
1849 5107 2119 5165 Neminem

528 5203 839 5277 indicantes,
886 5209 978 5257 aut
1020 5214 1054 5256 a
1089 5207 1212 5273 jure
1248 5204 1613 5257 communionis
1661 5204 1899 5275 aliquem,
1945 5204 1990 5259 si
2033 5205 2116 5259 di-

534 5308 735 5352 uersum
760 5293 991 5363 senserit,
1016 5298 1320 5349 amouentes.
1351 5294 1457 5350 Aul
1498 5294 1542 5351 si
1574 5294 1853 5365 inquinant
1883 5295 2119 5351 hmretici

534 5387 601 5442 ad
627 5386 1057 5443 communionem
1078 5427 1093 5454 ,
1121 5386 1167 5442 si
1196 5401 1299 5441 non
1330 5386 1666 5458 baptizantur
1681 5386 1723 5454 ³,
1750 5386 1999 5451 admissi;
2031 5387 2119 5443 in-

536 5479 753 5552 quinata
791 5488 874 5537 est
896 5488 1009 5537 tota
1039 5479 1274 5536 Ecclesia
1322 5492 1418 5549 per
1461 5480 1606 5535 illam
1634 5477 2073 5535 consuetudinem
2100 5520 2116 5546 ,

535 5582 656 5646 quae
691 5574 851 5630 toties
883 5572 968 5631 hic
1010 5581 1480 5629 commemoratur.
1513 5568 1579 5626 Et
1612 5572 1748 5625 sicut
1777 5586 1881 5640 nos.
1904 5571 1991 5626 isti
2020 5588 2117 5644 ap-

534 5667 737 5743 pellant
764 5664 1046 5724 traditores
1069 5675 1287 5739 prepter
1317 5663 1549 5736 majores
1579 5672 1813 5736 nostros,
1847 5663 1898 5719 in
1926 5664 2121 5737 quibus

595 5806 614 5841 ⁸
648 5815 748 5856 Am.
774 5814 828 5859 et
846 5812 943 5865 Ern,
968 5819 998 5857 a
1020 5805 1264 5865 sicilippa.

593 5870 617 5939 ξ
647 5870 845 5939 quidam
863 5877 1064 5939 veteres
1078 5866 1287 5939 codices,
1311 5869 1375 5939 ad

597 5930 619 5965 ³
648 5937 725 5984 Er.
750 5940 804 5986 et
822 5939 955 5993 uss,
978 5930 1104 5984 sicut
1123 5945 1217 5982 non
1242 5930 1557 5991 baptizata

1276 361 1366 418 DE
1403 351 1741 417 BAPTISMO
1776 351 2048 411 CONTRA
2090 348 2534 422 DONATISTAS,
2578 351 2637 411 S.
2665 351 3032 413 AUGUSTINI
3705 349 3807 411 328

2236 465 2371 522 nihil
2401 464 2507 523 tale
2545 468 2758 539 quando
2784 468 3128 540 objecerunt,
3156 467 3384 545 probare
3410 475 3735 542 potuerunt;
3760 471 3806 525 si

2226 560 2329 616 hoc
2365 559 2425 616 ﬁt
2465 560 2691 633 quisque
2733 562 2876 633 quod
2922 572 3007 619 est
3054 563 3145 618 ille
3182 564 3265 618 cui
3303 564 3804 630 communicaverit,

2226 666 2413 710 omnes
2457 663 2581 711 tunc
2626 655 2864 711 haeretici
2912 651 3036 711 fac’ti
3083 666 3227 711 sunt.
3282 655 3434 723 Quod
3483 655 3526 709 si
3573 657 3812 726 quisquis

2225 748 2373 816 dicit,
2405 749 2645 818 insanit;
2664 750 2853 805 falsum
2877 760 2961 807 est
2980 750 3119 822 quod
3150 752 3249 806 iste
3274 752 3368 818 ait,
3396 750 3494 818 Qui
3522 750 3811 805 hwreticum

2226 842 2336 897 sine
2360 841 2622 913 Baptismo
2649 842 2717 896 ad
2746 843 3146 898 communionem
3172 842 3411 907 admittit,
3441 860 3531 897 nec
3552 845 3812 898 haereticos

2230 946 2433 1010 purgat,
2464 946 2513 993 et
2536 936 2851 994 Christianos
2874 936 3126 1009 inquinat.
3158 932 3264 993 Aut
3292 938 3337 993 si
3364 937 3469 992 hoc
3494 952 3685 992 verum
3713 947 3811 1000 est.

2229 1045 2340 1087 non
2388 1030 2504 1087 sine
2560 1029 2834 1101 Baptismo
2880 1029 3333 1099 admittebantur,
3390 1029 3484 1086 sed
3546 1030 3813 1085 habebant

2228 1122 2557 1194 Baptismum
2586 1122 2785 1179 Christi
2809 1164 2826 1192 ,
2869 1122 3113 1194 quamvis
3156 1121 3297 1195 apud
3325 1123 3611 1178 hmreticos
3635 1120 3815 1178 datum

2229 1224 2286 1272 et
2313 1222 2612 1287 acceptum,
2644 1216 2735 1287 qui
2764 1214 3057 1272 secundum
3085 1215 3229 1271 illam
3251 1214 3719 1281 consuetudinem,
3750 1213 3817 1270 dc

2228 1321 2333 1378 qua
2373 1307 2459 1362 isti
2498 1307 2855 1375 conlitentur,
2901 1306 2980 1363 sic
3021 1306 3569 1364 admittebantur:ac
3593 1322 3693 1378 per
3719 1306 3817 1361 hoc

2226 1408 2377 1457 recte
2398 1400 2559 1457 etiam
2585 1415 2726 1456 nunc
2751 1401 2829 1457 sic
2854 1400 3223 1457 admittuntur.

2300 1493 2526 1550 CAPUT
2556 1492 2622 1549 V.
2642 1523 2715 1536 --
2734 1492 2786 1550 8.
2807 1494 3057 1550 Aurelius
3076 1494 3143 1549 ab
3163 1478 3314 1550 Utica
3342 1491 3478 1548 dixit
3500 1509 3515 1548 :
3539 1491 3669 1548 Cum
3691 1492 3821 1545 dicat

2231 1586 2521 1659 Apostolus,
2554 1604 2655 1642 non
2676 1588 3149 1643 communicandum
3175 1588 3390 1660 peccatis
3412 1586 3591 1641 alienis
3616 1585 3663 1657 (l
3688 1584 3818 1640 Tim.

2228 1693 2282 1745 v,
2314 1670 2405 1749 2‘2)
2429 1695 2443 1745 ;
2473 1677 2595 1747 quid
2623 1678 2768 1733 aliud
2803 1697 2955 1750 quam
2994 1680 3211 1751 peccatis
3240 1679 3419 1734 alienis
3446 1668 3820 1743 communicat,

2229 1771 2314 1841 qui
2341 1772 2457 1825 sine"
2486 1769 2748 1843 Baptismo
2778 1770 3025 1828 Ecclesia:
3052 1772 3300 1827 ha’reticis
3346 1771 3730 1827 communicat?
3758 1768 3823 1825 Et

2227 1862 2342 1917 ideo
2367 1879 2544 1918 censeo
2567 1864 2895 1936 baptizandus
2920 1881 3027 1919 esse
3056 1864 3335 1930 hwreticos,
3364 1875 3416 1919 ut
3442 1864 3704 1936 accipiant
3742 1880 3824 1918 re-

2230 1955 2434 2009 missam
2474 1964 2810 2026 peccatorum,
2842 1964 2887 2010 ct
2911 1956 2984 2011 sic
3010 1955 3112 2011 illis
3134 1960 3546 2011 communicetur.

2301 2046 2355 2103 9.
2392 2047 2764 2119 Respondetur
2790 2066 2804 2103 :
2833 2049 3257 2106 Communicavit
3284 2067 3412 2123 ergo
3437 2051 3745 2123 Cyprianus
3775 2058 3827 2105 et

2230 2138 2321 2195 isti
2342 2154 2529 2196 omnes
2553 2141 2785 2210 peccatis
2819 2141 3007 2198 alienis
3040 2185 3054 2209 ,
3087 2158 3190 2213 qua
3219 2158 3338 2198 cum
3368 2140 3558 2197 talibus
3588 2142 3642 2196 in
3674 2158 3826 2197 com-

2231 2233 2488 2290 munione
2516 2243 2862 2305 manserunt,
2894 2236 3104 2308 quando
3135 2236 3403 2292 neminem
3432 2236 3522 2311 qui
3552 2236 3828 2293 diversum

2230 2326 2399 2381 sensit
2434 2340 2463 2381 a
2509 2325 2629 2397 jure
2662 2329 3056 2386 communionis
3080 2334 3415 2385 amoverant.
3443 2326 3545 2385 Ubi
3574 2337 3662 2385 est
3689 2343 3824 2400 ergo

2230 2417 2509 2475 Ecclesia?
2557 2419 2796 2487 Deinde,
2845 2420 2921 2476 uti
2971 2422 3041 2477 de
3085 2420 3353 2476 haereticis
3404 2429 3631 2491 taceam,
3690 2436 3819 2475 cum

2229 2510 2392 2566 verba
2421 2510 2580 2581 hujus
2607 2513 2887 2568 sententias
2913 2511 3072 2568 etiam
3093 2512 3159 2567 de
3182 2512 3301 2569 aliis
3325 2513 3695 2583 peccatoribus
3721 2511 3831 2568 dici

2230 2606 2454 2677 possint,
2484 2606 2668 2678 quales
2692 2607 2744 2662 in
2773 2608 3013 2663 Ecclesia
3041 2623 3223 2664 secum
3251 2606 3546 2679 Cyprianus
3576 2606 3822 2675 videbat,

2229 2699 2509 2770 gemebat,
2542 2699 2831 2773 arguebat,
2864 2699 3070 2757 ferebat
3092 2703 3139 2769 ';
3173 2698 3262 2757 ubi
3293 2710 3375 2758 est
3404 2701 3666 2768 Ecclesia,
3699 2715 3826 2772 qua:

2230 2789 2525 2847 secundum
2558 2790 2673 2847 hmc
2713 2792 2873 2849 verba
2912 2792 3023 2863 jam
3051 2801 3178 2851 tunc
3222 2794 3446 2865 periisse
3480 2793 3829 2850 existimatur

2232 2883 2548 2954 contagione
2588 2885 2969 2955 peccatorum?
3013 2884 3071 2941 Si
3112 2895 3326 2953 autem,
3375 2883 3512 2941 sicut
3547 2900 3608 2940 se
3660 2883 3832 2941 habet

2231 2972 2540 3031 ﬁrmissima
2582 2976 2802 3046 veritas,
2838 2972 3076 3033 Ecclesia
3106 2978 3399 3048 permansit
3422 2986 3477 3033 et
3507 2985 3827 3047 permanet;

2229 3080 2337 3125 nan
2380 3070 2481 3126 nisi
2524 3071 2578 3126 in
2618 3072 2975 3128 consensione
3016 3072 3360 3143 intelligenda
3405 3081 3488 3128 cst
3520 3073 3834 3128 communio

2229 3173 2589 3236 peccatorum,
2613 3181 2772 3236 quam
2792 3174 2937 3221 vetat
2954 3165 3259 3236 Apostolus.
3282 3166 3623 3238 Baptizcntur
3645 3175 3832 3221 autem

2230 3257 2425 3314 iterum
2456 3258 2695 3314 haeretici
2717 3301 2731 3325 ,
2766 3268 2825 3313 ut
2850 3259 3116 3330 accipiant
3140 3260 3417 3317 remissam
3448 3270 3830 3331 peccatorum,

2229 3350 2277 3407 si
2320 3348 2659 3421 baptizantur
2699 3351 2893 3407 iterum
2946 3353 3187 3423 perversi
3235 3362 3289 3408 et
3332 3352 3517 3420 invidi,
3560 3353 3653 3423 qui
3702 3367 3833 3408 wn

2229 3444 2427 3501 saeculo
2454 3444 2631 3500 verbis
2661 3452 2715 3501 et
2742 3461 2848 3501 non
2880 3445 3033 3501 factis
3061 3446 3454 3511 renuntiarent,
3492 3445 3830 3515 Baptismum

2229 3536 2443 3608 quidem
2467 3538 2707 3608 accipere
2728 3538 3037 3610 potuerunt,
3059 3538 3152 3595 sed
3176 3540 3544 3594 remissionem
3572 3547 3830 3608 peccato-

2228 3646 2349 3687 rum
2389 3645 2497 3685 non
2527 3630 2891 3699 obtinuerunt,
2920 3631 3132 3687 dicente
3166 3631 3423 3699 Domino,
3454 3630 3515 3688 Si
3544 3648 3645 3688 non
3673 3632 3832 3687 dimi-

2229 3721 2415 3785 seritis,
2434 3738 2592 3789 neque
2609 3720 2764 3776 Pater
2788 3733 2948 3776 vester
2967 3722 3181 3777 dimittet
3204 3723 3339 3777 vobis
3366 3722 3582 3794 (Matth.
3604 3739 3678 3787 v1,
3709 3724 3826 3794 15).

2301 3812 2530 3868 CAPUT
2573 3811 2853 3869 VL—lO.
2896 3813 3115 3870 Jambus
3144 3829 3173 3868 a
3201 3813 3609 3875 Germaniciano
3647 3814 3826 3875 dixit:

2235 3902 2337 3973 Qui
2366 3904 2714 3961 haereticorum
2739 3904 3062 3977 Baptismum
3094 3908 3337 3980 probant,
3370 3917 3599 3963 nostrum
3626 3909 3827 3979 imprae

2230 3995 2385 4062 bant;
2412 4006 2464 4050 ut
2485 4006 2628 4051 extra
2652 3997 2955 4066 Ecclesium,
2983 4017 3084 4054 non
3104 4000 3272 4055 dicam
3296 4001 3448 4068 lotos,
3476 4000 3564 4054 sed
3589 4001 3830 4056 sordida-

2231 4096 2329 4159 tos,
2353 4100 2529 4161 negeut
2554 4091 2606 4144 in
2631 4088 2860 4146 Ecclesia
2884 4092 3132 4163 baptizari
3159 4104 3405 4164 Oportere.

2308 4182 2397 4239 11.
2440 4180 2575 4237 Huic
2612 4182 2985 4253 respondetur,
3035 4188 3301 4242 neminem
3343 4196 3584 4243 nostrum
3640 4187 3829 4259 Bapti-

2231 4290 2404 4330 smum
2436 4274 2807 4331 lta‘reticorum
2838 4277 3099 4347 probare,
3130 4279 3225 4337 sed
3252 4278 3472 4349 Christi,
3498 4283 3743 4352 quamvis
3774 4284 3833 4341 in

2233 4369 2498 4427 hmreticis
2548 4371 2695 4425 velut
2746 4372 2913 4442 paleis
2961 4373 3360 4440 exterioribus,
3414 4375 3554 4431 sicut
3601 4376 3653 4431 in
3706 4375 3831 4432 aliis

2232 4462 2426 4533 iniquis
2459 4463 2603 4518 velut
2642 4464 2808 4534 paleis
2838 4464 3201 4522 interioribus.
3232 4465 3365 4522 Nam
3392 4466 3439 4521 si
3462 4476 3614 4523 extra
3636 4467 3831 4524 Eccle-

2231 4557 2364 4612 siam
2391 4557 2478 4627 qui
2508 4556 2860 4627 baptizantur,
2894 4575 2998 4617 non
3031 4559 3290 4621 lavantur.
3324 4560 3419 4617 sed
3448 4560 3827 4628 sordidantur;

2231 4648 2471 4720 profecto
2510 4659 2657 4705 extra
2703 4660 2907 4723 petram
2933 4694 2948 4721 ,
2996 4653 3051 4708 in
3082 4669 3185 4725 qua
3213 4653 3508 4710 mdiﬁcatur
3545 4654 3831 4721 Ecclesia,

2234 4741 2323 4811 qui
2376 4741 2749 4812 baptizantur,
2805 4759 2911 4798 non
2966 4743 3250 4811 lavantur,
3310 4745 3407 4803 sed
3462 4745 3829 4803 sordidantur.

2232 4833 2430 4889 Omnes
2456 4843 2633 4889 autem
2662 4843 2810 4890 extra
2831 4837 3074 4893 eamdem
3097 4847 3302 4910 petram
3325 4847 3468 4904 sunt,
3493 4840 3585 4909 qui
3600 4837 3827 4896 audiunt

2231 4925 2392 4982 verba
2429 4926 2625 4983 Christi
2652 4937 2707 4984 et
2735 4944 2841 4984 non
2872 4928 3095 4987 faciunt.
3128 4933 3236 4988 Aut
3262 4932 3306 4988 si
3337 4932 3614 5004 Baptismo
3642 4932 3805 4989 lavan

2232 5026 2317 5074 tur
2342 5018 2595 5090 quidem,
2646 5020 2737 5076 sed
2767 5021 2820 5075 in
2866 5020 3228 5092 iniquitatibus
3273 5025 3420 5092 suis,
3470 5040 3502 5080 a
3541 5024 3734 5095 quibus
3774 5026 3830 5081 in

2230 5109 2423 5166 melius
2466 5111 2659 5166 mutari
2704 5111 3024 5178 noluerunt,
3066 5114 3264 5170 sordidi
3310 5117 3739 5172 remanent:sic
3773 5124 3830 5175 et

2232 5200 2490 5257 haeretici.

2301 5288 2527 5349 CAPUT
2573 5291 2887 5350 και-12.
2932 5296 3193 5353 Luciauus
3233 5313 3262 5352 a
3308 5298 3543 5356 Rucuma
3575 5300 3596 5332 ³
3643 5298 3785 5357 dixit

2233 5384 2493 5455 Scriptum
2526 5395 2596 5440 cst
2622 5430 2636 5454 ,
2688 5407 2708 5440 ‹
2741 5387 2803 5441 Et
2842 5389 2961 5443 vidit
2993 5388 3135 5445 Dctts
3166 5390 3327 5445 lucem
3352 5393 3471 5461 quia
3499 5392 3631 5447 bona
3654 5401 3749 5459 est,
3779 5408 3828 5450 es

2232 5480 2400 5534 divisit
2428 5480 2555 5535 inter
2582 5481 2743 5537 lucem
2782 5493 2827 5538 et
2867 5484 3094 5539 tenebras
3132 5505 3151 5537 ι
3180 5484 3341 5556 (Gen.
3371 5487 3423 5553 1,
3449 5484 3542 5557 4).
3572 5484 3637 5541 Si
3662 5495 3831 5557 potest

2232 5572 2333 5627 luci
2356 5581 2404 5628 et
2428 5574 2637 5629 tenebris
2662 5574 2924 5631 convenire
2944 5616 2956 5629 .
2984 5586 3145 5649 potest
3174 5578 3317 5633 nobis
3355 5587 3401 5633 et
3437 5576 3685 5633 haereticis
3721 5577 3823 5633 ali-

2229 5662 2353 5738 quid
2380 5682 2485 5720 esse
2518 5683 2800 5723 commune.
2836 5666 3115 5740 Propterea
3149 5686 3324 5726 censeo
3362 5670 3621 5727 Itwreticos
3651 5668 3824 5743 bapti-

2230 5759 2421 5813 zandus
2447 5774 2571 5814 esse.

2296 5872 2312 5935 ἕ
2348 5871 2557 5920 Vaticani
2575 5874 2703 5931 llas,
2729 5870 2945 5935 (ﬁebat.

2297 5934 2318 5966 ³
2347 5940 2448 5983 Am.
2474 5938 2528 5985 et
2544 5939 2640 5996 En,
2663 5949 2695 5985 a
2718 5943 2980 5991 [incantata
