4008 6468
255 531 342 590 15.
383 525 525 586 Huic
560 522 956 598 respondetur:
983 520 1044 582 Si
1081 527 1260 595 potest
1300 518 1406 578 luci
1446 526 1501 576 et
1539 516 1774 574 tenebris

187 620 491 686 convenire.
517 628 696 692 potest
725 617 886 690 iustis
919 624 978 674 et
1015 615 1225 687 iniustis
1252 612 1449 685 aliquid
1477 627 1597 670 esse
1621 627 1774 668 com-

187 734 364 776 mune.
412 716 649 774 Censeat
681 728 808 784 ergo
845 713 967 770 illos
1007 709 1234 782 injustos
1269 709 1446 766 denuo
1483 707 1772 779 baptizari,

187 828 318 885 quos
345 811 403 869 in
421 811 540 881 ipsa
570 808 810 866 Ecclesia
839 805 1134 880 Cyprianus
1159 804 1450 874 arguebat:
1479 811 1572 858 aut
1603 801 1647 857 si
1673 816 1778 856 non

187 913 311 962 sunt
337 902 523 974 iniusti
543 903 636 973 qui
653 899 848 964 saeculo
863 898 1040 960 verbis
1065 907 1119 955 et
1139 912 1246 960 non
1271 896 1420 954 iactis
1442 895 1746 954 renuntiant
1761 935 1777 960 ,

188 997 329 1053 dicat
353 995 443 1065 qui
467 1002 662 1066 potest.

257 1086 489 1144 CAPUT
519 1085 841 1146 “IL—ll.
874 1083 1190 1155 Pelagianus
1215 1097 1244 1136 a
1272 1081 1598 1153 Luperciana
1615 1080 1780 1136 dixit:

195 1180 460 1250 Scriptum
503 1187 614 1246 est,
646 1177 818 1242 ,tAut
867 1176 1116 1232 Dominus
1168 1175 1309 1232 Deus
1354 1184 1461 1243 est,
1517 1184 1605 1236 aut
1651 1172 1785 1228 Baal

194 1272 330 1328 Deus
374 1282 450 1327 est
501 1291 520 1326 ι
549 1271 650 1342 (111
679 1271 808 1344 Reg.
835 1286 984 1336 xvut,
1008 1269 1074 1325 2i
1096 1269 1137 1340 ).
1172 1267 1256 1323 Ita
1301 1277 1346 1323 et
1384 1284 1536 1335 nunc,
1565 1274 1651 1326 aut
1679 1265 1784 1320 Ec-

195 1365 344 1420 clesia
372 1363 611 1434 Ecclesia
647 1373 735 1430 est,
777 1372 866 1418 aut
904 1363 1104 1418 haeresis
1142 1360 1374 1418 Ecclesia
1413 1371 1484 1418 est
1511 1379 1528 1419 :
1556 1378 1706 1432 porro
1744 1361 1788 1416 si

196 1460 400 1518 heresis
427 1457 663 1513 Ecclesia
687 1475 788 1514 non
816 1465 887 1512 est
906 1497 922 1522 ,
953 1455 1202 1528 quomodo
1227 1472 1332 1520 esse
1359 1455 1498 1526 apud
1531 1455 1788 1516 limeticos

198 1552 466 1624 Baptism
495 1551 738 1612 Ecclesiae
767 1550 964 1620 potest?

263 1645 355 1702 15.
393 1645 530 1702 lluie
557 1645 628 1700 ita
657 1656 940 1715 possumus
967 1641 1294 1713 respondere
1321 1659 1332 1695 :
1362 1641 1472 1700 Aut
1513 1640 1790 1712 paradisus

197 1737 500 1810 paradisus,
530 1745 621 1798 aut
641 1737 908 1808 Egyptus
935 1735 1250 1807 paradisus:
1283 1749 1443 1806 porro
1464 1735 1508 1788 si
1528 1733 1792 1806 Egyptus

197 1833 480 1905 paradisus
520 1849 628 1889 non
664 1843 763 1900 est,
812 1831 1081 1904 quomodo
1123 1845 1244 1886 esse
1287 1831 1344 1886 in
1382 1829 1614 1901 [Egypto
1656 1843 1793 1899 aqua

199 1926 434 1998 paradisi
472 1927 686 1996 potest?
730 1924 836 1980 Sed
879 1924 1086 1982 dicetur
1129 1921 1282 1977 nobis
1313 1940 1326 1977 :
1356 1921 1528 1976 Etiam
1555 1920 1680 1975 illuc
1700 1935 1791 1976 exc

199 2018 374 2076 eundo
421 2018 686 2091 pervenit.
731 2018 821 2074 Sic
863 2033 989 2088 ergo
1033 2015 1100 2071 ad
1142 2013 1426 2071 lia-retices
1467 2012 1788 2084 Baptismus.

200 2111 329 2169 Item
356 2112 590 2169 dicimus
619 2130 634 2168 :
666 2114 772 2167 Aut
799 2118 946 2182 petra
976 2109 1210 2166 Ecclesia
1242 2118 1325 2166 est
1343 2151 1359 2176 ,
1387 2117 1480 2164 aut
1501 2123 1664 2166 arena
1691 2107 1796 2166 Ee-

202 2206 383 2264 clesia.
427 2206 598 2262 Porro
623 2205 748 2278 quia
776 2220 882 2261 non
909 2213 991 2260 est
1026 2219 1188 2262 arena
1223 2203 1458 2260 Ecclesia
1479 2244 1494 2269 ,
1526 2201 1794 2274 quomodo

201 2299 336 2370 apud
363 2314 462 2356 eos
486 2301 577 2371 qui
601 2314 763 2369 super
783 2313 998 2352 arenam
1025 2295 1309 2363 :edilieant,
1342 2294 1606 2352 audiendo
1633 2294 1796 2351 verba

205 2390 400 2448 Christi
422 2401 480 2448 et
508 2406 616 2447 non
643 2389 884 2448 faciendo
915 2388 1134 2462 (Matth.
1167 2403 1264 2455 vu,
1292 2386 1517 2458 25-27),
1548 2401 1666 2442 esse
1691 2387 1795 2442 Ba-

203 2485 434 2555 ptismus
461 2493 636 2556 potest
661 2483 719 2538 ‘i
751 2493 805 2541 et
829 2491 1007 2538 tamen
1031 2488 1134 2538 est.
1165 2480 1255 2539 Sic
1283 2496 1410 2552 ergo
1439 2489 1493 2536 et
1519 2479 1658 2552 apud
1684 2478 1797 2535 ha:-

205 2578 421 2633 retices.

275 2670 503 2728 CAPUT
534 2670 624 2726 IX.
649 2701 718 2717 -
739 2670 827 2728 16.
848 2668 1007 2726 Jader
1024 2685 1056 2724 a
1076 2669 1252 2725 Midila
1275 2667 1410 2724 dixit
1431 2685 1444 2722 :
1467 2667 1668 2723 Scimus
1697 2683 1799 2722 non

206 2781 309 2821 esse
355 2765 457 2822 nisi
496 2781 652 2819 unum
687 2763 1008 2833 Baptismum
1045 2763 1098 2818 in
1140 2761 1370 2816 Ecclesia
1412 2761 1662 2815 catholica
1695 2777 1713 2814 :
1753 2769 1801 2816 et

204 2857 318 2912 ideo
345 2874 451 2912 non
474 2856 711 2912 debemus
738 2856 999 2910 admittere
1025 2855 1311 2911 Itwreticum
1331 2895 1346 2920 ,
1388 2855 1484 2908 nisi
1519 2853 1800 2924 baptizatus

207 2954 360 3029 fuerit
386 2951 531 3026 apud
552 2968 642 3006 nos
663 2993 677 3019 ,
706 2968 768 3006 ne
788 2968 841 3006 se
863 2959 1001 3022 putet
1026 2959 1165 3006 extra
1196 2950 1478 3006 Ecclesium
1501 2951 1802 3006 catholicam

207 3052 520 3122 baptizatum
539 3061 665 3110 8888·

281 3145 368 3198 17.
402 3143 539 3198 Huic
562 3135 937 3212 respondetur,
964 3137 1088 3208 quia
1129 3136 1176 3192 si
1216 3135 1319 3192 hoc
1358 3135 1428 3194 de
1466 3137 1660 3207 iniquis
1699 3137 1807 3194 illis

207 3237 298 3309 qui
323 3245 478 3292 extra
507 3245 713 3307 petram
748 3245 872 3290 sunt
905 3230 1197 3301 diceretur,
1227 3231 1360 3288 [also
1388 3231 1568 3302 utique
1592 3231 1804 3290 dicere-

206 3337 314 3384 tur.
349 3328 442 3383 Sic
466 3343 598 3397 ergo
625 3322 678 3383 et
707 3327 774 3383 de
805 3327 1090 3384 haereticis.

279 3417 508 3474 CAPUT
571 3417 732 3474 X.—
759 3418 845 3474 18.
891 3418 1018 3474 Item
1066 3419 1201 3474 alius
1237 3418 1386 3476 Felix
1427 3433 1458 3475 tt
1490 3417 1803 3476 Marazana'

206 3512 348 3568 dixit
383 3532 397 3568 :
429 3511 547 3570 Una
572 3512 721 3582 ﬁdes,
750 3529 908 3567 unum
930 3512 1176 3583 baptisma
1204 3511 1433 3584 (Eplies.
1466 3529 1538 3583 tv,
1566 3511 1670 3588 5);
1716 3512 1806 3568 sed

208 3608 460 3666 Ecclesia!
486 3607 747 3663 catholica:
765 3650 781 3674 ,
813 3607 897 3662 cui
922 3607 1015 3663 soli
1040 3608 1150 3661 licet
1178 3608 1451 3678 baptizare.

283 3701 371 3757 19.
398 3701 538 3770 Quid
564 3701 611 3756 si
638 3701 779 3755 alius
801 3700 870 3755 ita
896 3701 1098 3756 diceret
1126 3718 1138 3754 :
1173 3700 1287 3757 Una
1323 3701 1456 3756 tides
1474 3743 1491 3766 ,
1519 3715 1684 3755 unum
1709 3699 1806 3755 ba-

210 3800 405 3870 ptisma
426 3815 442 3864 ;
467 3798 564 3854 sed
585 3798 854 3869 justorum
877 3807 1099 3865 tantum,
1123 3798 1316 3868 quibus
1337 3798 1467 3852 solis
1489 3797 1612 3852 licet
1631 3797 1808 3867 bapti-

211 3891 369 3948 zare?
394 3892 545 3947 Sicut
572 3890 692 3946 huic
720 3891 874 3946 verba
903 3891 1308 3956 refellerentur,
1350 3890 1420 3945 ita
1460 3897 1514 3944 et
1551 3891 1652 3943 ista
1683 3905 1808 3943 sen-

214 3986 377 4042 tentia
407 3985 706 4041 refellatur.
735 3986 814 4039 An
845 3995 898 4040 et
919 3985 1100 4054 injusti
1143 4000 1241 4040 nec
1261 3984 1281 4016 ³
1311 3985 1362 4038 in
1396 3985 1513 4052 ipso
1538 3983 1810 4054 Baptismo

213 4079 425 4142 mutati,
452 4079 582 4133 dum
611 4078 812 4134 suaequ
835 4078 1011 4132 verbis
1035 4077 1163 4131 solis
1197 4086 1252 4132 et
1288 4092 1394 4132 non
1434 4077 1586 4132 factis
1616 4092 1812 4132 renun-

215 4170 367 4234 tiant,
395 4170 466 4225 ad
488 4171 726 4226 membra
753 4170 1007 4226 Ecclesia:
1027 4170 1332 4240 pertinent?
1357 4169 1581 4226 Videant
1615 4171 1660 4226 si
1696 4171 1812 4240 ipsa

215 4273 296 4321 est
320 4265 410 4320 illa
449 4273 632 4335 petra,
661 4265 706 4320 si
738 4266 849 4335 ipsa
879 4275 960 4321 est
988 4265 1255 4332 columba,
1287 4265 1332 4321 si
1363 4266 1476 4336 ipsa
1505 4274 1588 4322 est
1616 4279 1811 4335 sponsa

215 4359 333 4416 sine
360 4361 576 4415 macula
603 4369 656 4414 et
680 4375 806 4429 ruga
837 4359 946 4434 (Id.
979 4376 1031 4426 ν,
1062 4359 1154 4430 27)
1188 4359 1283 4432 (α).

285 4452 519 4508 CAPUT
557 4451 648 4506 XI.
675 4482 748 4492 —
769 4451 858 4507 20.
890 4453 1082 4507 Paulus
1111 4469 1140 4506 a
1167 4451 1386 4507 Bobba‘
1407 4450 1576 4507 dixit:
1607 4450 1693 4505 Me
1712 4467 1815 4505 non

216 4553 374 4599 movet
399 4545 445 4597 si
465 4544 650 4615 aliquis
673 4544 914 4599 Ecclesia:
933 4545 1082 4614 [idem
1104 4555 1150 4598 et
1173 4547 1429 4600 veritatem
1451 4561 1551 4599 non
1572 4546 1812 4614 uindicat,

217 4640 424 4708 quando
447 4639 722 4710 Apostolus
749 4640 888 4693 dicat
914 4655 930 4692 :
967 4659 985 4691 ι
1017 4640 1152 4707 Quid
1177 4642 1346 4694 enim?
1373 4643 1491 4711 quia
1519 4641 1816 4696 exciderunt

225 4751 243 4784 ι
275 4752 309 4788 a
351 4733 458 4803 [ide
497 4733 704 4804 quidam
739 4734 972 4799 illorum,
1023 4735 1266 4803 numquid
1305 4735 1580 4803 inﬁdelitas
1612 4736 1817 4789 illorum

227 4843 246 4879 t
279 4828 436 4897 ﬁdem
480 4825 579 4882 Dei
625 4827 919 4883 evacuabit?
958 4827 1096 4882 Absit
1129 4843 1146 4882 :
1175 4839 1246 4882 est
1289 4829 1418 4883 enim
1462 4828 1596 4882 Deus
1641 4843 1812 4896 vernat,

230 4937 248 4972 ι
282 4920 449 4973 omnis
489 4927 659 4973 autem
687 4920 836 4974 homo
861 4919 1114 4974 utendam
1148 4917 1318 4989 (Rom.
1345 4935 1420 4980 In,
1446 4920 1498 4986 5,
1528 4919 1605 4988 4).
1640 4921 1702 4974 Si
1725 4935 1819 4974 au-

225 5019 322 5064 tem
347 5010 487 5065 Deus
515 5027 667 5064 uerax
693 5021 784 5076 at,
817 5012 1068 5082 quonwdo
1102 5012 1240 5082 apud
1273 5013 1528 5067 hwreticos
1568 5010 1821 5084 Baptismi

224 5104 408 5160 veritas
432 5121 542 5160 esse
566 5113 744 5176 potest,
775 5106 914 5176 apud
936 5121 1060 5176 quos
1080 5103 1219 5159 Deus
1245 5122 1345 5160 non
1365 5107 1478 5160 est?

293 5198 387 5252 2t.
419 5199 555 5254 Huic
582 5197 935 5268 respondetur
963 5215 976 5252 :
1000 5196 1170 5264 Quid?
1193 5199 1334 5269 apud
1355 5213 1543 5254 avaros
1564 5197 1820 5270 numquid

226 5299 309 5346 est
338 5289 520 5347 Deus?
544 5291 613 5346 Et
637 5299 818 5346 tamen
837 5300 921 5349 est
940 5291 1239 5362 Baptismus
1266 5310 1280 5346 :
1312 5293 1380 5347 ita
1406 5301 1460 5348 et
1486 5292 1628 5364 apud
1651 5293 1821 5349 luere-

291 5453 308 5484 ¹
345 5459 480 5514 Lov.,
504 5465 606 5503 esse
631 5449 902 5514 Baptismus
921 5448 1150 5502 Ecclcdaa
1168 5455 1334 5514 potest.
1361 5458 1553 5512 Vocem,
1574 5450 1818 5514 Ecclesiae,

223 5513 317 5564 hoc
338 5513 444 5564 loco
465 5513 766 5578 praetereunt
783 5524 879 5562 am.
905 5521 956 5564 et
979 5513 1302 5574 manuscripti.

289 5580 310 5609 ⁸
346 5576 629 5638 νοι,“(ιιὶιι.ς,
657 5578 798 5627 abest
817 5577 879 5626 ab
903 5586 1000 5625 Am.
1027 5583 1100 5625 Er.
1127 5583 1179 5624 et
1203 5585 1304 5624 Mss.
1332 5582 1499 5623 Postea
1532 5584 1630 5624 Am.
1659 5582 1712 5625 et
1741 5583 1816 5627 Er.

226 5638 432 5699 habent,
461 5639 600 5692 Felix
623 5654 655 5688 a
695 5648 998 5689 .tlazrazana.
1023 5639 1329 5688 Corbciensis
1361 5638 1534 5698 codex,
1559 5651 1590 5688 ιι
1626 5646 1820 5690 Μαναῆ-

225 5713 367 5766 zana.
389 5704 608 5766 Cypriani
627 5701 791 5766 editio,
820 5715 851 5750 a
875 5709 1178 5766 Marrazana.

305 5764 324 5794 ³
352 5761 439 5814 Hic
455 5761 764 5836 particulam,
786 5775 892 5826 nec,
916 5775 1027 5827 qua:
1065 5764 1114 5813 in
1140 5762 1282 5814 editis
1303 5762 1493 5824 deerat,
1519 5761 1822 5814 restituimus

229 5836 304 5888 ex,
323 5827 673 5888 mammeriptis.

294 5887 318 5918 δ
349 5896 446 5936 Am.
471 5894 524 5939 ct
545 5885 637 5950 ἐι,
661 5885 837 5950 Paulus
856 5886 1074 5950 abobba.

294 5949 368 6014 (a)
392 5951 507 6002 vide
526 5948 728 6004 netract.
754 5949 838 6002 lib.
862 5949 909 6014 2,
935 5962 1040 6014 cap.
1061 5948 1134 6000 18.

1531 397 1732 460 LIBER
1765 389 2120 460 SEPTIMUS.

3366 393 3473 456 230

1890 510 2040 568 ticos.
2082 507 2236 579 Apud
2274 522 2408 580 quos
2444 508 2587 576 enim
2627 507 2767 566 Deus
2797 517 2898 578 est,
2923 510 3176 582 templum
3205 513 3299 568 Dei
3326 501 3505 568 sunt."

1888 603 2016 670 Qute
2039 613 2205 658 autem
2225 605 2516 674 compositio
2539 605 2720 677 templo
2746 603 2840 658 Dei
2864 622 2979 659 cum
2998 605 3147 663 idolis
3173 605 3236 678 (II
3258 606 3371 663 Cor.
3397 625 3472 668 vr.

1888 695 2005 768 16)?
2035 695 2202 751 Porro
2225 694 2522 765 avaritiam,
2552 696 2902 750 idololatriam
2936 697 3127 751 Paulus
3159 699 3339 763 sentit,
3369 700 3472 771 Cy-

1887 787 2102 859 prianus
2123 788 2483 856 consentit,“
2507 787 2647 843 idem
2668 789 2782 858 ipse
2803 789 2940 843 inter
2960 789 3191 860 collegas
3212 800 3474 860 raptores,

1889 890 2063 937 tamen
2090 880 2473 954 baptizatores,
2511 896 2631 938 cum
2657 897 2846 954 magna
2869 882 2885 914 ¹
2910 882 3204 938 tolerantim
3227 883 3480 940 mercede

1889 983 2153 1031 versatur.
3461 1015 3470 1020 ,

1961 1064 2188 1122 CAPUT
2237 1064 2350 1121 XII.
2395 1096 2468 1108 -—
2509 1066 2600 1121 22.
2652 1065 2978 1138 Pomponius
3027 1084 3056 1123 a
3109 1065 3476 1142 Dionysiana’

1891 1159 2030 1215 dixit
2058 1179 2070 1215 :
2106 1159 2431 1230 Manifestum
2459 1169 2531 1214 est
2556 1158 2814 1214 liwreticos
2840 1177 2938 1213 non
2969 1177 3111 1232 posse
3138 1161 3412 1231 baptizare,
3435 1171 3482 1218 et

1891 1254 2232 1310 remissionem
2273 1263 2589 1321 peccatorum
2632 1253 2784 1321 dare,
2816 1253 2901 1324 qui
2941 1263 3230 1325 potestatem
3261 1273 3359 1310 non
3391 1255 3482 1310 Ita-

1892 1345 2022 1412 bcnt,
2051 1355 2104 1400 ut
2128 1355 2216 1400 aut
2235 1347 2425 1401 solvere
2451 1355 2536 1398 aut
2562 1345 2719 1416 ligare
2740 1345 2930 1416 aliquid
2951 1347 3002 1399 in
3030 1347 3174 1406 terris
3196 1350 3406 1419 possint.

1965 1438 2054 1496 25.
2100 1437 2474 1510 Respondetur
2503 1454 2515 1490 :
2549 1435 2685 1490 lianc
2712 1444 3026 1506 potestatem
3063 1453 3161 1491 nec
3203 1437 3483 1493 homicida:

1895 1527 2112 1596 habent,
2146 1528 2197 1582 id
2223 1537 2324 1595 est,
2349 1529 2437 1600 qui
2461 1527 2688 1584 oderunt
2718 1528 2930 1582 fratres.
2981 1527 3093 1582 Non
3123 1528 3262 1583 enim
3295 1529 3484 1585 talibus

1896 1622 2094 1677 dictum
2121 1631 2202 1677 est
2233 1640 2244 1674 :
2279 1621 2339 1677 Si
2365 1621 2447 1675 cui
2475 1620 2766 1675 dimiseritis
2789 1629 2995 1692 peccata
3020 1661 3035 1687 ,
3068 1621 3378 1676 dimittentur
3401 1623 3446 1676 ei
3461 1640 3483 1688 ;

1895 1716 1939 1770 si
1967 1716 2046 1770 cui
2077 1716 2349 1781 tenueritis,
2381 1715 2675 1770 tenebuntur
2704 1711 2896 1787 (Joan.
2930 1729 3020 1777 xx,
3050 1713 3120 1768 25
3142 1714 3182 1786 ).
3217 1715 3281 1770 Et
3310 1725 3487 1771 tamen

1896 1807 2186 1877 baptizant,
2217 1816 2270 1862 et
2299 1822 2391 1863 eos
2431 1808 2482 1862 in
2525 1807 2712 1862 eadem
2748 1806 3006 1876 Baptismi
3032 1807 3408 1863 communione
3434 1815 3490 1863 et

1898 1902 2094 1958 Paulus
2123 1902 2333 1967 tolerat,
2360 1909 2415 1955 et
2441 1899 2735 1972 Cyprianus
2765 1900 3022 1970 agnoscit.

1969 1993 2193 2050 CAPUT
2232 1992 2369 2048 XIlI.
2397 2023 2463 2032 —
2508 1993 2598 2047 24.
2646 1991 2941 2048 V’enantius
2974 2008 3005 2048 a
3044 1990 3225 2048 Tinisa
3255 1991 3276 2024 ³
3312 1991 3488 2050 dixit:

1900 2088 1962 2146 Si
1993 2090 2204 2143 maritus
2227 2105 2431 2160 peregre
2457 2089 2802 2160 proﬁciscens,
2834 2087 2997 2142 amico
3025 2103 3117 2141 suo
3145 2087 3492 2143 commendas-

1900 2195 1971 2241 set
1999 2200 2208 2240 uxorem
2237 2199 2380 2238 suam
2406 2181 2821 2248 custodiendam,
2858 2183 3260 2238 commendatam
3287 2182 3381 2237 sibi
3408 2182 3495 2238 ille

1900 2288 2089 2350 quanta
2109 2287 2273 2348 posset
2300 2276 2564 2348 diligentia
2588 2287 2900 2331 conservaret
2919 2316 2935 2344 ,
2968 2293 3030 2331 ne
3051 2276 3113 2330 ab
3137 2277 3306 2347 aliquo
3337 2277 3495 2331 casti-
3563 2317 3574 2326 .

1901 2379 1978 2426 tus
2014 2371 2124 2440 ejus
2166 2379 2211 2424 et
2255 2369 2495 2424 sanctitas
2539 2368 2928 2423 adulteraretur.
2978 2368 3204 2423 Christus
3245 2367 3496 2422 Dominus

1902 2473 1947 2519 et
1984 2462 2123 2519 Deus
2161 2470 2329 2516 noster
2365 2460 2432 2514 ad
2463 2458 2670 2514 Patrem
2700 2461 3052 2531 proﬁciscens,
3091 2477 3328 2530 sponsam
3352 2475 3498 2514 suam

1904 2557 2046 2612 nobis
2068 2555 2471 2619 commendavit;
2501 2563 2734 2608 utrunme
2759 2570 2867 2607 eam
2894 2554 3238 2623 incorruptam
3261 2562 3308 2606 et
3336 2553 3496 2606 invio-

1905 2651 2062 2705 latam
2101 2651 2435 2717 custodimus,
2487 2665 2554 2702 an
2599 2647 2935 2718 integritatem
2979 2648 3088 2715 ejus
3127 2655 3171 2700 et
3215 2647 3498 2700 castitatem

1904 2743 2108 2796 mazcltis
2141 2751 2185 2796 et
2211 2740 2590 2811 corruptoribus
2619 2739 2916 2810 prodimus?
2948 2739 3047 2807 Qui
3071 2739 3202 2792 enim
3230 2738 3499 2810 Baptisma

1906 2834 2147 2889 Ecclesia:
2170 2850 2434 2887 commune
2457 2849 2574 2887 cum
2608 2832 2854 2888 luereticis
2878 2833 3023 2902 facit,
3053 2849 3291 2902 sponsam
3311 2831 3498 2887 Christi

1905 2927 2152 2982 adulteris
2174 2926 2364 2996 prodit.

1975 3021 2067 3077 25.
2116 3019 2524 3091 Respondemus
2552 3035 2565 3072 :
2596 3018 2733 3088 Quid
2761 3017 2836 3072 illi
2863 3016 2953 3088 qui
2979 3033 3098 3072 cum
3129 3017 3495 3087 baptiznntur,

1908 3114 2062 3170 labiis
2085 3154 2102 3179 ,
2134 3129 2238 3168 non
2268 3111 2431 3167 corde
2465 3117 2846 3165 convertuntur
2881 3109 2948 3163 ad
2992 3108 3292 3175 Dominum,
3325 3125 3500 3163 nonne

1908 3205 2260 3263 adulterinum
2288 3211 2521 3258 mentem
2557 3203 2784 3272 gerunt?
2825 3201 3012 3256 Nonne
3043 3202 3141 3270 ipsi
3171 3209 3296 3256 sunt
3319 3200 3503 3264 saeculi

1907 3303 2222 3366 dilectores,
2254 3299 2340 3355 cui
2373 3314 2483 3354 non
2517 3297 2670 3354 factis
2704 3295 2798 3352 sed
2832 3297 3010 3351 verbis
3038 3296 3497 3361 renuntiaverunt,

1909 3404 1964 3451 et.
1998 3393 2120 3449 ideo
2144 3399 2491 3462 corrumpunt
2519 3405 2699 3448 mores
2723 3390 2895 3446 bonos
2924 3404 3021 3459 per
3047 3389 3310 3458 colloquia
3339 3388 3502 3455 niala,

1908 3487 2168 3555 dicentes,
2199 3482 2570 3541 Manduccntus
2595 3492 2642 3540 et
2667 3481 2914 3547 bibamus,
2937 3497 3052 3536 cras
3073 3481 3208 3535 enim
3231 3480 3502 3534 moriemur

1912 3583 1958 3656 (l
1981 3583 2095 3638 Cor.
2121 3596 2212 3647 xv,
2238 3581 2327 3646 55,
2350 3579 2484 3650 52)?
2503 3578 2692 3633 Nonne
2719 3577 2880 3633 etiam
2901 3581 3088 3632 contra
3114 3573 3247 3632 istos
3266 3572 3504 3645 vigilavit

1911 3691 2089 3733 sermo
2112 3670 2456 3748 apostdlieus,
2482 3673 2571 3728 ubi
2597 3672 2744 3738 dicit,
2774 3670 2944 3726 Timeo
2969 3679 3137 3725 autem
3158 3686 3218 3724 ne
3241 3669 3370 3723 sicut
3396 3682 3504 3726 ser-

1914 3787 2035 3842 pens
2081 3769 2241 3823 Evam
2280 3767 2478 3822 seduxit
2510 3766 2696 3819 astutia
2733 3779 2859 3828 sua,
2904 3763 2975 3817 sic
3016 3772 3062 3815 et
3102 3773 3276 3815 vestra:
3316 3770 3503 3814 mentes

1913 3871 2301 3933 corrumpantur
2325 3877 2358 3914 a
2380 3859 2610 3913 castitate
2632 3873 2744 3927 qua:
2769 3865 2838 3910 est
2857 3858 2910 3909 in
2933 3854 3131 3908 Christo
3161 3852 3228 3921 (II
3255 3852 3372 3906 Cor.
3405 3867 3459 3906 ιι
3483 3891 3502 3914 ,

1914 3955 2024 4027 5)?
2065 3955 2202 4010 Cum
2241 3968 2368 4021 ergo
2393 3949 2592 4005 Christi
2632 3947 2901 4017 Baptisma
2939 3943 3233 4016 Cyprianus
3273 3940 3505 3996 habebat

1915 4061 2197 4103 commune
2226 4059 2347 4099 cum
2377 4042 2567 4096 talibus
2590 4081 2606 4108 ,
2639 4037 2895 4108 numquid
2926 4036 3046 4092 ideo
3069 4050 3321 4106 Sponsam
3348 4031 3502 4089 Chri-

1916 4142 1982 4197 sti
2029 4140 2283 4212 prodebat
2316 4138 2573 4194 adulteris
2598 4179 2612 4206 ,
2651 4152 2714 4192 ac
2741 4150 2846 4190 non
2875 4135 3050 4206 potius
3089 4133 3287 4189 monile
3321 4131 3509 4203 sponsi

1917 4233 2075 4289 etiam
2110 4233 2160 4286 iu
2187 4232 2428 4286 adultera
2453 4227 2846 4299 cognoscebat?

1989 4324 2215 4381 CAPUT
2257 4322 2390 4378 XIV.
2422 4351 2496 4361 —
2522 4319 2612 4375 26.
2642 4318 2902 4392 Aymnius
2926 4317 2995 4373 ab
3020 4319 3264 4389 Ausuaga
3284 4317 3308 4351 δ
3334 4318 3504 4375 dixit:

1922 4419 2034 4474 Nos
2064 4435 2218 4473 unum
2242 4415 2506 4487 Baptisma
2536 4415 2840 4485 accepimus,
2871 4423 2918 4466 et
2947 4413 3114 4484 ipsum
3133 4429 3421 4467 exercemus
3440 4411 3464 4444 ⁸
3488 4427 3508 4466 :

1919 4513 2004 4584 qui
2049 4521 2216 4566 autem
2260 4509 2381 4562 dicit
2424 4512 2542 4579 quia
2579 4516 2626 4561 et
2660 4506 2904 4561 haereticis
2947 4506 3063 4560 licet
3092 4505 3368 4576 baptizare,
3399 4505 3540 4575 ipse

1922 4604 2046 4659 duos
2075 4604 2344 4674 baptismos
2374 4602 2514 4673 facit.

1991 4697 2082 4751 27.
2103 4697 2235 4750 Iluic
2253 4693 2604 4763 respondetur
2622 4691 2760 4747 ICur
2781 4707 2885 4747 non
2902 4692 3063 4748 etiam
3082 4691 3170 4746 ille
3188 4691 3322 4747 duos
3347 4693 3511 4762 bapti-

1923 4806 2070 4848 sm-os
2111 4788 2268 4854 facit,
2310 4788 2400 4858 qui
2439 4787 2568 4841 dicit
2602 4785 2722 4855 quia
2749 4794 2804 4840 et
2833 4785 2998 4854 iniqui
3025 4785 3331 4854 baptizant?
3377 4784 3512 4838 Cum

1923 4885 2065 4940 enim
2111 4881 2235 4952 justi
2281 4890 2335 4934 et
2378 4879 2542 4949 iniqui
2587 4877 2687 4931 sibi
2729 4877 2981 4932 contrarii
3027 4877 3164 4940 sint;
3210 4877 3513 4947 Baptismus

1923 4991 2081 5048 quem
2111 4945 2239 5029 dant
2263 4972 2424 5042 justi,
2455 4945 2626 5042 qualis
2652 4981 2768 5025 erat
2790 4970 3014 5036 Paulus,
3046 4971 3129 5026 vel
3153 4945 3308 5024 etiam
3342 4945 3533 5038 qualisl

1923 5077 2040 5124 erat
2077 5065 2408 5138 Cyprianus,
2453 5079 2560 5118 non
2599 5072 2683 5119 est
2718 5064 3019 5118 contrarius
3062 5063 3332 5132 Baptismo
3354 5074 3512 5130 quem

1923 5161 2122 5218 dabant
2147 5159 2311 5230 iniqui
2339 5158 2412 5213 illi
2438 5157 2527 5228 qui
2555 5157 2779 5212 oderant
2807 5157 3027 5212 Paulum
3053 5197 3067 5222 ,
3100 5171 3236 5225 quos
3264 5168 3368 5207 non
3399 5152 3513 5205 lue-

1925 5255 2153 5316 reticos,
2184 5251 2280 5308 sed
2308 5251 2479 5307 malos
2503 5251 2794 5307 catholicos
2822 5249 3118 5322 Cyprianus
3145 5245 3391 5315 intelligit
3417 5261 3431 5298 :
3457 5254 3515 5300 et

1990 5512 2009 5544 ι
2046 5505 2353 5559 Corbefensis
2369 5502 2526 5554 codex
2543 5509 2595 5572 et
2612 5499 2690 5551 alii
2714 5499 2884 5572 plures
2901 5505 3030 5556 Mss,
3051 5504 3254 5558 magna.

1989 5575 2010 5606 ³
2042 5582 2142 5621 Am.
2169 5577 2221 5620 et
2243 5576 2336 5628 Er.,
2360 5564 2645 5631 Pomponius
2666 5564 2973 5631 aJosiniana.
3145 5621 3176 5631 Δ,
3248 5621 3259 5631 ,

1991 5637 2013 5669 ³
2043 5642 2174 5694 Lov.,
2200 5645 2230 5682 α
2268 5621 2490 5694 Th'imisai
2515 5635 2569 5676 At
2590 5635 2688 5694 Aur.
2714 5631 2786 5694 Er.
2813 5624 3062 5686 nostrique
3079 5621 3378 5684 antiquiores
3406 5626 3516 5670 MSS.

1928 5706 1979 5749 et
2000 5711 2125 5748 nova
2146 5685 2362 5760 éy'priani
2381 5691 2544 5760 editio,
2568 5701 2600 5737 a
2628 5685 2798 5760 tiniae.
2819 5759 2824 5760 γ

1990 5745 2032 5793 δή
2043 5745 2148 5808 iiii.
2173 5745 2226 5807 ἐξ
2246 5763 2342 5811 En,
2364 5745 2583 5815 ..tgmnins
2605 5748 2664 5816 ab
2681 5745 2965 5816 ,atswtgigtt.
2983 5745 3200 5816 Nonnulli
3223 5753 3350 5806 1435.,
3375 5754 3522 5816 Hym-

1927 5823 2053 5875 mius
2073 5821 2133 5872 ab
2153 5809 2442 5882 Ausuagidc't.
2459 5809 3130 5882 Ms._Corbeien.sis,’.4ymmus
3150 5809 3212 5861 ab
3229 5809 3517 5874 .tusaugiga.

1991 5949 2015 5981 ⁸
2048 5935 2134 5996 iiic
2152 5935 2236 5993 Br.’
2254 5935 2434 5992 εἴων.
2457 5935 2656 6000 addunt,
2682 5935 2894 5990 teneritate
2911 5943 2973 5990 et.
