4008 6462
515 433 606 493 αι
1241 425 1330 481 DE
1367 419 1702 480 BAPTISMO
1737 417 2015 478 CONTRA
2057 410 2500 485 DONATISTAS,
2545 414 2602 473 S.
2643 415 3010 475 AUGUSTINI

511 560 626 607 cum
651 546 930 605 contraria;
953 543 1053 600 sibi
1081 541 1187 598 sint
1218 538 1542 596 continentia
1562 538 1579 570 ί
1622 550 1742 608 quae
1770 535 1871 590 fuit
1897 532 1951 588 in
1975 531 2087 602 Cy-

511 643 692 716 priano
710 683 724 706 ,
753 649 809 698 et
833 639 1050 695 avaritia
1074 651 1193 708 quae
1218 635 1314 689 fuit
1349 635 1400 689 in
1427 632 1647 703 collegis
1671 629 1954 703 Cypriani;
1986 627 2088 682 Ba-

510 738 730 809 ptismus
757 744 931 790 tamen
958 746 1114 802 quem
1146 729 1442 802 Cyprianus
1469 725 1658 792 dabat,
1687 739 1794 781 non
1820 729 1936 777 erat
1956 734 2085 776 con-

509 830 699 884 trarius
726 827 996 898 Baptismo
1019 838 1179 894 quem
1201 823 1276 877 illi
1308 821 1523 885 dabant,
1547 817 1641 875 sed
1664 832 1800 872 unus
1821 824 1877 872 et
1904 813 2043 870 idem
2071 831 2086 868 :

507 921 626 990 quia
652 920 740 975 ille
763 917 991 986 baptizat
1008 914 1076 971 de
1098 927 1204 986 quo
1227 912 1429 969 dictum
1452 920 1554 977 est,
1578 909 1700 981 Ipse
1720 916 1795 964 est
1819 907 1905 978 qui
1925 904 2088 974 bapti-

504 1020 584 1067 καὶ
612 1009 787 1080 (Joan.
814 1024 853 1073 ι,
877 1005 992 1077 55).

571 1100 798 1158 CAPUT
835 1099 953 1154 XV.
980 1127 1053 1140 —-
1070 1097 1160 1154 28.
1193 1095 1508 1153 Saturninus
1533 1108 1565 1148 a
1583 1090 1888 1146 Victoriana
1909 1087 2041 1144 dixit
2069 1104 2084 1142 :

503 1191 566 1249 Si
594 1193 708 1247 licet
732 1191 976 1248 htereticis
1004 1189 1278 1262 baptizare,
1301 1186 1527 1242 excusati
1554 1192 1669 1239 sunt
1691 1193 1741 1238 et
1769 1181 1964 1252 defensi
1985 1180 2089 1234 illi-

506 1285 604 1340 cita
622 1285 858 1356 facientes
883 1299 896 1336 :
919 1299 1008 1338 nec
1032 1281 1174 1336 video
1202 1296 1356 1352 quare
1379 1295 1463 1334 eos
1482 1286 1570 1332 aut
1588 1275 1822 1340 Christus
1845 1273 2087 1328 adversa-

514 1392 605 1430 nos
641 1391 779 1440 suos,
810 1383 898 1428 aut
921 1372 1191 1445 Apostolus
1215 1369 1532 1424 antichristos
1559 1365 1906 1438 appellaverit.

569 1466 660 1520 29.
694 1465 829 1520 Huic
857 1463 1209 1535 respondetur
1236 1481 1250 1516 :
1277 1461 1366 1517 Sic
1392 1459 1618 1515 dicimus
1647 1472 1753 1512 non
1783 1455 1946 1511 licere
1972 1452 2086 1508 bte-

504 1559 682 1614 reticis
721 1558 1024 1629 baptizare,
1067 1554 1334 1626 quomodo
1361 1553 1586 1609 dicimus
1622 1566 1726 1607 non
1758 1550 1919 1606 licere
1945 1549 2088 1604 frau-

501 1648 776 1704 datoribus
802 1645 1103 1717 baptizare?
1145 1645 1260 1700 Non
1285 1645 1425 1700 enim
1458 1643 1708 1698 haeretico
1736 1649 1964 1706 tantum,
1992 1639 2087 1696 sed

501 1741 768 1810 peccatori
799 1741 967 1810 inquit
1013 1739 1187 1803 Deus,
1237 1737 1426 1808 thuid
1463 1752 1666 1790 enarras
1694 1732 2088 1806 justiﬁcationes

501 1848 676 1904 meas,
705 1842 750 1886 et
793 1831 1010 1886 assumis
1051 1838 1400 1885 testamentum
1443 1843 1608 1881 meum
1651 1843 1739 1897 per
1791 1841 1846 1880 os
1901 1823 2088 1879 tuum?

503 1923 628 1979 huic
669 1925 851 1995 utique
898 1923 1051 1989 dixit,
1094 1922 1156 1979 Si
1197 1923 1399 1977 videbas
1446 1925 1630 1992 furem,
1676 1918 2005 1973 concurrebas
2043 1917 2088 1972 ei

505 2012 690 2085 (Psal.
723 2031 869 2080 χιιι,
899 2014 1144 2083 16,18).
1195 2013 1407 2082 Quanto
1449 2027 1576 2082 ergo
1615 2011 1687 2065 illi
1728 2010 1958 2080 pejores,
1998 2008 2090 2079 qui

502 2120 613 2161 non
641 2122 761 2162 cum
791 2106 994 2160 furibus
1017 2105 1444 2171 concurrebant,
1476 2102 1570 2158 sed
1607 2101 1703 2172 ipsi
1745 2100 1934 2156 fundos
1962 2099 2092 2154 insi-

503 2197 672 2254 diosis
713 2197 987 2253 fraudibus
1023 2196 1332 2268 rapiebant?
1376 2194 1470 2250 sed
1500 2208 1604 2248 non
1636 2194 1714 2247 eis
1741 2191 2092 2247 concurrebat

439 2302 450 2312 ‘
504 2287 825 2361 Cyprianus,
851 2288 1094 2360 quamvis
1119 2301 1213 2343 eos
1239 2286 1292 2340 in
1314 2285 1574 2340 catholica
1602 2293 1782 2354 segete
1812 2282 2085 2348 toleraret,

505 2397 575 2436 ne
593 2382 753 2437 simul
773 2381 1135 2437 eradicaretur
1156 2392 1210 2436 et
1231 2379 1482 2434 triticum.
1516 2377 1583 2433 Et
1603 2386 1778 2433 tamen
1799 2377 1961 2432 etiam
1988 2376 2090 2446 ipsi

501 2487 661 2544 quem
690 2471 924 2536 dabant,
969 2472 1109 2527 idem
1148 2471 1263 2540 ipse
1307 2469 1606 2540 Baptismus
1637 2476 1780 2534 erat;
1823 2467 1944 2538 quia
1982 2481 2089 2522 non

502 2562 764 2632 ipsorum,
798 2563 890 2618 sed
920 2562 1117 2618 Christi
1147 2570 1279 2616 erat.
1311 2561 1458 2617 Sicut
1484 2574 1611 2630 ergo
1637 2559 1744 2626 isti,
1769 2557 2013 2629 quamvis
2035 2557 2090 2612 in

498 2654 579 2709 eis
604 2653 804 2710 Christi
829 2655 1134 2724 Baptismus
1153 2661 1490 2724 agnoscatur,
1519 2667 1625 2707 non
1648 2661 1772 2706 sunt
1797 2659 1974 2704 tamen
1992 2664 2088 2703 ex-

500 2746 670 2803 cusati
696 2757 752 2802 et
775 2746 977 2803 defensi
1008 2747 1190 2801 illicita
1222 2745 1478 2800 facientes
1497 2785 1513 2811 ,
1544 2751 1596 2799 et
1627 2751 1771 2798 recte
1792 2741 1914 2796 illos
1937 2739 2090 2794 Chri-

500 2845 616 2891 stus
639 2836 972 2891 adversarios
1006 2851 1133 2890 suos
1158 2836 1391 2906 appellat
1415 2877 1430 2902 ,
1461 2834 1582 2904 quia
1613 2833 1666 2887 in
1692 2832 1881 2887 talibus
1908 2846 2091 2900 perse-

503 2936 752 2982 verantes
780 2926 1008 2980 audituri
1035 2913 1182 2992 sunt,
1213 2925 1450 2980 Recedite
1473 2941 1506 2977 a
1532 2941 1610 2978 me
1635 2964 1648 2988 ,
1695 2923 1781 2994 qui
1811 2923 2090 2994 aperamini

500 3017 814 3088 iniquitatem
841 3018 1053 3089 (Matth.
1079 3033 1173 3084 vn,
1199 3019 1314 3087 23);
1338 3017 1480 3071 unde
1505 3025 1560 3071 et
1585 3015 1884 3070 antichristi
1907 3013 2091 3084 appel-

504 3107 700 3176 lantur,
735 3110 857 3180 quia
885 3109 1101 3165 Christo
1126 3108 1381 3164 contrarii
1409 3116 1552 3176 sunt,
1583 3107 1707 3162 dum
1731 3116 1915 3162 contra
1945 3105 2089 3177 quod

501 3201 744 3272 przecipit
772 3202 952 3256 vivunt
979 3219 992 3256 ε
1025 3203 1095 3257 ita
1123 3209 1178 3257 et
1204 3201 1460 3256 heretici.

570 3293 796 3349 CAPUT
842 3293 978 3349 XVI.
1029 3322 1102 3334 —-
1144 3293 1234 3349 30.
1278 3293 1428 3348 Alius
1479 3291 1796 3348 Saturninus
1837 3305 1868 3344 a
1911 3290 2089 3346 Tucca

501 3387 641 3442 dixit
666 3406 678 3441 :
709 3387 961 3453 Gentiles,
993 3389 1217 3459 quamvis
1242 3387 1381 3441 idola
1407 3387 1606 3456 colant,
1634 3393 1797 3439 tamen
1838 3400 2090 3439 sumntum

503 3479 668 3533 Deum
705 3478 908 3532 Patrem
935 3488 1207 3533 creatorem
1240 3486 1544 3548 cognoscunt
1583 3486 1632 3532 et
1668 3477 1987 3545 conﬁtentur.
2020 3474 2090 3529 In

502 3569 635 3624 hunc
664 3569 892 3625 Marcion
919 3570 1270 3640 blasphemat,
1317 3579 1363 3622 et
1405 3568 1608 3640 quidam
1648 3585 1749 3621 non
1796 3566 2091 3621 erubescunt

503 3661 783 3715 Marcionis
818 3660 1137 3732 Baptismum
1179 3661 1391 3732 probare
1419 3658 1517 3733 (a).
1570 3659 1832 3725 Quomodo
1856 3659 1980 3712 tales
2006 3675 2089 3712 sa-

501 3753 727 3808 cerdotes
754 3753 1088 3808 sacerdotium
1111 3752 1208 3808 Dei
1232 3764 1317 3808 aut
1339 3761 1559 3820 servant,
1589 3763 1676 3807 aut
1699 3753 1972 3817 vindicant,
2005 3754 2090 3824 qui

503 3846 666 3900 hostes
689 3845 784 3901 Dei
809 3863 910 3900 non
931 3847 1208 3918 baptizant,
1238 3856 1286 3900 et
1310 3846 1382 3900 sic
1405 3845 1508 3900 illis
1537 3845 1949 3900 communicant?

574 3939 662 3994 ⁸51.
707 3937 1080 4008 Respondetur
1113 3956 1126 3991 :
1158 3937 1423 3992 Nimirum
1461 3952 1582 3992 cum
1633 3938 1756 3992 talia
1796 3936 2046 3991 dicuntur
2069 3977 2084 4002 ,

501 4029 775 4086 exceditur
802 4030 1015 4097 modus,
1047 4045 1147 4084 nec
1171 4029 1538 4085 consideratur
1557 4028 1679 4098 quia
1701 4035 1758 4083 et
1776 4028 1873 4097 ipsi
1896 4027 2090 4082 talibus

502 4119 994 4185 communiCabant,
1021 4121 1270 4175 neminem
1289 4120 1601 4190 judicantes,
1626 4128 1714 4172 aut
1746 4136 1778 4172 a
1799 4119 1919 4190 jure
1951 4135 2088 4172 como

503 4211 756 4265 munionis
780 4212 1018 4281 aliquem,
1047 4211 1091 4265 si
1115 4211 1365 4264 diuersum
1390 4211 1620 4276 senserit,
1649 4219 1953 4262 amoventes.
1981 4207 2088 4263 Sed

503 4303 667 4359 habet
690 4304 790 4359 iste
816 4304 868 4358 in
909 4303 1009 4357 hac
1050 4303 1163 4372 ipsa
1201 4303 1466 4360 sententia
1507 4317 1598 4356 sua
1637 4301 1778 4356 unde
1812 4300 2088 4357 admoneri

505 4404 722 4464 posset.
754 4393 800 4449 si
829 4393 1149 4460 adverteret,
1173 4393 1224 4448 id
1252 4395 1303 4447 in
1331 4408 1542 4464 quoque
1567 4391 1938 4463 corrigendum
1967 4406 2088 4449 esse

503 4488 644 4559 quod
673 4503 891 4558 pravum
921 4496 1003 4542 est
1027 4527 1041 4553 ,
1071 4487 1212 4558 quod
1241 4495 1415 4542 autem
1444 4496 1648 4542 rectum
1676 4495 1759 4541 est
1784 4485 2086 4556 approban-

501 4582 627 4637 dum
652 4599 666 4636 :
695 4581 1120 4652 quandoquidem
1161 4581 1253 4645 ait,
1284 4579 1524 4646 Gentiles,
1552 4580 1776 4650 quamvis
1818 4579 1958 4633 idola
1983 4567 2086 4632 ἐο-

499 4675 627 4737 lant,
659 4685 825 4728 tamen
853 4691 1107 4728 suntmum
1142 4673 1307 4728 Deum
1340 4673 1544 4727 Patrem
1587 4681 1860 4727 creatorem
1892 4689 2085 4744 cogno-

499 4780 644 4824 scunt
666 4780 710 4824 et
737 4771 1056 4838 conﬁtentur.
1085 4770 1139 4825 Si
1165 4769 1285 4840 quis
1311 4784 1436 4840 ergo
1451 4767 1517 4823 ad
1544 4768 1711 4823 Deum
1736 4767 1854 4822 talis
1873 4768 2086 4839 gentilis

499 4862 725 4922 veniret.
762 4862 1016 4931 numquid
1046 4861 1198 4916 vellet
1221 4860 1360 4916 ineo
1380 4861 1647 4930 corrigere
1669 4869 1827 4930 atque
1851 4871 2081 4930 mutare,

499 4953 640 5023 quod
672 4954 838 5008 Deum
871 4953 1082 5008 Patrem
1114 4961 1408 5008 creatorem
1438 4951 1789 5008 conﬁtebatur
1827 4961 1881 5008 et
1915 4968 2084 5010 nove-

497 5047 616 5100 rat?
662 5046 776 5101 Non
822 5057 949 5116 puto
969 5049 1010 5108 ²,
1043 5046 1139 5101 sed
1181 5045 1488 5101 emendaret
1519 5045 1571 5100 in
1601 5061 1666 5102 eo
1692 5045 2043 5101 idololatriam
2063 5087 2079 5112 ,

501 5135 642 5205 qtlud
685 5138 883 5191 malum
925 5135 1186 5201 habebat;
1219 5139 1273 5191 et
1299 5135 1531 5191 traderet
1569 5133 1910 5192 Sacramenta
1941 5135 2085 5192 chri-

499 5227 686 5289 stiana.
716 5245 834 5298 qua:
859 5243 964 5282 non
991 5227 1220 5282 habebat
1253 5245 1266 5281 :
1290 5228 1411 5282 etsi
1436 5225 1562 5298 quid
1589 5236 1792 5283 rectum
1819 5237 2002 5284 nosset
2027 5228 2084 5284 in

500 5333 586 5388 eo,
614 5319 960 5391 approbaret;
997 5319 1041 5374 si
1062 5318 1189 5390 quid
1220 5319 1482 5375 inveniret
1513 5333 1824 5390 perversum
1853 5361 1867 5388 ,
1899 5334 2080 5375 emen-

561 5473 748 5550 ffditi,
771 5475 866 5550 sibi
900 5475 995 5528 sint
1037 5489 1224 5540 semper
1245 5479 1548 5529 contmnam
1588 5476 1751 5538 Abest,
1783 5489 1991 5540 sanper,
2029 5478 2084 5528 in

497 5545 848 5598 manuscriptis.

560 5596 582 5664 ξ
615 5597 891 5664 Ahest,_non
909 5607 1040 5664 puto,
1064 5614 1091 5650 a
1112 5601 1463 5664 manusa'iptis.

560 5657 633 5731 ςα)
655 5660 879 5769 Loquitur
911 5657 977 5710 'de
1011 5657 1252 5724 Stephano
1289 5657 1530 5736 Pontiﬁce,
1553 5661 1618 5712 de
1657 5674 1756 5739 quo
1795 5662 1843 5711 in
1865 5663 2082 5773 Cypriani

560 5717 698 5768 istola
747 5720 793 5773 4.
821 5721 879 5770 ad
901 5730 1206 5773 Pompeium:
1240 5744 1262 5771 ι
1283 5732 1372 5773 Cur
1395 5737 1444 5773 tn
1470 5730 1651 5773 tantum
1676 5724 1900 5773 Stephani
1942 5733 2082 5773 ratris

813 5721 879 5795 ad
901 5717 1206 5795 Pompeium:
1240 5744 1262 5771 ι
1283 5732 1372 5795 cur
1395 5727 1444 5795 in
1470 5717 1654 5795 tantum
1675 5717 2083 5795 Stephani'iratris

502 5797 525 5827 α
548 5782 699 5851 ηρευὶ
720 5782 976 5833 obstinatio
989 5782 1110 5835 dura
1128 5789 1359 5851 prorupit,
1385 5793 1441 5837 ut
1459 5787 1604 5851 etiam
1625 5786 1689 5851 de
1720 5782 1966 5838 Marcionis
1995 5795 2081 5838 Ba-

503 5859 527 5888 α
550 5842 778 5914 ptis_mo._..
797 5842 1154 5914 et_ca:terorum
1177 5842 1614 5914 blasphemmtium
1635 5850 1686 5900 in
1707 5855 1861 5900 Deum
1871 5857 2080 5914 Patrem,

500 5920 527 5952 ι
547 5903 807 5958 Contendant
827 5903 948 5958 filios
969 5914 1067 5967 Deo
1088 5903 1293 5960 nasciis'

2195 528 2374 594 daret;
2402 529 2445 584 si
2470 529 2597 601 quid
2620 529 2912 597 defuisset,
2943 531 3115 586 daret.
3152 528 3241 586 Sic
3265 535 3318 586 et
3343 528 3398 585 in
3430 530 3776 589 marcionista

2197 621 2447 678 haeretico
2486 634 2801 695 agnosceret
2840 624 3093 694 Baptismi
3132 623 3508 693 integritatem,
3537 624 3780 696 corrige-

2194 727 2278 773 ret
2293 716 2410 787 ejus
2447 719 2847 788 perversitatem
2867 759 2883 785 ,
2905 717 3121 773 doceret
3139 717 3452 772 catholicam
3475 717 3779 772 veritatem.

2263 807 2488 864 CAPUT
2525 808 2686 864 XVII.
2718 839 2790 850 --
2817 809 2904 866 32.
2954 809 3233 866 Marcellus
3271 824 3302 864 a
3346 808 3508 864 Zama
3531 809 3549 840 ¹
3597 808 3732 864 dixit
3763 826 3778 863 :

2194 901 2320 956 Cum
2344 911 2548 973 peccata
2575 903 2777 958 nonnisi
2800 904 2854 958 in
2875 903 3134 974 Baptismo
3158 902 3399 958 Ecclesia:
3424 903 3782 968 remittantur;

2191 993 2280 1064 qui
2303 993 2590 1048 htereticum
2615 1012 2718 1050 non
2745 995 2988 1066 baptizat,
3013 996 3263 1065 peccatori
3290 997 3648 1050 communicat.

2262 1086 2350 1142 33.
2391 1085 2524 1154 Quid
2554 1087 2644 1142 ille
2668 1087 2758 1159 qui
2802 1087 2905 1143 hoc
2933 1087 3142 1143 facienti
3179 1089 3572 1156 communicat,
3599 1103 3782 1145 nonne

2191 1179 2456 1248 peccatori
2499 1181 2890 1236 communicat?
2931 1179 3066 1248 Quid
3109 1189 3286 1236 autem
3334 1180 3479 1236 aliud
3519 1181 3784 1238 faciebant

2192 1287 2380 1329 omnes
2400 1272 2700 1344 judicantes
2729 1275 3015 1341 neminem,
3049 1285 3141 1330 aut
3167 1291 3196 1330 a
3223 1276 3346 1346 jure
3387 1276 3782 1331 communionis

2191 1375 2499 1422 amoventes
2524 1366 2734 1423 diversa
2762 1369 3117 1424 sentientem?
3143 1367 3241 1424 Ubi
3257 1377 3340 1424 est
3359 1383 3486 1438 ergo
3514 1367 3783 1424 Ecclesia?

2191 1461 2273 1514 An
2301 1461 2643 1532 patientibus,
2673 1470 2729 1518 et
2751 1477 2820 1518 ne
2861 1463 3094 1518 triticum
3122 1462 3437 1528 eradicetur,
3466 1463 3670 1519 zizania
3697 1473 3783 1519 to-

2194 1553 2486 1610 lerantibus
2515 1555 2728 1625 (Matth.
2762 1571 2880 1622 xm,
2903 1555 2997 1628 29)
3025 1557 3122 1612 ista
3162 1570 3268 1612 non
3291 1555 3526 1612 obsunt?
3547 1555 3745 1612 Dicant
3763 1559 3784 1589 ¹

2190 1661 2319 1717 ergo
2347 1646 2434 1702 isti
2461 1689 2476 1714 ,
2528 1649 2619 1719 qui
2645 1663 2705 1705 se
2728 1649 2796 1704 ab
2816 1649 2947 1704 orbe
2977 1658 3239 1705 terrarum
3265 1649 3459 1705 frustra
3481 1649 3786 1721 separando

2192 1739 2524 1810 sacrilegium
2567 1742 2868 1798 schismatis
2910 1741 3278 1811 admiserunt,
3337 1741 3522 1813 utquid
3581 1741 3788 1798 habent

2193 1832 2248 1887 in
2304 1849 2398 1890 ore
2467 1835 2782 1892 sententiam
2835 1834 3118 1908 Cypriani,
3172 1837 3262 1906 qui
3327 1851 3430 1892 non
3480 1835 3682 1892 habent
3733 1836 3786 1892 in

2192 1925 2354 1981 corde
2382 1924 2631 1998 Cypriani
2657 1927 2998 1997 patientiam?
3021 1927 3154 1983 Huic
3175 1938 3350 1983 autem
3395 1927 3650 1983 Marcello
3693 1945 3786 1984 re-

2193 2019 2484 2090 spondetur
2507 2037 2572 2076 ex
2598 2020 2681 2076 his
2706 2037 2824 2092 quae
2849 2022 2916 2077 de
2938 2021 3207 2092 Baptismo
3231 2030 3286 2078 et
3314 2021 3635 2078 remissione
3658 2038 3788 2094 pec-

2193 2123 2433 2168 catorum
2473 2129 2632 2184 supra
2673 2114 2812 2169 dicta
2849 2124 2991 2182 sunt,
3023 2115 3291 2186 quomodo
3320 2117 3487 2186 possit
3513 2131 3638 2176 esse
3677 2115 3791 2172 Βε-

2195 2205 2420 2274 ptismus
2450 2205 2502 2260 in
2533 2205 2749 2263 homine
2769 2248 2784 2275 ,
2815 2207 3063 2278 quamvis
3087 2221 3195 2262 non
3237 2207 3306 2263 sit
3343 2209 3398 2263 in
3439 2223 3506 2264 eo
3532 2209 3788 2265 remissio

2194 2306 2532 2367 peccatorum
2543 2339 2554 2351 .

2263 2385 2489 2444 CAPUT
2523 2387 2704 2444 XVIII.
2726 2421 2796 2430 —
2816 2391 2904 2446 54.
2938 2389 3171 2447 Ιι-εηαξυε
3193 2390 3260 2447 ab
3283 2390 3455 2448 Ululis
3476 2390 3497 2423 ³
3519 2392 3658 2447 dixit
3681 2409 3694 2447 :
3724 2392 3787 2448 Si

2193 2481 2306 2535 ideo
2335 2480 2564 2536 Ecclesia
2593 2482 2884 2538 hereticum
2912 2501 3011 2538 non
3032 2485 3272 2554 baptizat,
3290 2485 3425 2556 quod
3454 2484 3656 2541 dicatur
3667 2487 3790 2559 jam
3824 2493 3830 2499 '

2195 2575 2476 2646 baptizatus
2506 2592 2644 2640 esse;
2671 2576 2872 2631 hazresis
2897 2578 3060 2648 major
3089 2588 3182 2633 est.

2265 2667 2353 2722 35.
2395 2666 2939 2737 Respondeturzﬂoc
2983 2667 3142 2723 modo
3181 2667 3284 2724 dici
3314 2678 3529 2739 posset,
3559 2669 3616 2726 Si
3663 2670 3789 2728 ideo

2193 2773 2413 2813 avarum
2443 2759 2678 2814 Ecclesia
2706 2773 2810 2814 non
2841 2759 3073 2830 baptizat
3093 2803 3108 2826 ,
3136 2759 3278 2830 quod
3305 2761 3513 2816 dicatur
3534 2763 3650 2832 jam
3690 2762 3790 2820 ba-

2194 2851 2421 2922 ptizatus
2445 2867 2564 2908 esse
2583 2892 2600 2919 ,
2632 2852 2850 2907 avaritia
2891 2851 3065 2923 major
3088 2861 3189 2908 est.
3230 2852 3342 2909 Hoc
3381 2863 3561 2911 autem
3584 2853 3789 2912 falsum

2194 2953 2275 2999 est
2299 2962 2312 2998 :
2339 2945 2410 2998 ita
2437 2959 2566 3015 ergo
2589 2954 2643 3000 et
2672 2944 2823 2999 illud.

2263 3034 2490 3090 CAPUT
2518 3034 2659 3089 XIX.
2701 3065 2772 3076 —
2809 3034 2896 3090 56.
2939 3035 3174 3090 Donatus
3226 3050 3255 3089 a
3294 3035 3563 3092 Cibaliana
3607 3037 3786 3096 dixit:

2193 3127 2308 3200 Ego
2333 3145 2486 3183 unam
2513 3127 2793 3184 Ecclesium
2821 3140 2868 3184 et
2895 3147 3050 3184 unum
3075 3130 3392 3202 Baptismum
3418 3134 3528 3202 ejus
3554 3133 3693 3186 novi.
3724 3131 3788 3188 Si

2193 3233 2266 3278 est
2305 3224 2389 3295 qui
2429 3224 2563 3277 dicat
2606 3241 2711 3280 esse
2757 3224 2896 3295 apud
2925 3226 3185 3279 luereticos
3231 3223 3480 3294 Baptismi
3525 3227 3784 3297 gratiam,

2193 3325 2310 3371 ante
2338 3327 2409 3371 est
2434 3326 2488 3371 ut
2517 3318 2746 3371 ostendat
2771 3326 2817 3371 et
2843 3319 3017 3388 probet
3040 3334 3148 3373 esse
3171 3319 3276 3372 illic
3298 3318 3597 3374 Ecclesium.

2265 3410 2352 3466 37.
2397 3409 2529 3464 lluic
2572 3410 2927 3480 respondetur
2963 3428 2978 3464 :
3017 3410 3073 3466 Si
3128 3411 3379 3482 Baptismi
3413 3413 3640 3482 gratiam
3685 3413 3788 3470 hoc

2195 3517 2313 3557 esse
2341 3502 2475 3558 dicis
2497 3502 2636 3572 quod
2658 3512 2740 3558 est
2767 3503 3088 3573 Baptismus,
3121 3513 3202 3560 est
3223 3505 3362 3576 apud
3391 3505 3676 3562 haereticos
3703 3524 3716 3560 :
3739 3507 3786 3562 si

2193 3603 2370 3650 autem
2403 3594 2706 3664 Baptismus
2733 3605 3125 3652 sacramentum
3155 3607 3238 3652 est
3260 3599 3472 3669 gratire,
3507 3597 3623 3668 ipsa
3660 3615 3786 3654 vero

2193 3686 2362 3754 gratia
2387 3685 2606 3740 abolitio
2635 3695 2972 3754 peccatorum
2997 3696 3110 3755 est,
3139 3704 3247 3745 non
3290 3699 3373 3744 est
3395 3690 3536 3760 apud
3565 3689 3785 3747 haereti-

2193 3790 2287 3831 cos
2315 3775 2573 3846 Baptismi
2601 3778 2790 3848 gratia.
2817 3777 2906 3834 Sic
2930 3787 3012 3835 est
3035 3789 3212 3836 autem
3239 3797 3401 3837 unum
3428 3782 3703 3852 Baptisma
3732 3793 3786 3840 et

2194 3884 2297 3924 una
2316 3868 2576 3938 Ecclesia,
2600 3870 3049 3940 quemadmodum
3076 3882 3161 3928 est
3182 3888 3285 3928 una
3312 3888 3456 3944 spes.
3479 3873 3628 3929 Sicut
3654 3890 3786 3946 ergo

2194 3961 2319 4016 boni
2347 3969 2402 4018 et
2427 3963 2585 4029 mali,
2614 3978 2721 4018 non
2751 3963 3006 4019 habentes
3031 3979 3188 4021 unam
3225 3980 3409 4035 spem,
3443 3975 3672 4037 possunt
3701 3975 3784 4022 ta-

2193 4068 2314 4108 men
2343 4053 2542 4108 liabere
2564 4069 2726 4109 unum
2753 4053 3054 4124 Baptisma;
3086 4055 3156 4110 ita
3178 4056 3370 4126 quibus
3393 4071 3500 4112 non
3527 4066 3614 4113 est
3637 4071 3786 4114 eom-

2193 4145 2370 4200 munis
2398 4145 2655 4211 Ecclesia,
2683 4153 2859 4216 potest
2883 4145 3155 4216 Baptisma
3183 4161 3306 4203 esse
3329 4162 3636 4206 commune.

2262 4237 2490 4295 CAPUT
2532 4238 2653 4293 XX.
2696 4269 2768 4280 —
2804 4239 2893 4296 58.
2935 4238 3187 4297 Zozimus
3223 4257 3255 4296 a
3299 4241 3559 4299 Tharassa
3608 4243 3784 4301 dixit:

2193 4329 2516 4385 Reuelatione
2541 4331 2677 4400 facta
2705 4332 2950 4400 veritatis,
2981 4332 3128 4386 cedat
3154 4349 3297 4388 error
3323 4335 3528 4390 veritati
3549 4352 3571 4390 :
3591 4338 3716 4408 quia
3737 4346 3785 4393 et

2194 4423 2382 4478 Petrus
2410 4425 2498 4492 qui
2524 4423 2665 4494 prius
2689 4423 3072 4478 circumcidebat
3092 4466 3107 4493 ,
3137 4425 3282 4481 cessit
3325 4424 3494 4482 Paulo
3519 4428 3785 4484 veritatem

2194 4513 2490 4585 pradicanti
2519 4513 2712 4586 (Galat.
2744 4531 2812 4583 tt,
2851 4515 2959 4585 11).

2265 4607 2352 4664 59.
2383 4607 2755 4678 Respondetur
2780 4627 2793 4663 :
2818 4608 3001 4666 Potest
3029 4611 3187 4667 etiam
3215 4620 3396 4668 nostra
3421 4628 3540 4670 esse
3565 4625 3785 4672 senten-
3824 4609 3826 4612 ’

2193 4703 2264 4760 tia
2295 4704 2415 4771 ista,
2446 4712 2502 4759 et
2541 4704 2614 4759 ita
2643 4704 2837 4759 factum
2867 4713 2950 4761 est
2992 4705 3044 4760 in
3091 4706 3192 4762 hac
3219 4707 3287 4763 de
3328 4708 3604 4778 Baptismo
3629 4725 3783 4780 quae-

2191 4797 2384 4853 stione.
2416 4795 2548 4852 Nam
2581 4797 2804 4854 veritate
2842 4807 3026 4868 postea
3077 4798 3325 4868 liquidius
3361 4801 3592 4856 revelata
3619 4803 3784 4858 cessit

2192 4906 2346 4947 error
2364 4890 2571 4947 veritati
2593 4931 2606 4956 ,
2629 4905 2750 4946 cum
2778 4890 2866 4944 illa
2892 4890 3244 4947 saluberrima
3263 4893 3598 4968 consuetudo
3619 4899 3784 4951 etiam

2189 4985 2416 5058 plenarii
2445 4983 2654 5040 concilii
2681 4984 2993 5040 auctoritate
3022 4984 3228 5040 ﬁrmata
3265 4995 3366 5042 est.
3393 4986 3539 5042 Bene
3565 4997 3778 5056 tamen,

2191 5078 2332 5148 quod
2375 5077 2528 5133 toties
2559 5077 2918 5132 meminerunt
2958 5077 3116 5132 etiam
3143 5077 3371 5147 primum
3400 5079 3783 5151 Apostolorum

2191 5171 2406 5227 Petrum
2434 5170 2673 5240 potuisse
2710 5169 2865 5225 aliter
2904 5183 3092 5240 sapere
3119 5187 3276 5241 quam
3314 5171 3512 5228 veritas
3539 5174 3782 5244 postula-

2190 5263 2314 5326 bat;
2359 5263 2502 5334 quod
2545 5262 2804 5318 accidisse
2846 5265 3004 5318 etiam
3045 5263 3310 5335 Cypriano
3354 5265 3470 5321 sine
3508 5266 3610 5320 ulla
3661 5267 3780 5336 ejus

2191 5357 2511 5414 contumelia
2552 5355 2820 5413 credimus
2841 5399 2856 5426 ,
2889 5358 3207 5429 quicumque
3249 5358 3520 5430 diligimus
3548 5358 3780 5430 Cypria-

2190 5451 2498 5521 numzquia
2545 5465 2650 5506 non
2677 5465 2799 5507 eum
2847 5451 2925 5508 fas
2966 5459 3048 5507 est
3089 5449 3238 5524 diligi
3279 5451 3470 5523 majori
3517 5452 3782 5512 cbaritate

2190 5560 2347 5617 quam
2377 5544 2613 5600 Petrum.

2252 5659 2271 5692 ί
2304 5657 2608 5708 Corbeiensis
2634 5663 2738 5716 Ms,
2756 5669 2787 5706 a
2813 5663 2982 5706 Dama.

2251 5721 2272 5754 '
2305 5727 2469 5771 Plures
2492 5728 2619 5779 Mss.,
2641 5717 2846 5770 discant.

2251 5783 2274 5816 ³
2303 5778 2625 5834 Lovanienses
2659 5788 2998 5841 correxerunt,
3035 5778 3098 5831 ab
3127 5779 3284 5833 Usulis
3311 5793 3330 5832 :
3352 5783 3464 5841 quia
3503 5782 3692 5836 scilicet
3726 5786 3779 5837 in

2187 5847 2271 5909 lib.
2296 5846 2328 5894 3
2348 5853 2514 5897 contra
2534 5844 2857 5908 cresconium,
2880 5857 2930 5895 n.
2954 5843 3032 5908 22,
3055 5841 3283 5909 legimus,
3320 5841 3615 5898 Theodorum
3653 5855 3775 5900 Usu.

2192 5908 2386 5962 tensem.

3744 6045 3784 6076 ἢ
