4008 6514
213 441 329 501 Ἇὸ

294 553 530 611 CAPUT
578 552 719 609 XXI.
766 583 837 594 —
879 552 970 609 40.
1008 553 1251 609 Julianus
1303 569 1336 611 a
1382 553 1603 624 Telepte
1647 553 1824 607 dixit:

225 647 500 716 Scriptum
529 656 624 713 est,
657 664 676 698 ι
708 644 874 699 Nemo
902 655 1062 715 potest
1091 648 1323 716 accipere
1349 646 1568 717 aliquid,
1601 646 1699 700 nisi
1728 648 1827 698 da-

222 747 329 790 tum
355 737 435 791 illi
461 737 616 806 fuerit
650 736 713 790 de
738 738 864 791 caelo
895 756 914 790 ι
954 736 1134 808 (toan.
1167 752 1257 804 ιιι,
1288 737 1405 810 27).
1435 735 1498 793 Si
1527 737 1729 791 haeresis
1758 738 1822 791 de

219 826 348 881 caelo
378 835 482 893 est,
518 835 683 896 potest
708 825 977 897 Baptisma
1002 830 1148 883 dare.
1580 828 1587 833 ’

296 917 388 972 4i.
431 917 630 973 Audiat
651 927 705 973 et
732 918 895 975 alium
922 922 1193 977 dicentem
1219 937 1232 973 :
1261 920 1319 976 Si
1343 920 1564 976 avaritia
1592 919 1659 977 de
1686 920 1825 977 ccelo

221 1016 327 1075 est,
357 1018 539 1079 potest
564 1008 834 1079 Baptisma
875 1012 1028 1068 dare.
1061 1012 1132 1068 Et
1154 1021 1331 1068 tamen
1371 1012 1502 1067 dent
1537 1011 1721 1067 avari:
1749 1011 1827 1068 sic

225 1112 357 1168 ergo
386 1108 443 1153 et
473 1099 737 1156 haeretici.
827 1132 837 1141 -

295 1190 529 1247 CAPUT
552 1191 723 1248 XXII.
744 1195 922 1252 -—42.
951 1196 1182 1253 Faustus
1199 1211 1232 1253 a
1254 1194 1463 1253 Timida
1486 1198 1633 1268 regia
1651 1196 1788 1253 dixit
1811 1214 1827 1252 :

229 1282 351 1337 Non
379 1284 478 1339 sibi
523 1286 856 1343 blandiantur
879 1287 967 1359 qui
994 1288 1241 1343 htereticis
1281 1290 1685 1361 patrocinantur.
1728 1287 1830 1357 Qui

230 1391 323 1445 pro
374 1376 629 1432 haereticis
679 1381 1012 1438 ecclesiastico
1065 1381 1329 1455 Baptismo
1365 1382 1624 1438 intercedit
1640 1423 1659 1452 ,
1711 1380 1831 1437 illos

229 1463 574 1534 Christianos,
607 1480 657 1525 et
683 1486 775 1526 nos
802 1472 1062 1529 hereticos
1086 1474 1228 1545 facit.

304 1560 395 1616 45.
430 1562 577 1617 Huic
600 1565 957 1635 respondetur
978 1581 992 1620 :
1014 1564 1071 1621 Si
1090 1564 1372 1634 quisquam
1391 1564 1556 1633 dicat,
1587 1578 1709 1620 eum
1733 1563 1827 1634 qui

230 1666 355 1711 cum
381 1655 719 1726 Baptismum
749 1657 1036 1727 acciperet,
1072 1657 1195 1728 quia
1223 1657 1407 1712 odium
1430 1656 1725 1712 fraternum
1754 1663 1834 1712 te-

231 1746 399 1803 nebat
426 1748 486 1801 in
510 1748 677 1804 corde
700 1790 714 1813 ,
746 1763 851 1804 non
881 1758 1160 1819 acceperat
1184 1749 1555 1803 remissionem
1583 1757 1831 1818 peccato-

234 1850 381 1901 rum,
434 1851 544 1890 non
594 1852 716 1893 esse
760 1838 953 1894 iterum
1004 1838 1401 1908 baptizandum,
1448 1836 1661 1907 quando
1702 1836 1832 1892 illud

231 1925 416 1981 odium
444 1926 515 1981 de
542 1927 706 1983 corde
734 1928 987 1995 dimittit;
1020 1928 1279 2000 numquid
1319 1928 1684 1985 ecclesiastico
1726 1928 1833 1983 Ba-

232 2014 432 2086 ptismo
460 2015 747 2072 intercedit
788 2033 887 2087 pro
916 2018 1202 2074 homicidia
1223 2059 1240 2086 ,
1268 2028 1361 2073 aut
1396 2019 1518 2075 illos
1537 2019 1712 2088 justos
1733 2057 1749 2085 ,
1780 2026 1837 2075 et

232 2119 330 2160 nos
358 2105 668 2161 homicidas
693 2106 861 2163 facit?
890 2109 1005 2164 Hoc
1031 2124 1161 2181 ergo
1184 2118 1240 2165 et
1266 2109 1334 2165 de
1362 2108 1632 2166 haereticis
1671 2109 1833 2165 intel-

231 2194 378 2266 ligat.

299 2285 538 2345 CAPUT
565 2289 758 2345 XXIII.
798 2321 869 2332 —
904 2292 993 2346 44.
1035 2290 1309 2348 Geminius
1340 2294 1356 2324 ¹
1379 2306 1410 2347 a
1433 2292 1629 2347 Furnis
1656 2291 1788 2347 dixit
1818 2308 1833 2346 :

234 2375 467 2442 Quidam
496 2381 562 2435 de
588 2381 793 2451 collegis
837 2382 1100 2437 htereticos
1132 2399 1426 2453 pra'ponere
1460 2383 1555 2437 sibi
1584 2390 1834 2452 possunt,

232 2468 377 2523 nobis
409 2488 516 2525 non
544 2481 755 2541 possunt
783 2486 803 2525 :
820 2481 867 2527 et
902 2473 1015 2527 ideo
1042 2474 1180 2543 quod
1204 2475 1360 2529 semel
1392 2473 1731 2541 decrevimus,
1760 2482 1837 2527 te-

232 2571 441 2629 nemus;
469 2571 526 2616 ut
549 2562 612 2615 ab
639 2563 887 2619 htereticis
911 2564 1159 2619 venientes
1185 2564 1518 2635 baptisemus.

308 2653 403 2710 45.
447 2654 516 2709 Et
545 2654 633 2710 hic
656 2656 944 2712 conﬁtetur
967 2658 1304 2727 apertissime
1328 2659 1596 2729 quosdam
1626 2658 1695 2714 de
1721 2659 1838 2713 col-

238 2745 374 2817 legis
403 2746 522 2802 suis
549 2746 761 2803 diversa
811 2749 1045 2806 sensisse
1068 2750 1246 2806 :unde
1284 2751 1446 2806 etiam
1476 2759 1635 2821 atque
1677 2750 1840 2805 etiam

239 2836 595 2892 conﬁrmatur
621 2852 775 2893 amor
818 2839 1077 2906 unitatis,
1120 2840 1264 2911 quod
1306 2841 1374 2896 ab
1419 2840 1649 2896 invicem
1691 2839 1842 2895 nullo

243 2928 534 2985 schismate
563 2931 797 2999 separati
821 2939 965 2997 sunt,
996 2931 1171 2988 donec
1210 2933 1395 2988 alteris
1420 2946 1607 2988 eorum
1637 2931 1686 2990 si
1712 2931 1843 3003 quid

246 3017 407 3075 aliter
434 3030 683 3090 saperent
711 3022 853 3078 Deus
879 3023 1143 3079 revelaret
1173 3022 1431 3096 (Philipp.
1462 3039 1553 3091 ιιι,
1586 3024 1703 3095 i5).
1734 3022 1843 3079 Sed

242 3105 371 3164 huic
417 3110 796 3181 respondetur,
829 3112 1063 3184 collegas
1106 3113 1223 3184 ejus
1265 3129 1375 3169 non
1414 3114 1515 3171 sibi
1560 3114 1843 3171 haereticos

239 3202 646 3272 praeposuisse;
677 3202 773 3259 sed
801 3204 1130 3275 Baptismum
1156 3204 1391 3273 Christi,
1421 3206 1561 3262 sicut
1592 3206 1842 3276 agnosci-

240 3303 331 3351 tur
351 3297 408 3351 in
440 3296 639 3360 avaris,
669 3296 1062 3352 fraudatoribus
1085 3339 1101 3364 ,
1132 3298 1433 3367 raptoribus
1456 3339 1471 3363 ,
1519 3297 1801 3354 bomicidis
1821 3336 1839 3365 ,

240 3386 322 3442 sic
351 3387 518 3441 etiam
549 3387 604 3441 in
631 3386 898 3443 haereticis
925 3388 1257 3458 cognovisse.

312 3499 547 3557 CAPUT
578 3498 769 3554 XXIV.
806 3530 879 3542 —
915 3499 1006 3556 46.
1046 3500 1372 3571 Rogatianus
1408 3515 1441 3555 a
1476 3498 1623 3555 Nova
1665 3499 1838 3554 dixit:

243 3589 535 3645 Ecclesium
570 3589 803 3645 Christus
842 3591 1087 3656 instituit,
1132 3590 1368 3645 haresim
1415 3589 1646 3644 diabolus
1671 3604 1840 3661 :quo-

243 3681 394 3735 modo
438 3689 605 3751 potest
651 3681 831 3735 habere
872 3681 1190 3753 Baptismum
1231 3680 1419 3739 Christi
1456 3696 1716 3753 synagoga
1753 3697 1841 3735 sa-

244 3773 419 3825 tante?

318 3861 405 3914 47.
436 3860 579 3917 Huic
600 3860 957 3932 respondetur
987 3880 1001 3916 :
1024 3861 1289 3932 Numquid
1315 3860 1439 3932 quia
1461 3861 1578 3931 pios
1600 3860 1843 3917 Christus

242 3948 497 4018 instituit,
521 3960 580 4008 ct
607 3952 817 4007 invidos
846 3952 1090 4008 diabolus
1114 3993 1131 4019 ,
1159 3952 1282 4009 ideo
1312 3967 1418 4008 non
1444 3960 1618 4021 potest
1642 3952 1843 4010 habere

241 4040 581 4112 Baptismum
604 4043 839 4111 Christi,
872 4060 993 4115 qua:
1034 4044 1088 4099 in
1124 4043 1319 4100 invidis
1359 4043 1694 4100 convincitur
1720 4058 1842 4100 esse

243 4144 368 4201 pars
390 4134 601 4192 diaboli
616 4133 643 4188 ι
1482 4204 1485 4209 ί

314 4248 550 4306 CAPUT
575 4247 744 4305 XXV.
765 4278 835 4289 —
855 4250 947 4305 48.
988 4249 1285 4320 Therapius
1308 4263 1339 4304 a
1365 4248 1516 4304 Bulla
1542 4248 1677 4304 dixit
1701 4266 1716 4305 :
1741 4248 1843 4317 Qui

246 4342 497 4397 [lacticis
522 4341 844 4413 Baptismum
878 4342 1124 4399 Ecclesia:
1144 4343 1392 4408 concedit,
1415 4350 1464 4397 et
1492 4342 1694 4413 prodit,
1719 4342 1842 4412 quid

241 4433 390 4488 aliud
416 4450 574 4502 quam
601 4449 803 4502 sponsa:
839 4432 1028 4489 Christi
1053 4434 1223 4488 ludas
1246 4433 1451 4488 existit?

315 4524 407 4580 49.
448 4524 496 4580 0
518 4539 712 4596 magna
739 4525 1004 4581 convictio
1047 4526 1540 4591 schismaticorum,
1570 4526 1661 4597 qui
1689 4539 1750 4581 se
1774 4524 1843 4581 ab

237 4614 564 4671 hareditate
591 4613 792 4671 Christi
820 4623 934 4671 toto
963 4616 1093 4671 orbe
1119 4615 1311 4672 diffusa
1339 4616 1541 4672 nefario
1561 4616 1843 4686 sacrilegio

236 4714 595 4776 separarum,
617 4707 663 4762 si
684 4705 986 4778 Cyprianus
1004 4707 1200 4763 talibus
1219 4708 1649 4763 communicabat
1669 4708 1841 4778 qualis

236 4795 412 4854 Iudas
431 4797 662 4853 traditur
681 4796 799 4863 fuit,
830 4806 883 4853 et
908 4806 1086 4853 tamen
1106 4798 1175 4853 ab
1195 4798 1274 4854 eis
1300 4814 1407 4853 non
1434 4798 1840 4853 maculabatur:

235 4896 339 4943 aut
362 4889 413 4945 si
436 4887 826 4957 maculabatur,
850 4897 976 4944 tunc
994 4888 1146 4946 ludas
1174 4889 1297 4945 facti
1320 4898 1445 4945 sunt
1468 4904 1656 4946 omnes
1679 4906 1693 4943 :
1716 4903 1844 4959 ergo

233 4989 300 5037 et
318 4980 483 5037 modo
502 4979 657 5036 Iuda
686 4990 814 5036 sunt
831 4994 1022 5036 omnes
1045 4998 1059 5035 :
1082 4990 1173 5036 aut
1194 4981 1239 5035 si
1265 4996 1373 5036 non
1401 4991 1546 5048 sunt,
1578 4995 1685 5035 non
1714 4995 1843 5051 ergo

231 5075 523 5144 pertinent
549 5073 619 5129 ad
642 5076 967 5144 posteriores
989 5076 1011 5107 ²
1036 5073 1276 5129 facinora
1301 5072 1558 5144 priorum,
1602 5072 1844 5142 quamvis

231 5181 311 5223 ex
352 5168 543 5224 eadem
584 5168 964 5225 communione
992 5176 1333 5239 propagatos.
1382 5165 1491 5223 Cur
1532 5181 1660 5237 ergo
1690 5166 1845 5221 nobis

230 5258 535 5314 traditores
609 5257 909 5327 objiciunt,
968 5273 1104 5328 quos
1163 5273 1271 5312 non
1336 5258 1682 5313 convicerunt
1707 5297 1723 5321 ,
1791 5265 1847 5311 et

229 5351 353 5406 sibi
396 5350 592 5406 ludam
620 5364 725 5404 non
769 5348 1065 5419 objiciunt,
1097 5348 1182 5404 cui
1206 5346 1504 5420 Cyprianus
1532 5358 1585 5403 et
1623 5347 1847 5418 collega:

229 5442 367 5510 ejus
395 5438 968 5494 communicaverunt?
989 5438 1128 5494 Ecce
1152 5439 1436 5494 concilium
1457 5438 1526 5492 de
1545 5454 1652 5509 quo
1672 5439 1847 5493 solent

228 5534 337 5589 isti
365 5530 609 5601 gloriari.
640 5529 751 5585 Nos
779 5530 994 5599 quidem
1025 5530 1251 5585 dicimus
1277 5530 1398 5599 quia
1428 5528 1506 5583 sic
1528 5544 1635 5581 non
1670 5527 1849 5597 prodit

229 5622 522 5677 hmreticis
548 5620 807 5675 Ecclesiae
833 5619 1189 5690 Baptismum,
1218 5621 1310 5689 qui
1338 5618 1663 5689 Baptismum
1689 5617 1847 5672 Chri-

306 5829 332 5860 ι
374 5834 479 5875 Am.
514 5833 568 5875 et
589 5831 683 5885 PL,
710 5824 947 5875 Geminus.
981 5827 1289 5877 Corbeiensis
1320 5827 1494 5887 codex,
1539 5839 1570 5882 α
1605 5825 1793 5879 Famis.

304 5891 332 5924 ν
373 5897 476 5937 Am.
503 5894 556 5936 et
578 5893 705 5945 Mss,
729 5888 795 5936 ad
817 5894 1042 5950 posteros.

506 5971 734 6033 ὃλην.
767 5972 1023 6037 AUGUS’I‘
1083 5968 1203 6036 IX.

1567 437 1770 493 LIBER
1806 433 2157 496 SEPTIMUS.

3406 439 3510 497 254

1937 549 2005 604 sti
2030 560 2084 607 et
2112 552 2163 605 in
2195 550 2456 609 haereticis
2486 552 2708 624 probat;
2737 554 2873 609 sicut
2900 568 3005 610 non
3032 553 3209 624 prodit
3232 554 3514 611 homicidia

1934 644 2192 701 Ecclesiae
2233 648 2559 717 Baptismum
2586 689 2601 714 ,
2639 650 2727 719 qui
2761 649 3086 719 Baptismum
3130 649 3328 706 Christi
3356 659 3412 706 et
3457 650 3511 706 in

1933 736 2214 793 homicidis
2243 739 2431 809 probat
2453 758 2465 794 :
2490 739 2585 795 sed
2613 741 2734 811 quia
2763 742 2851 796 isti
2878 757 2945 797 ex
2976 740 3079 797 hoc
3103 742 3331 798 concilio
3361 742 3515 798 nobis

1910 828 2281 897 praescribere
2321 830 2445 900 quid
2492 832 2692 887 sentire
2733 832 3058 900 debeamus,
3085 832 3371 901 affectant,
3411 833 3512 903 ipsi

1933 919 2142 990 priores
2166 921 2214 975 ei
2239 922 2593 978 consentiant.
2618 923 2756 979 Ecce
2779 923 2930 979 Iuda:
2951 924 3192 979 traditori
3216 931 3344 981 sunt
3365 938 3513 980 com—

1934 1011 2141 1089 parati,
2193 1013 2284 1083 qui
2328 1013 2577 1069 dicebant
2621 1014 2901 1071 haereticos
2944 1016 3186 1087 quamvis
3228 1016 3283 1072 in
3322 1017 3514 1074 heresi

1933 1102 2227 1173 baptizatos
2242 1119 2346 1159 non
2363 1103 2561 1161 debere
2579 1105 2769 1162 iterum
2796 1106 3071 1177 baptizari.
3095 1106 3313 1163 Talibus
3337 1116 3515 1164 autem
3556 1119 3578 1178 ς,

1933 1194 2227 1267 Cyprianus
2268 1199 2727 1266 communicabat,
2756 1200 2847 1270 qui
2887 1200 3021 1255 dixit
3043 1243 3059 1268 ,
3093 1199 3359 1255 Neminem
3376 1200 3517 1272 judi-

1934 1297 2134 1356 cantes,
2164 1298 2253 1342 aut
2281 1307 2313 1343 a
2345 1290 2465 1361 jure
2500 1292 2864 1347 communionis
2903 1292 3121 1362 aliquem
3138 1334 3156 1359 ,
3185 1294 3230 1347 si
3266 1292 3515 1347 diuersum

1934 1381 2164 1445 senserit,
2187 1391 2469 1437 amoventes
2494 1381 2584 1453 (In
2606 1383 2811 1437 exordio
2832 1384 3034 1438 concilii
3057 1384 3514 1455 Carthaginensis).

1936 1468 2094 1525 Tales
2122 1470 2283 1526 etiam
2326 1481 2482 1527 antea
2520 1471 2686 1528 fuisse
2716 1472 2765 1527 in
2810 1474 3046 1529 Ecclesia
3086 1490 3180 1545 per
3221 1474 3362 1530 illam
3393 1489 3517 1529 sen-

1935 1562 2155 1617 tentiam
2182 1563 2708 1631 manifestantur,ubi
2740 1566 2811 1619 ait
2838 1582 2850 1618 :
2879 1565 2986 1621 Sed
3004 1566 3124 1620 dicit
3150 1567 3354 1639 aliquis,
3381 1567 3519 1635 Quid

1936 1668 2053 1721 ergo
2081 1654 2166 1721 ﬁet
2189 1655 2251 1708 de
2274 1655 2352 1709 his
2376 1657 2460 1725 qui
2484 1657 2537 1709 in
2563 1658 2869 1727 praeteritum
2895 1661 2948 1712 in
2974 1656 3256 1712 Ecclesium
3282 1660 3389 1713 sine
3412 1658 3520 1713 Ba-

1938 1745 2122 1814 ptismo
2148 1747 2357 1801 admissi
2380 1756 2499 1800 sunt
2525 1746 2717 1817 (Epist.
2749 1748 2838 1815 73,
2869 1749 2938 1801 ad
2958 1747 3310 1819 Jubaianum).
3333 1748 3518 1805 Talem

1936 1835 2098 1889 fuisse
2124 1834 2379 1891 Ecclesiae
2418 1838 2858 1892 consuetudinem
2904 1839 3036 1908 ipsi,
3069 1839 3157 1908 qui
3188 1838 3292 1910 hoc
3334 1839 3520 1907 conci-

1938 1927 2066 1981 lium
2094 1926 2312 1993 faciunt,
2342 1942 2485 1999 saepe
2512 1941 2956 1986 commemorant.
2985 1930 3041 1986 Si
3066 1946 3195 2002 ergo
3222 1932 3351 1985 nihil
3378 1930 3523 1986 aliud

1938 2016 2237 2087 quicumque
2264 2017 2358 2071 hoc
2399 2018 2554 2087 facit,
2581 2036 2733 2089 quam
2763 2036 2963 2090 sponsw
2991 2019 3178 2076 Christi
3204 2020 3370 2076 ludus
3407 2024 3520 2077 exi-

1942 2105 2063 2171 stit,
2095 2107 2233 2161 sicut
2260 2107 2358 2161 ista
2405 2109 2666 2163 sententia
2695 2111 3033 2180 pronuntiata
3076 2119 3190 2178 est;
3234 2111 3397 2167 Judas
3421 2127 3521 2168 au-

1941 2204 2072 2263 tem,
2101 2197 2240 2253 sicut
2263 2197 2420 2253 docet
2447 2198 2817 2271 Evangelium,
2842 2201 3064 2256 traditor
3088 2201 3221 2269 fuit;
3252 2202 3524 2258 traditori-

1938 2285 2041 2342 bus
2060 2302 2187 2358 ergo
2205 2290 2730 2346 communicaverunt
2748 2306 2952 2358 omnes,
2976 2292 3065 2362 qui
3090 2300 3218 2347 tunc
3238 2293 3398 2348 etiam
3424 2292 3523 2348 ista
3564 2306 3571 2309 ‘

1939 2376 2224 2446 dicebant,
2254 2389 2310 2435 et
2349 2390 2632 2451 antequam
2662 2383 2762 2437 ista
2791 2381 3063 2448 dicerent,
3094 2383 3376 2440 traditores
3400 2383 3523 2439 facti

1941 2476 2097 2523 erant
2108 2484 2298 2525 omnes
2320 2485 2414 2541 per
2433 2471 2576 2526 illam
2602 2472 3061 2539 consuetudinem,
3084 2488 3243 2543 quam
3266 2482 3392 2529 tunc
3421 2475 3517 2529 Ec-

1940 2560 2106 2615 clesia
2132 2562 2413 2618 retinebat.
2444 2563 2644 2619 Omnes
2671 2578 2819 2634 ergo,
2838 2563 2892 2619 id
2915 2573 2999 2619 est
3022 2573 3077 2620 et
3103 2580 3201 2620 nos
3226 2575 3281 2620 et
3306 2566 3403 2635 ipsi
3434 2567 3523 2635 qui

1942 2664 2009 2707 ex
2031 2652 2121 2707 illa
2140 2651 2342 2708 unitate
2355 2652 2630 2723 propagati
2659 2668 2864 2721 sumus,
2883 2654 3165 2710 traditores
3184 2669 3386 2709 sumus.
3416 2654 3521 2711 Sed

1943 2756 2043 2796 nos
2069 2741 2274 2797 duobus
2298 2743 2471 2799 modis
2499 2742 2839 2801 defendimur
2861 2763 2875 2799 :
2898 2745 3020 2815 quia
3050 2755 3103 2801 et
3127 2744 3251 2801 huic
3274 2746 3525 2815 concilio,

1943 2834 2035 2890 ubi
2077 2833 2180 2891 hoc
2222 2837 2619 2906 pronuntiatum
2645 2848 2761 2907 est,
2789 2853 2894 2893 non
2932 2838 3293 2893 consentimus
3316 2877 3333 2903 ,
3378 2837 3528 2894 salvo

1941 2926 2061 2997 jure
2088 2927 2328 2994 unitatis,
2357 2927 2496 2983 sicut
2519 2928 2633 2999 ipse
2656 2928 2954 3000 Cyprianus
2980 2928 3260 2999 praadixit;
3289 2937 3345 2984 et
3369 2929 3525 2984 bonis

1944 3017 2115 3073 malos
2140 3017 2195 3073 in
2218 3018 2421 3074 unitate
2445 3018 2729 3088 catholica,
2758 3019 2928 3075 donec
2952 3020 3004 3074 in
3031 3019 3137 3074 ﬁne
3164 3034 3193 3073 a
3219 3019 3397 3074 tritico
3426 3033 3519 3089 pa-

1945 3108 2028 3164 lea
2070 3119 2366 3179 separetur,
2412 3110 2543 3165 nihil
2586 3112 2777 3167 obesse
2818 3110 3157 3167 arbitramur.
3187 3111 3275 3166 Isti
3315 3118 3524 3177 autem,

1946 3201 2071 3271 quia
2114 3211 2169 3257 et
2210 3202 2313 3258 hoc
2340 3202 2625 3260 concilium
2650 3212 2899 3275 tanquam
2940 3220 3037 3275 pro
3061 3219 3119 3260 se
3146 3204 3440 3275 proferunt,
3473 3212 3529 3259 et

1945 3292 2207 3347 malorum
2235 3294 2611 3351 communione
2626 3295 2786 3366 quasi
2813 3295 3129 3365 contagione
3154 3294 3323 3349 bonos
3350 3294 3528 3364 perire

1944 3385 2295 3455 contendunt,
2323 3400 2431 3441 non
2459 3385 3020 3457 Inveniuntquomodo
3044 3385 3244 3453 dicant,
3270 3395 3362 3440 aut
3387 3386 3530 3455 prio—

1944 3492 2035 3534 res
2084 3476 2420 3536 Christianos
2466 3478 2609 3536 unde
2655 3479 2743 3535 isti
2789 3488 3167 3550 propagantur,
3218 3493 3323 3534 non
3364 3478 3529 3534 fuisse

1946 3570 2254 3639 traditores,
2277 3572 2400 3643 quia
2420 3572 2525 3629 isto
2551 3572 2783 3629 concilio
2806 3572 3230 3637 convincuntur;
3259 3578 3353 3626 aut
3374 3570 3441 3625 ad
3470 3584 3529 3625 se

1946 3678 2056 3719 non
2087 3666 2353 3735 pertinere
2376 3663 2611 3721 facinora
2640 3664 2881 3735 priorum
2903 3704 2918 3730 ,
2946 3664 3071 3734 quis
3101 3663 3254 3719 nobis
3294 3661 3529 3731 majores

1947 3764 2160 3811 nostros
2185 3755 2475 3825 objiciunt?
3008 3796 3009 3799 η

2016 3843 2242 3902 CAPUT
2266 3844 2459 3900 XXVI.
2484 3874 2558 3886 —
2593 3845 2684 3900 50.
2725 3845 2856 3899 Item
2895 3843 3031 3898 alius
3072 3841 3267 3898 Lucius
3303 3856 3334 3895 a
3359 3840 3529 3895 Mem-

1945 3934 2099 3991 bresa
2126 3936 2144 3966 ¹
2191 3934 2365 3989 dixit:
2390 3933 2653 4005 Scriptum
2695 3942 2807 4001 est,
2843 3950 2864 3984 ι
2896 3932 3036 3987 Deus
3079 3940 3391 4003 peccatorem
3426 3947 3531 3987 non

1944 4028 2089 4081 audit
2118 4046 2138 4080 ι
2177 4027 2355 4099 (Joan.
2391 4044 2473 4093 tx,
2502 4026 2621 4089 81).
2656 4026 2758 4093 Qui
2782 4036 3016 4097 peccator
3036 4036 3131 4094 est,
3159 4027 3409 4097 quomodo
3436 4041 3534 4080 σιιρ

1945 4118 2047 4171 diri
2068 4118 2125 4171 in
2147 4115 2411 4188 Baptismo
2440 4116 2646 4188 potest?

2017 4208 2109 4264 5i.
2149 4206 2553 4278 Respondemus
2587 4225 2602 4263 :
2637 4207 2917 4275 Quomodo
2958 4207 3171 4264 auditur
3208 4222 3399 4264 avarus
3418 4248 3436 4277 ,
3475 4216 3533 4265 et

1945 4307 2148 4369 raptor,
2175 4308 2231 4354 et
2274 4297 2564 4363 fenerator,
2590 4308 2647 4353 et
2688 4297 2997 4355 homicida?
3020 4300 3102 4355 An
3146 4300 3231 4355 isti
3266 4314 3373 4355 non
3403 4308 3533 4356 sunt

1945 4388 2295 4459 peccatores?
2318 4402 2452 4459 quos
2480 4397 2663 4445 tamen
2698 4388 2999 4461 Cyprianus
3024 4390 3076 4445 in
3117 4390 3391 4450 Catholica
3427 4390 3531 4448 ob-

1940 4479 2138 4552 iurgat,
2170 4489 2228 4537 et
2254 4480 2465 4537 tolerat.

2015 4571 2243 4629 CAPUT
2268 4571 2483 4627 XXVII.
2504 4603 2577 4613 —
2595 4573 2685 4630 52.
2726 4574 2859 4630 Item
2885 4574 3021 4631 alius
3047 4574 3196 4631 Felix
3223 4590 3253 4629 a
3281 4574 3533 4632 Buslace-

1946 4663 2030 4716 nis
2062 4664 2084 4694 ³
2112 4661 2372 4717 dixit:In
2418 4663 2665 4719 hareticis
2706 4665 2815 4719 sine
2859 4665 3122 4736 Baptismo
3172 4664 3417 4720 Ecclesia:
3433 4667 3534 4721 ad-

1946 4754 2203 4808 mittendis
2240 4769 2386 4807 nemo
2411 4755 2821 4809 consuetudinem
2860 4757 3047 4811 rationi
3075 4766 3121 4810 et
3148 4758 3348 4812 veritati
3391 4773 3531 4829 prte-

1948 4852 2141 4912 ponat;
2163 4844 2283 4913 quia
2310 4844 2719 4898 consuetudinem
2742 4846 2875 4899 ratio
2899 4854 2949 4901 et
2973 4848 3152 4903 veritas
3193 4864 3395 4920 semper
3439 4864 3533 4905 ea:-

1946 4932 2124 4985 cludit.

2020 5025 2108 5080 55.
2150 5024 2284 5079 Huic
2311 5023 2700 5093 respondetur:
2728 5025 3019 5083 Veritatem
3047 5044 3155 5085 non
3179 5029 3440 5097 ostendis,
3462 5027 3535 5086 de

1948 5114 2333 5173 consuetudine
2368 5114 2655 5170 conﬁteris.
2688 5115 2855 5173 Recte
2895 5120 3052 5189 igitur
3092 5118 3534 5175 consuetudinem

1950 5216 2254 5263 teneremus
2310 5206 2549 5275 plenario
2592 5207 2820 5263 concilio
2872 5212 3168 5279 posteriore
3221 5211 3483 5264 ﬁrmatam
3511 5247 3532 5278 ,

1950 5302 2109 5357 etiam
2152 5300 2197 5353 si
2228 5300 2423 5354 veritas
2463 5298 2637 5355 adhuc
2681 5300 2902 5366 lateret.
2930 5317 3088 5372 quam
3116 5300 3382 5357 credimus
3416 5299 3530 5372 jam

1950 5405 2070 5446 esse
2094 5389 2504 5445 manifestatam.

2023 5483 2249 5540 CAPUT
2276 5481 2514 5537 XXVIII.
2537 5515 2607 5525 —
2629 5485 2717 5540 54.
2758 5485 2908 5539 Alius
2935 5484 3249 5540 Saturninus
3271 5486 3340 5542 ab
3360 5486 3533 5543 Abiti-

1952 5568 2076 5623 nis'
2114 5569 2248 5624 dixit
2275 5587 2286 5621 :
2313 5567 2375 5624 Si
2406 5578 2565 5638 potest
2592 5569 2914 5624 antichristus
2953 5570 3076 5623 dare
3112 5570 3266 5625 alicui
3316 5574 3531 5643 gratiam

2020 5708 2033 5736 ί
2074 5711 2172 5751 Am.
2191 5708 2263 5751 Er.
2294 5710 2347 5751 et
2362 5702 2652 5764 pluresMss.
2676 5715 2786 5764 cum
2808 5702 3001 5763 gemina
3021 5715 3087 5763 ss,
3114 5702 3418 5759 membrana.

2020 5768 2039 5797 ι
2073 5762 2438 5837 Αωεθιβτηὶιὺ
2465 5762 2751 5813 Ustaccenis.
2776 5762 2993 5824 Cypriani
3014 5762 3181 5827 editio,
3205 5779 3237 5815 α
3257 5767 3527 5837 Βαιιαεαιι

1957 5839 2068 5885 seu,
2092 5838 2124 5875 a
2158 5824 2433 5874 Buslacene.
2528 5881 2538 5890 .
2578 5881 2588 5891 θ
2776 5884 2784 5894 ,
3167 5824 3169 5827 ’

2025 5889 2047 5920 ³
2080 5896 2179 5934 Am.
2205 5893 2257 5935 et
2277 5891 2371 5946 En,
2396 5884 2455 5935 ab
2482 5886 2631 5933 unus.
2654 5889 2932 5945 Cyprianus,
2956 5886 3169 5938 Avidius.

2907 5968 3179 6067 (Huit./
