4008 6468
527 376 575 396 σθ’

215 388 284 444 37

179 391 284 446 237
527 391 544 396 '
1516 398 1723 456 LIBER
1761 398 1767 453 1

184 514 304 558 esse
328 504 390 554 et
415 503 567 554 extra
608 494 954 558 Catholicam,
994 489 1088 548 sed
1116 490 1350 548 salutare
1389 504 1499 545 non
1537 500 1619 544 est
1656 488 1767 556 ibi;

183 592 305 662 quia
332 605 448 643 tum
481 587 555 642 ibi
579 597 835 656 operatur
858 583 1082 638 salutem
1116 600 1129 635 :
1161 582 1301 636 sicut
1329 580 1421 635 ille
1447 581 1620 635 bonus
1647 579 1798 634 odor"

183 681 384 736 Christi
409 695 523 733 non
545 688 628 733 est
657 679 837 748 utique
861 676 1110 731 salutaris
1140 675 1195 728 in
1224 672 1290 730 iis
1315 672 1407 742 qui
1440 671 1706 742 pereuntr(
1728 670 1775 725 ll

180 771 299 828 Cor.
331 787 396 835 tt,
430 772 498 826 l5
515 771 559 842 ),
591 786 702 826 non
722 784 820 825 suo
838 769 990 834 vitio,
1023 766 1118 822 sed
1141 767 1380 821 illorum.
1412 764 1688 819 Simulatis
1707 771 1788 818 est

181 875 350 919 autern
363 865 619 934 quidquid
633 874 775 918 extra
793 861 1109 916 Catholicam
1135 861 1308 932 fuerit,
1331 857 1427 913 sed
1448 859 1502 912 in
1521 867 1780 928 quantum

182 971 286 1011 non
321 964 415 1010 est
439 954 788 1009 catholicum.
821 954 1002 1008 Potest
1023 961 1204 1008 autem
1234 949 1437 1021 aliquid
1459 949 1788 1005 catholicum

181 1063 299 1104 esse
324 1057 484 1103 cura
505 1047 858 1114 Catholicam,
879 1046 1016 1101 sicut
1041 1045 1215 1116 potuit
1230 1059 1426 1099 nomen
1446 1042 1642 1098 Christi
1667 1056 1792 1097 esse

178 1149 329 1198 extra
355 1138 837 1210 congregationem
865 1138 1084 1202 Christi,
1105 1137 1162 1190 in
1184 1149 1291 1204 quo
1313 1135 1531 1188 nomine
1557 1133 1790 1202 pellebat

177 1233 457 1288 daemonia
472 1232 563 1286 ille
577 1232 802 1301 quicum
822 1229 1097 1298 discipulis
1122 1242 1233 1282 non
1249 1225 1602 1298 sequebatur(
1618 1224 1784 1278 Marc.

177 1340 248 1388 ιι,
275 1324 349 1377 57
369 1322 419 1395 ).
445 1321 579 1377 Nam
597 1320 869 1376 simulatio
889 1321 1049 1374 etiam
1073 1320 1128 1373 in
1154 1317 1429 1374 Catholica
1449 1330 1570 1371 esse
1591 1322 1785 1385 potest,

177 1416 228 1469 in
255 1416 341 1470 his
357 1415 659 1485 utiquequi
683 1413 884 1469 sacculo
899 1412 1075 1468 verbis
1091 1419 1264 1466 etnon
1285 1409 1436 1464 factis
1458 1408 1784 1474 renuntiant,

177 1523 278 1564 nec
299 1519 490 1564 tamen
516 1517 600 1564 est
641 1507 901 1563 catholica
941 1505 1230 1560 sinmlatio.
1268 1502 1419 1558 Sicut
1445 1516 1578 1572 ergo
1611 1509 1694 1556 est
1730 1501 1788 1555 in

178 1600 463 1656 Catholica
488 1599 634 1670 quod
663 1613 773 1653 non
799 1605 884 1652 est
920 1595 1265 1659 catholicum,
1309 1594 1390 1650 sic
1428 1601 1611 1664 potest
1633 1599 1787 1648 extra

178 1694 518 1750 Catholicam
537 1691 744 1762 aliquid
775 1705 897 1746 esse
924 1689 1272 1745 catholicum.

243 1783 489 1840 CAPUT
530 1783 644 1838 XL.
671 1810 745 1822 -
768 1782 858 1836 78.
909 1780 1190 1836 Salvianus
1227 1793 1257 1833 a
1283 1775 1568 1835 Gazaufala
1597 1775 1732 1832 dixit
1767 1793 1784 1829 :

180 1873 472 1930 lcrcticos
495 1875 628 1929 nihil
654 1874 836 1927 habere
862 1882 1102 1938 constat;
1125 1883 1174 1926 et
1197 1869 1311 1926 ideo
1331 1870 1400 1924 ad
1423 1885 1517 1924 nos
1541 1869 1748 1924 veniunt
1765 1907 1783 1938 ,

179 1977 232 2021 at
255 1968 466 2037 possint
491 1965 872 2038 acciperequod
892 1981 996 2019 non
1019 1961 1291 2018 habebant.

245 2060 314 2114 79
352 2057 778 2128 Respondemus
806 2055 965 2111 :‘Non
992 2062 1119 2110 sunt
1145 2068 1275 2124 ergo
1297 2051 1540 2108 hteretici
1565 2050 1668 2123 ipsi
1693 2051 1787 2122 qui

185 2150 428 2206 haereses
465 2148 846 2212 condiderunt,
878 2147 1002 2218 quia
1029 2145 1097 2201 ab
1125 2145 1372 2200 Ecclesia
1397 2151 1739 2200 recesserunt
1763 2183 1780 2210 ,

179 2249 230 2296 et
252 2242 452 2312 utique
471 2239 751 2295 habebant
773 2237 918 2310 quod
942 2238 1014 2293 ibi
1049 2244 1393 2307 acceperunt.
1439 2235 1592 2304 Quod
1619 2235 1666 2289 si
1691 2235 1784 2290 ab-

178 2333 398 2388 surdum
449 2346 536 2387 est
575 2332 775 2398 dicere,
816 2329 964 2384 utilli
983 2343 1091 2383 non
1119 2325 1505 2392 sinthteretici,
1529 2340 1626 2395 per
1647 2338 1784 2394 quos

180 2424 356 2480 ceteri
387 2424 530 2478 ﬁunt
553 2421 788 2476 haeretici
812 2429 1022 2492 ;potest
1034 2419 1159 2476 ﬁeri
1183 2427 1242 2474 ut
1265 2417 1547 2473 haereticus
1567 2415 1780 2481 habeat,

180 2529 279 2587 quo
303 2515 464 2571 male
485 2515 687 2570 utendo
705 2513 996 2584 dispereat.

243 2625 485 2685 CAPUT
524 2627 736 2684 XLl.—
755 2626 844 2682 80.
873 2625 1175 2682 Honoratus
1202 2637 1232 2678 a
1257 2621 1435 2678 Tucca
1461 2621 1596 2676 dixit
1619 2638 1632 2673 ε
1655 2617 1782 2675 Cum

180 2717 414 2776 Christus
439 2721 622 2774 veritas
653 2719 736 2783 sit,
771 2718 932 2789 magis
961 2717 1220 2770 ueritatem
1264 2730 1418 2784 quant
1457 2711 1781 2766 consuetudi-

181 2827 289 2865 nem
309 2811 462 2879 sequi
488 2811 758 2874 debemus;
782 2807 1108 2862 uthtcreticos
1128 2805 1211 2874 qui
1228 2803 1340 2857 ideo
1362 2802 1430 2856 ad
1443 2819 1533 2856 nos
1550 2801 1776 2867 veniunt,

181 2902 296 2971 quia
319 2901 454 2971 foris
484 2898 617 2954 nihil
648 2899 876 2970 accipere
920 2905 1215 2968 potuerunt,
1245 2893 1490 2949 Ecclesia:
1519 2891 1780 2963 Baptismo

182 2993 337 3046 sancti
339 2992 577 3060 ﬁcemus.

246 3081 335 3136 8t.
378 3081 454 3135 Et
495 3081 597 3136 iste
643 3085 922 3134 attestator
952 3086 1032 3131 cst
1081 3074 1503 3142 consuetudinis,
1547 3074 1636 3128 ubi
1679 3089 1778 3128 nos

183 3171 472 3242 plurimum
512 3169 744 3238 adjuvat,
769 3167 1022 3240 quidquid
1061 3167 1204 3221 aliud
1231 3176 1418 3220 contra
1458 3181 1556 3219 nos
1599 3165 1779 3220 dicere

181 3263 444 3319 videatur.
487 3259 611 3319 Non
652 3271 828 3314 autem
858 3259 979 3314 ideo
1026 3259 1092 3312 ad
1123 3274 1222 3312 nos
1266 3259 1482 3313 veniunt
1514 3257 1774 3323 haeretici,

183 3359 299 3428 quia
333 3355 472 3410 foris
503 3349 633 3407 nihil
663 3359 1015 3426 acceperunt;
1044 3350 1138 3404 sed
1159 3358 1217 3404 ut
1241 3349 1318 3404 eis
1338 3350 1467 3403 utile
1490 3363 1608 3403 esse
1637 3348 1773 3402 inci-

182 3450 285 3521 piat
307 3446 458 3520 quod
488 3453 812 3519 acceperunt
838 3461 851 3498 :
880 3444 983 3498 hoc
1003 3443 1144 3498 enim
1169 3440 1301 3496 foris
1329 3441 1474 3494 nullo
1499 3439 1656 3493 modo
1689 3453 1779 3508 po-

181 3549 302 3598 test.

251 3631 487 3689 CAPUT
521 3628 762 3686 XLll.——
779 3627 868 3684 82.
908 3625 1093 3684 Victor
1159 3625 1229 3679 ab
1275 3624 1472 3680 Octavo
1524 3625 1542 3654 ¹
1591 3623 1725 3677 dixit
1763 3641 1777 3678 :

186 3723 335 3791 Quod
367 3734 414 3777 et
439 3721 540 3793 ipsi
565 3721 723 3786 scitis,
757 3736 858 3772 non
884 3717 1004 3771 olim
1029 3733 1140 3771 sum
1163 3718 1462 3770 constitutus
1484 3715 1772 3785 episcopus,

182 3829 227 3874 ct
250 3819 366 3871 ideo
398 3818 746 3886 exspectabam
774 3827 1133 3883 praecesserunt
1157 3810 1441 3864 consilium.
1477 3807 1590 3860 Hoc
1617 3810 1782 3876 itaque

181 3910 436 3974 existimo,
487 3917 541 3962 ut
565 3907 863 3978 quicumque
892 3920 954 3958 ea:
981 3902 1160 3957 Itwresi
1187 3900 1428 3967 uenerint,
1467 3898 1573 3952 sine
1614 3897 1766 3950 dubio

187 4002 526 4073 boptizentur.

251 4093 344 4148 85.
388 4090 544 4158 Quod
571 4103 697 4160 ergo
738 4087 842 4143 illis
878 4101 1012 4158 quos
1053 4081 1414 4155 exspectabat,
1459 4095 1778 4151 responsum

187 4194 281 4250 est,
323 4185 452 4237 huic
476 4196 689 4252 quoque
724 4194 1040 4248 responsum
1066 4175 1382 4245 accipiatur.

252 4275 485 4332 CAPUT
526 4273 783 4329 XLlll.—
802 4274 889 4328 84.
909 4271 1098 4326 Clarus
1123 4287 1153 4326 a
1183 4269 1415 4324 Mascula
1447 4266 1580 4322 dixit
1607 4284 1621 4321 :
1653 4265 1779 4319 Ma-

190 4369 366 4438 nifesta
392 4377 468 4421 est
499 4365 742 4419 sententia
769 4364 972 4418 Domini
1001 4362 1160 4416 nostri
1189 4360 1313 4415 Jesu
1343 4361 1530 4416 Christi
1559 4362 1778 4429 Aposto-

190 4459 262 4513 los
289 4476 410 4514 suos
439 4459 699 4524 mittentis,
725 4467 768 4511 et
798 4457 922 4528 ipsis
957 4457 1079 4509 solis
1123 4464 1414 4525 potestatem
1437 4473 1469 4508 a
1490 4453 1650 4509 Patre
1687 4453 1785 4507 sibi

189 4547 358 4606 datam
371 4550 730 4622 permittentis,
760 4549 938 4618 quibus
967 4564 1055 4600 nos
1082 4547 1436 4610 successimus,
1475 4545 1649 4599 eadem
1679 4562 1779 4616 ρο·

191 4650 359 4700 testate
386 4642 668 4698 Ecclesium
698 4639 905 4696 Domini
931 4640 1279 4709 gubernunles,
1314 4649 1360 4691 et
1385 4637 1694 4691 credentium
1711 4638 1776 4707 ﬁ-

193 4749 300 4789 acm
320 4734 635 4805 baptizantas
662 4748 679 4786 :
705 4742 753 4787 et
789 4733 900 4786 ideo
927 4731 1168 4800 lueretici,
1213 4731 1298 4804 qui
1328 4747 1416 4785 nec
1487 4741 1780 4802 potestatem

187 4827 335 4897 loris,
359 4825 766 4884 nccEcclesiam
796 4824 981 4886 Christi
1000 4824 1205 4892 habent,
1223 4825 1478 4888 neminem
1521 4825 1782 4900 baptizare

193 4915 454 4990 Baptismo
469 4920 585 4994 ejus
601 4927 839 4990 possunt,

259 5011 348 5068 85.
383 5009 661 5086 Numquid
687 5017 740 5063 et
764 5008 914 5080 impii
955 5007 1238 5066 homicida:
1265 5009 1534 5079 Apostolis
1554 5023 1776 5070 succes-

194 5101 417 5161 seruat?
445 5100 554 5158 Cur
579 5117 705 5172 ergo
723 5101 1030 5170 baptizant?
1060 5100 1142 5156 An
1168 5100 1289 5171 quia
1320 5117 1425 5155 non
1455 5108 1580 5155 sunt
1605 5100 1735 5156 foris
1759 5102 1783 5156 ἳ

194 5189 534 5263 Sedapetra
561 5191 692 5248 foris
715 5201 862 5260 sunt,
900 5192 984 5248 cui
1012 5192 1189 5248 claves
1231 5193 1491 5252 Dominus
1532 5193 1680 5250 dedit
1726 5202 1782 5257 et

189 5285 284 5342 ubi
306 5284 770 5346 seicdilicaturum
806 5284 1108 5348 Ecclesium
1137 5284 1275 5344 dixit
1316 5284 1525 5357 (Matth.
1550 5302 1666 5362 xvx,
1693 5286 1780 5357 18,

266 5377 492 5526 iiAPUT
521 5467 705 5526 XLIV.
733 5498 806 5509 —
847 5467 936 5528 86.
977 5465 1345 5526 Secundianus
1379 5483 1410 5522 a
1438 5468 1724 5525 Thambeis
1764 5471 1785 5503 ⁸

205 5556 332 5617 dixit
355 5581 373 5616 ;
409 5561 540 5616 Non
569 5561 800 5623 debemus
811 5561 1080 5622 haereticos
1100 5571 1272 5616 nostra
1285 5562 1676 5631 prtesunzptione
1701 5561 1788 5616 de-

204 5651 384 5720 cipere,
414 5653 548 5707 utin
573 5651 800 5706 Ecclesia
839 5651 1046 5706 Domini
1089 5651 1246 5706 nostri
1289 5650 1414 5704 .lesu
1453 5650 1638 5704 Christi
1689 5669 1789 5707 non

267 5767 286 5828 ἒ
319 5767 628 5816 corbeiensis
651 5773 794 5816 vetus
813 5766 971 5817 codex
997 5767 1193 5828 optima:
1221 5773 1369 5828 notae,
1392 5762 1453 5814 ab
1479 5769 1728 5814 octavam.

211 5827 452 5945 ﬂI’uticstem
473 5828 780 5882 corbeiensis
811 5829 990 5894 codex,
1021 5826 1054 5880 ἁ
1089 5826 1364 5883 satambet's.
1394 5835 1493 5881 tun.
1535 5834 1591 5880 et
1622 5833 1720 5892 En,
1762 5838 1794 5881 α

1462 359 1468 366 ’
1516 398 1723 456 LIBER
1761 396 2112 455 SEPTIMUS.

3378 417 3485 479 238

1899 490 2139 560 baptisati
2163 508 2223 546 ac
2250 497 2338 564 per
2364 495 2458 551 hoc
2483 499 2826 555 remissionem
2847 511 3167 570 peccatorum
3187 522 3288 560 non
3313 524 3487 564 cense.

1897 584 2018 648 cuti,
2043 597 2155 635 cum
2171 585 2360 653 judicii
2377 587 2488 642 'dics
2509 593 2718 660 uenerit,
2754 594 2898 647 nobis
2931 593 3181 664 impulerit
3219 601 3357 670 quod
3397 617 3488 672 per

1897 689 1989 727 nos
2024 690 2125 728 non
2160 676 2260 730 sint
2301 677 2562 749 baptismi,
2607 693 2655 736 et
2687 685 3056 756 indulgentiam
3087 690 3273 748 divinas
3307 697 3488 764 gratia

1897 767 2168 820 consecuti.
2203 766 2424 840 Propter
2446 774 2600 843 quod,
2631 792 2747 831 cum
2769 780 2834 831 sit
2856 796 2960 834 una
2987 779 3224 839 Ecclesia
3250 795 3296 840 et
3324 802 3486 842 unum

1895 855 2181 928 Baptisms,
2212 862 2416 929 quando
2441 865 2509 917 ad
2532 881 2625 919 nos
2663 880 3037 941 convertuntur,
3063 875 3217 930 simul
3239 867 3352 932 cum
3376 875 3486 932 Ec-

1897 949 2052 1004 clesia
2075 960 2123 1004 et
2149 947 2392 1026 Ecclesiq
2414 953 2732 1026 Baptistnum
2757 973 3148 1034 consequantur.

1962 1039 2058 1094 81.
2089 1041 2214 1095 imo
2245 1044 2492 1100 translati
2532 1048 2599 1102 ad
2639 1059 2844 1119 petram
2883 1061 2943 1108 et
2983 1055 3250 1114 columba:
3292 1061 3484 1118 sociati

1896 1131 2160 1200 accipiant
2184 1135 2554 1192 remissionem
2581 1151 2942 1212 peccatorum,
2965 1161 3127 1217 quam
3156 1149 3354 1207 habere
3373 1168 3484 1209 non

1895 1231 2145 1294 poterant
2166 1236 2316 1282 extra
2347 1239 2552 1300 petram
2570 1242 2624 1288 et
2643 1245 2789 1290 extra
2811 1237 3133 1308 columbam,
3162 1243 3276 1299 sive
3295 1255 3485 1316 aperte

1898 1313 2049 1381 foris,
2077 1318 2216 1373 sicut
2241 1321 2500 1384 heretici,
2524 1324 2636 1380 sive
2660 1335 2911 1398 tanquam
2933 1331 3098 1400 intus,
3125 1333 3263 1389 sicut
3283 1313 3483 1406 perditi

1893 1405 2141 1463 mtholici
2179 1426 2192 1463 :
2226 1426 2360 1480 quos
2386 1423 2585 1470 .tamen
2629 1417 2956 1488 Baptismum
3002 1424 3119 1480 sine
3165 1405 3483 1484 remissione

1896 1508 2237 1566 peccatorum
2257 1513 2314 1559 et
2337 1506 2537 1564 habere
2559 1518 2616 1565 et
2643 1511 2772 1567 dare
2799 1513 3140 1572 manifestum
3159 1527 3262 1588 est,
3283 1535 3406 1577 cum
3427 1529 3486 1578 et

1893 1591 1964 1645 ab
1992 1591 2121 1662 ipsis
2152 1595 2286 1651 tales
2312 1599 2598 1669 accipiunt,
2627 1604 2715 1673 qui
2741 1619 2846 1660 non
2873 1605 2927 1662 in
2954 1608 3144 1664 melius
3168 1614 3482 1670 commutati

1893 1681 2062 1738 Deum
2088 1684 2244 1742 labiis
2267 1685 2554 1759 honorant,
2581 1707 2674 1748 cor
2698 1705 2877 1751 autem
2899 1714 3084 1754 eorum
3111 1701 3266 1772 longe
3297 1713 3381 1759 est
3413 1705 3482 1761 ab

1893 1773 2001 1850 eo(
2041 1775 2169 1832 Isai.
2201 1794 2357 1849 xm,
2391 1782 2502 1855 lii).
2529 1784 2733 1842 Tamen
2760 1790 2838 1843 sic
2864 1798 2949 1845 est
2994 1805 3156 1847 unum
3187 1793 3476 1864 Baptisms,

1893 1869 2165 1938 quomodo
2185 1880 2269 1926 est
2295 1888 2397 1927 una
2424 1876 2692 1944 columba,
2722 1893 2844 1934 cum
2877 1884 3081 1952 possint
3109 1884 3201 1956 qui
3227 1901 3334 1941 non
3354 1893 3482 1942 sunt

1892 1958 1947 2013 in
1973 1960 2218 2017 columba
2237 1965 2617 2039 communiter,
2629 1970 2896 2040 Baptisma
2917 1983 3095 2030 tatnen
3114 1974 3314 2034 habere
3334 1993 3482 2035 eom-

1891 2054 2144 2109 muniter.

1963 2165 2189 2224 CAPUT
2229 2167 2469 2225 XLV.—
2489 2171 2580 2230 88.
2620 2175 2751 2231 item
2777 2177 2916 2235 alius
2953 2180 3204 2239 Aurelius
3242 2199 3272 2240 a
3314 2183 3483 2244 Cimi-

1891 2257 1998 2313 labi
2021 2259 2038 2291 ί
2064 2258 2197 2316 dixit
2225 2279 2239 2316 :
2269 2260 2495 2321 Joannes
2523 2269 2786 2338 apostolus
2813 2272 2867 2326 in
2891 2270 3131 2346 Epistola
3152 2294 3248 2333 sua
3277 2282 3476 2352 posuit,

1897 2365 1917 2400 ι
1951 2349 2013 2403 Si
2037 2352 2148 2419 quis
2174 2354 2240 2405 ad
2259 2370 2344 2408 vos
2369 2357 2519 2425 venit,
2545 2366 2591 2411 et
2631 2359 2912 2416 doctrinam
2952 2366 3140 2422 Christi
3165 2349 3476 2442 nonI—habet,

1891 2440 2044 2492 nolite
2059 2457 2172 2494 eum
2196 2443 2462 2499 admittere
2476 2448 2529 2500 in
2553 2449 2760 2504 domum
2779 2463 3011 2521 vestram,
3030 2467 3079 2510 et
3098 2457 3202 2512 Ave
3217 2459 3292 2514 illi
3309 2478 3370 2515 ne
3390 2462 3446 2515 di
3457 2440 3483 2505 ζ

1889 2530 2079 2583 ueritis.
2113 2532 2213 2598 Qui
2239 2535 2370 2588 enim
2395 2536 2578 2591 dixerit
2601 2539 2680 2594 illi
2699 2542 2819 2609 Ave,
2844 2549 3178 2601 communicat
3195 2552 3345 2622 factis
3364 2555 3478 2623 ejus

1890 2622 2038 2674 malis
2074 2641 2092 2674 ι
2128 2623 2194 2693 (ll
2215 2624 2371 2679 Joan.
2398 2628 2552 2694 10,“
2661 2632 2922 2701 Quomodo
2940 2638 3068 2692 tales
3083 2640 3281 2695 admitti
3297 2622 3481 2701 temere

1889 2709 1943 2763 in
1964 2711 2168 2767 domum
2205 2715 2300 2769 Dei
2327 2730 2555 2788 possunt,
2585 2724 2673 2794 qui
2700 2724 2752 2778 in
2782 2725 2988 2780 domum
3029 2740 3256 2785 nostram
3299 2735 3476 2806 priva—

1891 2809 1993 2855 tam
2023 2804 2222 2857 admitti
2251 2810 2614 2874 prohibentur?
2653 2813 2755 2868 Aut
2794 2817 3045 2887 quomodo
3105 2836 3220 2875 cum
3262 2804 3334 2877 eis
3371 2823 3482 2882 sint

1889 2893 2133 2950 Ecclesia:
2168 2899 2430 2970 Baptismo
2474 2907 2844 2961 communicare
2879 2926 3169 2980 possumus,
3213 2913 3390 2984 quibus
3430 2915 3477 2972 si

1888 2985 1992 3038 Ave
2033 2987 2306 3044 dixerim-us
2348 3002 2562 3062 tantum,
2588 2998 2737 3066 [actis
2763 3013 2936 3053 eorum
2964 3003 3113 3056 malis
3136 3005 3479 3060 communica-

1890 3092 2000 3130 mus
2009 3119 2019 3131 .

1961 3171 2048 3226 89.
2080 3173 2154 3228 De
2179 3173 2280 3230 hoc
2310 3179 2614 3236 testimonio
2648 3181 2868 3239 Joannis
2894 3202 3000 3241 non
3029 3195 3112 3244 est
3141 3189 3341 3248 diutius
3361 3191 3477 3250 dis-

1887 3267 2196 3333 serendum,
2219 3271 2431 3338 quando
2462 3274 2675 3344 quidem
2697 3278 2764 3331 ad
2805 3281 3152 3348 quaestionem
3176 3283 3433 3355 Baptismi
3456 3328 3476 3357 ,

1889 3370 2047 3424 quam
2119 3362 2278 3412 modo
2359 3370 2685 3434 tractamus,
2738 3370 2957 3425 omnino
3042 3387 3151 3428 non
3219 3376 3475 3446 pertinet.

1887 3447 1978 3500 Ait
2049 3450 2231 3516 enim,
2295 3453 2357 3508 Si
2418 3456 2526 3525 quis
2582 3458 2651 3512 ad
2711 3475 2799 3514 vos
2873 3465 3099 3532 venerit,
3156 3477 3203 3521 et
3281 3467 3478 3524 doctri-

1887 3551 2006 3590 nam
2050 3536 2235 3594 Christi
2285 3559 2385 3596 non
2438 3547 2603 3601 habet.
2655 3548 2900 3606 iimretici
2939 3565 3118 3609 autem
3166 3556 3478 3628 relinquen-

1887 3634 1970 3680 tes
2023 3629 2318 3687 doctrinam
2378 3638 2579 3691 erroris
2622 3641 2751 3708 sui,
2805 3643 2870 3697 ad
2931 3644 3128 3700 Christi
3169 3648 3469 3708 doctrinam

1887 3731 2295 3790 Convertuntur,
2356 3735 2412 3780 ut
2481 3729 2890 3800 incorporentur
2936 3736 3190 3793 Ecclesia:
3222 3778 3240 3808 ,
3288 3749 3346 3796 et
3409 3740 3480 3797 ad

1887 3809 2031 3864 illam
2084 3815 2381 3869 columbam
2427 3817 2682 3889 incipiant
2733 3825 3031 3895 pertinere,
3082 3828 3232 3900 cujus
3278 3830 3478 3888 Sacra.-

1887 3912 2126 3956 mentum
2157 3903 2423 3961 habebant
2451 3925 2466 3962 :
2493 3920 2546 3964 et
2573 3911 2694 3966 ideo
2728 3914 2870 3982 quod
2899 3915 3015 3986 ejus
3059 3933 3165 3973 non
3187 3919 3476 3989 habebant,

1887 3992 1968 4047 eis
2012 3992 2191 4061 datur,
2223 3996 2278 4050 id
2327 4007 2428 4064 est,
2483 4014 2588 4069 pax
2623 4013 2678 4057 et
2722 4002 2956 4063 c‘haritas
2999 4007 3066 4064 de
3112 4011 3277 4067 corde
3318 4027 3475 4083 puro,

1886 4095 1943 4138 et
1977 4087 2312 4142 conscientia
2342 4092 2481 4146 bona
2504 4135 2519 4158 ,
2553 4100 2607 4149 et
2632 4092 2737 4152 fide
2766 4112 2874 4152 non
2915 4097 3037 4154 ﬁcta
3071 4099 3116 4175 (i
3146 4099 3281 4157 Tim.
3310 4117 3346 4170 ι,
3389 4104 3474 4177 '5).

1885 4175 2039 4244 Quod
2069 4188 2246 4236 autem
2273 4183 2389 4252 ejus
2419 4185 2722 4256 habebant,
2774 4192 3108 4261 agnoscitur,
3139 4205 3195 4252 et
3219 4195 3338 4252 sine
3365 4175 3476 4254 ulla

1888 4273 2208 4326 contumelia
2243 4275 2532 4345 suscipitur
2560 4295 2574 4333 :
2603 4281 2745 4336 sicut
2784 4282 2838 4337 in
2864 4283 3109 4342 adultera
3150 4285 3291 4344 Deus
3315 4303 3477 4360 agno-

1887 4365 1989 4419 scit
2012 4365 2152 4420 dona
2173 4381 2289 4434 sua,
2315 4371 2474 4425 etiam
2493 4387 2614 4427 cum
2637 4373 2729 4429 illa
2752 4377 2993 4446 sequitur
3017 4388 3288 4435 amatores
3316 4395 3475 4451 suos;

1888 4457 2010 4525 quia
2037 4457 2389 4516 fornicatione
2410 4474 2650 4520 correcta
2679 4468 2723 4533 ⁸,
2756 4482 2878 4522 cum
2913 4469 2982 4525 ad
3010 4473 3313 4529 castitatem
3341 4487 3476 4530 cou-

1885 4549 2128 4615 vertitur,
2187 4568 2294 4606 non
2338 4552 2478 4609 dona
2515 4556 2604 4611 illa
2652 4559 2954 4629 culpantur,
2983 4562 3084 4618 sed
3131 4564 3246 4636 ipsa
3291 4579 3479 4622 emen-

1886 4636 2044 4692 datur
2077 4638 2231 4711 (Osee
2250 4645 2332 4713 ιι).
2356 4641 2505 4700 Sicut
2533 4662 2593 4703 se
2631 4655 2813 4704 autem
2849 4661 3033 4720 posset
3055 4653 3343 4712 defendere
3363 4654 3474 4730 Cy-

1886 4736 2127 4803 prianus,
2155 4736 2205 4790 si
2237 4737 2337 4792 hoc
2362 4739 2412 4792 ei
2452 4739 2673 4796 Joannis
2699 4743 3066 4802 testimonium
3114 4748 3474 4822 objiceretur,

1889 4826 2102 4898 quando
2133 4827 2324 4882 talibus
2349 4832 2778 4888 communicabat
2801 4849 2818 4901 ;
2857 4836 2928 4890 ita
2953 4852 3013 4892 se
3031 4837 3318 4896 defendant
3341 4856 3478 4898 con-

1885 4923 1969 4970 tra
1996 4931 2130 4986 quos
2157 4918 2372 4972 dicitur.
2401 4920 2534 4976 Nam
2562 4921 2633 4978 ad
2671 4925 2828 4980 istam
2851 4929 3222 5000 quaestionem,
3260 4941 3320 4988 ut
3338 4933 3472 5003 dixi,

1889 5009 2108 5063 omnino
2134 5025 2241 5063 non
2275 5012 2529 5080 pertinet.
2555 5013 2789 5073 Joannes
2817 5019 2959 5074 enim
2985 5019 3134 5090 dicit,
3163 5023 3352 5078 alienae
3377 5021 3479 5078 do-

1888 5102 2074 5157 ctrina:
2099 5101 2406 5161 hominibus
2445 5107 2560 5163 Ave
2609 5125 2716 5165 non
2757 5125 2880 5168 esse
2930 5113 3248 5182 dicendum;
3276 5114 3477 5178 Paulus

1889 5202 2068 5249 autem
2090 5197 2364 5265 apostolus
2395 5199 2770 5258 vehementius
2797 5202 2948 5271 dicit,
2972 5205 3036 5261 Si
3063 5207 3176 5278 quis
3206 5208 3364 5277 frater
3385 5220 3478 5260 no-

1889 5287 2113 5341 minatur
2138 5288 2266 5343 inter
2293 5303 2381 5344 vos
2425 5299 2514 5345 aut
2555 5309 2760 5360 avarus,
2793 5306 2880 5349 aut
2905 5295 3150 5361 ebriosus,
3195 5304 3329 5364 etc.,
3359 5310 3477 5352 cum
3535 5303 3538 5305 ’

1893 5382 2140 5452 ejusmodi
2162 5399 2252 5437 nec
2265 5383 2466 5456 quidem
2490 5385 2655 5441 cibum
2670 5389 2824 5442 simul
2843 5405 3039 5444 sumere
3060 5385 3240 5460 (lCor.
3257 5403 3312 5456 ν,
3341 5389 3435 5464 il)
3458 5407 3474 5445 :

1895 5483 1950 5528 et
1974 5484 2150 5530 tamen
2176 5490 2297 5532 cum
2323 5477 2545 5550 collegis
2573 5477 2982 5547 feneratoribus,
3013 5479 3284 5538 insidiosis
3302 5522 3320 5551 ,
3337 5481 3483 5542 frau-

1895 5565 2167 5624 datoribus
2196 5610 2212 5638 ,
2257 5570 2580 5640 raptoribus,
2609 5588 2715 5627 non
2769 5570 3030 5644 privatam
3072 5587 3338 5644 mensam,
3379 5573 3479 5633 sed

1961 5747 1979 5778 ί
2013 5745 2508 5829 corbeiensisgliinque
2531 5743 2700 5808 plures
2716 5755 2841 5814 5183.,
2856 5762 2890 5802 α
2905 5747 3218 5817 diluviem.
3239 5749 3483 5812 ncilla“.

1899 5816 1999 5861 Am.
2026 5818 2078 5858 et
2097 5815 2191 5869 lita,
2215 5823 2246 5857 a
2267 5806 2455 5860 (illuni.
2531 5806 2546 5808 ⁷

1969 5871 1990 5905 ³
2023 5869 2157 5932 Editi,
2181 5876 2406 5932 corrupta
2431 5879 2450 5922 .'
2473 5865 2727 5938 mendose,
