4008 6468
515 443 626 501 259

521 556 621 614 Dei
649 554 819 611 altare
853 554 1085 612 habebat
1133 570 1421 613 commune
1467 557 1794 629 Cyprianus.
1826 560 2107 626 Quomodo

521 657 701 705 autem
726 646 830 705 hoc
853 647 1189 717 defendatur,
1216 648 1325 720 jam
1350 649 1405 706 in
1433 648 1550 711 aliis
1579 649 1729 705 libris
1750 651 1882 707 satis
1906 650 2108 708 dictum

522 750 625 798 est.
718 780 719 783 η

593 836 822 894 CAPUT
862 836 1043 895 XLVI.
1075 867 1147 880 —
1174 838 1263 895 90.
1292 839 1497 895 Litteus
1532 840 1550 872 ⁸
1579 853 1609 893 a
1646 837 1905 896 Gemellis
1934 837 2105 894 dixit:

523 927 701 985 Caecus
727 943 914 983 eccum
938 930 983 985 si
1003 930 1177 996 ducat,
1206 930 1352 986 ambo
1371 930 1427 985 in
1457 932 1652 1003 foveam
1679 929 1867 984 cadunt
1895 928 2108 1002 (Matth.

526 1035 619 1087 xv,
651 1020 761 1092 ll).
777 1019 905 1076 Cum
930 1039 1049 1093 ergo
1068 1022 1328 1083 haereticos
1345 1031 1536 1077 constet
1559 1038 1661 1076 non
1684 1037 1829 1091 posse
1850 1020 2113 1076 illumina-

522 1128 579 1167 re
598 1128 920 1183 quemquam,
949 1123 1123 1186 utpote
1149 1131 1310 1171 caecos
1325 1131 1343 1179 ;
1357 1113 1622 1185 Baptism
1643 1131 1815 1170 eorum
1842 1130 1942 1168 non
1956 1112 2108 1168 valet.

592 1204 684 1259 9I.
733 1203 845 1260 Nec
874 1220 972 1263 nos
1004 1206 1234 1263 dicimus
1265 1207 1444 1261 valere
1500 1205 1569 1261 ad
1597 1205 1824 1261 salutem
1853 1202 2108 1275 quamdiu

522 1292 759 1349 haeretici
781 1307 923 1363 sunt,
956 1296 1093 1353 sicut
1129 1306 1184 1352 et
1204 1297 1309 1352 illis
1328 1295 1613 1352 homicidis
1632 1295 1884 1366 quamdiu
1914 1294 2111 1350 fratres

522 1384 752 1439 oderunt
779 1404 792 1439 :
822 1403 946 1445 nam
969 1398 1023 1443 et
1044 1389 1143 1459 ipsi
1174 1389 1225 1443 in
1257 1387 1493 1444 tenebris
1536 1396 1679 1453 sunt,
1712 1397 1764 1443 et
1784 1386 1832 1441 si
1868 1387 1987 1457 quis
2018 1400 2112 1442 eos

520 1476 797 1546 sequitur,
842 1479 999 1535 simul
1054 1481 1109 1535 in
1158 1479 1364 1536 foveam
1391 1480 1624 1544 cadunt;
1656 1492 1757 1534 nec
1786 1477 1906 1533 ideo
1932 1486 2110 1532 tamen

520 1565 857 1638 Baptismum
885 1572 968 1627 vel
995 1588 1100 1627 non
1129 1572 1346 1637 habent,
1374 1572 1456 1625 vel
1483 1585 1590 1626 non
1609 1569 1845 1625 tradunt.

596 1662 821 1719 CAPUT
851 1662 1057 1718 XLVII.
1079 1694 1151 1705 -—
1177 1664 1267 1720 92.
1295 1663 1495 1719 Natalis
1514 1662 1583 1717 ab
1601 1662 1748 1719 Oea’
1774 1662 1909 1717 dixit
1937 1679 1951 1716 :
1980 1660 2111 1716 Tam

522 1770 615 1824 ego
638 1769 876 1824 prwscns,
920 1772 1074 1825 quam
1099 1755 1371 1827 Pompeius
1405 1754 1754 1827 Sabratensis,
1779 1772 1933 1825 quam
1960 1755 2111 1809 etiam

520 1842 692 1916 Dioga
718 1834 1171 1918 Leptimagnensis,
1194 1850 1278 1919 qui
1316 1848 1439 1902 mihi
1462 1848 1849 1913 mandaverunt,
1901 1864 2112 1917 corpore

524 1935 732 2005 quidem
757 1937 1005 2005 absentes,
1052 1938 1239 2009 spiritu
1283 1946 1572 2009 prasentes,
1615 1954 1872 1992 censemus
1897 1938 2032 2009 quod
2057 1946 2107 1992 et

523 2028 737 2097 collegae
760 2029 956 2091 nostri;
984 2028 1118 2099 quod
1145 2029 1370 2083 hwretici
1395 2028 1900 2082 communicationem
1930 2026 2110 2081 habere

526 2118 787 2174 nobiscum
809 2136 909 2173 non
927 2129 1157 2191 possunt,
1185 2120 1283 2174 nisi
1303 2119 1635 2174 ecclesiastico
1654 2117 1918 2191 Baptismo
1944 2117 2111 2187 bapti-

524 2211 626 2263 ιαιὶ
652 2211 861 2281 fuerint.

598 2302 687 2356 93.
721 2300 1310 2373 Communicationem,
1360 2303 1558 2368 credo,
1613 2319 1731 2361 eam
1777 2302 1951 2367 dicit,
1992 2315 2112 2372 qua:

526 2393 757 2462 pertinet
808 2394 877 2449 ad
903 2397 1165 2451 columbae
1193 2397 1505 2452 societatem
1535 2414 1549 2450 :
1578 2410 1699 2450 nam
1741 2396 1795 2448 in
1824 2393 2111 2464 participa-

525 2483 672 2537 tione
715 2484 1182 2542 Sacramcntorum
1227 2488 1414 2558 procul
1443 2487 1605 2543 dubio
1646 2486 2114 2541 communicabant

521 2575 602 2629 eis
632 2618 647 2642 ,
677 2578 945 2632 neminem
971 2578 1276 2647 judicantes
1296 2619 1311 2645 ,
1360 2594 1461 2634 nec
1495 2594 1525 2632 a
1570 2579 1690 2649 jure
1719 2578 2113 2632 communionis

524 2666 758 2738 aliquem
783 2711 797 2735 ,
829 2670 874 2725 si
903 2671 1173 2726 diversum
1202 2672 1449 2738 sentiret,
1474 2680 1804 2726 amoventes.
1841 2670 1948 2726 Sed
1978 2684 2115 2740 quo-

523 2759 649 2814 libet
684 2761 844 2816 modo
867 2761 1082 2832 dixerit,
1130 2780 1235 2817 non
1265 2780 1591 2834 magnopere
1613 2764 1775 2818 verba
1805 2764 1919 2817 haec
1947 2762 2106 2817 refel-

524 2850 682 2905 lenda
712 2861 855 2905 sunt.
886 2853 1041 2907 Certe
1063 2855 1206 2908 enim
1230 2870 1337 2908 non
1368 2854 1389 2885 ³
1413 2856 1771 2908 communicet
1809 2854 2112 2918 haereticus,

526 2940 629 2993 nisi
681 2942 1045 2998 ecclesiastico
1075 2942 1345 3013 Baptismo
1375 2944 1695 3013 baptizatus.
1747 2942 1972 2998 Constat
2020 2959 2116 2997 au-

525 3039 637 3085 tem
676 3032 1101 3088 ecclesiasticum
1125 3050 1246 3089 esse
1271 3035 1599 3103 Baptismum
1627 3035 1786 3089 etiam
1830 3034 1969 3103 apud
2002 3035 2114 3088 ha:-

525 3120 721 3193 reticos
749 3123 925 3177 verbis
957 3124 1282 3193 evangelicis
1322 3131 1692 3179 consecratum
1730 3142 1743 3178 :
1776 3124 1913 3177 sicut
1939 3123 2115 3193 ipsum

526 3208 875 3280 Evangelium
921 3213 1337 3267 ecclesiaSticum
1372 3222 1490 3280 est,
1524 3228 1622 3267 nec
1648 3213 1713 3266 ad
1744 3228 1931 3268 eorum
1954 3214 2116 3284 perti-

522 3312 614 3355 net
644 3304 1076 3372 perversitatem,
1109 3302 1202 3359 scd
1238 3303 1417 3374 utique
1448 3320 1599 3359 suam
1628 3305 1821 3360 retinet
1839 3306 2100 3360 sanctita-

524 3399 633 3449 tem
658 3390 701 3443 ⁸.

605 3481 836 3541 CAPUT
874 3484 1103 3539 XLVIII.
1154 3514 1227 3526 —-
1267 3484 1356 3541 94.
1400 3485 1590 3541 Junius
1617 3501 1649 3540 a
1678 3485 1898 3556 Neapoli
1935 3487 2068 3541 dixit
2099 3502 2113 3541 :

528 3572 611 3631 Ἀθ
633 3592 689 3630 eo
710 3576 845 3645 quod
866 3575 1019 3629 semel
1061 3577 1345 3630 censuimus
1367 3616 1383 3643 ,
1424 3592 1523 3631 non
1548 3577 1747 3642 recedo,
1776 3587 1831 3630 ut
1857 3577 2117 3632 htereticos

535 3668 784 3722 venientes
809 3669 877 3720 ad
901 3666 1178 3722 Ecclesium
1208 3668 1536 3740 baptizcmus.

610 3759 698 3813 95.
738 3757 834 3813 Hic
878 3759 999 3829 quia
1045 3760 1243 3813 nullam
1300 3760 1564 3815 rationem
1616 3758 1697 3813 vel
1750 3760 2115 3815 testimonium

538 3848 940 3921 Scripturarum
969 3852 1164 3918 attulit,
1196 3851 1286 3908 diu
1320 3868 1418 3908 nos
1445 3862 1627 3908 tenere
1658 3869 1765 3907 non
1792 3852 1973 3909 debet.

606 3965 832 4022 CAPUT
872 3965 1061 4022 XLIX.
1107 3997 1179 4008 —
1215 3967 1309 4024 96.
1351 3968 1652 4040 Cyprianus
1703 3984 1732 4023 a
1797 3968 2117 4038 Carthagine

530 4056 669 4112 dixit
710 4073 725 4109 :
759 4055 929 4110 Meam
971 4060 1268 4113 sententiam
1311 4060 1597 4129 plenissime
1640 4059 1877 4128 exprimit
1904 4059 2118 4129 epistola

530 4161 649 4216 qua
667 4150 732 4200 ad
768 4146 1081 4201 Jubaianum
1127 4147 1374 4219 collegam
1400 4159 1628 4202 nostrum
1672 4149 1862 4219 scripta
1886 4157 1980 4211 est,
2014 4149 2120 4202 hie-

531 4237 714 4290 rcticos
757 4240 1030 4292 secundum
1065 4240 1404 4309 evangelicum
1433 4249 1481 4293 et
1508 4240 1839 4310 apostolicam
1873 4248 2117 4292 contesta-

534 4328 721 4382 tioncm
759 4328 1076 4383 adversarios
1122 4328 1311 4383 Christi
1357 4339 1406 4383 et
1434 4330 1756 4384 antichristos
1802 4331 2111 4399 appellatos,

536 4419 742 4488 quando
775 4419 843 4471 ad
871 4419 1150 4473 Ecclesium
1190 4419 1451 4483 venerint,
1494 4420 1646 4473 unico
1677 4419 1921 4474 Ecclesia:
1944 4419 2119 4491 Bapti-

533 4527 645 4564 smo
692 4512 1021 4582 baptizandos
1062 4527 1206 4578 esse,
1258 4522 1313 4564 ut
1360 4512 1553 4581 possint
1586 4512 1698 4580 ﬁeri
1724 4513 1787 4566 de
1818 4512 2120 4569 adversariis

538 4602 711 4668 amici,
738 4611 783 4655 et
811 4602 875 4654 de
899 4601 1205 4657 antichristis
1233 4602 1515 4657 christiani.

616 4692 706 4746 97.
735 4691 874 4758 Quid
892 4691 1032 4746 aliud
1052 4692 1139 4747 hic
1154 4692 1531 4762 disputandum
1554 4701 1669 4759 est,
1691 4694 1904 4764 quando
1925 4695 2117 4765 ipsam,

543 4784 699 4856 cujus
729 4786 1055 4840 mentionem
1094 4784 1240 4850 fecit,
1274 4786 1553 4854 epistolam
1581 4786 1646 4841 ad
1673 4786 1991 4842 Jubaianum
2019 4788 2117 4842 da-

542 4887 671 4942 tam,
699 4887 894 4947 quanta
926 4876 1189 4946 potuimus
1233 4876 1500 4947 diligentia
1529 4878 2011 4947 pertractavimus?
2053 4877 2123 4932 Et

543 4969 685 5038 quod
721 4966 812 5022 hic
832 4968 985 5032 dixit,
1019 4967 1425 5023 meminerimus
1450 4968 1555 5023 dici
1583 4983 1742 5038 posse
1770 4969 1839 5024 de
1873 4969 2121 5027 omnibus

540 5060 738 5131 iniquis
759 5100 776 5127 ,
825 5074 960 5130 quos
987 5068 1043 5115 et
1093 5060 1146 5115 in
1187 5058 1464 5117 Catholica
1507 5075 1625 5117 esse
1654 5063 1766 5131 ipse
1801 5071 2042 5127 testatur,
2070 5070 2126 5117 et

541 5150 873 5222 Baptismum
924 5152 1123 5208 habere
1149 5160 1204 5208 et
1226 5152 1377 5217 dare,
1417 5168 1578 5209 nemo
1602 5162 1847 5209 nostrum
1875 5153 2120 5223 ambigit.

544 5244 623 5300 Illi
651 5244 793 5298 enim
822 5243 1045 5299 veniunt
1074 5243 1141 5298 ad
1166 5243 1485 5310 Ecclesiam,
1516 5245 1604 5314 qui
1634 5244 1701 5299 de
1742 5253 1894 5315 parte
1922 5242 2121 5298 diaboli

542 5333 609 5388 ad
635 5334 905 5389 Christum
937 5344 1235 5401 transeunt,
1264 5344 1320 5390 et
1372 5334 1638 5389 aediﬁcant
1676 5350 1839 5403 super
1854 5345 2075 5405 petram
2106 5374 2121 5397 ,

542 5436 598 5478 et
628 5426 1033 5495 im-orporantur
1070 5426 1352 5490 columbae,
1401 5434 1454 5480 et
1505 5425 1557 5478 in
1590 5425 1746 5480 horto
1776 5426 2029 5480 concluso
2071 5434 2126 5479 et

548 5516 694 5571 fonte
743 5520 949 5586 signato
998 5516 1468 5582 muniuntur;ubi
1500 5531 1606 5570 non
1656 5526 1780 5571 sunt
1804 5531 1990 5571 omnes
2032 5516 2123 5586 qui

543 5616 730 5663 contra
759 5605 954 5663 Christi
980 5616 1246 5680 praecepta
1266 5608 1487 5672 vivunt,
1511 5606 1735 5662 ubilibet
1756 5620 1879 5663 esse
1904 5605 2123 5662 videan-

607 5753 623 5784 ¹
661 5760 759 5801 Am.
797 5758 964 5812 δίει-η
991 5751 1184 5803 Iicteus.

608 5817 629 5885 ξ
663 5823 761 5885 μηἰ
787 5820 861 5885 Er.
888 5811 1155 5885 et'quidam
1180 5821 1307 5877 Mss,
1334 5811 1465 5866 Nolis
1492 5826 1525 5863 α
1548 5822 1705 5878 mea;
1722 5813 1822 5885 vel,
1843 5811 2033 5867 aboea.

610 5877 631 5945 ξ
661 5878 969 5945 gprbeiensis
982 5876 1172 5945 codex,
1184 5888 1315 5927 num.

607 5936 630 5973 δ
662 5936 831 5993 Plures
852 5944 981 5999 uss,
1003 5936 1267 5989 sanitatem.

1278 444 1368 502 DE
1404 442 1742 503 BAPTISMO
1776 443 2049 503 CONTRA
2090 446 2532 521 DONAfI‘IS'I‘AS,
2572 450 2630 508 S.
2668 450 3035 510 AUGUSTINI

2760 330 2789 342 ι,

3690 459 3801 518 249

2219 571 2324 621 tur.
2360 567 2491 622 Nam
2520 568 2575 622 in
2600 569 2821 638 epistola
2844 584 3000 640 quam
3025 570 3237 641 scripsit
3263 571 3331 627 ad
3359 571 3610 644 Magnum
3631 613 3648 639 ,
3676 588 3799 631 cum

2217 654 2287 710 de
2312 655 2411 712 hac
2448 657 2560 727 ipsa
2590 674 2651 713 re
2674 669 2876 731 ageret,
2902 661 3032 716 satis
3057 671 3347 733 aperteque
3375 664 3491 733 ipse
3522 679 3622 721 nos
3646 679 3800 721 com-

2214 749 2459 815 monuit,
2490 750 2543 805 in
2586 752 2725 821 quali
2750 753 2767 784 ί
2787 753 3042 811 societate
3064 765 3309 825 oporteat
3353 756 3573 827 intelligi
3604 757 3802 813 Eccle-

2215 840 2371 895 siam.
2401 842 2491 897 Ait
2522 844 2686 908 enim,
2714 844 2783 899 de
2804 845 3035 915 quodam
3060 847 3286 917 loquens
3323 866 3338 900 :
3368 848 3576 904 Alienus
3620 850 3716 918 fiat
3760 860 3806 905 et

2217 934 2465 1005 profanus
2489 936 2755 991 dominica:
2796 938 2953 1008 pacis,
2980 955 3041 992 ac
3067 939 3334 995 dominica:
3361 942 3570 996 unitatis
3590 943 3613 973 ¹
3631 942 3804 996 inimi-

2215 1040 2305 1079 cus
2330 1066 2347 1091 ,
2395 1042 2499 1080 non
2549 1026 2780 1082 habitans
2804 1027 2860 1082 in
2895 1028 3046 1083 domo
3083 1028 3215 1096 Dei,
3242 1031 3299 1085 id
3343 1040 3435 1095 est,
3468 1032 3524 1086 in
3566 1030 3803 1087 Ecclesia

2215 1110 2427 1181 Christi,
2466 1115 2520 1169 in
2556 1131 2656 1184 qua
2682 1132 2783 1170 non
2808 1117 2905 1172 nisi
2928 1119 3200 1175 concordes
3222 1130 3380 1190 atque
3415 1123 3685 1178 unanimes
3710 1123 3810 1176 ha-

2218 1203 2377 1259 bitant
2414 1203 2634 1275 (Epist.
2672 1204 2814 1278 69).
2868 1206 3023 1276 Quod
3073 1224 3203 1280 ergo
3243 1209 3329 1266 hic
3362 1211 3609 1279 dicimus,
3666 1226 3802 1283 pau-

2215 1292 2380 1349 lulum
2425 1294 2743 1364 advertant,
2787 1297 2878 1367 qui
2938 1297 3096 1355 nobis
3162 1298 3230 1355 de
3293 1300 3562 1371 Cypriano
3614 1302 3805 1359 volunt

2216 1387 2587 1459 praescribere.
2636 1389 2695 1445 Si
2730 1391 2874 1447 enim
2916 1391 2971 1447 in
3020 1392 3263 1451 Ecclesia
3296 1392 3494 1452 Christi
3543 1412 3651 1453 non
3699 1398 3805 1455 nisi

2215 1478 2510 1536 concordes
2535 1489 2698 1553 atque
2719 1483 3000 1539 unanimes
3028 1483 3291 1552 habitant,
3309 1490 3494 1557 procul
3514 1489 3678 1545 dubio
3698 1505 3806 1547 non

2216 1566 2528 1626 habitabant
2554 1572 2606 1626 in
2656 1572 2897 1629 Ecclesia
2943 1572 3184 1643 Christi,
3226 1579 3471 1648 quamvis
3495 1578 3642 1635 intus
3682 1596 3809 1637 esse

2216 1659 2528 1716 viderentur
2555 1703 2572 1729 ,
2616 1663 2691 1718 illi
2731 1666 2821 1734 qui
2873 1680 2971 1737 per
3002 1665 3254 1722 invidiam
3306 1679 3361 1724 et
3405 1672 3808 1729 contentionem

2215 1751 2334 1807 sine
2376 1751 2635 1810 charitate
2701 1754 2971 1811 Christum
3033 1758 3451 1825 annuntiabant;
3498 1777 3636 1832 quos
3691 1764 3809 1832 ipse

2215 1842 2502 1913 intelligit,
2554 1858 2661 1901 non
2727 1846 3012 1903 haereticos
3056 1849 3142 1903 vel
3191 1848 3611 1907 schismaticosa
3641 1852 3809 1907 Paulo

2215 1934 2460 2003 apostolo
2522 1947 2972 1995 commemoratos
2998 1979 3014 2005 ,
3063 1940 3158 1997 sed
3213 1941 3373 1998 falsos
3425 1942 3618 1999 fratres
3683 1959 3809 1999 cum

2216 2023 2312 2106 illo
2386 2023 2611 2081 interius
2665 2040 3045 2086 conversantes
3108 2030 3383 2103 (Philipp.
3436 2049 3489 2098 ι,
3523 2034 3626 2102 15,
3670 2034 3808 2106 l7):

2216 2117 2309 2187 qui
2337 2127 2485 2173 certe
2514 2119 2788 2190 baptizare
2839 2137 2947 2177 non
3001 2123 3287 2191 debebant,
3332 2127 3454 2195 quia
3490 2126 3543 2181 in
3568 2128 3809 2184 Ecclesia

2216 2222 2322 2261 non
2352 2208 2699 2275 habitabant,
2727 2211 2782 2267 iu
2809 2228 2914 2283 qua
2951 2213 3067 2283 ipse
3115 2214 3244 2269 dicit
3276 2230 3382 2271 non
3419 2215 3663 2272 habitare
3707 2220 3813 2275 nisi

2216 2300 2511 2356 concordes
2537 2311 2592 2356 et
2617 2304 2927 2359 unanimes:
2955 2304 3056 2359 nisi
3089 2304 3229 2361 forte
3274 2307 3558 2377 quisquam
3588 2308 3669 2363 sic
3711 2308 3808 2364 ab-

2217 2390 2403 2446 horret
2426 2408 2456 2446 a
2497 2408 2648 2461 vero,
2672 2403 2733 2448 ut
2756 2394 2900 2450 dicat
2928 2396 3223 2452 concordes
3248 2407 3302 2452 et
3331 2400 3609 2455 unanimes
3641 2400 3808 2457 fuisse

2216 2481 2429 2535 invidos
2452 2492 2505 2537 et
2534 2483 2850 2551 malevolos,
2877 2492 2934 2539 et
2968 2485 3084 2539 sine
3104 2485 3368 2542 charitate
3402 2488 3807 2544 eontentiosos:

2218 2580 2272 2626 et
2319 2578 2494 2626 tamen
2546 2571 2915 2642 baptizabant,
2972 2590 3075 2630 nec
3115 2591 3302 2631 eorum
3354 2577 3453 2631 ista
3487 2577 3808 2635 detestanda

2218 2663 2542 2731 perversitas
2576 2664 2982 2719 Sacramentum
3008 2664 3231 2731 Christi,
3270 2667 3414 2737 quod
3448 2684 3541 2738 per
3576 2684 3675 2725 eos
3703 2680 3809 2724 tra-

2218 2754 2463 2809 ctabatur
2488 2764 2541 2809 et
2574 2754 3006 2825 dispensabatur,
3036 2756 3213 2828 aliqua
3249 2774 3313 2813 ex
3345 2769 3497 2830 parte
3528 2761 3810 2816 minuebat

2218 2853 2377 2911 atque
2402 2844 2656 2898 violahat.

2289 2933 2518 2989 CAPUT
2559 2934 2709 2987 L.—
2734 2933 2822 2990 98.
2853 2935 3048 2991 Totum
3080 2951 3211 2994 sane
3236 2938 3406 3009 ipsum
3439 2940 3620 2995 locum
3644 2941 3697 2994 in
3719 2956 3807 2995 ea-

2219 3022 2339 3077 dem
2363 3023 2429 3077 ad
2455 3024 2700 3093 Magnum
2730 3026 2953 3094 epistola
2978 3028 3212 3096 positum
3238 3044 3418 3098 opera:
3458 3032 3697 3101 pretium
3724 3040 3806 3086 est

2219 3124 2574 3183 pertractare,
2598 3132 2755 3186 quem
2783 3117 2852 3171 ita
2877 3121 3171 3173 contexuit.
3195 3118 3315 3173 Non
3338 3120 3595 3187 habitans,
3618 3122 3809 3190 inquit,

2218 3205 2271 3256 in
2297 3205 2446 3258 domo
2477 3205 2593 3269 Dei,
2615 3207 2670 3259 id
2693 3218 2787 3273 est,
2818 3206 2871 3261 in
2896 3206 3127 3262 Ecclesia
3151 3208 3359 3276 Christi,
3383 3211 3435 3263 in
3458 3228 3559 3282 qua
3584 3228 3689 3265 non
3712 3212 3811 3265 nisi

2218 3295 2490 3351 concordes
2509 3307 2658 3368 atque
2681 3300 2945 3352 unanimes
2972 3298 3220 3365 habitant,
3246 3298 3478 3370 loquente
3496 3300 3551 3353 in
3591 3301 3812 3355 Psalmis

2221 3386 2423 3454 Spiritu
2446 3396 2640 3456 sancto,
2681 3396 2728 3441 et
2773 3388 2987 3455 dicente,
3019 3407 3037 3440 ι
3080 3389 3220 3444 Deus
3259 3390 3345 3460 qui
3381 3390 3667 3444 inhabitare
3691 3391 3812 3460 facit

2220 3480 2481 3533 unanimes
2506 3480 2560 3532 in
2581 3480 2731 3534 domo
2763 3499 2781 3533 ι
2836 3479 3022 3551 (Psal.
3054 3496 3221 3549 vau,
3250 3481 3329 3554 7).
3360 3482 3590 3552 Denique
3616 3483 3806 3536 unani-

2219 3570 2393 3623 mitate
2410 3569 2724 3626 Christianos
2745 3572 2897 3641 ﬁrma
2921 3572 3017 3626 sibi
3041 3582 3189 3645 atque
3203 3573 3529 3645 inseparabili
3555 3574 3803 3629 charitate

2220 3675 2470 3715 connexos
2498 3660 2539 3727 ³,
2570 3662 2720 3715 etiam
2757 3662 2870 3732 ipsa
2903 3660 3175 3717 Dominica
3214 3664 3469 3733 sacriﬁcia
3515 3664 3802 3719 declarant.

2223 3748 2362 3803 Nam
2382 3752 2585 3818 quando
2605 3750 2858 3805 Dominus
2882 3769 3066 3825 corpus
3092 3770 3238 3807 suum
3257 3771 3442 3825 panem
3461 3766 3607 3808 vocat
3630 3755 3809 3825 (Joan.

2221 3856 2296 3905 γι,
2325 3840 2441 3909 52),
2469 3842 2532 3894 de
2553 3842 2830 3896 multorum
2849 3858 3125 3913 granorum
3146 3844 3457 3898 adunationc
3482 3856 3810 3916 congestum;

2224 3932 2465 4004 populum
2491 3945 2736 4000 nostrum,
2764 3949 2912 4003 quem
2930 3935 3183 4005 portabat,
3207 3935 3397 3989 indicat
3418 3936 3705 3989 adunatum
3728 3952 3746 3989 :
3764 3938 3810 3989 et

2222 4026 2425 4088 quando
2458 4026 2755 4095 sanguinem
2778 4041 2925 4079 suum
2951 4026 3123 4080 vinum
3150 4025 3378 4096 appellat
3417 4026 3632 4099 (Matth.
3666 4041 3808 4089 xxvr,

2221 4117 2434 4187 26-29).
2464 4118 2526 4171 de
2553 4117 2705 4172 botris
2724 4128 2872 4188 atque
2891 4118 3051 4172 acinis
3067 4118 3300 4189 plurimis
3322 4135 3637 4189 expressum,
3662 4126 3811 4186 atque

2224 4208 2279 4261 in
2304 4224 2459 4261 unum
2480 4217 2708 4261 coactum
2728 4225 2749 4273 ;
2772 4224 2973 4280 gregem
3000 4209 3120 4263 item
3146 4218 3372 4262 nostrum
3388 4208 3649 4278 signiﬁcat
3672 4223 3813 4261 com-

2225 4299 2469 4352 mixtione
2491 4298 2731 4351 adunata:
2773 4297 3116 4351 multitudinis
3136 4298 3449 4367 copulatum.
3493 4296 3622 4350 Haec
3650 4296 3813 4350 verba

2226 4390 2365 4445 beati
2390 4388 2642 4461 Cypriani
2672 4388 2910 4443 indicant
2933 4403 3054 4444 eum
3076 4399 3127 4443 et
3146 4388 3471 4443 intellexisse
3490 4399 3544 4442 et
3562 4386 3816 4442 dilexisse

2225 4482 2477 4538 decorem
2508 4482 2701 4536 damus
2746 4481 2873 4547 Dei,
2925 4496 3085 4551 quam
3112 4479 3329 4534 domum
3360 4495 3426 4535 ex
3451 4478 3723 4533 unanimis
3767 4486 3819 4532 et

2225 4573 2583 4629 concordibus
2608 4580 2856 4627 constare
2882 4570 3189 4639 afﬁrmavit,
3220 4582 3274 4628 et
3297 4571 3482 4626 docuit
3505 4572 3818 4626 testimonio

2226 4661 2559 4733 pr0phetieo,
2589 4671 2645 4717 et
2671 4660 3057 4730 significatione
3081 4660 3553 4716 Saeramentorum
3578 4677 3591 4713 :
3623 4660 3679 4714 in
3709 4672 3817 4729 qua

2226 4754 2410 4822 utique
2433 4768 2538 4807 non
2558 4759 2709 4806 erant
2726 4752 2800 4805 illi
2822 4749 3008 4816 invidi,
3026 4760 3083 4805 et
3106 4751 3224 4806 sine
3250 4750 3515 4806 charitate
3542 4750 3817 4814 malevoli,

2228 4845 2318 4915 qui
2346 4852 2522 4898 tamen
2551 4841 2910 4913 baptizabant.
2937 4840 3017 4895 Ex
3050 4854 3157 4911 quo
3180 4849 3407 4911 apparet
3432 4849 3489 4896 et
3511 4839 3565 4894 in
3591 4839 3673 4894 eis
3699 4853 3822 4894 esse

2227 4950 2389 5008 posse
2409 4976 2424 5001 ,
2450 4943 2607 5006 atque
2635 4934 2703 4987 ab
2727 4933 2808 4988 eis
2827 4932 2942 4987 dari
2981 4946 3140 5002 posse
3160 4931 3567 4988 Sacramentum
3592 4929 3818 4996 Christi,

2229 5027 2319 5098 qui
2342 5042 2448 5080 non
2478 5033 2603 5080 sunt
2625 5025 2679 5079 in
2700 5024 2936 5080 Ecclesia
2960 5023 3182 5089 Christi,
3200 5024 3257 5079 in
3272 5039 3375 5093 qua
3406 5036 3513 5078 non
3543 5022 3648 5077 nisi
3686 5036 3822 5077 una-

2228 5118 2402 5173 nimes
2431 5126 2484 5170 et
2513 5115 2809 5171 concordes
2836 5113 3075 5169 habitare
3099 5112 3402 5185 Cyprianus
3428 5113 3543 5182 ipse
3568 5121 3819 5167 testatur.

2229 5209 2414 5278 Neque
2440 5207 2581 5263 enim
2612 5206 2803 5261 saltem
2848 5204 2950 5260 hoc
2972 5204 3080 5260 dici
3123 5212 3333 5273 potest,
3380 5212 3506 5258 tunc
3548 5204 3824 5273 baptizare

2231 5315 2390 5373 posse
2405 5315 2525 5355 cum
2547 5299 2746 5354 latent:
2765 5298 3017 5369 quoniam
3048 5298 3125 5352 illi
3152 5297 3372 5353 Paulum
3390 5296 3692 5367 apostolum
3712 5310 3823 5350 non

2233 5394 2489 5459 latebant,
2521 5406 2655 5463 quas
2684 5392 2736 5446 in
2764 5391 3000 5462 Epistola
3028 5404 3122 5445 sua
3154 5391 3526 5446 veracissimus
3547 5391 3702 5444 testis
3728 5403 3823 5443 no-

2235 5497 2330 5551 tat,
2353 5494 2408 5541 et
2434 5485 2668 5556 gaudere
2696 5498 2754 5538 se
2775 5482 2924 5549 dicit,
2953 5480 3202 5551 quoniam
3234 5490 3289 5536 et
3314 5480 3414 5550 ipsi
3431 5480 3703 5535 Christum
3722 5494 3821 5532 an-

2235 5575 2564 5631 nuntiabant.
2600 5574 2675 5629 De
2696 5572 2781 5628 his
2807 5572 3003 5643 quippe
3030 5571 3125 5634 ait,
3153 5569 3273 5626 Sive
3312 5568 3595 5633 occasione,
3620 5568 3731 5621 sive
3744 5583 3821 5621 ve-

2262 5688 2418 5759 ”flta
2438 5688 2633 5749 Optimae
2655 5692 2784 5735 notae
2821 5682 2978 5733 codex
3014 5682 3340 5732 Oorbeiensis.
3366 5689 3422 5731 At
3454 5679 3593 5739 editi,
3635 5677 3688 5727 in
3707 5690 3822 5741 qua.

2300 5810 2485 5878 Haud.
2509 5808 2807 5878 curialium:
2830 5818 2890 5855 σε
2910 5801 3089 5878 4W
3364 5865 3397 5878 ,.
3435 5877 3439 5878 ί
3481 5877 3518 5878 η
3578 5861 3632 5878 ,ν

2304 5874 2326 5905 ³
2356 5861 2486 5933 Apud
2509 5861 2805 5933 ciprianum,
3218 5864 3542 5918 Christianam
3571 5861 3720 5927 ﬁrma
3736 5861 3820 5915 sibi
