4008 6552
211 410 306 470 2|!

212 528 351 583 ritate
370 523 609 582 Christus
626 522 966 587 annuntietur,
987 527 1035 575 et
1053 510 1107 575 in
1131 519 1225 574 hoc
1240 516 1456 591 gaudeo,
1480 516 1568 571 sed
1588 524 1636 572 et
1662 530 1789 585 gau-

211 621 331 675 debo
357 617 632 689 (Philipp.
658 632 698 683 l,
726 615 837 686 18).

275 710 507 767 CAPUT
545 708 631 765 LI.
664 738 737 749 —
766 707 858 763 99.
890 706 1091 774 Quibus
1119 704 1368 761 omnibus
1395 702 1749 761 considentis
1772 742 1790 769 ,

210 812 333 875 puto
354 817 446 857 me
472 816 581 856 non
600 810 798 856 temere
816 798 1018 866 dicere,
1032 797 1163 852 alios
1180 796 1252 852 ita
1276 810 1397 851 esse
1412 796 1466 851 in
1486 796 1647 850 domo
1673 792 1791 858 Dei,

211 904 267 950 ut
307 894 411 965 ipsi
444 893 606 948 etiam
645 892 751 947 sint
786 890 974 946 eadem
1028 889 1220 945 domus
1272 888 1409 953 Dei,
1446 902 1566 958 qute
1594 886 1793 941 dicitur

211 984 465 1041 adiﬁcari
503 998 666 1051 super
690 990 893 1052 petram
938 978 1151 1053 (Matth.
1184 994 1273 1034 xvt
1294 1019 1310 1045 ,
1348 978 1461 1048 18),
1492 990 1612 1047 quas
1637 974 1793 1031 unica

206 1072 453 1130 columba
483 1072 782 1141 appellatur
801 1069 975 1141 (Cant.
1010 1084 1081 1136 γι,
1105 1069 1184 1139 8),
1211 1083 1331 1139 quae
1357 1081 1552 1138 sponsa
1570 1065 1794 1137 pulchra

206 1165 317 1221 sine
339 1164 556 1219 macula
575 1171 628 1219 et
647 1177 771 1233 ruga
797 1160 876 1235 (a)
908 1160 1124 1232 (Ep/tes.
1156 1175 1211 1227 ν,
1227 1160 1348 1229 27),
1368 1168 1423 1215 et
1448 1158 1634 1214 hortus
1659 1171 1792 1214 con-

206 1257 384 1312 clusus
407 1297 425 1322 ,
459 1254 583 1309 fons
609 1254 849 1324 signatus
872 1292 889 1319 ,
929 1260 1121 1322 puteus
1150 1265 1301 1321 aquae
1324 1249 1480 1315 vivae,
1516 1246 1793 1319 paradisus

204 1362 321 1403 cum
343 1345 524 1401 fructu
549 1359 829 1416 pomorum
873 1342 1045 1415 (Cant.
1078 1358 1152 1408 tv,
1180 1341 1266 1407 12,
1307 1340 1395 1413 15)
1423 1360 1436 1394 :
1460 1355 1579 1410 quae
1603 1339 1795 1396 domus

204 1439 360 1495 etiam
409 1437 597 1492 claves
630 1434 873 1505 accepit,
915 1449 980 1488 ac
1016 1441 1335 1503 potestatem
1375 1431 1615 1486 solvendi
1648 1439 1703 1487 et
1738 1430 1795 1485 li-

204 1528 356 1601 gandi
382 1527 603 1598 (Matth.
632 1542 739 1594 xvr,
766 1523 875 1596 19).
898 1525 1045 1579 Hanc
1069 1523 1285 1578 domum
1306 1522 1350 1578 si
1366 1522 1484 1591 quis
1495 1521 1793 1591 corripien-

206 1630 312 1676 tem
336 1619 806 1688 corrigentemque
840 1613 1263 1685 contempserit,
1298 1612 1381 1668 Sit
1411 1612 1496 1666 tibi
1523 1654 1539 1677 ,
1570 1612 1741 1681 inquit
1772 1650 1788 1675 ,

204 1720 444 1779 tanquam
472 1708 701 1763 ethnicus
729 1716 777 1761 et
798 1706 1098 1775 publicanus
1121 1702 1250 1777 (1d.
1282 1719 1430 1768 xvnt,
1455 1701 1567 1775 17).
1598 1703 1675 1757 Dc
1694 1702 1795 1758 hac

200 1801 358 1856 domo
395 1800 619 1866 dicitur,
652 1798 888 1864 Domine,
917 1798 1075 1852 dilexi
1112 1796 1342 1851 decorem
1363 1796 1543 1849 domus
1568 1805 1668 1849 tua:
1689 1835 1704 1859 ,
1746 1802 1796 1849 et

201 1896 366 1949 locum
400 1895 732 1948 habitationis
760 1894 938 1965 gloria:
971 1902 1075 1947 tuae
1101 1891 1271 1961 (Psal.
1295 1906 1421 1955 xxv,
1450 1891 1506 1962 8)
1540 1905 1554 1954 ;
1587 1899 1661 1955 et,
1694 1888 1796 1954 Qui

202 1986 434 2041 habitare
482 1987 606 2057 facit
651 1985 914 2039 unanimes
944 1985 996 2036 in
1022 1984 1170 2036 domo
1194 1980 1378 2050 (Psal.
1403 1998 1564 2047 vatt,
1596 1979 1689 2053 7);
1716 1987 1792 2047 et,

199 2075 526 2132 Jucundatus
543 2092 658 2130 sum
677 2077 731 2129 in
769 2074 848 2130 his
874 2089 987 2143 qua:
1009 2073 1247 2127 dixerunt
1272 2072 1397 2125 mihi
1428 2112 1443 2138 ,
1495 2071 1564 2124 In
1587 2072 1795 2124 domum

202 2169 407 2224 Domini
433 2169 616 2223 ibimus
640 2166 825 2239 (Psal.
867 2182 1011 2232 cm,
1039 2163 1132 2237 l);
1165 2172 1241 2228 et,
1276 2163 1419 2217 Beati
1459 2164 1544 2233 qui
1569 2163 1797 2216 habitant

206 2265 251 2315 in
278 2264 436 2315 domo
468 2272 579 2326 tua,
613 2259 862 2321 Domine;
886 2258 941 2311 in
970 2256 1159 2311 swcula
1181 2254 1486 2310 simularunt
1515 2252 1796 2308 laudabunt

202 2363 246 2408 te
271 2354 288 2423 (
320 2352 469 2406 Psal.
497 2366 716 2416 txxxnt,
740 2350 832 2419 5);
862 2357 918 2404 et
944 2345 1348 2402 innumerabilia
1380 2345 1520 2399 talia.
1549 2343 1672 2402 Haec
1699 2343 1797 2399 do-

206 2461 321 2500 mus
348 2446 513 2500 etiam
545 2443 778 2497 triticum
807 2440 1021 2505 dicitur,
1051 2438 1166 2494 sive
1195 2436 1479 2503 tricenum,
1504 2436 1617 2489 sive
1644 2448 1797 2489 sexa-

206 2552 398 2613 genum
426 2578 442 2603 ,
489 2536 602 2590 sive
647 2540 932 2590 centenum
986 2530 1215 2585 fructum
1245 2528 1474 2583 al'ferens
1503 2542 1621 2582 cum
1654 2527 1790 2581 tole-

211 2632 383 2686 rantia
403 2629 623 2701 (Matth.
654 2642 769 2691 xnt,
796 2627 866 2681 25
885 2665 899 2691 ,
923 2633 969 2678 et
998 2623 1125 2677 Luc.
1158 2638 1271 2687 vttt,
1314 2620 1427 2691 15).
1456 2620 1582 2674 Haac
1606 2618 1798 2673 domus

205 2734 285 2779 est
314 2725 370 2778 in
416 2722 564 2776 vasis
615 2720 794 2775 aureis
841 2726 896 2773 et
934 2716 1203 2788 argenteis
1229 2712 1249 2785 (
1274 2714 1317 2769 ll
1351 2713 1481 2767 Tim.
1515 2729 1569 2777 ιι,
1598 2710 1715 2783 20),
1743 2719 1799 2767 et

208 2813 477 2885 lapidibus
506 2811 777 2881 pretiosis,
810 2817 864 2863 et
887 2808 1046 2878 lignis
1074 2804 1509 2875 imputribilibus.
1540 2802 1673 2857 Huic
1700 2800 1798 2856 do-

207 2905 323 2959 mui
345 2904 560 2967 dicitur,
587 2901 897 2968 Sit/ferentes
924 2899 1136 2953 invicem
1155 2898 1209 2951 in
1234 2896 1517 2958 dilectione,
1540 2894 1797 2948 studentes

209 3012 415 3050 servare
442 2996 685 3048 unitatem
725 2992 941 3061 spiritus
985 2991 1039 3045 in
1065 2990 1264 3044 uinculo
1294 2988 1435 3058 pacis
1469 2986 1696 3059 (Ephes.
1721 3000 1794 3053 tv,

208 3087 267 3151 9,
299 3086 357 3157 ὅ)
380 3104 395 3151 ;
422 3095 495 3153 et,
535 3084 799 3154 Templum
846 3082 979 3137 enim
1006 3081 1102 3135 Dei
1132 3090 1364 3134 sanctum
1392 3087 1488 3142 est,
1517 3077 1651 3146 quod
1681 3076 1799 3131 estis

205 3195 290 3235 vos
322 3179 367 3251 (l
388 3177 510 3234 Cor.
535 3193 615 3243 ιιι,
646 3176 756 3247 17).
787 3175 911 3229 Haec
936 3174 1133 3243 quippe
1154 3172 1207 3226 in
1235 3171 1391 3225 bonis
1417 3168 1661 3224 fidelibus
1681 3176 1794 3234 est,

202 3283 256 3328 et
305 3272 514 3326 sanctis
563 3270 658 3326 Dei
714 3269 885 3324 servis
914 3267 1110 3337 ubique
1142 3264 1400 3336 dispersis
1429 3271 1483 3317 et
1534 3261 1798 3331 spirituali

206 3363 416 3418 unitate
442 3360 708 3416 devinctis
737 3359 790 3414 in
843 3357 1034 3414 eadem
1071 3354 1450 3411 communione
1478 3352 1799 3408 Sacramen-

203 3462 402 3516 torum,
421 3454 537 3508 sive
553 3467 615 3508 se
640 3450 773 3506 facie
804 3449 1069 3514 noverint,
1087 3448 1201 3502 sive
1225 3460 1333 3502 non
1356 3443 1799 3513 noverintaAliol
1852 3456 1857 3462 '

208 3557 392 3603 autem
432 3548 511 3602 ita
553 3545 661 3601 dici
691 3558 814 3600 esse
844 3544 899 3598 in
944 3541 1127 3607 domo,
1156 3549 1214 3595 ut
1248 3554 1353 3594 non
1382 3538 1686 3608 pertineant
1732 3533 1799 3590 ad

205 3653 523 3711 compagem
547 3636 760 3700 domus,
792 3649 889 3690 nec
910 3633 973 3688 ad
1001 3634 1313 3688 societatem
1339 3630 1625 3684 l'ructifcrze
1656 3628 1801 3698 pac'»

213 3728 719 3800 deaequejustititu;
768 3726 861 3781 sed
895 3725 1034 3780 sicut
1053 3737 1173 3779 esse
1201 3721 1354 3792 palea
1389 3720 1582 3775 dicitur
1607 3723 1658 3773 in
1683 3719 1799 3774 fru—

209 3820 410 3875 mentis
434 3838 446 3874 :
468 3835 592 3874 nam
618 3826 671 3873 et
699 3818 829 3872 istos
857 3829 980 3872 esse
1019 3815 1075 3870 in
1100 3815 1281 3879 domo,
1315 3825 1512 3883 negare
1540 3826 1646 3866 non
1675 3826 1804 3883 pos-

207 3926 423 3976 sumus,
460 3912 674 3966 dicente
699 3908 953 3978 Apostolo
976 3949 993 3975 ,
1021 3905 1088 3961 In
1108 3922 1295 3977 magna
1321 3914 1488 3958 autent
1512 3904 1662 3958 domo
1683 3921 1787 3960 non

208 4005 378 4058 solum
412 4018 573 4056 aurea
596 4018 717 4055 vasa
746 4010 861 4055 sunt
884 4000 960 4054 uel
988 4007 1245 4070 argentea,
1289 3996 1378 4051 sed
1397 4005 1444 4050 et
1469 3996 1636 4067 lignea
1654 4005 1701 4051 et
1739 3997 1806 4069 [io

209 4099 392 4161 ctilia;
419 4107 466 4151 et
511 4095 618 4149 alia
658 4093 860 4163 quidem
888 4101 1007 4147 sunt
1050 4092 1105 4145 in
1152 4090 1433 4155 honorem,
1461 4089 1565 4143 alia
1609 4104 1725 4143 vero
1750 4088 1805 4144 in

213 4191 582 4247 contumelia»:
613 4188 677 4262 (ll
706 4187 840 4241 Tim.
880 4203 937 4252 ιι,
963 4186 1059 4253 20)
1094 4184 1193 4255 (a).
1221 4183 1301 4239 Ex
1350 4183 1453 4239 hoc
1478 4197 1702 4238 numero
1723 4183 1806 4237 in-

213 4284 559 4350 numerabili,
591 4296 697 4337 non
723 4281 896 4335 solum
934 4278 1088 4333 turba
1118 4278 1261 4333 intus
1292 4290 1544 4347 premens
1562 4290 1657 4331 cor
1673 4290 1805 4346 pau-

207 4393 404 4433 corum
426 4379 479 4432 in
505 4384 669 4431 tantm
691 4371 1044 4429 multitudinis
1058 4369 1456 4440 comparatione
1477 4377 1805 4435 sanctorum,

206 4469 314 4525 sed
343 4471 505 4525 etiam
535 4466 791 4537 disruptis
814 4463 1020 4521 retibus
1053 4446 1299 4517 haereses
1313 4468 1367 4515 et
1387 4460 1673 4516 schismata
1694 4459 1809 4515 exi-

204 4569 368 4617 stunt
391 4562 448 4616 in
491 4560 571 4615 eis
592 4599 609 4624 ,
636 4559 725 4629 qui
748 4557 857 4627 jam
884 4554 1052 4625 magis
1071 4568 1139 4608 ex
1166 4552 1330 4607 domo
1354 4568 1513 4622 quam
1544 4553 1595 4605 in
1636 4550 1804 4606 domo

210 4666 344 4709 esse
381 4651 600 4707 dicendi
626 4659 771 4713 sunt,
820 4647 889 4702 de
929 4645 1123 4715 quibus
1154 4643 1369 4710 dicitur,
1402 4642 1482 4696 Ea:
1508 4643 1649 4696 nobis
1677 4642 1811 4696 exie-

212 4754 367 4810 runt,
388 4742 480 4798 sed
502 4757 605 4795 non
629 4747 771 4794 erant
795 4753 856 4792 ea:
883 4736 1023 4791 nobis
1050 4734 1069 4805 (
1094 4733 1288 4789 lJoan.
1316 4749 1374 4794 tt,
1426 4732 1537 4801 19).
1581 4731 1811 4801 Separa-

209 4838 391 4892 tiores
416 4835 563 4891 enim
603 4839 728 4886 sunt
769 4831 881 4900 jam
926 4829 1089 4884 etiam
1119 4826 1471 4895 corporaliter
1504 4825 1809 4893 segregati,

206 4943 383 5000 quam
415 4928 493 4982 illi
522 4925 612 4996 qui
640 4922 865 4978 interius
891 4920 1181 4977 carnaliter
1201 4925 1255 4972 et
1279 4916 1578 4971 animalitcr
1608 4917 1809 4981 vivunt,

208 5033 267 5077 et
297 5020 659 5093 spiritualiter
684 5015 917 5087 separati
949 5022 1095 5069 sunt.

278 5112 521 5171 CAPUT
560 5111 670 5166 ιιι.
699 5138 772 5151 --
796 5106 920 5163 ιου.
950 5105 1150 5161 Horum
1180 5112 1357 5157 autem
1380 5101 1615 5155 outnium
1641 5114 1805 5169 gene-

203 5223 340 5263 rum
371 5207 451 5263 illi
473 5204 655 5277 primi,
687 5203 774 5273 qui
802 5201 881 5257 sic
924 5206 1048 5254 sunt
1074 5199 1126 5252 in
1157 5197 1316 5251 domo
1344 5194 1470 5258 Dei,
1501 5203 1560 5247 ut
1584 5193 1685 5264 ipsi
1709 5192 1818 5247 sint

200 5303 420 5358 domus
444 5300 560 5363 Dei,
588 5299 703 5353 sive
734 5296 841 5365 jam
870 5292 1171 5364 apiritnales
1197 5293 1333 5353 sint,
1361 5288 1472 5343 sive
1501 5287 1674 5342 adhuc
1700 5301 1819 5355 par-

200 5396 325 5450 vuli
361 5394 503 5447 lacte
548 5390 849 5446 nutriantur
873 5427 889 5453 ,
936 5384 1028 5440 sed
1059 5394 1232 5437 tanten
1264 5382 1329 5436 ad
1367 5380 1645 5449 spirituale
1672 5378 1824 5433 habi-

213 5498 345 5544 tum
382 5488 588 5541 intento
610 5482 774 5540 corde
794 5477 1108 5551 proficiant,
1136 5488 1295 5530 nemo
1321 5473 1533 5529 dubitat
1554 5471 1693 5541 quod
1720 5472 1821 5525 Ba-

210 5583 496 5652 ptismutn
526 5588 579 5632 et
600 5574 799 5628 utiliter
827 5570 1075 5634 habeant,
1106 5576 1160 5621 ct
1183 5581 1241 5621 se
1267 5564 1595 5619 imitantibus
1617 5563 1817 5618 utiliter

210 5651 505 5730 tradant:
556 5666 692 5723 ﬁctis
731 5674 929 5727 autem,
975 5673 1107 5731 quos
1135 5655 1362 5728 Spiritus
1408 5663 1622 5708 sanctus
1670 5651 1820 5725 fugit,

276 5877 379 5941 (a)
410 5881 442 5925 tt
464 5883 691 5929 neti-act,
713 5885 818 5934 cap.
848 5870 922 5923 18.

1548 392 1752 458 LIBER
1784 394 2140 455 SEPTIMUS.

1902 515 2001 568 etsi
2028 514 2147 583 ipsi,
2169 524 2422 586 quantum
2453 515 2505 572 in
2535 518 2616 573 eis
2641 524 2762 584 est,
2790 516 2991 572 utiliter
3017 514 3265 585 tradunt,
3298 518 3372 574 illi
3394 530 3478 575 ta-

1900 620 2025 661 men
2065 606 2321 663 inutiliter
2352 608 2636 678 accipiunt,
2671 624 2777 664 non
2810 609 3076 665 imitantes
3092 624 3187 665 eos
3216 625 3311 680 per
3340 626 3477 681 quos

1899 697 2182 767 accipiunt.
2214 698 2294 754 Illi
2318 715 2447 756 vero
2469 702 2559 771 qui
2598 703 2677 759 sic
2711 711 2835 758 sunt
2862 702 2917 757 in
2946 717 3137 774 magna
3165 703 3325 759 domo
3354 713 3476 760 tan-

1898 804 2056 860 quam
2076 780 2204 847 basa
2231 791 2283 847 in
2312 793 2684 848 contumeliam
2704 836 2718 859 ,
2746 802 2803 849 et
2832 794 3091 849 inutiliter
3134 794 3334 851 habent
3362 795 3473 851 Ba-

1900 882 2172 951 ptismum,
2212 892 2265 938 et
2294 898 2353 939 se
2385 883 2712 941 imitantibus
2760 885 3017 941 inutiliter
3056 886 3271 941 tradunt
3328 903 3342 940 :
3397 885 3476 942 illi

1900 986 2063 1044 porro
2086 974 2155 1029 ab
2178 974 2258 1031 eis
2304 974 2505 1032 utiliter
2530 978 2827 1047 accipiunt,
2853 978 2945 1049 qui
2994 993 3101 1034 non
3146 979 3275 1051 ipsis
3313 979 3481 1035 corde

1898 1070 2059 1135 atque
2094 1065 2351 1132 moribus,
2398 1067 2495 1123 sed
2537 1078 2734 1124 sancte
2775 1067 2957 1124 domui
3008 1069 3345 1140 copulantur.
3376 1069 3481 1138 Qui

1897 1163 2076 1211 autem
2122 1158 2494 1227 separatiores,
2545 1174 2653 1215 non
2690 1160 2857 1231 magis
2903 1160 2957 1215 in
2995 1114 3157 1215 duino
3205 1176 3364 1231 quam
3380 1114 3526 1247 “ex!

1898 1246 2058 1303 domo
2087 1257 2231 1315 sunt,
2277 1263 2448 1320 neque
2471 1252 2689 1306 omnino
2715 1250 2917 1306 utiliter
2938 1250 3138 1306 habent
3161 1292 3177 1317 ,
3211 1267 3384 1322 neque
3408 1250 3478 1307 ab

1898 1340 1977 1396 eis
2006 1341 2205 1396 utiliter
2231 1342 2506 1412 accipitur,
2537 1343 2641 1398 nisi
2669 1343 2803 1399 forte
2845 1344 3139 1414 accipiendi
3181 1344 3482 1400 necessitas

1900 1442 2103 1503 urgeat,
2134 1440 2192 1489 et
2215 1433 2526 1505 accipientis
2553 1435 2766 1491 animus
2790 1435 2858 1491 ab
2884 1436 3103 1491 unitatis
3130 1437 3343 1492 vinculo
3374 1452 3481 1492 non

1899 1524 2153 1580 recedat:
2187 1533 2363 1582 tamen
2402 1534 2458 1582 et
2501 1526 2717 1593 habent,
2752 1542 3054 1598 quanquam
3100 1529 3355 1585 inutiliter
3384 1529 3483 1583 ba-

1900 1613 2091 1679 beant;
2124 1623 2178 1671 et
2204 1616 2461 1687 accipitur
2483 1617 2552 1673 ab
2577 1618 2676 1683 eis,
2706 1617 2868 1672 etiam
2910 1631 3031 1672 cum
3068 1618 3249 1673 inutile
3287 1629 3370 1673 est
3393 1632 3486 1673 ac-

1899 1704 2247 1775 cipientibus;
2292 1707 2436 1778 quod
2488 1717 2547 1763 ut
2584 1708 2677 1763 fiat
2719 1708 2871 1774 utile,
2913 1707 2981 1762 ab
3008 1708 3201 1763 hteresi
3231 1710 3314 1764 vel
3341 1709 3486 1764 schi-

1900 1810 2072 1853 smate
2100 1799 2456 1855 recedendum
2485 1810 2602 1867 est,
2641 1808 2697 1856 et
2736 1800 2811 1855 illi
2851 1799 3032 1855 domui
3063 1799 3440 1855 cohterendum
3470 1817 3486 1853 :

1900 1890 2042 1961 quod
2070 1905 2175 1945 non
2221 1890 2396 1945 solum
2445 1890 2680 1947 haeretici
2715 1900 2769 1947 et
2810 1891 3154 1957 schismatici,
3192 1890 3286 1946 sed
3329 1890 3490 1946 etiam

1903 1981 1979 2037 illi
2000 1981 2178 2037 facere
2202 1981 2436 2049 debent,
2466 1982 2554 2052 qui
2589 1982 2668 2037 sic
2694 1993 2818 2037 sunt
2847 1980 2899 2037 in
2928 1981 3089 2037 domo
3124 1997 3223 2051 per
3251 1997 3492 2037 commu-

1902 2071 2115 2127 nionem
2144 2072 2641 2139 Sacramentorunt,
2684 2080 2745 2126 ut
2782 2080 2933 2127 extra
2976 2071 3193 2127 domum
3236 2072 3343 2128 sint
3394 2086 3491 2142 per

1902 2162 2265 2221 diversitatem
2305 2177 2515 2217 morum
2578 2180 2591 2217 :
2648 2162 2724 2217 sic
2770 2162 2912 2217 enim
2953 2172 3007 2218 et
3032 2162 3163 2232 ipsis
3188 2162 3318 2217 utile
3344 2159 3481 2217 inci-

1902 2255 1981 2324 pit
2003 2268 2123 2309 esse
2146 2251 2571 2318 Sacramentum,
2607 2252 2748 2323 quod
2768 2255 2922 2309 aliter
2945 2253 3128 2309 inutile
3153 2262 3256 2309 est.

1973 2344 2201 2401 CAPUT
2249 2340 2381 2400 Llll.
2422 2374 2491 2388 —-
2530 2344 2655 2399 101.
2685 2344 2834 2400 Solet
2876 2346 3036 2400 etiam
3082 2346 3269 2416 qumri,
3313 2356 3493 2401 utrum

1902 2437 2300 2507 approbantium
2332 2437 2402 2512 sit
2431 2436 2719 2505 Baptisma,
2747 2435 2888 2506 quod
2915 2436 2983 2491 ab
3000 2452 3066 2491 eo
3088 2437 3177 2508 qui
3203 2454 3308 2491 non
3330 2452 3489 2493 acce-

1903 2528 2001 2597 pit,
2023 2527 2301 2596 accipitur,
2344 2526 2389 2580 si
2419 2525 2556 2581 forte
2593 2525 2693 2581 hoc
2717 2526 3025 2581 curiositate
3050 2526 3228 2597 aliqua
3259 2528 3275 2559 ¹
3305 2527 3494 2585 didicit

1902 2618 2347 2689 quemadmodum
2378 2616 2610 2672 dandum
2638 2617 2708 2672 sit
2738 2634 2752 2672 :
2783 2626 2838 2673 et
2879 2625 3057 2672 utrum
3091 2617 3219 2672 nihil
3256 2620 3489 2688 intersit,

1903 2726 2009 2781 quo
2034 2710 2214 2765 animo
2235 2708 2461 2780 accipiat
2502 2708 2592 2764 ille
2618 2709 2703 2763 cui
2732 2707 2926 2777 datur,
2955 2724 3078 2765 cum
3124 2711 3489 2780 simulatione,

1901 2818 1973 2858 an
2014 2792 2130 2858 sine
2181 2800 2519 2857 simulatione
2575 2818 2590 2855 :
2647 2801 2692 2855 si
2736 2815 2856 2855 cum
2904 2800 3266 2871 simulatione,
3312 2811 3497 2862 utrum

1902 2894 2113 2959 fallens,
2156 2894 2294 2949 sicut
2341 2893 2395 2947 in
2427 2893 2693 2960 Ecclesia,
2742 2892 2826 2948 vel
2868 2894 2925 2947 in
2967 2908 3029 2948 ea
3075 2909 3196 2964 qua:
3270 2904 3490 2967 putatur

1902 2987 2188 3053 Ecclesia;
2241 3001 2312 3041 an
2377 2987 2602 3057 jocans,
2661 2985 2801 3041 sicut
2856 2985 2908 3040 in
2970 2987 3135 3043 mimo
3184 3005 3200 3044 :
3263 3001 3319 3049 et
3368 2990 3499 3063 quid

1902 3082 1974 3136 sit
2026 3081 2373 3145 sceleratius,
2431 3081 2483 3135 in
2523 3079 2760 3136 Ecclesia
2813 3079 3073 3137 fallaciter
3130 3089 3396 3158 accipere,
3425 3102 3496 3144 an

1904 3173 1957 3229 in
2006 3172 2195 3228 haeresi
2223 3171 2305 3227 vel
2333 3170 2622 3227 schismate
2662 3171 2780 3229 sine
2821 3174 3048 3243 fallacia,
3076 3178 3131 3234 id
3173 3188 3278 3247 est,
3317 3178 3499 3235 animo

1906 3279 2013 3320 non
2039 3263 2322 3328 simulato;
2365 3271 2422 3319 et
2460 3271 2638 3318 utrum
2682 3264 2737 3321 in
2775 3264 2969 3322 hteresi
3016 3266 3316 3336 fallaciter,
3347 3284 3414 3323 an
3442 3269 3498 3324 itt

1904 3356 2070 3414 mimo
2094 3372 2216 3413 cum
2246 3355 2374 3423 fide,
2424 3355 2470 3411 si
2499 3356 2780 3428 quisquam
2821 3360 2963 3415 inter
2990 3360 3258 3433 agendum
3299 3376 3499 3432 repen-

1904 3453 2015 3507 tina
2045 3451 2240 3522 pietate
2266 3460 2563 3508 moveatur.
2602 3450 2918 3522 Quanquam
2946 3452 3106 3509 talem
3142 3453 3187 3508 si
3232 3454 3393 3507 etiam
3420 3452 3500 3509 illi

1904 3543 2243 3600 conferamus
2279 3544 2372 3614 qui
2414 3544 2467 3598 in
2508 3543 2622 3613 ipsa
2659 3541 2937 3599 Catholica
2977 3542 3237 3599 fallaciter
3265 3541 3496 3614 accipit,

1906 3639 2099 3693 tnirttm
2139 3636 2185 3691 si
2229 3635 2502 3691 dubitatur
2551 3634 2670 3706 quis
2698 3636 2783 3690 cui
2822 3634 3194 3705 praeferendus
3219 3635 3289 3689 sit
3320 3651 3334 3688 :
3365 3632 3493 3705 quid

1852 3766 1857 3773 ~
1907 3731 2049 3787 enim
2079 3730 2247 3800 prosit
2280 3729 2490 3784 animus
2533 3727 2796 3783 veraciter
2845 3727 3306 3783 dantisfallaciter
3344 3728 3495 3782 acci-

1907 3824 2093 3896 pienti,
2146 3837 2252 3878 non
2306 3821 2480 3877 video.
2522 3819 2628 3876 Sed
2683 3820 3007 3876 arbitremur
3055 3820 3286 3890 aliquem
3328 3820 3495 3875 etiam

1910 3916 2173 3971 fallaciter
2198 3913 2433 3978 dantem,
2464 3926 2585 3966 cum
2614 3919 2670 3966 et
2698 3910 2915 3965 tradens
2955 3920 3009 3965 et
3035 3910 3304 3979 accipiens
3338 3909 3494 3965 falla-

1907 4010 2042 4067 citer
2061 4018 2219 4079 agant
2247 4007 2301 4061 in
2332 4006 2444 4076 ipsa
2474 4007 2673 4059 unitate
2716 4003 2977 4059 catholica
3001 4045 3016 4068 ,
3047 3984 3223 4057 utrum
3252 4002 3355 4060 hoc
3378 4018 3496 4058 ma-

1910 4103 1991 4172 gis
2014 4099 2284 4171 Baptisma
2312 4097 2381 4153 sit
2405 4095 2814 4168 acceptandum,
2839 4111 2907 4150 an
2936 4094 3065 4151 illud
3090 4094 3231 4166 quod
3253 4094 3305 4151 in
3333 4094 3499 4150 mimo

1910 4192 2088 4259 datur,
2114 4191 2158 4246 si
2189 4188 2310 4261 quis
2338 4188 2532 4245 existat
2567 4186 2656 4257 qui
2700 4185 2931 4241 fideliter
2977 4185 3154 4241 subito
3197 4191 3503 4242 commotus

1912 4285 2136 4357 accipiat
2166 4302 2179 4341 :
2209 4298 2275 4341 an
2304 4291 2558 4354 quantum
2585 4280 2650 4336 ad
2678 4280 2824 4351 ipsos
2859 4278 3077 4350 quidem
3105 4279 3296 4334 attinet
3324 4280 3501 4335 homi-

1914 4393 2029 4441 nes,
2062 4376 2349 4448 plurimum
2378 4374 2540 4429 distet
2583 4374 2723 4428 inter
2768 4372 3073 4427 credentem
3121 4371 3173 4426 in
3213 4373 3414 4438 ntimo,
3446 4382 3511 4429 et

1915 4470 2225 4525 irridentem
2268 4468 2321 4522 in
2354 4467 2622 4530 Ecclesia;
2664 4464 2730 4520 ad
2758 4464 2923 4534 ipsius
2948 4472 3125 4519 autem
3163 4462 3504 4520 Sacramcuti

1916 4562 2275 4633 integritatem
2308 4559 2437 4615 nihil
2469 4558 2695 4614 intersit.
2728 4557 2784 4614 Si
2827 4556 2970 4612 enim
3014 4556 3147 4611 nihil
3175 4555 3396 4612 interest
3430 4556 3503 4613 ad

1916 4658 2275 4728 integritatem
2314 4653 2643 4712 Sacramenti
2670 4652 2722 4706 in
2750 4652 2860 4720 ipsa
2890 4649 3199 4716 Catholica,
3229 4657 3407 4704 utrum
3446 4648 3505 4706 id

1916 4750 2076 4822 aliqui
2107 4748 2365 4805 fallaciter
2403 4762 2468 4800 an
2497 4744 2755 4800 veraciter
2799 4749 2978 4812 agant,
3018 4756 3140 4796 cum
3190 4749 3369 4797 tamen
3397 4739 3502 4796 hoc

1918 4844 2058 4899 idem
2089 4842 2300 4913 utrique
2338 4847 2537 4910 agant:
2571 4852 2665 4892 cur
2694 4844 2843 4891 extra
2893 4834 3139 4897 intersit,
3169 4849 3275 4888 non
3310 4834 3502 4899 video;

1918 4935 2130 5006 quando
2177 4934 2270 4989 ille
2313 4932 2401 5003 qui
2451 4930 2663 4999 accipit,
2704 4943 2810 4983 non
2853 4926 3192 4984 simulatione
3233 4926 3503 4997 palliatus,

1839 5025 1842 5029 ’
1920 5027 2013 5083 sed
2042 5026 2298 5095 religione
2336 5030 2567 5077 mutatus
2595 5030 2697 5075 est.
2739 5019 2819 5073 An
2850 5019 2967 5089 plus
2992 5018 3171 5075 valent
3204 5017 3270 5073 ad
3300 5017 3501 5072 contir-

1921 5118 2174 5174 maudum
2199 5115 2603 5171 Sacratncntum
2636 5110 2711 5166 illi
2741 5123 2957 5167 veraces
2987 5107 3128 5164 inter
3147 5123 3282 5181 quos
3308 5108 3502 5175 agitur,

1923 5226 2080 5283 quam
2104 5210 2167 5265 ad
2196 5205 2556 5264 frustrandum
2604 5204 2677 5260 illi
2708 5203 2929 5260 fallaces
2952 5219 2982 5257 a
3007 5203 3200 5273 quibus
3229 5201 3422 5269 agitur,
3451 5206 3508 5283 et

1926 5274 1978 5362 in
2010 5304 2200 5377 quibus
2224 5299 2437 5372 agitur?
2464 5298 2529 5354 Et
2557 5307 2733 5354 tamen
2763 5298 2807 5353 si
2839 5307 3020 5368 postea
3044 5295 3316 5366 prodatur,
3348 5274 3511 5348 nemo

1927 5396 2139 5469 repetit,
2171 5393 2262 5450 sed
2287 5401 2379 5448 aut
2406 5389 2916 5449 excommunicando
2936 5388 3153 5461 punitur
3176 5382 3266 5440 illa
3292 5380 3513 5435 simula-

1928 5491 2020 5555 tio,
2050 5497 2140 5543 aut
2163 5483 2470 5558 paenitendo
2495 5492 2733 5538 sanatur.

2001 5581 2124 5638 102.
2153 5579 2261 5636 Sed
2287 5578 2439 5633 nobis
2470 5586 2639 5631 tutum
2679 5583 2778 5638 est,
2812 5574 2866 5628 in
2892 5587 2953 5624 ea
3002 5584 3107 5624 non
3136 5562 3384 5637 progredi
3415 5564 3515 5620 ali-

1932 5691 2030 5747 qua
2055 5671 2349 5729 temeritate
2378 5668 2674 5730 sentcntim,
2706 5680 2823 5735 qum
2850 5662 2992 5716 nullo
3031 5660 3082 5714 in
3123 5658 3386 5714 catholico
3420 5668 3513 5713 re-

1998 5794 2014 5824 ι
2053 5798 2184 5848 I.ov.,
2205 5788 2248 5853 si
2272 5788 2388 5853 forte
2410 5780 2682 5835 curiositate
2884 5789 2905 5853 ξ,
3137 5775 3244 5835 hoc,
3267 5773 3397 5842 quod
3412 5779 3516 5824 Am.

1942 5864 1994 5909 et
2012 5839 2240 5906 Gaditani
2256 5839 2470 5914 potiores
2491 5839 2798 5902 manuscripti
2821 5839 3021 5891 habent.

3510 5922 3586 6011 is.
