4008 6464
472 424 575 481 24⁸1

472 536 571 592 sibi
590 534 731 607 apud
749 533 1023 605 imperitos
1040 529 1291 585 adversus
1314 524 1639 581 Catholicam
1666 521 1945 592 scripsisse
1966 520 2045 574 vi-

476 625 712 682 deretur.
1874 668 1877 671 .

504 706 507 709 ’
544 713 600 768 2.
624 696 753 769 Hoc
790 726 916 783 ergo
945 709 1034 764 ille
1058 707 1283 777 primum
1314 705 1368 760 in
1392 703 1614 774 epistola
1644 716 1738 757 sua
1765 701 1939 771 posuit
1963 699 2049 755 di-

476 818 625 871 cens,
652 803 788 873 quod
808 802 876 855 eis
899 798 1193 869 objiciamus
1212 796 1287 851 bis
1313 795 1594 865 Baptisma,
1626 793 1710 862 qui
1732 792 1823 847 sub
1851 789 2051 845 nomine

479 892 728 962 Baptismi
763 892 957 944 animas
998 895 1193 943 nostras
1225 903 1311 941 reo
1349 886 1547 940 lavacro
1594 883 1882 952 polluimus.
1913 880 2050 949 Quid

478 996 654 1040 autem
701 982 917 1052 prodest
947 981 1126 1036 omnia
1171 980 1286 1049 ejus
1331 976 1714 1033 contumeliosa
1755 975 1916 1031 verba
1964 988 2051 1028 re-

479 1074 701 1130 texere?
727 1072 857 1127 Nam
884 1071 1133 1143 quoniam
1158 1070 1299 1126 aliud
1325 1078 1407 1124 est
1447 1068 1764 1123 documenta
1806 1066 2017 1120 ﬁrmare
2035 1104 2052 1131 ,

480 1164 621 1218 aliud
643 1162 919 1218 maledicta
944 1160 1237 1217 refellendo
1260 1168 1516 1224 tractare;
1541 1157 1670 1212 illud
1694 1158 1866 1227 potius
1885 1163 2057 1209 atten-

481 1254 702 1319 damus,
745 1269 853 1323 quo
880 1261 1032 1322 pacto
1060 1246 1428 1306 demonstrare
1468 1247 1717 1313 voluerit,
1751 1261 1847 1300 nos
1873 1243 2055 1313 Bapti-

482 1358 654 1398 smum
683 1360 786 1398 non
813 1343 1031 1408 habere,
1059 1352 1112 1396 et
1140 1342 1257 1396 ideo
1286 1354 1346 1395 se
1373 1356 1480 1395 non
1510 1347 1753 1408 repetere
1780 1336 1919 1406 quod
1944 1337 2056 1404 jam

483 1441 619 1500 erat,
648 1432 743 1487 sed
779 1432 908 1487 dare
943 1431 1086 1503 quod
1115 1447 1220 1486 non
1248 1440 1382 1486 erat.
1414 1431 1504 1484 Ait
1532 1429 1671 1484 enim
1698 1445 1710 1482 :
1744 1426 2059 1481 Conscientia

485 1540 700 1593 namque
727 1524 893 1577 dantis
913 1524 1204 1587 attenditur,
1228 1522 1314 1592 qui
1340 1521 1511 1575 abluat
1540 1517 1870 1589 accipientis?
1898 1515 2055 1583 Quid,

484 1616 531 1671 si
557 1616 718 1671 lateat
744 1615 919 1671 dantis
945 1615 1285 1691 conscientia,
1329 1624 1383 1668 et
1406 1613 1629 1667 fortasse
1655 1611 1922 1665 maculosa
1952 1607 2058 1663 sit?

1310 411 1585 468 CONTRA
1621 405 1959 465 LITTERAS
1997 404 2360 475 PETILIANI,
2400 406 2462 464 S.
2501 404 2869 465 AUGUSTINI

2156 519 2522 590 ptizandorum
2550 521 2794 578 auferunt
2826 537 2858 578 a
2904 523 3132 581 Domino
3176 525 3289 583 Deo
3305 514 3419 596 {et
3447 526 3501 593 in
3530 530 3757 600 homine

2156 609 2454 679 ponendam
2490 626 2613 667 esse
2647 611 2991 682 persuadent.
3026 613 3176 672 Unde
3200 615 3260 673 ﬁt
3287 627 3520 683 oomnlno
3562 641 3624 686 ut
3650 648 3759 690 non

2157 699 2377 766 incerta,
2406 702 2499 757 sed
2526 717 2743 773 prorsus
2774 705 2915 758 nulla
2940 704 3011 760 sit
3038 706 3183 761 salus
3209 726 3223 762 :
3254 713 3409 782 quia,
3441 715 3662 776 Domini
3681 732 3757 778 est

2158 790 2296 845 salus
2321 790 2493 863 (Psal.
2514 808 2590 858 Ill,
2618 792 2705 863 9);
2735 801 2812 859 et,
2850 792 2996 849 Vana
3021 797 3160 851 salus
3186 799 3412 859 hominis
3439 807 3617 882 (Psal.
3647 828 3758 880 ιιι,

2161 880 2271 955 15).
2300 883 2480 953 Itaque
2503 884 2743 955 quisquis
2783 886 2834 939 in
2867 885 3084 943 homine
3108 905 3269 963 spem
3294 880 3558 968 posuerit,
3592 906 3756 961 etiam

2159 989 2316 1043 quem
2362 974 2560 1045 justum
2604 986 2659 1031 et
2700 977 3035 1035 innocentem
3080 986 3277 1057 novit,
3304 992 3626 1051 maledictus
3652 1006 3758 1055 est.
3828 1013 3842 1047 ε

2162 1063 2316 1121 Unde
2352 1076 2407 1121 et
2452 1067 2723 1135 apostolus
2751 1067 2948 1123 Paulus
2975 1085 3074 1126 eos
3116 1076 3205 1146 qui
3234 1077 3485 1137 dicebant
3521 1099 3580 1141 se
3608 1086 3759 1144 Pauli
3828 1063 3839 1128 λ-

2159 1169 2301 1222 esse,
2322 1156 2598 1229 objurgat,
2629 1168 2683 1214 et
2728 1159 2859 1215 dicit
2888 1178 2900 1215 :
2945 1162 3220 1238 Numquid
3250 1170 3449 1229 Paulus
3496 1194 3590 1247 pro
3618 1180 3758 1234 vobis

2160 1247 2432 1316 cruciﬁxus
2455 1258 2528 1303 est
2547 1249 2574 1303 ἵ
2590 1258 2679 1304 aut
2699 1250 2754 1305 in
2770 1253 2977 1308 nomine
2995 1254 3154 1312 Pauli
3175 1260 3415 1332 baptismi
3438 1267 3556 1321 estis
3572 1268 3615 1341 (I
3635 1268 3756 1325 Cor.

2162 1338 2366 1408 515)?
3585 1338 3593 1341 ‘
3790 1338 3837 1408 ές

2230 1428 2456 1486 CAPUT
2494 1430 2581 1486 IV.
2610 1462 2681 1474 -
2709 1433 2761 1488 5.
2802 1434 3159 1510 Quapropter,
3207 1445 3253 1499 si
3293 1431 3542 1505 errabant
3573 1452 3670 1519 illi,
3699 1428 3843 1515 θιῧέ

2163 1518 2265 1573 nisi
2295 1521 2708 1592 corrigerentur,
2738 1525 2997 1594 perirent,
3025 1531 3115 1600 qui
3145 1534 3395 1593 volebant
3414 1555 3534 1597 esse
3562 1518 3757 1610 Pauli;
3832 1520 3839 1532 Ι

2162 1627 2280 1682 qua:
2306 1614 2518 1669 tandem
2557 1631 2681 1686 spes
2706 1633 2893 1674 eorum
2934 1631 3048 1691 est,
3081 1626 3171 1694 qui
3220 1642 3464 1699 quaerunt
3505 1648 3627 1690 esse
3653 1636 3765 1691 Do-

486 1709 752 1778 quomodo
780 1708 971 1777 poterit
990 1708 1295 1778 accipientis
1317 1706 1533 1762 abluere
1558 1704 1957 1768 conscientiam,
1989 1702 2056 1768 si,

486 1799 929 1868 quemadmodum
953 1799 1101 1864 dicit,
1132 1799 1434 1853 conscientia
1462 1797 1631 1851 dantis
1657 1795 1949 1860 attenditur,
1972 1793 2060 1864 qui

486 1889 658 1944 abluat
684 1892 973 1961 accipientis
988 1892 1015 1944 .9
1037 1890 1091 1946 Si
1119 1891 1259 1946 enim
1288 1889 1479 1945 dixerit
1499 1889 1564 1943 ad
1587 1888 1931 1957 accipientem
1954 1900 2060 1940 non

2165 1703 2315 1757 nati?
2358 1702 2414 1757 Id
2444 1705 2585 1759 enim
2633 1716 2799 1776 agunt
2825 1710 2913 1764 isti
2932 1752 2948 1777 ,
2979 1721 3039 1767 ut
3063 1716 3251 1786 origo,
3300 1720 3483 1789 radix,
3513 1734 3567 1778 et
3590 1714 3786 1795 caput:~

2166 1794 2416 1866 baptizati
2446 1812 2549 1851 non
2576 1798 2677 1852 nisi
2711 1800 2802 1855 ille
2843 1802 2913 1857 sit
2939 1818 2971 1857 a
2997 1821 3103 1873 quo
3131 1806 3449 1879 baptizatur.
3480 1813 3554 1867 Ita
3587 1813 3791 1891 mut,"

2165 1887 2417 1956 quoniam
2464 1887 2779 1959 plerumque
2819 1892 2992 1961 qualis
3031 1896 3101 1950 sit
3142 1897 3440 1969 baptizator
3491 1887 3787 1982 incertum:

489 1981 755 2049 pertinere
776 1979 1029 2051 quidquid
1055 1980 1177 2034 mali
1206 1980 1418 2034 latuerit
1443 1979 1497 2032 in
1520 1978 1842 2033 conscientia
1863 1975 2058 2042 dantis,

488 2072 554 2127 ad
580 2071 682 2128 hoc
704 2074 895 2127 valebit
926 2073 1146 2128 fortasse
1174 2073 1262 2127 illa
1291 2072 1608 2141 ignorantia,
1628 2078 1683 2123 ut
1702 2069 1768 2123 de
1785 2068 2062 2123 conscien-

491 2164 561 2218 tia
587 2164 929 2234 baptizatoris
958 2166 1038 2220 sui
1071 2180 1174 2219 non
1196 2164 1364 2234 possit
1384 2162 1625 2218 nesciens
1646 2160 1918 2215 maculari.
1941 2156 2065 2213 Suf-

493 2253 631 2309 ﬁciat
658 2270 784 2325 ergo
812 2264 869 2309 ut
887 2256 1105 2310 alterius
1123 2255 1450 2310 conscientia
1479 2253 1743 2308 maculosa
1769 2268 1890 2307 cum
1911 2253 2062 2321 igno-

490 2356 655 2410 ratur,
687 2364 791 2401 non
830 2348 1094 2403 maculet:
1128 2345 1379 2417 numquid
1419 2354 1595 2401 autem
1645 2345 1803 2400 etiam
1848 2344 2065 2399 abluere

491 2445 665 2503 potcSL
678 2438 703 2490 ?

560 2525 785 2581 CAPUT
812 2526 872 2581 ll.
894 2557 966 2567 —
985 2528 1038 2581 5.
1079 2526 1228 2582 Unde
1257 2527 1415 2596 igitur
1440 2526 1730 2581 abluendus
1755 2534 1836 2580 est
1863 2526 1952 2595 qui
1977 2539 2067 2581 ac-
2098 2571 2102 2575 ,

490 2617 615 2688 cipit
640 2617 961 2687 Baptismum
987 2660 1003 2685 ,
1030 2634 1150 2673 cum
1180 2619 1351 2673 dantis
1382 2617 1579 2686 polluta
1610 2616 1933 2672 conscientia
1960 2625 2061 2681 est,

491 2716 549 2761 et
571 2706 671 2761 hoc
698 2708 787 2763 ille
806 2710 895 2777 qui
916 2717 998 2763 est
1015 2718 1329 2777 accepturus
1352 2708 1593 2777 ignorat?
1622 2707 1922 2761 Praesertim
1944 2721 2067 2761 cum

492 2797 683 2863 addat,
715 2808 770 2854 et
802 2800 941 2855 dicat
965 2843 979 2865 ,
1025 2799 1162 2853 Nam
1190 2801 1276 2869 qui
1310 2800 1461 2867 ﬁdem
1487 2816 1519 2852 a
1546 2800 1739 2869 perﬁdo
1766 2800 2064 2868 sumpserit,

492 2904 594 2941 non
619 2888 770 2957 ﬁdem
796 2891 1027 2961 percipit,
1064 2891 1151 2945 sed
1175 2900 1388 2943 reatum.
1420 2890 1558 2945 Ecce
1580 2898 1684 2945 stat
1713 2890 1945 2960 perlidus
1973 2891 2069 2945 ba-

495 2978 803 3048 ptizaturus,
827 2990 877 3035 at
910 2982 997 3037 ille
1034 2982 1124 3051 qui
1149 2981 1495 3052 baptizandus
1519 2991 1620 3049 est,
1647 2981 1920 3051 perﬁdiam
1950 2984 2066 3053 ejus

493 3068 737 3138 ignorat:
763 3071 887 3140 quid
912 3087 1032 3126 eum
1053 3081 1390 3140 accepturum
1410 3086 1529 3127 esse
1556 3073 1864 3127 arbitraris?
1888 3082 2065 3127 utrum

494 3158 675 3229 ﬁdem,
705 3176 770 3215 an
799 3164 1040 3217 reatum?
1076 3162 1132 3218 Si
1163 3163 1359 3218 dixeris
1386 3162 1543 3218 ﬁdem
1569 3178 1585 3227 ;
1613 3163 1877 3218 concedes
1907 3178 2068 3233 posse

496 3249 610 3308 ﬁeri
638 3262 750 3308 uta
779 3254 981 3323 perﬁdo
1021 3255 1245 3325 quisque
1284 3254 1443 3310 ﬁdem
1474 3254 1769 3324 percipiat,
1813 3270 1918 3310 non
1947 3270 2069 3312 rea-

496 3348 641 3409 tum;
668 3352 723 3399 et
741 3344 927 3400 falsum
958 3345 1059 3400 erit
1092 3344 1222 3399 illud
1252 3345 1394 3414 quod
1422 3345 1619 3421 dictum
1656 3353 1758 3408 est,
1797 3345 1897 3412 Qui
1918 3346 2071 3415 ﬁdem

493 3448 527 3485 a
563 3434 756 3504 perﬁdo
792 3436 1092 3505 sumpserit,
1127 3452 1229 3489 non
1258 3436 1411 3504 ﬁdem
1453 3438 1695 3507 percipit,
1726 3438 1815 3492 sed
1851 3448 2065 3494 reatum.

2167 1986 2248 2032 est
2267 2020 2282 2043 ,
2312 1978 2511 2034 incerta
2552 1981 2757 2050 origine
2779 2024 2792 2046 ,
2822 1984 3023 2039 incerta
3069 1988 3249 2047 radice
3273 2034 3287 2058 ,
3330 1994 3535 2050 incerto
3559 1978 3791 2065 capita:

2169 2082 2291 2138 Spes
2316 2069 2475 2124 etiam
2497 2071 2671 2125 omnis
2690 2071 2707 2102 ¹
2738 2072 2939 2128 incerta
2968 2076 3054 2130 sit.
3084 2078 3291 2137 Etcum
3323 2083 3436 2139 ﬁeri
3468 2062 3663 2155 possit,
3688 2062 3791 2139 ἰκῖ

2169 2175 2288 2216 esse
2312 2162 2692 2217 conscientiam
2714 2164 2909 2232 dantis,
2934 2178 2993 2222 ut
3010 2173 3273 2230 scelerata
3302 2186 3461 2247 atque
3487 2178 3769 2235 mulosa

2169 2252 2260 2317 sit,
2293 2260 2347 2307 et
2374 2252 2475 2307 hoc
2501 2253 2708 2323 ignoret
2730 2258 3026 2325 accipiens;
3057 2277 3452 2337 consequenter
3480 2270 3543 2325 ﬁt
3566 2280 3630 2326 ut
3652 2287 3773 2327 sce-

2172 2340 2338 2396 lerata
2360 2344 2586 2413 origine,
2612 2344 2868 2401 scelerata
2893 2350 3095 2423 radice,
3127 2358 3392 2413 scelerato
3411 2362 3611 2431 capite,
3645 2378 3773 2433 spes

2172 2446 2385 2502 quoque
2415 2433 2659 2503 baptizati
2688 2452 2821 2490 vana
2862 2447 2917 2492 et
2953 2439 3133 2502 inanis
3157 2450 3369 2504 existat.
3404 2453 3612 2522 Quippe
3643 2470 3769 2510 cum

2174 2523 2275 2579 iste
2302 2523 2357 2579 in
2384 2526 2606 2593 epistola
2647 2541 2741 2581 sua
2770 2539 2970 2604 ponat,
3004 2549 3057 2594 et
3083 2540 3260 2604 dicat,
3299 2540 3482 2597 Omnis
3521 2545 3653 2597 enim
3694 2562 3779 2600 res

2176 2615 2370 2685 origine
2392 2627 2437 2669 et
2459 2616 2629 2671 radice
2648 2620 2897 2691 consistit,
2935 2640 2983 2684 ει
3001 2632 3046 2684 εἰ
3070 2641 3225 2701 caput
3254 2649 3357 2686 non
3382 2635 3531 2687 habet
3549 2635 3772 2704 aliquid,

2176 2707 2305 2760 nihil
2333 2716 2421 2761 εει.
2448 2708 2685 2778 Cumque
2710 2710 2978 2781 originem
3008 2729 3062 2775 et
3081 2721 3316 2777 radicem
3341 2732 3397 2779 et
3424 2733 3580 2793 caput
3601 2724 3781 2794 bapti-

2178 2797 2302 2862 zati,
2335 2797 2605 2854 hominem
2636 2816 2665 2853 a
2697 2815 2811 2879 σςζιο
2840 2810 3155 2879 baptizatur,
3187 2813 3314 2867 velit
3359 2814 3615 2885 intelligi;
3646 2815 3779 2884 quid

2178 2887 2397 2956 prodest
2423 2889 2618 2943 misero
2648 2891 2956 2969 baptizata,
2988 2902 3130 2971 quod
3161 2902 3368 2973 ignorat
3401 2919 3558 2973 quam
3599 2906 3778 2961 malus

2177 2979 2248 3035 sit
2299 2980 2593 3048 baptiZatot
2630 2989 2785 3059 ejus?
2816 2991 3027 3061 Ignorat
3070 2992 3213 3046 enim
3249 3006 3308 3047 se
3348 2994 3542 3057 malum
3573 2994 3780 3051 habere

2177 3080 2370 3141 caput,
2404 3080 2498 3128 aut
2538 3081 2755 3134 omnino
2796 3096 2853 3137 se
2891 3096 3010 3137 esse
3052 3083 3168 3138 sine
3196 3085 3388 3153 capite.
3419 3084 3621 3139 Tamen
3654 3102 3777 3155 quae

2179 3175 2303 3231 spes
2332 3169 2417 3216 est
2462 3163 2566 3232 illi,
2595 3170 2681 3222 cui
2710 3170 2824 3226 sive
2848 3172 3073 3236 scienti,
3118 3173 3233 3228 sive
3277 3174 3572 3240 nescienti,
3615 3185 3781 3246 caput

2178 3253 2473 3322 pessimum
2498 3269 2591 3312 aut
2616 3260 2816 3315 nullum
2848 3262 2965 3316 est?
3007 3261 3272 3333 Numquid
3302 3265 3414 3334 ipsa
3459 3265 3761 3334 ignorantia

2180 3345 2244 3402 ﬁt
2273 3349 2324 3404 ei
2364 3359 2542 3418 caput,
2575 3352 2660 3405 cui
2688 3368 2816 3407 suus
2840 3354 3134 3423 baptizator
3160 3356 3247 3410 vel
3274 3357 3473 3413 malum
3500 3368 3664 3429 caput
3689 3359 3779 3415 vel

2136 3502 2143 3509 _
2180 3440 2394 3494 nullum
2424 3443 2546 3496 est“!
2569 3443 2642 3497 At
2668 3441 2771 3499 hoc
2796 3446 3035 3516 quisquis
3064 3449 3349 3517 putaverit,
3381 3465 3505 3506 vere
3534 3451 3652 3506 sine
3678 3466 3779 3507 ca-

495 3524 797 3581 lnvenimus
825 3526 964 3581 enim
997 3526 1109 3581 ﬁeri
1158 3541 1311 3596 posse
1351 3537 1408 3581 ut
1434 3527 1592 3583 etiam
1621 3543 1651 3582 a
1678 3528 1879 3599 perﬁdo
1910 3530 2070 3586 ﬁdem
2116 3531 2140 3605 Ι
2188 3532 2297 3601 pite
2321 3541 2423 3586 est.

494 3614 613 3684 quis
638 3616 910 3685 percipiat,
940 3617 982 3671 si
1016 3616 1286 3687 perﬁdiam
1313 3617 1488 3672 dantis
1512 3618 1735 3688 ignoret.
1775 3619 1890 3673 Non
1922 3620 2069 3675 enim

494 3705 559 3730 ..ει
613 3706 709 3730 n..:
749 3706 902 3730 ΩΔ-..
938 3723 960 3730 ..
1003 3709 1200 3730 ..Α-ΩΔ-
1235 3708 1511 3730 _._-_!l'--.-
1543 3711 1624 3730 ---ι
1679 3713 1873 3730 -_~,-._
1917 3727 1931 3730 -
1994 3728 2024 3730 η

2258 3622 2486 3678 CAPUT
2528 3623 2593 3678 V.
2619 3653 2692 3665 —-
2716 3624 2769 3680 6.
2809 3625 2919 3682 Nos
2962 3643 3091 3699 ergo
3133 3631 3455 3700 quaerimus,
3485 3634 3607 3703 quia
3638 3633 3783 3690 dixit

492 3705 582 3771 ait,
613 3706 711 3771 Qui
749 3706 904 3762 ﬁdem
935 3723 963 3761 a
1002 3709 1205 3777 perﬁdo
1235 3708 1516 3764 manifesto
1543 3711 1627 3765 vel
1670 3713 1882 3781 cognito
1911 3727 2060 3768 sum-
2186 3713 2308 3777 iste,
2340 3713 2440 3780 Qui
2468 3714 2617 3783 ﬁdem
2638 3732 2669 3768 a
2690 3718 2883 3786 perﬁdo
2907 3721 3197 3789 sumpserit,
3227 3739 3327 3777 non
3354 3724 3504 3792 ﬁdem
3534 3728 3777 3797 percipit,

458 3794 463 3797 ’
493 3797 656 3864 pscrit
688 3816 702 3850 :
735 3798 850 3864 sed,
888 3800 987 3864 Qui
1026 3801 1198 3870 ﬁdem,
1231 3801 1433 3871 inquit,
1469 3818 1502 3855 a
1538 3803 1734 3871 perﬁdo
1772 3807 2066 3875 sumpserit,
2188 3804 2277 3858 sed
2303 3814 2537 3871 reatum;
2566 3807 2849 3877 statimque
2873 3811 3179 3876 connexuit,
3211 3812 3412 3880 dicens,
3440 3814 3616 3870 Omnis
3638 3794 3778 3871 cnim-

492 3902 590 3941 non
620 3889 772 3957 ﬁdem
801 3890 1010 3961 percipit
1031 3931 1045 3953 ,
1088 3891 1175 3945 sed
1213 3870 1405 3946 reatum
1424 3908 1443 3956 ;
1481 3870 1622 3963 quod
1654 3894 1833 3961 utique
1872 3870 2070 3951 falsum
2110 3870 2121 3935 ί
2189 3912 2269 3948 res
2291 3896 2485 3967 origine
2502 3906 2548 3950 et
2578 3898 2747 3953 radice
2762 3870 3015 3965 consistit,
3048 3910 3092 3954 et
3116 3870 3467 3975 sicaputsnon
3501 3906 3651 3960 habet
3671 3909 3779 3962 ali»

492 3979 808 4047 est,quandn
825 3982 941 4050 quis
969 3998 997 4036 a
1030 3982 1227 4039 latente
1250 3984 1454 4053 perﬁdo
1478 3985 1792 4054 baptizatur.
1815 3987 1869 4042 Si
1886 3998 2067 4043 autem
2111 4018 2127 4076 ί

491 4069 704 4134 dixerit,
724 4070 894 4124 Etiam
910 4087 1028 4142 cum
1065 4073 1357 4142 baptizator
1385 4075 1617 4143 perﬁdus
1642 4076 1787 4143 latet,
1805 4093 1910 4132 non
1924 4079 2071 4134 abeo

492 4159 650 4214 ﬁdem
698 4162 952 4231 percipit,
993 4163 1087 4217 sed
1129 4173 1379 4219 reatum:
1422 4165 1749 4235 rebaptizent
1788 4183 1916 4238 ergo
1945 4169 2071 4224 illos

491 4266 624 4320 quos
650 4251 718 4305 ab
743 4254 821 4306 eis
861 4253 1149 4321 baptizatos
1178 4269 1297 4310 esse
1324 4256 1653 4323 constiterit,
1680 4258 1771 4328 qui
1810 4258 1902 4312 diu
1924 4259 2072 4327 apud

2187 3985 2328 4051 quid,
2365 3985 2494 4038 nihil
2522 3995 2592 4039 est
2622 4001 2642 4038 :
2671 3988 2956 4055 quaerimus
2984 3990 3163 4060 itaque
3186 4007 3303 4059 nos,
3334 4009 3453 4049 eum
3477 3995 3569 4051 ille
3594 3996 3779 4065 bapli'

2187 4084 2335 4129 zator
2362 4075 2595 4144 perﬁdus
2621 4077 2769 4141 latet,
2802 4078 2847 4132 si
2874 4088 3001 4135 tunc
3025 4082 3115 4137 ille
3134 4098 3293 4153 quem
3323 4086 3571 4156 baptizat,
3599 4088 3769 4144 ﬁdem-

2185 4165 2430 4235 percipit,
2465 4181 2569 4220 non
2597 4178 2803 4223 reatum
2832 4186 2847 4223 :
2887 4170 2933 4224 si
2964 4181 3089 4225 tunc
3123 4174 3172 4229 ei
3211 4189 3316 4230 non
3346 4188 3429 4231 est
3469 4179 3781 4249 baptizator

2187 4256 2304 4327 ejus
2331 4258 2480 4328 origo
2508 4268 2563 4314 et
2588 4258 2739 4315 radix
2760 4269 2815 4316 et
2842 4272 3019 4331 caput,
3043 4264 3161 4333 quis
3186 4275 3270 4321 est
3293 4282 3323 4320 a
3352 4283 3459 4338 quo
3484 4271 3680 4340 accipit
3704 4272 3783 4326 ﬁ-
3808 4294 3811 4295 ν

495 4339 638 4407 ipsos
660 4340 1007 4395 conscelerati
1027 4342 1042 4373 ¹
1071 4343 1354 4409 latuerunt,
1374 4353 1428 4398 et
1454 4354 1635 4413 postea
1664 4346 1858 4415 proditi
1885 4348 2070 4402 convi-

491 4406 665 4500 ctique
688 4430 918 4485 damnati
939 4441 1083 4487 sunt.
1341 4406 1349 4409 7
1456 4406 1471 4413 ’
1664 4406 1679 4415 ’
2100 4406 2127 4479 ί

560 4518 786 4575 CAPUT
810 4519 895 4574 Ill.
925 4522 1000 4575 Eo
1024 4522 1217 4591 quippe
1243 4531 1479 4593 tempore
1501 4538 1610 4593 quo
1630 4524 1883 4593 latebant,
1905 4541 2073 4597 quos-

2185 4349 2350 4405 dem?
2385 4351 2472 4405 ubi
2508 4361 2589 4407 est
2626 4354 2775 4423 origo
2816 4353 2884 4410 de
2924 4370 3027 4425 qua
3056 4357 3263 4411 oritur?
3301 4360 3386 4413 ubi
3428 4361 3579 4417 radix
3626 4363 3811 4424 under,

2184 4440 2486 4511 germinat?
2523 4443 2611 4497 uhi
2640 4454 2800 4514 caput
2826 4446 2967 4501 unde
3002 4446 3217 4516 incipit?
3243 4450 3324 4503 An
3356 4451 3491 4506 forte
3518 4466 3640 4506 cum
3670 4453 3778 4507 ba-
3805 4488 3829 4518 ,κ

2185 4532 2471 4602 ptizautem
2518 4534 2777 4603 perlidum
2820 4535 2909 4591 ille
2938 4536 3024 4606 qui
3052 4537 3349 4608 baptizatur
3377 4542 3601 4612 ignorat,
3640 4544 3821 4637 tunc

493 4624 721 4679 cumque
748 4611 1166 4680 baptizaverunt,
1199 4628 1307 4667 non
1337 4613 1414 4668 eis
1445 4624 1731 4683 potuerunt
1769 4616 1926 4672 ﬁdem
1956 4626 2064 4674 tra-
2184 4622 2429 4678 Christus
2470 4623 2560 4678 dat
2588 4623 2745 4680 ﬁdem
2764 4665 2781 4690 ,
2812 4633 2939 4681 tunc
2975 4626 3219 4683 Christus
3251 4640 3333 4685 est
3356 4611 3505 4701 origo
3529 4643 3585 4688 et
3613 4633 3789 4691 radi:

491 4697 649 4761 dere,
681 4699 774 4754 sed
815 4710 1051 4767 reatum;
1079 4702 1123 4756 si
1161 4703 1399 4773 quisquis
1448 4704 1604 4758 ﬁdem
1630 4720 1659 4760 a
1689 4706 1894 4776 perﬁdo
1919 4723 2067 4764 sum-
2118 4718 2130 4765 .'

2118 4718 2130 4785 μ’
2186 4721 2241 4767 et
2265 4724 2423 4781 caput
2449 4713 2473 4765 ?
2503 4713 2545 4769 Ο
2573 4713 2801 4769 humana
2833 4716 3105 4772 temeritas
3133 4727 3187 4773 et
3214 4721 3459 4789 superbia
3486 4725 3504 4777 '.
3536 4740 3634 4779 cur
3662 4738 3791 4786 nam

494 4789 677 4857 pserit,
706 4804 811 4885 non
840 4791 994 4885 ﬁdem
1042 4793 1311 4885 percipit,
1334 4794 1427 4850 sed
1453 4804 1680 4851 reatum.
1710 4799 1849 4869 Ergo
1885 4800 2064 4871 bapti-
2184 4805 2315 4861 sinis
2343 4806 2521 4875 potius
2559 4816 2618 4861 ut
2647 4822 2858 4877 semper
2879 4808 3121 4865 Christus
3148 4812 3239 4868 det
3272 4814 3430 4870 ﬁdem
3453 4859 3470 4885 ,
3519 4818 3796 4878 chriSti'a-

491 4890 678 4936 zcntur
700 4897 729 4936 a
760 4883 911 4939 bonis
928 4925 942 4949 ,
975 4893 1030 4939 ut
1056 4886 1261 4955 possint
1286 4884 1445 4942 ﬁdem
1471 4889 1743 4958 percipere
1765 4930 1781 4955 ,
1815 4906 1921 4946 non
1946 4908 2067 4949 rea-
2123 4886 2131 4900 ’

2108 4895 2131 4974 ξ
2185 4912 2311 4951 num
2354 4895 2530 4951 dando
2576 4896 2847 4953 facturus?
2879 4899 2986 4955 Cur
3026 4917 3136 4956 non
3172 4904 3303 4959 sinis
3346 4915 3404 4961 ut
3441 4924 3665 4979 semper
3724 4916 3796 4970 sit

492 4984 626 5030 tum.

2093 5014 2104 5038 ς
2186 4985 2428 5041 Christus
2453 4988 2602 5059 origo
2626 4988 2921 5057 christiani,
2948 4992 3001 5045 in
3021 4993 3234 5050 Christo
3261 4998 3497 5054 radicem
3521 5002 3675 5060 chris
3694 5007 3795 5062 tia-

562 5071 615 5123 4.
657 5068 761 5124 Sed
790 5069 1055 5139 quomodo
1080 5079 1135 5125 et
1154 5070 1222 5125 de
1250 5070 1364 5125 istis
1378 5070 1453 5144 (a)
1469 5074 1640 5128 securi
1662 5083 1839 5143 erunt,
1858 5076 1904 5131 si
1929 5090 2063 5132 con-
2104 5063 2115 5095 τ
2184 5090 2284 5129 nus
2309 5075 2508 5146 inﬁgat,
2535 5074 2775 5132 Christus
2805 5080 3074 5136 christiani
3105 5084 3173 5139 sit
3197 5089 3391 5156 caput?
3418 5090 3610 5162 Neque
3628 5102 3795 5157 enim

489 5160 710 5217 scientia
735 5160 910 5215 dantis
933 5161 1243 5228 attenditur,
1267 5178 1383 5231 qua:
1410 5163 1538 5217 latet
1556 5165 1738 5219 oculos
1757 5168 2065 5236 accepturi?
2183 5166 2345 5219 etiam
2389 5180 2511 5220 cum
2554 5182 2652 5236 per
2691 5178 2932 5224 sanctum
2976 5182 3029 5227 et
3073 5174 3283 5232 ﬁdelem
3335 5160 3797 5252 disptmsatorerm

492 5250 566 5304 Ita
596 5250 887 5307 secundum
908 5266 1091 5306 eorum
1117 5254 1430 5308 sententiam
1456 5255 1510 5308 ﬁt
1536 5257 1679 5310 salus
1708 5256 1791 5309 illa
1819 5257 2066 5326 spiritua-
2184 5256 2351 5322 gratia
2382 5257 2668 5324 spiritualis
2693 5259 3032 5318 credenlibus
3074 5266 3389 5337 impertitur,
3423 5250 3801 5346 dispensat-or

491 5340 557 5397 lis
602 5342 821 5407 incerta,
849 5343 973 5397 dum
1001 5352 1182 5397 contra
1226 5344 1524 5413 Scripturas
1553 5356 1782 5412 sanctas,
1824 5362 1943 5415 qua:
1977 5346 2064 5398 di-
2186 5347 2300 5415 ipse
2339 5348 2611 5418 Ῑυειίίίοδῑι
2639 5366 2702 5405 ac
2740 5368 2844 5406 ηοη
2875 5354 2962 5409 ille
2992 5373 3126 5412 υηυε
3155 5358 3223 5414 de
3257 5377 3366 5430 (1υο
3394 5340 3606 5422 (Πρώτη
3634 5382 3722 5429 08⁸
3771 5416 3790 5441 ν

489 5442 636 5497 cunt,
667 5433 861 5486 Bonum
887 5445 955 5488 est
993 5437 1243 5504 conﬁdere
1272 5437 1323 5488 in
1360 5437 1594 5503 Domino,
1626 5454 1775 5508 quam
1813 5437 2068 5505 conﬁdere
2183 5437 2326 5507 quod
2354 5439 2607 5507 justiﬁcat
2640 5442 2850 5513 impium
2882 5445 3054 5516 (Rom.
3082 5464 3156 5515 tv,
3199 5452 3297 5521 5)?
3326 5456 3430 5509 Aut
3462 5472 3594 5511 vero
3622 5463 3705 5531 Ap

490 5524 543 5575 in
567 5524 765 5576 homine
803 5524 974 5592 (Psal.
1004 5542 1165 5591 cxvn,
1198 5527 1284 5593 8);
1323 5535 1376 5581 et
1396 5570 1409 5593 ,
1455 5526 1756 5581 Maledictus
1796 5531 1958 5580 omnis
1981 5529 2068 5594 qui
2186 5529 2355 5583 stolus
2385 5530 2576 5586 Paulus
2606 5544 2763 5603 caput
2788 5546 2870 5589 est
2899 5548 2951 5592 et
2974 5539 3122 5609 origo
3145 5555 3353 5610 eorum,
3385 5562 3523 5613 quos
3556 5524 3698 5617 plani
3740 5570 3787 5610 a-

491 5628 631 5666 soem
650 5629 792 5665 suam
821 5616 955 5681 ponit
976 5618 1027 5667 in
1052 5617 1251 5672 homine
1271 5615 1479 5685 (Jerem.
1512 5633 1642 5685 xvn,
1674 5618 1728 5689 5)
1762 5634 1774 5671 :
1801 5632 1951 5687 spem
1973 5618 2069 5673 ba-
2183 5628 2351 5683 verat,
2374 5629 2465 5674 aut
2490 5622 2679 5691 Apollo
2700 5623 2854 5679 radix
2880 5637 2961 5681 est
2988 5644 3172 5685 eorum
3205 5648 3338 5701 quos
3365 5615 3631 5705 rigavcrat
3655 5661 3672 5705 ;
3740 5660 3809 5701 ac

555 5766 570 5795 ί
762 5777 867 5795 fil.”
892 5766 1106 5795 Gﬁn'n’n‘:
1144 5778 1229 5795 ...ιη
1306 5784 1409 5795 μαι..
1443 5773 1679 5795 -‘AIA-lll;-
1706 5785 1716 5795 ι
1741 5787 1897 5795 “unm---
1911 5781 2046 5795 ..ΑΑΔΑ

2186 5724 2291 5764 non
2320 5711 2407 5767 ille
2429 5714 2517 5782 qui
2541 5714 2619 5769 eis
2642 5716 2691 5768 in
2719 5716 2985 5773 credendo
3013 5719 3167 5776 ﬁdem
3189 5722 3409 5780 dederat
3435 5746 3446 5782 :
3477 5733 3688 5794 (auxilii:
3722 5751 3807 5792 em

608 5763 741 5833 ξλίἰιίο
760 5777 869 5833 cum
886 5766 1124 5833 scelerati.
1144 5778 1269 5833 uss,
1300 5784 1411 5824 cson
1440 5773 1716 5824 sceleratis:
1741 5787 1899 5824 minus
1911 5781 2066 5826 recte.

554 5825 631 5887 (a)
665 5824 857 5890 supple,
880 5826 1026 5877 battis.
1254 5824 1267 5833 '
2121 5834 2149 5855 ⁴·
2254 5843 2271 5873 ι
2306 5843 2377 5891 Sic
2399 5851 2500 5893 uss.
2531 5852 2583 5895 At
2604 5845 2973 5908 cditi,lt0mtms.

1901 5949 1989 5997 ’ἲν

3565 5892 3590 5912 οδ

3554 5934 3605 5952 4⁵η

3598 5988 3623 6019 ᾗ.

3531 6022 3560 6035 ι.
