4008 6472
204 558 379 616 dicat.
409 551 524 617 Ego
565 542 823 626 plantuui,
857 544 1040 615 Apollo
1078 538 1291 622 rigavit;
1328 542 1415 597 sed
1444 541 1582 597 Deus
1623 542 1788 598 incre-

204 656 425 702 mentum
446 646 585 700 dedit
614 661 633 699 :
659 646 829 714 itaque
855 653 1010 706 neque
1035 636 1120 707 qui
1141 636 1336 705 pt‘antat
1359 645 1431 689 est
1456 634 1669 705 aliquid,
1702 652 1788 689 ne-

200 756 296 807 que
325 739 413 807 qui
455 737 630 807 rigat;
660 736 749 789 sed
780 732 866 803 qui
908 727 1266 782 incrementum
1292 726 1378 778 dat
1417 724 1555 779 Deus
1597 723 1641 794 (l
1666 724 1782 779 Cor.

200 847 279 897 ιιι.
313 830 368 891 6,
399 830 480 898 7).
507 826 617 882 Nec
645 826 797 880 radix
826 832 1014 879 eorum
1046 825 1161 872 erat
1194 815 1340 885 ipse;
1373 814 1467 870 sed
1494 814 1668 886 potius
1697 814 1787 869 ille

197 923 287 991 qui
319 923 397 975 ait
426 938 441 973 z
471 919 585 990 Ego
622 935 733 973 sum
760 918 872 971 uitis
890 933 910 981 ;
936 929 1020 969 vos
1053 909 1171 965 estis
1204 918 1456 963 sannenta
1489 907 1664 975 (Joan.
1694 922 1783 974 xv,

198 1016 276 1083 5).
309 1012 488 1082 Caput
527 1011 685 1065 etiam
715 1022 901 1063 eorum
945 1000 1214 1075 quomodo
1247 1014 1366 1055 esse
1404 1005 1635 1069 poterat,
1664 1012 1787 1052 cum

201 1106 379 1171 dicat,
427 1118 526 1158 nos
569 1102 765 1157 multos
810 1113 973 1154 unum
1020 1109 1141 1150 esse
1185 1106 1379 1162 corpus
1429 1091 1483 1146 in
1532 1089 1782 1155 Christo,

203 1198 487 1267 ipsumque
534 1192 804 1249 Christum
856 1195 1017 1259 caput
1062 1200 1183 1241 esse
1224 1183 1459 1239 universi
1507 1179 1781 1251 corporis,

202 1286 448 1356 pluribus
475 1284 610 1338 locis
634 1280 970 1352 apertissime
993 1275 1281 1350 praedicet?

272 1375 501 1432 CAPUT
540 1374 629 1429 Vl.
669 1403 741 1414 —
774 1374 828 1428 7.
860 1371 1193 1440 Quapropter
1220 1367 1330 1421 sive
1354 1381 1385 1420 a
1413 1363 1587 1428 fideli,
1619 1363 1730 1417 sive
1756 1376 1788 1415 a

201 1469 409 1539 perﬁdo
452 1467 819 1536 dispensatore
861 1468 1252 1518 sacramentum
1283 1456 1536 1527 Baptismi
1563 1455 1789 1525 quisque

204 1561 497 1631 percipiat,
536 1573 659 1627 spes
698 1558 747 1612 ei
789 1556 961 1611 omnis
988 1553 1041 1608 in
1067 1551 1279 1608 Christo
1308 1551 1411 1615 sit,
1443 1564 1510 1604 ne
1538 1549 1606 1603 sit
1633 1548 1790 1601 male-

200 1656 365 1708 dictus
394 1653 481 1721 qui
509 1668 651 1722 spem
673 1666 819 1705 suam
840 1646 981 1718 ponit
999 1646 1051 1697 in
1073 1644 1289 1697 homine.
1322 1640 1566 1709 Alioquin
1599 1639 1643 1693 si
1670 1639 1790 1695 talis

198 1746 429 1816 quisque
470 1744 522 1797 in
561 1742 730 1812 gratia
759 1736 1019 1809 spirituali
1043 1734 1367 1793 renascitur,
1397 1731 1565 1801 qualis
1594 1739 1675 1785 est
1702 1729 1791 1785 ille

192 1856 223 1894 a
261 1853 371 1908 quo
410 1836 743 1904 baptizatur,
776 1840 975 1888 etcum
1004 1826 1312 1882 manifestus
1336 1833 1417 1879 est
1445 1823 1532 1893 qui
1564 1821 1791 1893 baptizat

196 1931 357 1985 horno
402 1927 577 1980 bonus
599 1966 613 1991 ,
642 1925 757 1992 ipse
781 1921 873 1977 dat
900 1918 1057 1974 ﬁdem
1078 1959 1093 1984 ,
1125 1917 1236 1985 ipse
1262 1916 1412 1985 origo
1440 1923 1492 1968 et
1521 1913 1667 1968 radix
1696 1926 1788 1967 ca-

197 2029 397 2092 putque
429 2016 700 2073 nascentis
720 2021 839 2079 est;
871 2027 991 2066 cum
1020 2018 1193 2063 autem
1217 2008 1341 2062 latet
1361 2004 1593 2076 perfidus
1614 2004 1789 2074 bapti-

196 2122 375 2178 zator,
429 2116 558 2161 tunc
582 2106 806 2176 quisque
834 2118 865 2157 a
894 2101 1105 2157 Christo
1132 2099 1353 2169 percipit
1379 2097 1533 2152 ﬁdem
1558 2137 1575 2164 ,
1609 2107 1731 2151 tunc
1758 2111 1789 2151 a

193 2202 401 2258 Christo
447 2197 598 2252 ducit
640 2195 896 2265 originem
922 2234 937 2261 ,
978 2202 1101 2247 tunc
1142 2190 1194 2244 in
1236 2188 1448 2244 Christo
1484 2189 1785 2256 radicatur,

196 2307 312 2350 tunc
338 2292 567 2349 Christo
582 2289 762 2359 capite
781 2286 1034 2357 gloriatur
1056 2302 1070 2337 :
1094 2281 1379 2353 optandum
1404 2290 1486 2335 est
1505 2280 1523 2311 ¹
1545 2279 1789 2335 omnibus

196 2388 275 2457 qui
301 2385 652 2454 baptizantur
674 2422 691 2446 ,
720 2388 779 2432 nt
809 2377 1160 2446 baptizatores
1188 2372 1417 2443 perﬁdos
1448 2372 1705 2436 habeant,
1736 2379 1791 2428 et

197 2480 441 2548 ignorent
468 2487 585 2530 eos.
612 2468 916 2539 Quamlibet
945 2465 1087 2520 enim
1117 2464 1285 2518 bonos
1315 2461 1612 2525 habuerint,
1636 2460 1788 2517 Chri-

197 2580 302 2622 stus
328 2575 414 2621 est
442 2564 625 2633 utique
655 2556 1144 2628 incomparabiliter
1168 2554 1387 2619 melior,
1419 2552 1511 2623 qui
1539 2561 1663 2606 tunc
1689 2552 1789 2607 erit

198 2657 447 2727 baptizati
472 2663 671 2724 caput,
705 2649 752 2703 si
782 2646 1017 2717 perﬁdus
1049 2646 1211 2700 lateat
1234 2644 1549 2713 baptizator.

258 2744 491 2801 CAPUT
518 2742 627 2797 VII.
657 2770 731 2782 —-
756 2739 813 2795 8.
849 2736 1001 2804 Quod
1028 2736 1074 2789 si
1101 2733 1554 2790 dementissimum
1574 2740 1655 2787 est
1673 2746 1790 2786 cre-

186 2839 319 2894 dere
362 2839 605 2910 (semper
649 2832 791 2887 enim
834 2828 1079 2883 Christus
1116 2826 1365 2896 justiiicat
1405 2824 1622 2893 impium
1647 2863 1663 2889 ,
1707 2822 1788 2877 fa-

188 2929 383 2985 ciendo
424 2944 489 2983 ex
522 2924 688 2995 impio
713 2920 1063 2977 christianum
1086 2958 1102 2984 ,
1133 2930 1345 2984 semper
1370 2928 1398 2966 a
1428 2913 1638 2967 Christo
1664 2928 1789 2981 per-

188 3020 385 3089 cipitur
430 3018 565 3073 ﬁdes
583 3058 599 3084 ,
643 3028 862 3083 semper
893 3009 1139 3067 Christus
1166 3016 1249 3062 est
1277 3005 1425 3075 origo
1448 3012 1789 3075 regenerato-

192 3128 307 3167 rum
346 3119 402 3167 et
444 3120 607 3181 caput
649 3103 989 3173 Ecclesize),
1035 3098 1161 3171 quid
1202 3097 1399 3152 habent
1427 3095 1677 3165 ponderis
1703 3095 1788 3149 illa

188 3204 390 3269 verba,
436 3216 557 3272 qua:
606 3198 725 3254 vani
769 3197 999 3251 lectores
1042 3205 1149 3244 non
1192 3187 1469 3242 attendunt
1496 3185 1623 3257 quid
1650 3186 1790 3239 intus

188 3294 425 3350 habeant
445 3334 463 3358 ,
490 3292 585 3346 sed
613 3297 814 3345 tantum
837 3279 1285 3355 quemadmodum
1312 3277 1544 3333 sonent?
1568 3275 1667 3343 Qui
1692 3289 1789 3329 au-

191 3394 296 3442 tem
336 3400 448 3439 non
482 3398 611 3437 aure
648 3380 761 3436 sola
801 3375 997 3443 excipit
1036 3384 1201 3427 voces
1223 3409 1238 3434 ,
1269 3367 1361 3423 sed
1386 3376 1441 3421 et
1468 3375 1646 3421 mente
1668 3379 1791 3420 sen-

196 3477 382 3532 tentias
423 3476 687 3538 intuetur,
731 3484 851 3525 cum
893 3465 1152 3532 audierit,
1175 3458 1494 3516 Conscientia
1518 3456 1682 3510 dantis
1708 3465 1789 3509 at-
1810 3510 1824 3521 I

198 3567 416 3621 tenditur
438 3606 455 3631 ,
500 3563 588 3634 qui
629 3561 802 3614 abluat
842 3554 1133 3625 accipientis
1171 3568 1192 3607 :
1227 3546 1606 3617 respondebit,
1636 3544 1791 3615 Saepe

198 3656 320 3711 mihi
363 3658 547 3725 ignota
583 3660 665 3707 est
688 3649 917 3703 humana
944 3643 1268 3703 conscientia
1292 3682 1309 3708 ,
1343 3637 1438 3693 sed
1466 3644 1643 3692 certus
1671 3651 1791 3691 sum

198 3748 262 3804 de
298 3744 499 3803 Christi
538 3740 924 3797 misericordia.
960 3738 1095 3793 Cum
1133 3732 1401 3795 audierit,
1447 3728 1548 3795 Qui
1582 3728 1735 3798 ﬁdem
1758 3743 1793 3782 α

199 3838 392 3908 perﬁdo
420 3835 722 3905 sumpserit,
752 3849 853 3886 non
880 3832 1033 3900 ﬁdem
1064 3827 1307 3899 percipit,
1334 3822 1427 3877 sed
1448 3830 1639 3875 reatum
1658 3836 1677 3873 :
1706 3835 1793 3875 re-

200 3930 511 4001 Spondebit,
554 3928 671 3982 Non
716 3934 794 3982 est
839 3922 1071 3994 perﬁdus
1114 3920 1396 3982 Christus,
1442 3927 1473 3966 a
1498 3927 1601 3982 quo
1631 3910 1789 3966 iidem

203 4022 433 4093 percipio
451 4062 467 4086 ,
510 4034 619 4074 non
644 4025 869 4072 reatum.
896 4015 1031 4069 Cum
1058 4011 1319 4077 audierit,
1351 4005 1529 4060 Omnis
1557 4019 1635 4056 res
1658 4003 1791 4056 enim

204 4117 387 4187 origine
411 4124 457 4167 et
484 4112 659 4166 radice
684 4107 942 4172 consistit;
969 4114 1015 4160 et
1043 4106 1087 4159 si
1115 4112 1266 4174 caput
1286 4116 1388 4154 non
1408 4096 1555 4151 habet
1574 4094 1788 4163 aliquid,

192 4184 325 4262 nihil
346 4215 421 4261 est
452 4221 471 4259 :
500 4200 874 4271 respondebit,
903 4198 1062 4268 Origo
1091 4211 1207 4250 mea
1235 4192 1481 4248 Christus
1501 4195 1615 4253 est,
1640 4184 1789 4239 radix

205 4314 317 4355 mea
362 4296 612 4353 Christus
661 4301 774 4356 est,
817 4299 975 4360 caput
1018 4300 1197 4342 meum
1236 4283 1481 4339 Christus
1525 4286 1626 4333 est.
1658 4276 1788 4331 Cum

205 4388 459 4452 audierit,
509 4384 619 4438 Nec
657 4382 926 4453 quidquam
964 4378 1085 4433 bene
1113 4384 1401 4447 regenerat,
1433 4371 1533 4426 nisi
1558 4370 1685 4424 bono
1709 4384 1789 4422 se-

208 4483 333 4535 mine
366 4485 692 4551 regeneretur
717 4490 737 4529 :
764 4469 1139 4543 respondebit,
1169 4468 1364 4524 Semen
1387 4507 1403 4533 ,
1431 4478 1537 4535 quo
1567 4475 1789 4531 regene-

200 4589 324 4641 ror,
372 4571 597 4626 verbum
642 4566 737 4622 Dei
785 4574 867 4620 est
889 4606 904 4630 ,
935 4561 1075 4633 quod
1097 4559 1445 4616 obaudienter
1469 4555 1652 4610 audire
1672 4567 1788 4607 sum

200 4667 441 4721 monitus
464 4704 481 4731 ,
513 4660 721 4717 etiamsi
748 4658 835 4712 ille
855 4671 950 4727 per
977 4670 1132 4725 quem
1162 4650 1341 4717 audio,
1367 4664 1487 4719 qua:
1512 4646 1641 4701 mihi
1662 4645 1790 4699 dicit

201 4758 314 4827 ipse
358 4771 466 4810 non
512 4752 668 4815 facit,
711 4748 919 4803 dicente
955 4743 1216 4808 Domino,
1244 4750 1299 4795 et
1326 4755 1412 4793 me
1440 4751 1683 4791 securum
1708 4733 1788 4788 fa-

202 4851 373 4905 ciente
421 4865 435 4902 :
487 4846 616 4912 ρυω
656 4843 863 4905 dicunt,
895 4838 1079 4908 facite;
1103 4850 1215 4905 qua
1243 4834 1434 4903 faciunt
1456 4872 1470 4895 ,
1502 4831 1667 4900 facere
1693 4844 1789 4882 no-

109 5005 113 5008 .
206 4944 287 4998 lite
324 4960 349 4996 :
392 4942 569 4994 dicunt
609 4936 778 4999 enim,
818 4940 863 4986 et
901 4946 1001 4983 non
1040 4928 1234 4995 faciunt
1277 4923 1487 4995 (llatth.
1522 4936 1683 4985 χχιιι,
1710 4917 1787 4988 3).

206 5033 336 5089 Cum
373 5028 641 5091 audierit,
676 5024 802 5092 Qua:
828 5027 983 5091 potest
1011 5033 1115 5072 esse
1139 5014 1436 5084 perversitas
1454 5051 1468 5076 ,
1499 5021 1556 5063 ut
1579 5010 1664 5081 qui
1687 5008 1792 5063 suis

207 5124 499 5178 criminibus
534 5135 648 5173 reus
687 5124 757 5170 est
777 5155 791 5179 ,
820 5111 977 5166 alium
1003 5110 1159 5180 faciat
1183 5101 1539 5160 innocentem?
1563 5113 1789 5169 respon-

210 5216 383 5279 debit,
414 5214 498 5268 Me
530 5212 864 5265 innocentem
897 5218 1002 5257 non
1033 5201 1152 5254 facit
1175 5241 1187 5263 ,
1219 5198 1319 5253 nisi
1346 5197 1431 5267 qui
1454 5202 1693 5250 mortuus
1713 5200 1796 5247 est

213 5318 426 5376 prapter
470 5304 667 5359 delicta
715 5308 893 5354 nostra
916 5337 931 5362 ,
964 5304 1017 5351 et
1049 5292 1339 5348 resurrexit
1363 5297 1581 5360 propter
1605 5287 1798 5357 justiﬁ-

214 5401 475 5454 cationem
503 5403 762 5452 nostram.
790 5390 903 5445 Non
922 5388 1064 5443 enim
1092 5385 1144 5437 in
1170 5383 1467 5437 ministrum
1488 5424 1500 5445 ,
1527 5396 1620 5449 per
1640 5395 1797 5449 quem

219 5493 491 5563 baptizor,
522 5486 718 5551 credo;
750 5483 843 5539 sed
870 5484 921 5535 in
951 5494 1071 5535 eum
1097 5475 1184 5546 qui
1206 5473 1457 5543 justiﬁeat
1479 5472 1721 5540 impium,
1744 5479 1801 5524 ut

222 5586 500 5656 deputetur
542 5580 669 5635 mihi
716 5578 850 5632 fides
890 5574 954 5628 ad
979 5571 1237 5643 justitiam
1265 5567 1436 5638 (Rom.
1469 5583 1521 5621 tv
1545 5608 1558 5632 ,
1589 5566 1660 5621 25
1680 5608 1692 5628 ,
1722 5564 1796 5635 5).

290 5674 516 5733 CAPUT
542 5672 676 5727 VIII.
703 5699 773 5710 ——
801 5669 855 5723 9.
885 5666 1015 5721 Cum
1040 5662 1264 5717 audierit
1286 5703 1300 5728 ,
1324 5659 1483 5713 Arbor
1504 5660 1628 5711 bona
1651 5657 1800 5709 bonos

286 5814 304 5841 ³
342 5820 439 5858 Αιιι.
460 5815 535 5857 Er.
563 5815 614 5855 et
636 5812 834 5853 veteres
854 5809 979 5859 Mss,
1003 5798 1314 5848 tabormtdum
1334 5802 1418 5845 est.
1443 5793 1533 5843 Sed
1551 5800 1712 5841 tamen
1735 5792 1807 5839 in-

222 5870 315 5932 tra,
337 5871 420 5921 lib.
444 5871 495 5931 ‘5,
520 5882 602 5918 nn.
625 5866 704 5927 52,
727 5864 806 5924 54,
830 5863 908 5924 56,
936 5863 1131 5923 habent,
1165 5860 1425 5923 optandum
1448 5864 1533 5908 est.

1558 425 1757 482 LIBER
1795 422 2061 487 PRIMUS.

3360 437 3467 498 250

1850 614 1853 615 ν
1889 553 2082 618 fructus
2110 549 2232 617 facit
2255 566 2273 615 ;
2297 550 2445 606 arbor
2470 552 2606 607 mata
2632 552 2792 608 malos
2821 556 3019 626 fructus
3041 557 3162 626 facit
3181 559 3465 628 :numquid

1886 638 2123 708 colligunt
2167 640 2230 693 de
2274 641 2432 709 spinis
2477 658 2599 697 uvas
2650 642 2860 713 (Matth.
2908 660 3010 711 vn,
3053 645 3157 711 i7,
3204 646 3339 717 16)?
3370 655 3461 713 et,

1891 729 2067 784 Omnis
2092 731 2246 785 bonus
2273 733 2419 786 homo
2444 733 2505 785 de
2533 735 2763 787 thesauro
2788 734 2954 789 cordis
2979 735 3061 788 sui
3080 736 3269 805 profert
3292 736 3459 800 bona;

1888 833 1937 877 et
1961 823 2126 876 malus
2156 823 2303 877 homo
2329 822 2391 877 de
2418 825 2648 879 thesauro
2672 825 2836 879 cordis
2863 826 2942 879 sui
2968 830 3158 896 profert
3182 826 3319 879 mala
3344 814 3459 895 (ltf.

1887 931 1960 969 xu
1981 956 1997 983 ,
2042 914 2133 986 35)
2175 932 2187 967 :
2229 916 2601 986 reSpondebit,
2633 916 2743 971 lloc
2770 931 2897 987 ergo
2924 916 3094 972 bonus
3122 917 3318 973 fructus
3344 927 3425 972 est
3447 958 3463 985 ,

1889 1014 1945 1059 ut
1987 1007 2145 1059 arbor
2181 1005 2314 1060 bona
2356 1007 2456 1060 sim
2480 1048 2495 1073 ,
2528 1007 2630 1061 hoc
2666 1017 2786 1072 est,
2818 1006 2988 1062 bonus
3012 1006 3210 1074 homo,
3242 1016 3299 1062 ut
3323 1022 3462 1077 pra:-

1890 1094 2039 1150 beam
2062 1096 2286 1150 fructum
2313 1097 2503 1152 bonum
2526 1138 2542 1163 ,
2572 1096 2674 1153 hoc
2698 1110 2776 1152 est
2798 1139 2814 1161 ,
2840 1112 3004 1167 opera
3029 1099 3187 1153 bona.
3224 1098 3333 1153 lioc
3361 1112 3455 1152 au-

1888 1196 1994 1243 tem
2020 1230 2035 1254 ,
2078 1204 2183 1244 non
2225 1190 2315 1259 qui
2364 1190 2563 1258 plantat
2601 1198 2653 1244 et
2687 1190 2775 1260 qui
2804 1191 2973 1260 rigat,
3002 1190 3129 1244 mihi
3158 1190 3339 1256 dabit;
3369 1190 3461 1244 sed

1887 1280 1974 1348 qui
2004 1280 2384 1335 incrementum
2412 1280 2505 1334 dat
2529 1281 2685 1336 Deus.
2715 1281 2842 1335 Nam
2871 1282 2913 1336 si
2943 1281 3101 1335 arbor
3125 1281 3259 1335 bona
3291 1281 3462 1335 bonus

1888 1371 2181 1441 baptizatur
2203 1380 2284 1427 est
2304 1413 2320 1438 ,
2349 1381 2405 1426 ut
2425 1371 2625 1427 fructus
2654 1373 2767 1442 ejus
2790 1372 2960 1427 bonus
2988 1372 3058 1427 sit
3076 1373 3163 1427 ille
3182 1388 3337 1443 quem
3364 1372 3461 1427 ba-

1888 1462 2200 1531 ptizaverit;
2229 1465 2465 1534 quisquis
2490 1464 2556 1519 ab
2581 1463 2795 1519 homine
2822 1465 2963 1518 malo
2983 1465 3138 1518 etiam
3164 1478 3267 1518 non
3290 1464 3461 1519 mani-

1888 1553 2025 1608 festo
2071 1556 2225 1610 fuerit
2268 1556 2588 1625 baptizatus,
2632 1554 2802 1609 bonus
2837 1569 2957 1609 esse
2997 1570 3100 1609 non
3127 1555 3321 1624 poterit
3349 1571 3362 1608 :
3393 1554 3463 1611 de

1890 1644 2026 1699 mala
2046 1645 2241 1715 quippe
2265 1646 2454 1700 arbore
2477 1654 2694 1701 exortus
2716 1654 2818 1700 est.
2850 1643 3003 1698 Aliud
3032 1652 3113 1700 est
3137 1644 3278 1699 enim
3303 1645 3463 1700 arbor

1888 1733 2026 1789 bona
2049 1776 2066 1801 ,
2108 1735 2249 1789 aliud
2287 1736 2445 1790 arbor
2485 1737 2722 1801 occulta,
2760 1734 2855 1790 sed
2896 1745 3069 1790 tamen
3101 1734 3257 1788 mala.
3287 1735 3389 1788 Aut
3416 1734 3462 1789 si

1889 1840 2009 1881 cum
2039 1827 2243 1882 occulta
2267 1836 2349 1883 est
2373 1826 2533 1882 arbor
2557 1828 2692 1881 mala
2717 1867 2732 1891 ,
2760 1826 3077 1897 quicumque
3106 1825 3264 1881 fuerit
3288 1823 3355 1879 ab
3374 1824 3462 1879 illa

1888 1918 2218 1989 baptizatus,
2268 1935 2372 1974 non
2416 1920 2483 1974 de
2526 1920 2652 1985 illa,
2697 1920 2789 1975 sed
2832 1919 2899 1974 de
2939 1917 3148 1975 Christo
3194 1920 3459 1983 nascitur;

1888 2010 2120 2065 sanctius
2154 2010 2506 2081 justiiicantur
2537 2011 2627 2081 qui
2656 2012 2985 2081 baptizantur
3007 2010 3073 2065 ab
3100 2010 3318 2064 occultis
3345 2023 3460 2063 ma-

1890 2099 1953 2156 lis
1973 2142 1988 2168 ,
2018 2116 2171 2171 quam
2198 2103 2285 2170 qui
2316 2102 2648 2171 baptizantur
2675 2116 2705 2155 a
2735 2100 3027 2156 manifestis
3056 2100 3209 2154 bonis
3238 2099 3336 2171 (a).

1958 2188 2181 2247 CAPUT
2205 2192 2295 2246 IX.
2319 2223 2389 2232 —
2416 2192 2502 2247 10.
2533 2193 2661 2247 item
2686 2207 2806 2247 cum
2834 2191 3095 2257 audierit,
3126 2191 3226 2257 Qui
3241 2190 3464 2260 baptiza-

1889 2290 1971 2336 tur
1995 2300 2026 2336 a
2050 2293 2283 2350 mortuo;
2312 2302 2412 2339 non
2441 2286 2486 2339 ei
2515 2287 2713 2355 prodest
2737 2286 2918 2339 lavatio
2940 2286 3048 2355 ejus
3069 2284 3255 2355 (Eccli.
3279 2299 3461 2352 xxxiv,

1889 2377 1979 2450 50)
2010 2397 2022 2431 :
2053 2379 2393 2449 respondebit
2415 2420 2429 2441 ,
2460 2378 2601 2433 Vivit
2638 2378 2909 2444 Christus,
2939 2379 3046 2447 jam
3076 2391 3179 2432 non
3207 2377 3462 2442 moritur,

1886 2482 1941 2528 et
1979 2488 2123 2528 mors
2165 2474 2214 2527 ei
2252 2472 2389 2527 ultra
2436 2486 2539 2525 non
2572 2471 2929 2527 dominabitur
2959 2469 3131 2541 (Rom.
3159 2484 3250 2532 v1,
3278 2468 3367 2537 9),
3395 2466 3464 2522 de

1886 2580 1992 2635 quo
2015 2564 2212 2619 dictum
2242 2572 2323 2619 est
2341 2607 2354 2630 ,
2384 2564 2504 2635 Ipse
2529 2573 2601 2618 est
2624 2564 2709 2633 qui
2738 2563 2956 2631 baptizat
2980 2563 3034 2614 in
3065 2560 3265 2630 Spiritu
3292 2568 3464 2613 sancto

1888 2654 2063 2725 (loan.
2102 2671 2153 2721 ι,
2187 2655 2298 2724 55).
2331 2655 2670 2724 Baptizantur
2696 2663 2868 2708 autem
2899 2669 2928 2706 a
2960 2652 3182 2706 mortuis
3202 2692 3218 2718 ,
3251 2651 3339 2720 qui
3372 2650 3466 2703 ba-

1887 2746 2153 2816 ptizantur
2176 2746 2230 2799 in
2260 2745 2518 2799 idolorum
2542 2744 2770 2815 templis.
2799 2742 2914 2798 Non
2939 2743 3080 2798 enim
3107 2749 3162 2796 et
3188 2740 3287 2809 ipsi
3319 2755 3346 2792 a
3373 2753 3461 2793 sa-

1888 2837 2192 2892 cerdotibus
2234 2837 2343 2892 suis
2385 2854 2443 2892 se
2481 2838 2719 2906 accipere
2748 2836 3066 2890 arbitrantur
3089 2832 3464 2889 sanctiﬁcatim

1889 2942 2010 2982 nem
2036 2943 2193 2997 quam
2230 2936 2447 2997 putant,
2484 2927 2575 2981 sed
2605 2943 2635 2981 a
2661 2926 2762 2981 diis
2789 2943 2802 2979 :
2831 2926 2919 2995 qui
2948 2925 3195 2995 quoniam
3225 2923 3464 2978 homines

1889 3018 2138 3087 fuerunt,
2167 3028 2220 3073 et
2249 3019 2317 3073 ita
2343 3019 2534 3073 mortui
2563 3026 2687 3073 sunt
2716 3020 2733 3050 ¹
2753 3058 2769 3084 ,
2796 3026 2853 3071 ut
2881 3031 3052 3087 neque
3078 3030 3236 3085 super
3261 3026 3427 3070 terras
3445 3056 3462 3079 ,

1889 3125 2060 3180 neque
2094 3110 2145 3164 in
2182 3111 2363 3180 requie
2400 3110 2518 3166 caeli
2549 3110 2691 3175 sint,
2720 3124 2844 3164 vere
2873 3108 2972 3178 ipsi
2994 3122 3025 3161 a
3047 3107 3271 3163 mortuis
3296 3107 3466 3176 bapti-

1889 3212 2072 3257 zantur
2118 3220 2130 3257 :
2178 3212 2231 3258 et
2273 3204 2317 3257 si
2357 3218 2463 3273 quo
2505 3203 2607 3257 alio
2642 3201 2797 3256 modo
2825 3201 2920 3256 ista
2952 3209 3150 3255 sanctae
3176 3198 3465 3269 Scriptura:

1891 3294 2049 3349 verba
2080 3294 2340 3348 veraciter
2368 3294 2531 3363 qumri
2556 3333 2572 3358 ,
2603 3308 2665 3347 ac
2693 3291 2980 3347 salubriter
3007 3290 3196 3345 discuti
3222 3300 3277 3345 et
3304 3289 3463 3344 intel-

1890 3383 1978 3454 ligi
2018 3390 2259 3452 possunt.
2308 3382 2438 3436 Nam
2484 3382 2529 3435 si
2570 3381 2671 3435 hoc
2715 3380 2832 3436 loco
2858 3387 3124 3434 mortuum
3154 3378 3467 3434 intellexero

1890 3481 2222 3542 peccatorem
2272 3470 2646 3540 baptizatorem
2680 3512 2695 3536 ,
2746 3470 2931 3524 eadem
2979 3469 3067 3523 illa
3112 3477 3469 3537 consequetur

1890 3562 2223 3628 absurditas,
2267 3572 2325 3617 ut
2372 3562 2609 3633 quisquis
2646 3561 2803 3615 etiam
2845 3575 2876 3613 a
2901 3559 3096 3614 latente
3122 3558 3282 3628 impio
3312 3557 3468 3613 fuerit

1889 3655 2217 3726 baptizatus,
2267 3662 2513 3722 tanquam
2558 3666 2587 3705 a
2630 3657 2843 3705 mortuo
2879 3647 3207 3718 baptizatus,
3242 3647 3469 3701 inaniter

1891 3748 2031 3801 lotus
2057 3748 2144 3800 sit.
2172 3745 2284 3799 Non
2312 3745 2452 3799 enim
2482 3743 2592 3808 ait,
2621 3741 2721 3810 Qui
2742 3740 3036 3809 baptizatur
3060 3753 3092 3792 a
3115 3744 3325 3792 mortuo
3350 3751 3467 3790 ma-

1890 3839 2114 3903 niicsto;
2147 3836 2238 3892 sed
2266 3836 2505 3889 absolute
2527 3834 2653 3887 dicit
2680 3873 2694 3896 ,
2725 3848 2757 3885 a
2782 3841 3001 3886 mortuo.
3030 3830 3108 3884 Ac
3135 3830 3179 3883 si
3199 3837 3466 3883 mortuum

1891 3942 2153 3999 quumque
2193 3935 2317 3980 tunc
2353 3933 2565 3996 putant,
2592 3938 2715 3976 cum
2742 3937 2862 3976 eum
2894 3928 3224 3990 peccatorem
3254 3919 3465 3985 sciunt;

1890 4020 2069 4073 vivere
2106 4026 2316 4084 autem,
2357 4014 2559 4071 etiamsi
2603 4014 2890 4068 sceleratus
2932 4012 2984 4066 in
3017 4026 3200 4066 eorum
3226 4025 3467 4066 commu-

1891 4112 2050 4167 nione
2088 4111 2409 4165 astutissime
2449 4110 2605 4164 lateat
2637 4126 2650 4162 :
2686 4107 2854 4176 primo
2881 4104 3193 4162 exsecrabili
3223 4103 3467 4173 superbia

1890 4205 1990 4259 sibi
2037 4204 2154 4273 plus
2193 4212 2474 4271 arrogant,
2519 4214 2674 4269 quam
2719 4198 2829 4252 Deo
2857 4197 3129 4263 tribuunt,
3162 4205 3218 4251 ut
3242 4209 3361 4249 cum
3391 4195 3468 4249 cis

1890 4304 2137 4368 peccator
2171 4303 2325 4349 notus
2367 4301 2480 4357 est,
2528 4301 2763 4346 mortuus
2790 4290 3117 4360 appelletur;
3146 4303 3266 4343 cum
3291 4295 3467 4341 autem

1892 4389 2005 4443 Deo
2028 4396 2184 4440 notus
2211 4395 2293 4441 est
2313 4425 2327 4449 ,
2358 4384 2513 4438 vivus
2540 4382 2894 4437 existimetur.
2925 4380 3124 4435 Deinde
3148 4381 3192 4433 si
3220 4388 3461 4450 peccator

1891 4479 1981 4533 ille
2020 4476 2273 4532 dicendus
2309 4485 2390 4531 est
2428 4484 2667 4529 mortuus
2690 4513 2705 4537 ,
2739 4472 2826 4542 qui
2857 4482 2938 4527 est
2961 4470 3265 4526 hominibus
3290 4470 3471 4539 cogni-

1892 4582 2014 4637 tus;
2057 4571 2123 4625 de
2160 4569 2351 4639 Optato
2388 4568 2512 4637 quid
2553 4564 2854 4635 responsuri
2880 4571 3029 4629 sunt,
3058 4577 3214 4632 quem
3242 4562 3471 4618 scelera-

1892 4676 2001 4721 tum
2045 4665 2201 4733 longo
2243 4673 2478 4730 tempore
2513 4658 2611 4713 sibi
2653 4666 2835 4711 notum
2863 4653 3116 4711 damnare
3141 4654 3471 4708 timuerunt?

1890 4756 1996 4812 Cur
2023 4754 2111 4825 qui
2132 4754 2197 4807 ab
2224 4753 2311 4806 illo
2339 4749 2581 4819 haptizati
2611 4756 2732 4801 sunt
2755 4787 2770 4814 ,
2803 4761 2906 4801 non
2931 4746 3178 4801 dicuntur
3202 4760 3231 4799 a
3260 4755 3472 4799 mortuo

1890 4844 2182 4917 baptizati?
2223 4850 2302 4896 An
2348 4842 2466 4895 ideo
2510 4838 2755 4905 vivebat,
2800 4836 2942 4908 quod
2983 4836 3114 4891 ﬁdes
3161 4836 3237 4890 illi
3283 4849 3468 4891 comes

1893 4948 2005 4993 erat
2042 4938 2111 4990 '?
2154 4934 2303 5003 Quod
2352 4932 2519 4986 facete
2559 4939 2615 4985 et
2650 4930 2921 4999 eleganter
2953 4942 2981 4981 a
3017 4928 3199 4982 nescio
3223 4942 3330 4996 quo
3362 4925 3468 4995 pri-

1894 5028 2060 5085 mario
2101 5027 2298 5094 collega
2340 5038 2437 5078 suo
2478 5022 2676 5076 dictum
2722 5020 2894 5074 solent
2932 5018 3091 5073 etiam
3137 5017 3234 5085 ipsi
3269 5016 3470 5083 jactare

1895 5133 2050 5193 atque
2095 5118 2346 5181 laudare,
2392 5130 2495 5168 non
2545 5112 2895 5183 intelligentes
2939 5109 3081 5165 exitu
3110 5107 3131 5138 ³
3168 5104 3333 5161 Goliae
3379 5117 3469 5156 sn-

1898 5191 2232 5284 perbissimi,
2285 5222 2381 5262 suo
2434 5204 2533 5260 sibi
2585 5202 2759 5275 gladio
2808 5209 2966 5271 caput
3010 5195 3203 5251 auferri
3250 5193 3289 5263 (1
3340 5191 3467 5261 Reg.

1897 5318 2003 5360 xvn
2024 5345 2039 5370 ,
2071 5300 2184 5369 51).

1963 5420 1979 5451 ³
2016 5427 2114 5466 Am.
2136 5422 2209 5464 Er.
2236 5422 2288 5464 et
2301 5420 2429 5472 Mss,
2455 5417 2499 5462 et
2515 5411 2585 5463 ita
2602 5409 2740 5462 nwdo
2757 5414 2880 5459 stult.
2905 5413 2953 5472 In
2975 5403 3100 5452 libro
3120 5398 3151 5447 2
3169 5404 3336 5472 contra
3358 5403 3468 5472 (ire:

1899 5482 2130 5538 sconium,
2157 5492 2205 5525 ιι.
2230 5477 2309 5536 50,
2336 5476 2405 5523 sic
2420 5466 2507 5522 illa
2521 5474 2764 5523 sententia
2787 5467 3062 5538 repetituri;
3082 5468 3185 5538 set
3207 5466 3473 5538 implorat}

1909 5528 2084 5601 (sunt,
2106 5528 2161 5589 ut
2184 5528 2347 5601 neque
2370 5548 2518 5598 super
2535 5544 2707 5593 terras,
2743 5528 2905 5591 neque
2936 5528 2983 5575 in
3014 5528 3186 5585 requie
3205 5528 3477 5570 sanctorum

1909 5620 1932 5651 ι
1950 5610 2175 5712 ζινιῗὲνῐίθ»
2200 5660 2477 5723 legendum,
2497 5656 2692 5723 Δθιιρίέ-
2710 5662 2832 5701 Deus
2862 5646 2936 5699 illi
2976 5660 3129 5699 comes
3163 5651 3266 5699 erat
3296 5642 3480 5696 :sicuti

1904 5734 2069 5788 postea
2094 5723 2177 5774 lib.
2200 5717 2364 5788 Ξξιιιι.
2385 5722 2462 5777 55,
2493 5717 2572 5788 88,

1967 5789 1987 5819 ³
2023 5794 2085 5835 tta
2110 5777 2252 5834 vetus
2279 5784 2451 5832 codex.
2491 5787 2542 5826 At
2574 5777 2710 5832 editi,
2734 5777 2935 5823 exitum.

1970 5851 2040 5911 (α)
2069 5850 2181 5896 vide
2207 5845 2343 5905 infra,
2373 5844 2452 5891 lib.
2479 5840 2526 5897 2,
2546 5851 2593 5885 ιι.
2624 5837 2695 5884 Η..
