4008 6466
506 377 608 436 251

577 488 806 546 CAPUT
849 488 920 546 X.
965 519 1037 532 -—-
1073 491 1166 546 Η.
1200 489 1475 544 Postremo
1499 530 1515 554 ,
1541 488 1585 544 si
1617 501 1793 558 neque
1820 485 2087 572 occultum

506 579 856 650 sceleratum,
907 597 1076 654 neque
1124 577 1494 649 manifestum,
1540 581 1629 653 qui
1676 590 1854 636 tamen
1900 573 1968 634 ab
2012 577 2089 634 eis

506 677 744 733 nondum
781 678 1060 732 damnatus
1097 676 1166 731 sit
1194 717 1209 741 ,
1252 675 1436 730 volunt
1469 674 1738 745 appellare
1771 680 2038 726 mortuum
2069 711 2087 739 ,

504 757 599 825 sed
629 779 685 824 et
706 769 1038 825 manifestum
1067 776 1118 823 et
1138 753 1464 834 damnatum,
1489 777 1548 822 ιιι
1565 767 1800 838 quisquis
1821 763 1887 819 ab
1905 779 1970 819 eo
1990 761 2088 818 ba-

505 862 733 930 ptizatur
754 901 768 925 ,
813 861 926 930 ipse
953 874 983 913 a
1013 871 1222 914 mortuo
1250 859 1543 929 baptizetur
1562 900 1578 925 ,
1605 865 1662 912 et
1689 855 1818 910 nihil
1845 855 1893 910 ei
1923 855 2091 925 prosit

504 952 775 1006 lavacrum
813 951 926 1021 ejus
956 968 968 1003 :
996 943 1125 1022 quid
1166 941 1354 1006 dicturi
1383 959 1506 1005 sunt
1531 945 1598 1004 de
1627 948 1691 1003 iis
1719 962 1852 1018 quos
1876 944 2091 1017 plenarii

501 1042 700 1096 concilii
736 1041 816 1096 sui
850 1038 924 1114 (a)
955 1058 1040 1097 ore
1064 1043 1282 1098 veridico
1311 1058 1430 1097 cum
1460 1039 1779 1097 Maximiano
1805 1049 1859 1095 et
1880 1036 2088 1095 caeteris

501 1134 616 1203 ejus
663 1134 1058 1190 ordinatoribus
1104 1135 1536 1197 damnaverunt,
1591 1118 1916 1186 Felicianum
1968 1125 2086 1185 dico

501 1225 838 1282 Mustitunum
860 1263 875 1290 .
905 1237 962 1282 et
993 1228 1362 1283 Praetextatum
1396 1215 1782 1291 Assuritanum,
1811 1219 1878 1279 de
1896 1223 2087 1294 quibus

500 1315 710 1370 interim
751 1318 972 1388 loquor,
1013 1321 1097 1388 qui
1131 1327 1474 1374 numerantur
1501 1306 1640 1371 inter
1669 1314 1944 1371 duodecim
1973 1303 2086 1368 Ma-

499 1405 716 1460 ximiani
739 1407 1072 1464 ordinatores
1092 1449 1106 1473 ,
1134 1419 1187 1463 et
1210 1419 1478 1464 erectores
1497 1405 1679 1462 altaris
1698 1415 1879 1462 contra
1901 1419 2085 1460 eorum

499 1497 667 1551 altare
685 1539 702 1564 ,
753 1489 838 1552 cui
885 1499 1184 1554 Primianus
1209 1500 1442 1555 assistit?
1468 1490 1557 1553 isti
1586 1507 1729 1553 certe
1752 1497 1818 1552 ab
1844 1497 1922 1552 eis
1949 1486 2087 1549 inter

499 1599 740 1644 mortuos
782 1589 1122 1661 deputantur.
1167 1591 1340 1647 Testis
1369 1601 1449 1647 est
1478 1591 1615 1645 illius
1652 1583 1862 1646 concilii
1899 1602 2083 1642 eorum

498 1671 748 1734 videlicet
788 1682 1036 1750 praeclara
1084 1682 1344 1738 sententia
1370 1721 1385 1748 ,
1426 1697 1545 1752 quae
1580 1680 1844 1752 quondam
1874 1677 2086 1749 quando

497 1773 637 1844 apud
668 1789 760 1830 eos
789 1773 1126 1830 decernenda
1155 1777 1373 1830 recitata
1400 1783 1511 1842 est,
1540 1789 1633 1829 ore
1663 1771 1920 1828 latissimo
1949 1773 1966 1802 ¹
1996 1785 2085 1825 ac-

497 1865 860 1922 clamaverunt
883 1885 903 1933 ;
928 1871 1067 1924 nunc
1096 1878 1272 1924 autem
1299 1869 1343 1922 si
1370 1868 1505 1923 forte
1529 1868 1607 1922 eis
1635 1882 1666 1922 a
1692 1865 1844 1921 nobis
1863 1864 2082 1920 recitata

497 1941 697 2025 fuerit,
739 1958 1146 2026 obmutescunt;
1190 1975 1311 2016 cum
1347 1960 1524 2031 potius
1550 1974 1654 2014 non
1682 1973 1798 2012 eam
1828 1955 2086 2012 deberent

494 2049 666 2119 primo
705 2049 939 2120 gaudere
967 2051 1219 2107 disertam
1244 2093 1259 2116 ,
1288 2066 1355 2106 ne
1385 2055 1568 2120 pastea
1598 2050 1908 2120 plangerent
1934 2045 2086 2102 dill‘a-

495 2147 712 2193 matum.
756 2138 838 2196 lbi.
873 2141 1070 2211 quippe
1104 2142 1171 2199 de
1196 2141 1594 2198 Maximianistis
1621 2156 1649 2195 a
1676 2141 1946 2196 consortio
1971 2154 2082 2194 sua:

495 2229 890 2288 communionis
912 2235 1143 2290 exclusis
1173 2236 1244 2291 ita
1271 2235 1454 2292 dicunt
1485 2253 1498 2290 :
1535 2235 1685 2302 Quod
1705 2234 1922 2288 veridica
1946 2231 2083 2286 unda

495 2325 548 2377 in
577 2341 781 2394 asperos
805 2326 1040 2395 scopulos
1071 2327 1428 2381 nonnullorum
1448 2329 1698 2397 naufraga
1720 2327 1942 2398 projecta
1967 2334 2084 2379 sunt

493 2404 735 2480 membra,
757 2424 804 2469 et
824 2405 1190 2488 ﬁgyptiorum
1210 2417 1485 2471 admodum
1505 2416 1753 2487 exemplo,
1771 2415 2084 2486 pereuntium

493 2507 753 2579 funeribus
779 2510 930 2579 plena
950 2522 1064 2566 sunt
1085 2512 1297 2577 littora;
1321 2503 1500 2582 quibus
1521 2512 1574 2565 in
1603 2511 1715 2582 ipsa
1736 2521 1894 2566 morte
1917 2513 2082 2582 major

493 2607 564 2652 est
589 2615 735 2668 paena
752 2640 767 2666 ,
797 2600 935 2672 quod
964 2609 1075 2670 post
1102 2612 1348 2657 extortam
1371 2603 1514 2673 aquis
1542 2602 1802 2657 ultricibus
1822 2603 2078 2669 animam,

492 2707 580 2746 nec
617 2693 779 2760 ipsam
815 2694 1072 2748 inveniunt
1099 2697 1427 2766 sepulturam.
1455 2697 1531 2751 ιω
1558 2695 1774 2766 quidem
1802 2685 1889 2751 isti
1915 2695 2085 2751 insul—

494 2793 610 2838 tant
634 2784 986 2842 schismaticis
1009 2787 1122 2844 suis
1139 2823 1155 2855 ,
1184 2798 1245 2844 ut
1270 2804 1364 2845 eos
1383 2799 1437 2844 et
1456 2797 1696 2843 mortuos
1715 2798 1769 2844 et
1788 2787 2080 2856 insepultos

492 2884 686 2930 vocent
727 2893 742 2929 :
780 2875 876 2932 sed
899 2885 1045 2933 certe
1074 2888 1259 2948 aptare
1287 2879 1582 2935 debuerunt
1610 2886 1669 2933 ut
1691 2878 2076 2950 sepelirentur,

491 2978 563 3020 ne
599 2964 666 3021 de
703 2966 1039 3025 multitudine
1057 2969 1346 3040 iacentium
1374 2971 1427 3026 in
1453 2971 1632 3026 littore
1656 2971 1973 3026 cadaverum
1999 2970 2080 3025 in-

499 3056 829 3124 sepultorum
849 3057 1194 3116 Gildonianus
1215 3059 1436 3130 Optatus
1457 3061 1708 3118 incedens
1727 3077 1848 3118 cum
1867 3062 2079 3132 agmine

497 3145 758 3214 militari,
797 3157 1045 3220 tanquam
1089 3151 1303 3221 rapidus
1326 3151 1520 3208 ﬂuctus
1542 3154 1562 3184 '
1593 3154 1729 3208 ultra
1759 3153 2074 3223 prosiliens,

492 3226 821 3294 Felicianum
888 3249 944 3298 et
1002 3229 1380 3300 Prmtextatum
1443 3245 1703 3301 introrsus
1758 3254 1942 3316 postea
1991 3259 2078 3301 re-

490 3329 752 3386 sorberet.

562 3419 789 3478 CAPUT
833 3420 927 3479 Xl.
969 3451 1044 3464 —
1080 3423 1169 3479 12.
1216 3425 1263 3480 A
1305 3426 1496 3496 quibus
1536 3442 1748 3497 quaero,
1790 3435 1966 3483 utrum
2007 3424 2076 3482 ad

492 3523 681 3586 eorum
717 3511 935 3584 pelagus
961 3516 1312 3572 commeando
1337 3519 1677 3585 revixerunt,
1707 3534 1774 3574 an
1803 3520 1977 3576 adhuc
2002 3520 2074 3576 ibi

493 3602 690 3658 mortui
725 3605 985 3662 manent?
1016 3605 1076 3662 Si
1099 3609 1242 3663 enim
1266 3608 1606 3665 nihilominus
1633 3610 1888 3666 cadavera
1917 3619 2070 3679 sunt,

493 3706 593 3747 nec
633 3693 812 3764 aliquo
857 3696 1017 3753 modo
1059 3697 1276 3768 prodeat
1316 3699 1583 3755 lavacrum
1627 3701 1704 3756 eis
1743 3701 1832 3771 qui
1865 3701 1933 3756 ab
1958 3701 2074 3757 istis

494 3785 721 3842 mortuis
753 3787 1112 3859 baptizantur.
1148 3781 1205 3848 Si
1233 3800 1410 3848 autem
1437 3794 1782 3861 revixerunt,
1807 3793 2074 3864 quomodo

491 3879 712 3947 prodest
758 3879 1027 3940 lavacrum
1072 3883 1217 3950 illis,
1258 3899 1428 3956 quos,
1471 3900 1592 3941 cum
1631 3885 1902 3941 exanimes
1928 3885 2073 3955 jace-

495 3979 652 4036 rent,
685 3970 818 4028 foris
841 3983 996 4031 antea
1023 3975 1389 4044 baptizarunt,
1420 3977 1463 4032 si
1489 3993 1555 4034 eo
1577 3978 1735 4033 modo
1759 3994 1864 4048 quo
1890 3986 2077 4048 putant

495 4057 891 4132 intelligendum
929 4074 1048 4132 est,
1093 4067 1192 4132 Qui
1231 4066 1516 4137 baptizatur
1549 4085 1581 4121 a
1621 4079 1817 4124 mortuo
1839 4111 1857 4136 ,
1881 4070 2004 4140 quid
2027 4069 2076 4123 ei

495 4153 697 4220 prodest
721 4155 981 4210 lavacrum
1006 4158 1116 4227 ejus
1136 4157 1162 4211 7
1189 4158 1295 4213 Eos
1321 4158 1462 4216 enim
1487 4174 1621 4230 quos
1648 4159 1997 4216 Przetextatus
2021 4168 2076 4216 et

495 4243 828 4313 Felicianus,
866 4263 990 4304 cum
1029 4249 1203 4306 adhuc
1241 4251 1556 4306 Maximiano
1579 4253 2072 4321 communicarent,

497 4335 928 4407 baptizaverunt,
967 4357 1106 4397 nunc
1132 4357 1314 4399 secum
1339 4359 1446 4398 non
1471 4345 1823 4414 rebaptizatos
1835 4361 1955 4401 cum
1972 4347 2075 4402 eis.

498 4426 622 4483 dem
666 4429 1079 4500 baptizatos-ibus
1113 4434 1230 4490 suis
1248 4474 1264 4499 ,
1292 4433 1398 4490 hoc
1418 4443 1501 4490 est
1520 4475 1538 4499 ,
1566 4435 1832 4491 Feliciano
1855 4444 1909 4492 et
1927 4437 2073 4492 Prae-

498 4529 702 4578 textato
725 4524 867 4580 intus
892 4524 1086 4582 habent
1110 4527 1402 4598 permixtos
1425 4529 1782 4585 communioni
1808 4545 1918 4586 suae
1942 4547 1956 4585 :
1979 4545 2076 4585 cu-

492 4611 582 4682 jus
604 4612 728 4668 facti
754 4615 1056 4683 occasione,
1079 4617 1129 4673 si
1147 4633 1253 4674 non
1273 4634 1383 4674 sua:
1402 4619 1707 4689 pertinaciae
1726 4621 2076 4692 principatum
2105 4628 2113 4636 ‘

497 4708 770 4775 foverent,
806 4709 901 4766 sed
934 4712 1220 4782 spiritualis
1258 4727 1369 4769 sua:
1395 4713 1582 4768 salutis
1607 4721 1712 4768 tam
1738 4724 1940 4770 certum
1965 4716 2077 4774 exi-

500 4800 629 4853 tium
667 4800 992 4871 cogitarent,
1035 4803 1288 4873 evigilare
1313 4805 1492 4874 utique
1519 4804 1808 4871 deberent,
1837 4814 1892 4860 et
1913 4807 2078 4863 animi

495 4892 726 4948 sanitate
763 4903 975 4964 recepta
1016 4894 1068 4948 in
1114 4909 1242 4964 pace
1268 4895 1528 4951 catholica
1569 4897 1864 4966 respirare;
1911 4897 1958 4952 si
1999 4907 2079 4953 tu-

499 5001 649 5041 more
677 4986 942 5056 superbiae
968 4989 1168 5058 posito,
1195 4997 1250 5045 et
1273 4991 1581 5059 pervicacia
1602 4991 1779 5047 furore
1803 5003 2076 5062 superato,

494 5077 689 5133 vellent
727 5079 1008 5136 attendere
1043 5095 1203 5151 quam
1230 5081 1445 5136 immani
1474 5081 1748 5154 sacrilegio
1773 5086 2081 5140 transmari-

497 5183 684 5226 narum
732 5171 1090 5228 Ecclesiarum
1114 5214 1130 5240 ,
1171 5189 1303 5246 quas
1330 5176 1609 5245 primavas
1632 5179 1762 5232 sitas
1790 5193 1857 5234 ex
1881 5179 2080 5238 sanctis

497 5260 668 5317 Libris
687 5263 990 5334 accepimus
1011 5304 1028 5331 ,
1051 5263 1352 5335 Baptismus
1375 5274 1680 5322 exsecretur
1695 5307 1712 5334 ,
1737 5277 1791 5323 et
1812 5269 2080 5325 Maximia-

496 5353 754 5410 nistarum
777 5395 796 5423 ,
825 5371 960 5429 quos
977 5371 1073 5414 ore
1096 5360 1312 5431 pr0prio
1333 5359 1751 5429 damnaverunt,
1773 5361 2078 5434 Baptismus

496 5446 797 5517 recipiatur.

561 5583 577 5614 ι
613 5581 717 5654 Sola
756 5583 904 5635 editio
925 5591 1068 5654 ἑον..
1095 5585 1340 5640 lctisst
1367 5600 1385 5640 .°
1421 5595 1476 5640 ut
1519 5602 1713 5640 rursum
1750 5589 1819 5641 lib
1847 5591 1880 5640 4
1913 5599 2079 5644 contra

495 5645 820 5704 «omnium,
837 5659 885 5694 ιι.
912 5647 990 5697 48.

497 5708 1082 5819 “Litigat-hlaan
1100 5709 1301 5766 rabidus
1325 5707 1654 5779 ﬂuctum—sto
1671 5717 1819 5768 etiam
1835 5722 1910 5770 Ir.
1927 5717 2076 5784 Lugd.

563 5830 637 5896 (α)
660 5829 948 5896 κείω

1353 343 1624 433 CONTRA
1661 369 1997 428 LITTERAS
2034 367 2392 436 PETlLlANl,
2433 369 2491 425 S.
2531 369 2902 428 AUGUSTINI

3664 379 3772 437 252

2267 482 2489 538 CAPUT
2527 483 2618 539 Xll
2658 513 2730 526 —
2750 485 2836 541 l3.
2869 484 2972 556 lpsi
3009 499 3137 543 vero
3157 485 3344 546 fratres
3363 491 3530 547 nostri
3561 507 3771 550 memo-

2194 575 2426 629 ratarum
2481 571 2837 633 Ecclesiarum
2885 576 3016 648 lilii,
3066 579 3192 650 quid
3229 589 3351 638 ante
3377 590 3454 638 tot
3499 569 3792 642 annos'in‘

2194 665 2374 722 Africa
2414 676 2618 738 gestum
2647 667 2748 736 sit,
2781 677 2836 725 et
2861 678 2988 726 tunc
3028 672 3351 740 nescierunt,
3400 683 3455 730 et
3482 675 3645 730 modo
3669 692 3766 732 nc-

2194 758 2404 814 sciunt:
2427 757 2568 815 unde
2597 759 2715 817 illos
2735 761 2974 829 crimina,
3002 778 3119 834 qua:
3144 763 3213 819 ab
3231 780 3413 820 eorum
3444 775 3594 836 parte
3623 767 3770 825 Afris

2193 848 2400 920 objecta
2422 857 2546 906 sunt
2567 894 2584 921 ,
2611 851 2820 908 etiamsi
2845 870 2968 909 vera
3009 865 3186 910 essent
3215 851 3522 926 ignorantes
3541 901 3556 924 ,
3583 871 3772 916 conta-

2193 942 2395 999 minare
2417 959 2521 1000 non
2567 955 2800 1017 possent.
2835 941 2923 1002 Isti
2947 955 3121 1002 autem
3158 945 3325 1018 palam
3356 953 3583 1022 separati
3609 964 3770 1024 atque

2191 1034 2385 1102 divisi,
2426 1051 2547 1091 cum
2591 1031 2844 1094 Primiani
2888 1033 3205 1095 ordinationi
3259 1041 3418 1098 etiam
3466 1041 3773 1104 interfuisse

2192 1121 2452 1196 dicantur,
2485 1133 2804 1188 Primianum
2833 1134 3249 1202 damnaverunt,
3275 1135 3440 1190 alium
3461 1136 3771 1208 episcOpum

2190 1231 2374 1276 contra
2422 1222 2747 1298 Primianum
2793 1224 3212 1294 ordinaverunt,
3252 1237 3400 1282 extra
3441 1225 3770 1285 Primianum

2190 1312 2632 1383 baptizaverunt,
2709 1327 2830 1387 post
2895 1317 3220 1375 Primianum
3280 1319 3745 1390 rebaptizaverunt

2188 1419 2415 1476 cumque
2441 1408 2551 1462 suis
2576 1407 2706 1464 foris
2727 1424 2757 1462 a
2788 1423 2848 1464 se
2877 1397 3175 1481 baptizafis,
3199 1418 3253 1464 et
3279 1411 3424 1464 intus
3445 1425 3475 1463 a
3514 1409 3662 1464 nullo
3689 1427 3774 1468 re-

2187 1497 2489 1568 baptizatis,
2521 1499 2587 1554 ad
2629 1499 2954 1555 Primianum
3001 1497 3294 1566 redierunt,
3341 1497 3398 1556 Si
3424 1510 3571 1556 tanta
3597 1499 3772 1557 Maxi-

2187 1589 2554 1646 mianistarum
2579 1592 2880 1662 conjunctio
2913 1592 3214 1648 Donatistas
3232 1608 3339 1648 non
3366 1595 3615 1657 maculat,
3638 1609 3772 1665 quo-

2186 1682 2347 1737 modo
2385 1685 2635 1738 Afrorum
2677 1685 2815 1740 fama
2871 1687 3042 1756 potuit
3093 1683 3359 1740 maculare
3415 1679 3771 1756 peregrinos?

2186 1772 2240 1829 Si
2265 1774 2316 1827 in
2343 1775 2489 1844 pacis
2536 1775 2720 1831 osculo
2748 1776 2864 1830 sine
2906 1775 3128 1831 crimine
3160 1785 3355 1830 coeunt
3383 1775 3520 1831 labia
3562 1789 3684 1846 qua;
3713 1789 3774 1832 se

2187 1863 2414 1920 invicem
2442 1865 2860 1934 damnaverunt,
2890 1881 2989 1922 cur
3014 1867 3067 1921 in
3114 1861 3368 1922 Ecclesiis
3387 1865 3542 1922 valde
3582 1881 3770 1922 eorum

2181 1957 2381 2028 judicio
2408 1961 2780 2016 remotissimis
2806 1971 2950 2016 trans
2977 1976 3123 2017 mare
3165 1960 3232 2016 ab
3269 1961 3348 2016 eis
3371 1961 3593 2032 quisque
3619 1957 3772 2015 dam-

2186 2059 2361 2118 natus,
2391 2067 2498 2106 non
2526 2061 2582 2107 ut
2625 2052 2796 2108 lidclis
2821 2053 3115 2110 catholicus
3141 2052 3432 2118 osculatur,
3463 2051 3558 2108 sed
3588 2061 3649 2107 ut
3673 2066 3768 2122 pa-

2185 2157 2352 2212 ganus
2397 2145 2592 2214 impius
2640 2145 3174 2212 exsufﬂaturiQuod
3221 2145 3267 2200 si
3310 2159 3493 2216 pacem
3539 2144 3768 2214 receptis

2184 2220 2585 2292 Maximianistis
2623 2252 2723 2308 pro
2775 2252 2870 2293 sua
2909 2238 3111 2293 unitate
3161 2233 3442 2292 fecerunt:
3485 2249 3614 2290 ecce
3661 2249 3768 2289 non

2185 2327 2658 2399 reprehendimus,
2707 2331 2810 2385 nisi
2841 2329 2984 2400 quod
3015 2345 3115 2386 suo
3143 2345 3202 2385 se
3237 2327 3438 2400 judicio
3476 2325 3727 2397 jugulant
3747 2365 3765 2390 ,

2185 2427 2241 2472 ut
2259 2433 2380 2474 cum
2408 2434 2506 2489 pro
2530 2421 2736 2477 unitate
2760 2421 3082 2476 concisionis
3121 2436 3231 2477 suae
3272 2435 3304 2474 a
3338 2435 3396 2475 se
3422 2432 3608 2473 rursus
3641 2431 3772 2472 con-

2184 2508 2294 2565 cisa
2324 2511 2678 2582 recolligant,
2706 2512 2877 2583 ipsam
2914 2512 3276 2569 concisionem
3300 2523 3449 2568 suam
3474 2523 3620 2565 veras
3646 2505 3768 2564 uni-

2185 2600 2279 2654 tati
2305 2601 2566 2656 resarcire
2588 2609 2952 2658 contemnant.

2253 2690 2478 2746 CAPUT
2517 2692 2654 2748 Xlll.
2681 2694 2859 2749 ~14.
2896 2693 2952 2750 Si
2994 2707 3093 2761 pro
3131 2685 3331 2748 unitate
3379 2689 3546 2762 partis
3573 2687 3767 2746 Donati

2182 2780 2237 2836 in
2268 2781 2474 2838 nefario
2502 2785 2793 2842 schismate
2836 2787 3133 2856 baptizatos
3163 2800 3323 2841 nemo
3351 2781 3685 2854 rebaptizat,
3713 2791 3767 2840 et

2181 2873 2260 2930 rei
2285 2875 2416 2929 tanti
2450 2876 2668 2931 sceleris
2687 2917 2707 2943 ,
2735 2886 2794 2933 ut
2815 2891 2909 2933 eos
2946 2878 3002 2933 in
3026 2876 3250 2938 concilio
3275 2890 3374 2932 suo
3409 2874 3643 2946 antiquis
3661 2875 3766 2932 illis

2180 2967 2488 3022 auctoribus
2508 2969 2811 3026 schismatis
2834 2985 2968 3041 quos
2997 2973 3145 3027 vivos
3172 2979 3313 3026 terra
3343 2968 3550 3026 sorbuit
3567 2967 3766 3040 (Nam.

2179 3070 2268 3111 xu
2291 3098 2306 3122 ,
2341 3058 2526 3130 31-35)
2555 3070 2948 3131 compararent,
2973 3072 3064 3116 aut
3109 3062 3339 3134 separati
3377 3077 3482 3118 non
3527 3061 3764 3132 puniun-

2179 3153 2288 3214 tur,
2337 3158 2427 3204 aut
2480 3149 2718 3206 damnati
2743 3152 2798 3207 in
2833 3153 3096 3222 integrum
3139 3153 3505 3217 restituuntur;
3528 3167 3628 3207 cur
3653 3167 3766 3209 non

2178 3255 2276 3310 pro
2323 3241 2524 3296 unitate
2570 3242 2807 3313 Christi,
2845 3259 2964 3314 quae
2992 3252 3103 3300 toto
3125 3251 3384 3299 terrarum
3420 3243 3550 3298 orbe
3571 3237 3763 3298 ditl‘usa

2179 3340 2282 3396 est,
2308 3331 2376 3385 de
2403 3348 2511 3402 quo
2537 3333 2848 3402 praedictum
2885 3343 2967 3389 est
3007 3333 3157 3404 quod
3183 3334 3541 3389 dominabitur
3564 3349 3596 3388 a
3625 3333 3764 3388 mari

2177 3435 2346 3492 usque
2374 3423 2439 3476 ad
2463 3438 2633 3490 mare,
2661 3434 2716 3480 et
2738 3440 2770 3480 a
2795 3425 3012 3480 ﬂumine
3032 3439 3198 3495 usque
3225 3425 3292 3479 ad
3324 3425 3580 3481 terminos
3610 3424 3762 3480 orbis

2178 3519 2337 3569 terra:
2377 3514 2548 3587 (Psal.
2576 3532 2729 3583 uxr,
2757 3516 2846 3587 8);
2878 3525 2932 3571 et
2954 3513 3097 3586 quod
3138 3516 3447 3586 prtedictum
3484 3526 3587 3582 est,
3613 3515 3765 3572 vide-

2179 3611 2265 3659 tur
2298 3620 2361 3660 ac
2401 3607 2654 3676 probatur
2677 3607 2884 3677 impleri
2912 3625 2926 3660 :
2955 3623 3052 3664 cur
3091 3623 3220 3679 ergo
3248 3623 3352 3662 non
3380 3622 3479 3678 pro
3515 3609 3616 3664 ista
3643 3607 3766 3664 uni-

2177 3704 2285 3752 tate
2308 3712 2431 3752 vera
2480 3707 2535 3754 et
2554 3698 2789 3769 plenaria
2813 3698 2898 3753 lex
2938 3697 3080 3754 illius
3115 3698 3439 3754 bxcreditatis
3472 3699 3488 3730 ¹
3513 3699 3765 3769 agnosci-

2177 3794 2284 3855 tur,
2309 3802 2430 3858 quae
2464 3788 2533 3844 de
2575 3788 2942 3844 communibus
2986 3788 3256 3844 codicibus
3289 3799 3567 3860 personat,
3613 3781 3763 3845 Dabo

2177 3876 2265 3931 tibi
2290 3887 2461 3948 gentes
2486 3879 2999 3945 hwreditatemtuam,
3025 3889 3071 3933 et
3098 3881 3462 3948 possessionem
3491 3889 3632 3934 tuam
3659 3887 3762 3936 ter-

2176 3969 2337 4022 minos
2361 3978 2506 4024 terra:
2533 3968 2701 4039 (Psal.
2730 3985 2810 4038 ιι,
2838 3969 2918 4040 8).
2950 3969 3052 4025 Pro
3083 3970 3273 4026 Donati
3307 3971 3505 4027 unitate
3534 3987 3640 4027 non
3661 3987 3760 4028 co-

2175 4069 2373 4131 guntur
2417 4075 2669 4117 revocare
2710 4060 2853 4132 quod
2889 4060 3290 4131 disperserunt,
3319 4061 3414 4118 sed
3463 4063 3763 4118 admonen-

2179 4159 2264 4208 tur
2288 4153 2540 4209 exaudire
2566 4152 2707 4223 quod
2725 4154 2956 4208 clamant
2981 4155 3269 4224 Scriptura:
3295 4173 3308 4209 :
3337 4170 3432 4211 cur
3460 4171 3569 4211 non
3592 4156 3759 4211 intel-

2176 4243 2344 4315 ligunt
2370 4246 2421 4300 id
2442 4260 2621 4301 secum
2643 4254 2819 4300 actum
2864 4246 3226 4302 misericordia
3265 4247 3358 4302 Dei
3380 4289 3396 4315 ,
3427 4247 3765 4319 utquoniam

2177 4337 2490 4392 catholicam
2531 4337 2822 4393 Ecclesiam
2867 4337 3019 4394 falsis
3053 4338 3362 4394 criminibus
3404 4339 3760 4407 accusabant,

2173 4441 2401 4496 quorum
2450 4429 2598 4498 quasi
2625 4427 2941 4498 contagione
2970 4430 3187 4486 nimiam
3227 4430 3563 4488 sanctitatem
3609 4446 3763 4486 suam

2177 4519 2542 4574 contaminare
2563 4521 2834 4586 nolebant,
2854 4536 2976 4577 vera
3001 4531 3055 4577 et
3083 4522 3311 4577 maxima
3337 4522 3556 4578 crimina
3586 4524 3764 4592 plena.

2178 4610 2244 4664 rii
2287 4612 2486 4666 concilii
2530 4612 2614 4668 sui
2658 4614 2907 4681 veridico,
2937 4614 3074 4670 sicut
3117 4614 3332 4681 dicunt,
3360 4630 3447 4669 ore
3472 4609 3722 4668 damnata
3743 4655 3762 4682 ,

2179 4716 2363 4758 rursus
2390 4703 2626 4778 recipere
2653 4719 2748 4774 per
2781 4704 2956 4775 Optati
2983 4705 3282 4761 Gildoniani
3307 4721 3550 4778 regnum,
3581 4716 3634 4760 et
3659 4706 3761 4760 sibi

2179 4794 2384 4850 sociare
2408 4805 2743 4865 cogerentur.
2770 4795 2887 4851 Jam
2919 4797 3129 4853 tandem
3155 4798 3390 4855 sentiant
3413 4788 3766 4868 quemadmo-

2180 4883 2304 4940 dum
2331 4887 2472 4942 veris
2510 4901 2727 4943 suorum
2770 4887 3062 4944 sceleribus
3083 4887 3422 4960 impleantur,
3451 4889 3539 4960 qui
3568 4887 3618 4942 in
3651 4886 3763 4942 fra-

2184 4986 2293 5034 tres
2315 4991 2442 5033 suos
2465 4977 2596 5034 falsa
2609 4981 2936 5050 conﬁngunt,
2953 4995 3072 5050 qua:
3091 4981 3137 5036 si
3161 4967 3320 5036 etiam
3341 4996 3465 5036 vera
3479 4977 3763 5047 dixissent,

2177 5070 2288 5141 jam
2315 5071 2524 5128 tandem
2545 5075 2745 5130 sentire
2771 5074 3030 5129 deberent
3053 5083 3247 5146 quanta
3278 5073 3498 5144 sintpro
3527 5089 3656 5144 pace
3685 5082 3767 5129 too

2181 5162 2419 5231 leranda,
2450 5172 2505 5220 et
2529 5179 2624 5235 pro
2652 5179 2780 5234 pace
2801 5165 2998 5222 Christi
3025 5166 3200 5223 redire
3225 5165 3294 5221 ad
3320 5165 3610 5222 Ecclesiam
3642 5180 3767 5236 qua:

2181 5270 2288 5310 non
2314 5255 2583 5312 damnavit
2623 5257 2920 5329 incognita,
2950 5258 2994 5314 si
3043 5271 3141 5329 pro
3165 5246 3320 5330 pacet
3343 5257 3532 5314 Donati
3562 5251 3765 5328 placuit

2180 5360 2432 5402 revocare
2458 5347 2728 5405 damnata.

2253 5437 2478 5496 CAPUT
2501 5439 2640 5496 XIV.
2669 5470 2743 5484 —
2788 5441 2878 5498 15.
2932 5439 3114 5512 Itaque
3153 5441 3315 5519 nobis
3337 5482 3353 5508 ,
3390 5439 3608 5506 fratres,
3662 5439 3767 5496 hoc

2181 5547 2346 5589 unum
2369 5533 2514 5604 quod
2537 5533 2604 5591 de
2630 5533 3033 5591 Maximianistis
3056 5533 3195 5606 apud
3221 5549 3315 5590 eos
3339 5532 3534 5591 factum
3565 5541 3670 5600 est,
3698 5532 3765 5588 ad

2245 5716 2260 5748 ⁸
2299 5722 2398 5764 Am.
2423 5720 2497 5764 Er.
2524 5721 2576 5765 et
2598 5714 2748 5763 nostri
2771 5719 3001 5776 Mss.,p_aa:
3022 5710 3156 5764 illius
3173 5705 3486 5776 hwreditatis.
3505 5711 3767 5776 Lovanien-

2181 5790 2264 5828 ses
2287 5790 2350 5827 ex
2375 5777 2756 5839 Endoviensitss.
2782 5783 2836 5839 et
2850 5770 2914 5826 ei
2929 5774 3014 5839 lib.
3035 5776 3071 5839 5
3090 5782 3257 5827 contra
3270 5773 3592 5838 Cresconium,
3609 5785 3660 5825 η.
3686 5770 3766 5839 37,

2185 5839 2520 5903 emendat-unt,
2534 5838 2615 5892 les
2628 5837 2760 5891 illius
2774 5835 3085 5891 hereditatis.
