4008 6468
251 385 355 448 253

243 517 338 564 eos
362 499 732 561 admouendus
749 499 1194 574 corrigendosque
1214 497 1440 556 sufficiat
1464 517 1476 554 :
1508 514 1616 554 non
1644 505 1825 556 vetera

241 599 454 654 archiva
487 600 504 630 ¹
542 595 857 654 discutimus
884 637 899 662 ,
931 609 1036 650 non
1083 595 1296 664 antiqua
1340 593 1567 648 armaria
1598 593 1824 648 ventila-

239 705 377 755 mus,
406 704 513 745 non
536 690 603 744 ad
633 689 944 759 longinquas
969 695 1137 742 terras
1175 692 1409 739 nostram
1458 683 1824 754 probationem

236 782 686 846 transmittimus;
717 778 811 834 sed
859 787 1251 850 seqttestramus
1295 778 1470 832 omnia
1518 783 1821 832 nostrorum

238 869 558 928 documenta
606 871 867 942 majorum
894 913 909 936 ,
963 868 1259 925 diderimus
1287 869 1309 902 '
1356 869 1654 925 testimonia
1711 873 1823 923 toto

235 971 498 1021 terrarum
527 965 656 1018 orbe
679 962 979 1018 clamantia.

301 1053 534 1112 CAPUT
562 1051 679 1110 XV.
709 1085 778 1095 —
807 1051 894 1108 16.
926 1051 1062 1108 Ecce
1093 1047 1372 1106 Mnstitana
1411 1057 1466 1106 et
1503 1050 1818 1105 Assuritan'a

213 1146 494 1224 .civitates;
530 1153 812 1216 supersunt
839 1145 1011 1200 adhuc
1040 1143 1062 1176 ³
1091 1144 1142 1198 in
1174 1144 1273 1198 hac
1291 1143 1393 1197 vita
1424 1151 1477 1197 et
1507 1144 1556 1196 in
1579 1143 1674 1196 hac
1695 1151 1820 1212 pro-

235 1241 403 1294 vincia
454 1238 543 1309 qui
568 1251 625 1292 se
653 1239 1025 1308 disjunxe'mnt
1051 1246 1103 1290 et
1131 1250 1159 1290 a
1181 1233 1372 1306 quibus
1400 1233 1645 1303 disjuncti
1673 1235 1816 1300 sunt,

236 1331 320 1402 qui
359 1331 529 1384 altare
567 1337 852 1384 erexerunt
881 1338 933 1382 et
971 1339 1156 1383 contra
1206 1342 1340 1396 quos
1378 1333 1699 1390 erexerunt,
1728 1324 1818 1394 qui

236 1419 551 1477 damnarunt
573 1429 626 1475 et
651 1422 737 1490 qui
765 1419 999 1473 damnati
1022 1426 1163 1485 sunt,
1196 1420 1284 1489 qui
1314 1426 1627 1488 receperunt
1649 1426 1702 1472 et
1728 1417 1818 1486 qui

236 1512 431 1580 recepti
460 1519 585 1565 sunt
612 1554 626 1577 ,
655 1512 743 1582 qui
774 1509 904 1565 foris
926 1511 1172 1580 baptizati
1201 1501 1399 1563 suntet
1423 1511 1559 1564 intus
1591 1508 1821 1577 rebapti-

235 1601 333 1656 zati
364 1617 470 1657 non
499 1607 623 1656 sunt
656 1599 736 1656 :si
765 1599 878 1655 brcc
907 1617 1004 1672 pro
1026 1601 1226 1655 unitate
1255 1600 1538 1665 maculant,
1573 1599 1818 1652 maculati

233 1697 584 1764 comprimam
609 1707 824 1760 vocem;
854 1696 897 1750 si
925 1693 1036 1749 haec
1061 1709 1160 1764 pro
1184 1692 1383 1747 unitate
1403 1705 1509 1746 non
1530 1691 1814 1757 maculant,

232 1787 457 1842 correcti
489 1786 730 1841 auferant
767 1785 935 1840 litem.

298 1877 529 1934 CAPUT
577 1878 717 1933 XVI.
751 1908 822 1918 —
849 1878 934 1933 17.
957 1875 1074 1932 Jam
1098 1877 1259 1931 verba
1303 1873 1540 1945 epistola}
1572 1885 1680 1929 sua:
1727 1871 1817 1928 ille

233 1970 341 2040 ipse
394 1971 483 2040 qui
515 1967 758 2038 scripsit,
791 1968 1046 2032 irrideat,
1091 1969 1182 2039 qui
1223 1973 1479 2036 usurpato
1519 1965 1728 2020 indocte
1754 1979 1816 2021 ac

231 2059 561 2115 mendaciter
588 2061 893 2115 testimonio
915 2103 928 2125 ,
962 2069 1067 2130 quo
1108 2061 1363 2129 scriptum
1392 2065 1812 2126 commemorat,

234 2149 328 2218 Qui
352 2151 645 2220 baptizatur
667 2168 698 2204 a
740 2157 938 2205 mortuo
958 2194 972 2218 ,
1001 2151 1122 2223 quid
1155 2152 1200 2204 ei
1225 2152 1425 2220 prodest
1450 2150 1632 2204 lavatio
1658 2149 1815 2221 ejus?

229 2255 450 2301 conatur
475 2245 629 2300 nobis
672 2245 956 2300 ostendere
979 2287 993 2308 ,
1026 2256 1270 2314 quatenus
1293 2243 1506 2298 traditor
1547 2244 1649 2297 vita
1679 2259 1814 2296 mor-

228 2346 338 2390 tuus
377 2337 646 2391 habeatur.
683 2337 750 2391 Et
787 2337 1060 2406 adjungit,
1094 2335 1279 2390 dicens
1314 2335 1592 2390 :Mortuus
1619 2344 1691 2388 est
1728 2333 1814 2388 ille

227 2427 308 2498 qui
352 2426 618 2498 Baptismo
658 2441 771 2480 vero
802 2427 940 2480 nasci
980 2443 1080 2480 non
1106 2427 1326 2491 meruit;
1358 2437 1582 2480 mortuus
1627 2433 1700 2479 est
1727 2424 1815 2479 ille

227 2518 477 2585 similiter,
507 2519 593 2588 qut
624 2525 768 2588 justo
808 2517 1073 2587 Baptismo
1114 2519 1345 2590 genitus,
1377 2519 1565 2572 mixtus
1595 2527 1666 2572 est
1707 2527 1812 2571 tra-

226 2609 394 2665 ditori.
446 2608 506 2665 Si
533 2621 662 2680 ergo
707 2607 1107 2665 Maximianista:
1135 2609 1329 2664 mortui
1373 2619 1478 2664 non
1523 2620 1681 2677 sunt,
1715 2625 1812 2665 cur

224 2703 274 2756 ill
300 2699 546 2771 plenario
576 2701 803 2756 concilio
833 2716 931 2757 suo
959 2702 1177 2767 dicunt,
1217 2701 1358 2772 Quod
1391 2719 1563 2756 eorum
1591 2719 1809 2773 pereun-

226 2793 346 2847 tium
388 2793 650 2863 funeribus
695 2795 842 2864 plena
887 2801 1002 2848 sunt
1050 2792 1337 2850 littora?Si
1387 2799 1564 2848 autem
1614 2794 1808 2848 mortui

227 2891 369 2950 Sunt,
400 2881 543 2939 unde
572 2885 702 2939 vivit
730 2883 752 2916 ⁸
776 2883 1044 2954 Baptisma
1076 2885 1216 2954 quod
1241 2883 1539 2939 dederunt?
1567 2883 1767 2938 Deinde
1790 2924 1805 2950 ,

229 2973 642 3031 ﬂMaximianus
689 2979 932 3031 mortuus
975 2989 1080 3030 non
1110 2985 1229 3042 est,
1276 2987 1441 3046 quare
1496 2984 1617 3044 post
1661 2975 1807 3030 illum

223 3065 607 3138 rebaptizatur?
625 3067 682 3124 Si
695 3077 869 3124 autem
885 3074 1126 3123 mortuus
1146 3075 1247 3135 est,
1267 3083 1430 3137 quare
1447 3083 1567 3121 cum
1592 3068 1682 3122 illo
1699 3083 1806 3123 non

222 3167 302 3214 est
325 3168 573 3215 mortuus
600 3158 898 3214 Felicianus
925 3155 1243 3213 Mustitanus
1272 3157 1544 3212 ordinator
1567 3158 1682 3228 ejus
1703 3199 1719 3224 ,
1753 3167 1810 3214 et

223 3265 338 3308 cum
386 3249 576 3308 nescio
627 3265 733 3322 quo
761 3249 1015 3305 traditore
1043 3249 1172 3304 Al‘ro
1212 3249 1414 3319 collega
1464 3249 1598 3303 mori
1640 3249 1809 3319 potuit

222 3345 654 3400 transmarinus?
679 3346 784 3398 Aut
813 3344 857 3398 si
895 3350 949 3399 et
978 3343 1091 3414 ipse
1120 3352 1360 3398 mortuus
1384 3349 1495 3407 est,
1519 3342 1658 3397 unde
1684 3358 1806 3398 cum

223 3433 310 3492 illo
335 3433 482 3507 apud
528 3443 580 3492 te
608 3436 791 3490 vivunt
818 3437 958 3490 intus
987 3451 1093 3490 non
1118 3433 1430 3506 rebaptizati
1448 3477 1463 3504 ,
1493 3435 1583 3507 qui
1624 3435 1808 3492 abillo

221 3537 432 3583 mortuo
458 3525 593 3582 I'oris
615 3529 740 3581 Sunt
766 3525 1062 3597 baptizati?

285 3619 522 3677 CAPUT
547 3617 712 3674 XVII.
741 3650 812 3660 —
838 3619 925 3675 I8.
955 3615 1158 3674 Deinde
1192 3617 1466 3689 subiunxit
1491 3637 1506 3674 :
1536 3617 1695 3675 Ambo
1725 3617 1804 3676 tti-

221 3718 320 3766 tam
361 3703 622 3781 Baptismi
643 3727 744 3764 non
771 3705 981 3777 habent,
1013 3717 1059 3764 et
1081 3709 1166 3781 qui
1195 3728 1452 3781 nunquam
1479 3712 1682 3781 penitus
1714 3710 1807 3766 ha-

223 3801 352 3869 buit,
379 3808 425 3855 et
449 3803 538 3871 qui
581 3797 753 3854 habuit
795 3805 846 3855 el
891 3802 1078 3854 amisit.
1106 3801 1384 3871 Nunquam
1433 3817 1561 3872 ergo
1591 3801 1806 3870 habuit,

222 3901 380 3964 auem
406 3891 795 3949 Maximi‘a‘niSta
841 3889 1141 3948 Felicianus
1168 3898 1258 3947 aut
1300 3893 1652 3948 Praetextatus
1678 3889 1808 3950 l'oris

222 3983 661 4056 baptizaverunt,
691 3984 791 4054 ipsi
835 3992 1011 4040 autem
1053 3982 1196 4054 quod
1244 3981 1577 4050 habuerunt,
1609 3985 1806 4040 amise-

223 4083 360 4130 runt.
393 4073 622 4145 Quando
649 4087 776 4146 ergo
810 4071 896 4129 isti
941 4081 1060 4128 eum
1106 4071 1216 4129 suis
1257 4075 1454 4143 recepti
1499 4081 1662 4142 sunt,
1689 4075 1809 4144 quis

225 4167 364 4225 dedit
410 4170 491 4225 eis
519 4179 655 4240 quos
704 4163 1054 4238 baptizarunt;
1088 4166 1227 4238 quod
1278 4183 1384 4222 non
1430 4167 1729 4233 habebant;
1756 4175 1810 4223 et

226 4261 335 4330 quis
366 4261 499 4332 ipsis
521 4257 754 4315 reddidit
777 4255 919 4330 quod
945 4259 1264 4315 amiserant?
1287 4257 1342 4314 Si
1378 4268 1556 4314 autem
1583 4257 1809 4314 formam

229 4339 479 4423 Baptismi
524 4359 706 4406 secum
750 4347 1104 4416 abstulertmt,
1133 4351 1383 4405 virtutem
1409 4358 1588 4404 autem
1637 4347 1807 4419 ipsam

229 4437 476 4512 Baptismi
505 4456 602 4512 per
627 4441 821 4495 malum
852 4440 1080 4495 schisma
1105 4440 1400 4496 amiserunt
1422 4439 1442 4472 '
1473 4482 1489 4506 ,
1520 4453 1615 4495 cur
1640 4440 1808 4509 ipsam

229 4531 451 4590 formam
472 4576 488 4601 ,
519 4545 638 4604 qua:
678 4545 891 4603 semper
917 4535 970 4587 et
998 4532 1189 4602 ubique
1219 4541 1401 4586 sancta
1428 4535 1530 4599 est,
1560 4529 1809 4586 exsutﬂas

233 4623 280 4682 in
315 4626 612 4683 Catholicis
662 4639 798 4696 quos
828 4635 933 4679 non
978 4621 1209 4693 audisti,
1243 4630 1297 4680 et
1327 4625 1380 4678 in
1410 4621 1810 4678 Maximianistis

231 4719 566 4790 amplecteris
587 4733 721 4788 quos
742 4716 936 4788 punisti
961 4715 984 4770 ?

299 4814 385 4868 l9.
413 4808 684 4882 Quidquid
732 4816 908 4864 autem
951 4807 1018 4864 de
1055 4805 1188 4864 Juda
1233 4807 1487 4864 traditore
1529 4806 1812 4862 criminose

233 4903 327 4958 sibi
358 4904 540 4958 dicere
569 4903 712 4956 visus
739 4905 850 4967 est,
878 4900 943 4955 ad
975 4915 1072 4955 nos
1097 4899 1221 4970 quid
1244 4900 1494 4969 pertinet,
1525 4899 1612 4968 qui
1640 4910 1812 4967 neque

235 4995 296 5049 ab
323 4997 398 5051 cis
428 4992 1029 5066 probamurtraditores
1048 5033 1062 5056 ,
1097 5007 1268 5062 neque
1292 4989 1337 5044 si
1366 4991 1662 5058 aliquorum
1689 4997 1812 5042 ante

239 5097 328 5144 uos
355 5087 408 5141 in
435 5094 616 5141 nostra
643 5085 1018 5140 communione
1043 5081 1414 5139 defunctorum
1445 5079 1655 5134 traditio
1685 5095 1810 5149 pro-

233 5187 483 5248 baretur,
541 5178 704 5235 etiam
772 5176 887 5249 ipsa
931 5171 1398 5247 nos°improbata
1427 5180 1481 5230 et
1526 5171 1812 5243 displicens

299 5420 319 5450 ³
348 5418 419 5468 ste
437 5423 547 5465 tus.
572 5419 627 5464 At
648 5411 762 5462 editi
785 5410 1039 5468 mendose,
1071 5420 1268 5457 arcana.

299 5475 423 5542 Har.
449 5486 503 5528 et
523 5485 653 5536 l.ov.,
679 5474 939 5542 deferentis
968 5476 1251 5542 :oorrupte;
1311 5527 1343 5542 Α
1407 5541 1410 5542 ν

299 5541 320 5573 ³
352 5542 480 5604 Apud
503 5546 576 5588 Er.
601 5529 753 5604 titng
767 5544 894 5604 ‘ven.
913 5542 1040 5584 Lov.:
1063 5529 1178 5581 Ecce
1203 5529 1464 5604 plasticam
1487 5529 1641 5604 (ωνἒξ
1659 5529 1819 5582 misti-

239 5608 352 5666 lattt)
376 5591 422 5654 et
445 5591 711 5654 .tssuritat‘it
733 5598 942 5650 civitates
963 5601 1214 5659 supersunt
1230 5593 1337 5664 aliis
1361 5591 1538 5664 adhuc.
1606 5600 1660 5640 Μ.

301 5669 321 5696 ⁸
354 5673 483 5717 ων..
510 5667 638 5715 unde
675 5663 816 5713 venit.
855 5660 1139 5710 concitmius
1182 5657 1298 5706 editi
1329 5653 1410 5703 ain
1447 5661 1499 5703 et
1520 5659 1648 5714 3155.,
1692 5651 1818 5704 unde

301 5687 321 5696 '
354 5687 483 5727 WVo,
510 5687 638 5715 ωιασ
675 5687 816 5713 vam.
855 5687 1139 5710 wubuuuua
1182 5687 1298 5706 wsu
1329 5687 1410 5703 mu
1448 5687 1499 5703 υι
1520 5687 1648 5714 "me,

241 5737 492 5848 “intuiti,
516 5799 611 5838 non
631 5785 908 5837 amiserint.
935 5784 1099 5844 Abest,
1125 5793 1236 5840 non,
1259 5777 1662 5848 a_manuscriptis.

289 5852 325 5912 γ’
354 5841 548 5904 Saenia.
569 5857 746 5904 etttss.
771 5854 828 5900 At
847 5851 922 5900 Et.
947 5841 1145 5909 eum,
1163 5853 1250 5895 nec
1281 5841 1387 5908 ipsa
1406 5851 1506 5891 nos.

1630 383 1832 443 LIBER
1867 383 2139 445 PRIMUS.

1938 501 2088 555 nobis
2117 501 2288 573 aliqua
2340 517 2406 559 ex
2457 509 2604 576 parte
2648 499 3064 564 macularet?Si
3087 503 3234 564 enim
3274 509 3375 579 ipSi
3415 509 3513 563 da-

1937 591 2131 646 mnatis
2178 608 2208 646 a
2238 609 2296 648 se
2323 596 2628 652 criminibus
2657 607 2711 654 et
2737 599 2962 668 receptis
2992 614 3098 654 non
3140 599 3468 654 maculantur
3487 638 3504 666 ,

1934 692 2131 752 quanto
2157 685 2331 739 minus
2369 701 2465 741 nos
2495 687 2685 744 auditis
2714 697 2767 744 et
2793 689 3104 761 improbatis
3133 689 3387 746 maculari
3414 705 3512 762 po-

1936 773 2196 828 terimus?
2223 776 2620 845 Quantumlibet
2662 797 2788 851 ergo
2817 783 2869 836 in
2895 782 3178 838 traditores
3206 783 3508 851 invehatur.

1932 865 2150 921 totidem
2177 869 2352 924 verbis
2375 885 2468 924 eos
2485 881 2538 925 et
2561 887 2591 925 a
2619 888 2702 927 me
2721 873 2936 943 deputet
2963 875 3216 930 accusari.
3249 874 3352 931 Sed
3380 888 3510 930 sane

1927 958 2192 1029 distinguo
2213 978 2224 1012 :
2244 960 2363 1031 quia
2387 961 2473 1016 ille
2496 963 2631 1030 apud
2649 979 2734 1018 me
2751 964 2920 1033 arguit
2940 971 3059 1020 eum
3079 979 3234 1035 quem
3251 963 3359 1034 jam
3376 963 3503 1019 olim

1929 1046 2235 1104 defunctum
2260 1067 2373 1106 mea
2400 1055 2629 1124 cognitio
2651 1061 2754 1108 non
2778 1055 3051 1124 judicavit;
3082 1071 3180 1126 ego
3209 1055 3324 1126 ejus
3351 1055 3504 1110 lateri

1928 1140 2282 1195 cohaerentem
2308 1144 2550 1210 ostendo,
2569 1161 2722 1214 quem
2749 1160 2779 1199 a
2805 1160 2864 1200 se
2891 1143 3218 1213 damnatum,
3249 1147 3332 1200 vel
3358 1151 3506 1222 certe

1928 1232 2183 1300 sacrilego
2211 1231 2495 1286 schismate
2521 1245 2845 1305 separatum,
2869 1237 2983 1292 sine
3008 1233 3113 1294 ulla
3143 1236 3362 1292 honoris
3387 1237 3505 1308 ejus

1927 1320 2277 1378 diminutione
2303 1323 2553 1396 suscepit.

1996 1407 2218 1472 CAPUT
2244 1414 2429 1472 XVIII.
2462 1449 2532 1458 —
2555 1417 2644 1474 20.
2673 1417 3039 1489 Nequissimus,
3072 1417 3260 1492 inquit,
3292 1421 3504 1475 traditor

1926 1509 2064 1564 nobis
2091 1509 2245 1580 legem
2270 1511 2580 1567 servantibus
2611 1524 2893 1583 persecutor
2916 1525 2964 1568 et
2993 1514 3218 1584 carnifex
3241 1505 3496 1569 exstitisti.

1925 1599 1982 1655 Si
2015 1601 2180 1670 legent
2229 1609 2574 1658 servaverunt
2601 1603 3018 1672 Maximianistce,
3045 1612 3163 1658 cum
3190 1620 3219 1658 a
3265 1611 3315 1660 te
3342 1621 3500 1676 sepa-

1922 1695 2020 1748 rati
2045 1703 2165 1748 sunt
2192 1712 2206 1760 ;
2235 1695 2308 1750 sis
2337 1704 2391 1751 et
2434 1706 2486 1750 tu
2518 1706 2755 1752 servator
2780 1697 2941 1770 legis,
2967 1713 3085 1752 cum
3129 1699 3196 1753 ab
3219 1691 3458 1754 Ecclesia
3479 1739 3496 1758 .

1923 1801 2040 1854 qua:
2078 1785 2127 1839 in
2177 1794 2287 1839 toto
2315 1786 2442 1841 orbe
2483 1785 2672 1843 ditl'usa
2701 1797 2815 1853 est,
2849 1797 3122 1858 separatus
3167 1801 3244 1843 es.
3277 1785 3428 1855 Quod
3451 1802 3499 1845 ε.

1921 1872 1988 1929 de
2018 1876 2471 1943 persecutionibus
2499 1879 2611 1948 agis
2641 1880 2658 1910 ¹
2683 1920 2698 1944 ,
2727 1877 2834 1934 cito
2858 1877 3161 1948 reSpondeo
3185 1919 3199 1944 ,
3231 1876 3276 1933 si
3303 1877 3501 1948 aliquid

1921 1965 2096 2036 inique
2139 1968 2274 2036 passi
2301 1969 2429 2023 estis
2453 2009 2468 2033 ,
2497 1985 2603 2024 non
2648 1970 2912 2040 pertinere
2939 1968 3004 2024 ad
3032 1984 3125 2024 eos
3149 1967 3238 2040 qui
3270 1967 3392 2024 talia
3420 1967 3499 2024 l’a-

1920 2057 2120 2112 cientes
2148 2060 2385 2128 quamvis
2407 2060 2768 2130 improbent”,
2799 2076 2893 2131 pro
2922 2076 3051 2130 pace
3081 2069 3257 2116 tamen
3278 2060 3495 2115 unitatis

1919 2147 2252 2205 laudabiliter
2278 2150 2522 2206 tolerant.
2565 2152 2898 2222 Quapropter
2919 2168 3022 2207 non
3051 2151 3218 2208 habes
3237 2151 3378 2222 quod
3403 2147 3501 2206 ob-

1913 2237 2067 2309 jicias
2120 2241 2399 2298 frumentis
2449 2241 2729 2298 dominicis
2773 2243 2976 2314 paleam
3024 2260 3175 2300 suam
3218 2259 3386 2314 usque
3431 2242 3499 2299 ad

1917 2330 2314 2386 ventilationcm
2365 2332 2609 2388 ultimam
2665 2334 3078 2402 sustinentibus,
3121 2349 3152 2388 a
3201 2334 3394 2404 quibus
3444 2339 3500 2389 tu

1916 2434 2184 2489 nunquam
2215 2424 2528 2478 recessisses
2553 2465 2567 2491 ,
2604 2424 2705 2478 nisi
2751 2424 2917 2478 levior
2945 2425 3094 2495 palea
3124 2433 3284 2480 vento
3323 2431 3496 2480 tenta-

1918 2511 2074 2568 tionis
2105 2523 2157 2568 et
2197 2523 2320 2570 ante
2381 2515 2666 2570 adventum
2714 2513 3042 2571 ventilatoris
3072 2516 3360 2571 avolasses.
3390 2515 3498 2571 Sed

1916 2614 1973 2660 ut
1998 2605 2065 2662 ab
2093 2607 2194 2662 hoc
2241 2624 2346 2664 uno
2372 2610 2644 2678 exemplo,
2674 2609 2814 2680 quod
2840 2606 2907 2663 ad
2938 2609 3156 2664 istorum
3204 2623 3299 2664 ora
3341 2607 3495 2664 clau-

1913 2695 2107 2767 denda,
2141 2707 2192 2754 et
2215 2715 2310 2755 eos
2335 2699 2379 2755 si
2401 2700 2607 2770 sapiant
2631 2701 2993 2771 corrigendos,
3023 2697 3065 2756 si
3087 2707 3263 2756 autem
3293 2701 3346 2754 in
3370 2715 3496 2770 pcr-

1913 2792 2165 2846 versitate
2213 2803 2495 2860 maneant,
2527 2793 2966 2862 confundendos,
3007 2793 3060 2848 in
3109 2810 3293 2850 eorum
3331 2792 3495 2850 facies

1913 2881 2106 2936 retudit
2129 2879 2384 2937 Dominus
2407 2925 2422 2950 ,
2456 2899 2562 2938 non
2589 2884 2832 2938 recedam
2865 2902 2878 2937 :
2908 2884 2952 2938 si
2978 2884 3232 2954 iustiores
3251 2892 3376 2938 sunt
3402 2883 3495 2954 qui

1914 2975 2186 3044 patiuntur
2211 2977 2674 3046 persecutionem,
2719 2991 2878 3046 quam
2908 2973 2983 3030 illi
3027 2976 3116 3047 qui
3162 2973 3389 3041 faciunt;
3426 2973 3494 3030 ii-

1912 3065 2033 3121 dem
2065 3066 2461 3122 Maximianistce
2484 3068 2740 3138 justiores
2766 3076 2920 3134 sunt,
2946 3083 3168 3138 quorum
3197 3076 3251 3122 et
3277 3065 3496 3123 basilica

1913 3157 2150 3213 funditus
2193 3174 2382 3215 eversa
2409 3170 2493 3215 est
2515 3202 2531 3227 ,
2563 3169 2618 3215 et
2644 3159 2860 3215 militari
2887 3157 3063 3230 Optati
3091 3160 3346 3215 comitatu
3369 3175 3494 3231 gra-

1911 3254 2048 3308 viter
2076 3253 2255 3323 agitati
2287 3261 2446 3320 sunt,
2477 3254 2820 3337 ctJ‘ussiones
2861 3253 3192 3323 proconsulis
3219 3249 3286 3308 ad
3309 3261 3496 3308 omnes

1911 3360 2004 3402 eos
2033 3345 2098 3400 de
2127 3345 2358 3400 basilicis
2387 3344 2751 3400 excludendos
2771 3360 2799 3398 a
2822 3344 3172 3399 Primianistis
3198 3343 3495 3413 impetrata

1909 3437 2206 3492 manifesta:
2235 3445 2378 3492 sunt.
2411 3435 2767 3508 Quapmpter,
2798 3436 2844 3492 si
2868 3434 3279 3506 imperatoribus
3305 3449 3493 3490 eorum

1910 3530 2340 3586 communionem
2363 3527 2749 3585 detestantibus
2767 3570 2782 3596 ,
2815 3527 2882 3584 ad
2906 3525 3302 3599 persequendos
3329 3523 3498 3581 Maxi-

1910 3621 2186 3677 mianistas
2231 3630 2374 3678 tanta
2421 3631 2544 3676 sunt
2585 3621 2739 3686 ausi,
2769 3619 2893 3691 quid
2941 3617 3176 3675 facerent
3219 3617 3264 3674 si
3293 3615 3373 3673 eis
3401 3629 3498 3688 per

1911 3725 2094 3782 regum
2118 3710 2544 3766 communionem
2575 3701 2775 3779 aliquid
2802 3706 3014 3765 el‘licere
3065 3706 3291 3764 liceret?
3317 3706 3372 3762 Si
3399 3721 3496 3760 au-

1911 3813 2020 3860 tem
2059 3813 2118 3858 ut
2170 3818 2364 3874 pravos
2412 3803 2770 3870 eorrigcrcnt,
2798 3797 2896 3854 ista
2935 3795 3358 3868 fecerunt;quid
3390 3796 3494 3852 mi-

1911 3902 2098 3950 rantur
2121 3894 2166 3948 si
2191 3892 2435 3948 catholici
2473 3891 2823 3961 imperatores
2851 3891 3051 3959 majore
3092 3889 3353 3958 potestate
3397 3901 3493 3942 ur-

1915 3983 2118 4057 gendos
2147 3982 2592 4054 corrigendosque
2635 3981 2928 4036 dec‘ernunt
2951 3993 3064 4046 eos,
3092 3981 3179 4051 qui
3207 3987 3373 4034 totum
3399 3992 3492 4032 or-

1911 4074 2034 4131 bem
2065 4073 2413 4128 christianum
2443 4072 2774 4142 rebaptizare
2798 4080 3078 4137 conantur,
3110 4081 3230 4125 cum
3275 4075 3492 4124 cansam

1913 4161 2262 4220 dissentiendi
2303 4177 2408 4216 non
2463 4159 2731 4228 habeant;
2782 4159 3212 4232 quandoquidem
3267 4157 3439 4214 malos
3467 4200 3485 4227 ,

1913 4258 2118 4314 etiamsi
2151 4272 2272 4310 vera
2299 4255 2518 4311 crimina
2565 4256 2857 4326 objicerent
2882 4295 2897 4320 ,
2928 4269 3021 4324 pro
3047 4268 3177 4324 pace
3203 4261 3379 4308 tamen
3407 4259 3491 4306 to-

1915 4346 2164 4404 lerandos
2193 4347 2352 4402 etiam
2376 4347 2474 4417 ipsi
2502 4355 2784 4413 testantur,
2812 4337 3022 4416 quando
3050 4360 3144 4400 eos
3171 4357 3305 4415 quos
3344 4341 3496 4398 dam-

1915 4447 2174 4495 naverunt
2199 4455 2318 4494 cum
2367 4438 2477 4492 suis
2516 4437 2831 4504 honoribus,
2862 4446 3057 4491 etcum
3087 4433 3214 4490 loris
3240 4433 3363 4489 dato
3394 4425 3496 4488 Ba-

1914 4533 2109 4605 ptismo
2137 4526 2488 4601 receperunt?
2517 4527 2866 4584 Considercnt
2894 4525 3175 4598 aliquando
3201 4523 3324 4596 quid
3349 4523 3495 4596 digni

1915 4627 2022 4681 sint
2071 4617 2223 4694 patia
2254 4615 2558 4677 Christianis
2599 4617 2947 4691 potestatibus
3003 4618 3148 4674 orbis
3193 4625 3492 4685 terrarum,

1916 4715 2099 4771 hostes
2148 4713 2452 4769 christianos
2499 4713 2716 4768 unitatis
2763 4705 2968 4766 dill'usa:
3019 4719 3130 4766 toto
3168 4709 3298 4766 orbe
3325 4718 3494 4765 terra-

1915 4824 2056 4864 rum.
2086 4803 2204 4862 Jam
2234 4805 2390 4875 igitur
2427 4804 2470 4859 si
2516 4805 2776 4859 correctio
2801 4805 2947 4876 pigra
2985 4811 3101 4871 est,
3127 4803 3316 4859 saltem
3357 4802 3497 4859 adsit

1915 4899 2105 4970 pudor;
2139 4914 2204 4952 ne
2253 4897 2410 4951 iidem
2464 4896 2562 4966 ipsi
2590 4913 2710 4951 cum
2738 4913 2798 4952 ea
2851 4912 2968 4969 quas
3014 4891 3289 4965 scribunt,
3321 4897 3496 4966 legere

1917 4991 2175 5061 cwpcrint
2195 5033 2209 5056 ,
2239 4991 2376 5044 risus
2403 5004 2496 5044 eos
2524 4990 2730 5055 vincat,
2759 4989 2884 5044 dum
2915 4989 2966 5045 in
2995 5006 3054 5045 se
3075 5006 3178 5045 non
3207 4995 3497 5061 agnoscunt

1921 5086 2065 5160 quod
2092 5083 2258 5140 videri
2275 5083 2458 5139 volunt
2471 5082 2522 5138 in
2548 5082 2687 5152 aliis,
2716 5099 2814 5139 nec
2835 5084 2890 5138 in
2910 5098 2968 5139 se
2991 5079 3328 5156 agnoscunt‘
3352 5077 3494 5152 quod

1917 5177 2034 5233 aliis
2049 5173 2323 5245 objiciunt.

1988 5263 2216 5324 CAPUT
2245 5259 2388 5323 XIX.
2418 5293 2491 5307 —
2531 5257 2621 5319 ει.
2650 5257 2789 5330 Quid
2828 5261 2988 5334 igitur
3033 5259 3132 5317 sibi
3175 5259 3325 5326 vult,
3353 5256 3494 5329 quod

1985 5468 2002 5500 ι
2042 5475 2141 5514 Am.
2178 5469 2253 5514 Er.
2281 5471 2333 5514 et
2351 5470 2483 5524 uss,
2521 5462 2582 5513 de
2619 5460 2794 5524 nostris
2815 5456 2934 5522 agis.
2971 5456 3293 5524 mvanienses
3330 5466 3396 5506 ex
3441 5453 3498 5504 li-

1920 5530 2010 5600 bro
2026 5529 2062 5600 ᾖ
2083 5535 2247 5598 contra
2276 5517 2602 5584 (resecatam,
2625 5536 2676 5573 ιι.
2701 5523 2779 5584 45,
2802 5517 3141 5579 correxerunt,
3179 5517 3240 5569 de
3275 5529 3496 5582 persecu-

1921 5590 2122 5641 tiont'bus

1929 5721 1936 5724 _
1986 5655 2005 5683 ι
2025 5652 2316 5724 tegendum
2340 5649 2490 5724 forte,
2507 5643 2720 5710 quamvis
2741 5641 2969 5704 improbe.
3009 5640 3182 5693 confer
3217 5641 3304 5693 lib.
3338 5641 3371 5692 3
3391 5652 3492 5692 eon-

1924 5721 1996 5764 tra
2018 5715 2340 5766 (.rcsconium,
2363 5725 2412 5758 n.

1988 5775 2009 5839 ξ
2042 5775 2270 5839 Verbum,
2294 5771 2410 5831 pati,
2600 5766 2662 5816 ab
2811 5772 2862 5816 et

1990 5835 2014 5868 δ
2045 5837 2116 5885 Sic
2134 5837 2242 5886 Am.
2266 5839 2318 5883 et
2341 5839 2444 5882 Mss.
2476 5837 2533 5879 At.
2553 5834 2624 5879 Er.
2647 5833 2702 5879 et
2719 5833 2848 5891 μοι,
2865 5835 2912 5883 et
2947 5831 2999 5884 in
3033 5842 3085 5886 se
3104 5831 3382 5896 aquaam.

3406 391 3516 455 εδδ
3593 423 3610 434 ρ
