4008 6496
493 360 601 418 ΩΒΒ

495 475 598 530 iste
617 474 670 529 in
695 472 916 544 epistola
940 486 1035 528 sua
1059 471 1232 542 posuit
1259 469 1520 526 dicentem
1544 469 1826 525 Dominum
1843 465 2066 531 Judaeis,

501 565 720 634 Ideoque
739 565 880 618 mitto
899 563 966 617 ad
990 579 1075 618 vos
1098 562 1386 633 prophetas,
1409 570 1454 615 et
1483 562 1730 632 sapientes
1748 601 1763 625 ,
1787 568 1833 614 et
1857 557 2066 620 scribas;

496 666 544 710 et
567 673 630 712 ea:
647 657 750 710 illis
768 656 1018 718 occidetis,
1047 664 1094 707 et
1111 654 1429 723 cruciﬁgetis,
1451 663 1498 707 et
1517 651 1837 724 ﬂagellabitis
1857 647 2070 724 (Matth.

497 765 662 815 xxnt,
695 749 810 819 5t)?
833 748 963 803 Nam
989 747 1032 801 si
1063 761 1121 801 se
1147 747 1290 816 ipsos
1315 746 1535 816 intelligi
1563 745 1748 800 volunt
1773 742 2064 812 sapientes,

497 849 552 896 et
572 840 811 914 scribas,
839 847 892 894 et
916 838 1234 908 prephetas,
1270 852 1368 892 nos
1397 847 1572 892 autem
1604 843 1854 905 tanquam
1886 845 2067 902 perse-

497 941 708 987 cutores
735 931 1049 1000 sapientium
1077 940 1130 985 et
1167 930 1578 1000 prophetarum;
1604 942 1768 998 quare
1796 925 2074 982 nobiscum

499 1022 640 1093 loqui
689 1022 912 1087 nolunt,
942 1037 1065 1076 cum
1111 1022 1178 1077 ad
1230 1036 1326 1076 nos
1350 1020 1498 1076 missi
1541 1019 1682 1073 sint?
1711 1017 1948 1086 Denique
1976 1015 2076 1070 iste

496 1115 584 1185 qui
610 1115 752 1168 illam
780 1115 992 1185 scripsit
1013 1114 1315 1183 epistolam,
1349 1112 1433 1166 cui
1458 1110 1618 1165 modo
1645 1108 2032 1178 respondemus
2055 1145 2073 1172 ,

496 1205 540 1259 si
571 1212 827 1276 urgeatur
856 1219 884 1259 a
911 1204 1064 1260 nobis
1087 1246 1102 1271 ,
1129 1212 1188 1259 ut
1223 1203 1272 1258 ei
1300 1218 1460 1257 manu
1491 1200 1700 1271 propria
1741 1197 2079 1253 subscribens

497 1311 647 1352 suam
677 1313 796 1354 esse
843 1297 1090 1365 fateatur,
1121 1295 1258 1353 forte
1284 1312 1390 1351 non
1436 1295 1595 1350 faciat
1623 1312 1638 1348 :
1665 1307 1835 1363 usque
1856 1290 1990 1346 adeo
2013 1289 2080 1344 ti-

495 1400 671 1455 ment,
732 1405 798 1444 ne
848 1390 954 1444 ulla
1003 1405 1189 1444 eorum
1231 1389 1390 1445 verba
1435 1396 1732 1444 teneamus.
1764 1383 1897 1439 Nam
1954 1397 2076 1439 cum

495 1479 734 1550 ejusdem
762 1481 1003 1550 epistola:
1050 1481 1400 1550 posteriorem
1447 1487 1652 1550 partem
1695 1476 1875 1545 aliquo
1917 1473 2078 1528 modo

497 1571 754 1626 vellemus
798 1571 1072 1641 accipere,
1105 1574 1225 1641 quia
1275 1581 1435 1625 totam
1478 1569 1784 1624 describere
1831 1566 2081 1636 aquibus

499 1659 653 1716 nobis
676 1661 800 1716 data
839 1670 953 1725 est,
981 1662 1360 1731 nequiverunt;
1387 1659 1560 1713 nullus
1598 1673 1627 1711 a
1658 1672 1763 1727 quo
1785 1656 1946 1726 petita
1977 1663 2079 1720 est,

496 1766 613 1807 eam
666 1751 794 1806 dare
837 1752 1042 1818 voluit,
1086 1761 1431 1821 posteaquam
1481 1757 1849 1820 cognoverunt
1895 1760 1992 1800 nos
2030 1745 2084 1801 ei

498 1845 634 1914 parti
659 1885 675 1910 ,
703 1845 770 1899 ad
798 1860 956 1914 quam
978 1846 1348 1914 pervenimus,
1379 1843 1722 1914 respondere.
1749 1841 1931 1910 Itaque
1957 1852 2080 1894 cum

501 1934 675 2006 legant
701 1935 1144 2006 quemadmodum
1176 1935 1432 1990 Dominus
1468 1934 1740 2004 prephetae
1769 1931 1945 1997 dicat,
1978 1929 2088 1984 Ea:-

497 2027 662 2080 clama
704 2027 1029 2093 vehementer,
1065 2045 1165 2082 non
1203 2037 1278 2082 est
1305 2027 1441 2099 quod
1469 2043 1648 2096 parcas
1669 2067 1682 2087 .
1713 2034 1762 2078 et
1788 2024 1944 2078 scribe
1971 2022 2088 2076 stilo

500 2134 610 2172 meo
636 2129 838 2188 peccata
862 2136 1030 2174 eorum
1060 2119 1211 2188 (Isui.
1239 2135 1363 2173 Lvtn
1383 2160 1397 2182 ,
1433 2119 1488 2188 l)
1518 2135 1531 2171 :
1564 2118 1648 2172 isti
1675 2116 1951 2188 prophetae
1983 2115 2085 2171 viri

501 2209 592 2278 qui
613 2208 762 2263 missi
783 2218 908 2264 sunt
937 2209 1003 2264 ad
1033 2225 1160 2276 nos,
1187 2209 1320 2263 nihil
1346 2209 1423 2263 sic
1443 2209 1649 2273 timent,
1680 2207 1773 2262 sed
1803 2213 1996 2262 cavent
2017 2219 2086 2260 ne

503 2313 533 2352 a
560 2300 714 2354 nobis
734 2315 916 2355 eorum
947 2301 1148 2355 clamor
1185 2299 1450 2364 audiatur;
1481 2298 1620 2369 quod
1655 2299 1858 2368 utique,
1885 2297 1928 2350 si
1959 2309 2082 2351 vera

505 2389 573 2446 de
594 2392 746 2446 nobis
776 2392 1047 2459 dicerent,
1081 2407 1186 2447 non
1217 2393 1486 2446 timerent.
1517 2390 1631 2445 Non
1665 2391 1954 2455 immerito,
1986 2390 2087 2445 sic-

505 2490 565 2537 ut
613 2483 665 2537 in
705 2477 917 2552 Psaltno
946 2485 1198 2553 scriptum
1225 2492 1338 2550 est,
1375 2481 1670 2552 Oppilatum
1698 2490 1770 2535 est
1792 2498 1846 2534 os
1875 2482 2086 2550 loquen-

503 2574 626 2627 tium
651 2574 823 2644 iniqua
850 2571 1021 2645 (Psat.
1050 2591 1178 2640 an,
1211 2573 1320 2644 12).
1352 2573 1407 2628 Si
1435 2572 1575 2628 enim
1598 2580 1880 2642 propterea
1907 2569 2088 2640 Bapti-

501 2678 675 2719 smum
706 2674 945 2719 nostrum
977 2681 1081 2719 non
1108 2665 1443 2734 suscipiunt,
1476 2663 1599 2733 quia
1629 2678 1728 2717 nos
1757 2676 1938 2716 sumus
1963 2676 2088 2730 pro-

499 2757 682 2826 genies
708 2755 1038 2826 viperarum,
1087 2756 1223 2810 sicut
1253 2756 1353 2810 iste
1382 2755 1433 2808 in
1466 2753 1693 2823 epistola
1739 2767 1832 2806 sua
1861 2752 2038 2822 posuit
2067 2767 2084 2806 :

501 2863 598 2902 cur
639 2846 1127 2901 Maximianensium
1157 2850 1537 2916 susceperunt,
1578 2843 1644 2898 de
1688 2843 1880 2913 quibus
1903 2841 2087 2896 conci-

502 2941 680 2998 cilium
707 2956 889 2996 eorum
919 2941 996 2995 sic
1016 2941 1268 3016 loquitur,
1306 2939 1452 3004 Quod
1473 2938 1654 3007 viperei
1681 2936 1883 2991 seminis
1905 2935 2086 2990 noxios

503 3041 678 3104 partus
703 3033 931 3086 venenati
948 3034 1079 3085 uteri
1103 3033 1243 3085 alvus
1268 3031 1355 3084 diu
1375 3030 1549 3084 texerit
1568 3070 1583 3094 ,
1612 3037 1658 3082 et
1681 3029 1908 3096 concepti
1931 3028 2087 3081 scele-

501 3125 573 3177 ris
598 3124 698 3176 uda
727 3124 942 3194 coagula
970 3123 1022 3176 in
1051 3123 1286 3192 aspidum
1312 3121 1534 3175 membra
1560 3118 1706 3172 tardo
1729 3134 1783 3172 se
1810 3118 1978 3170 calore
1999 3133 2086 3171 va-

504 3226 766 3286 porarunt.
816 3215 1002 3271 Nonne
1053 3215 1119 3270 de
1147 3214 1275 3284 ipsis
1316 3213 1476 3268 etiam
1523 3213 1574 3267 in
1628 3211 1815 3266 eodem
1863 3210 2088 3265 concilio

504 3317 893 3379 consequenter
916 3307 1116 3361 dictum
1144 3315 1260 3371 est,
1289 3303 1454 3376 quor?
1467 3303 1718 3358 Venenum
1742 3302 1976 3373 aspidum
1997 3301 2088 3355 sub

507 3399 652 3452 labiis
682 3415 881 3464 eorum,
922 3413 1133 3460 quorum
1178 3413 1233 3451 os
1279 3395 1628 3450 maledictione
1663 3403 1709 3448 et
1755 3393 2091 3448 amaritudine

510 3489 715 3559 plenum
735 3499 805 3543 est
826 3530 839 3552 ,
870 3464 1057 3542 veloces
1085 3488 1232 3559 pedes
1267 3503 1439 3540 eorum
1486 3486 1554 3540 ad
1581 3484 1942 3552 effundendum
1966 3501 2091 3538 san-

510 3580 730 3650 guinem,
762 3580 991 3634 contritio
1033 3589 1080 3634 et
1120 3579 1388 3650 infelicitas
1431 3578 1486 3631 in
1541 3577 1632 3630 viis
1663 3593 1858 3641 eorum,
1889 3586 1935 3630 et
1964 3577 2095 3629 viam

509 3671 648 3741 pacis
665 3687 764 3724 non
781 3679 1112 3740 cognoverunt
1132 3669 1298 3742 (Psal.
1318 3685 1437 3738 xut,
1466 3667 1550 3740 5)?
1579 3668 1646 3722 Et
1672 3675 1844 3723 tamen
1871 3675 1926 3721 et
1949 3662 2095 3736 ipsos

507 3762 561 3818 in
594 3762 795 3816 honore
811 3761 1035 3832 integro,
1062 3769 1117 3816 et
1135 3761 1202 3816 ab
1218 3760 1298 3816 eis
1326 3759 1456 3817 foris
1480 3759 1772 3830 baptizatos
1800 3759 1938 3813 intus
1955 3771 2097 3813 nunc

506 3853 724 3909 habent.

576 3944 800 4001 CAPUT
839 3942 957 3998 XX.
1003 3974 1075 3984 —
1109 3943 1200 3997 22.
1240 3942 1575 4013 Quapropter
1637 3943 1752 3997 Inec
1791 3940 1968 3996 omnia
2027 3939 2096 3997 de

510 4036 761 4106 progenie
787 4035 1111 4104 viperarum,
1140 4043 1194 4089 et
1219 4033 1286 4088 de
1316 4047 1532 4087 veneno
1556 4033 1797 4102 aspidum
1816 4031 1916 4086 sub
1942 4031 2095 4087 labiis

508 4140 712 4190 eorum,
744 4134 797 4180 et
821 4127 924 4179 alia
953 4141 1072 4196 qua:
1099 4125 1239 4179 dicta
1271 4133 1394 4178 sunt
1429 4123 1481 4177 in
1510 4139 1622 4188 eos,
1654 4123 1743 4193 qui
1771 4123 1910 4177 viam
1949 4123 2095 4193 pacis

512 4232 616 4271 non
637 4227 1017 4284 cognoverunt,
1043 4216 1084 4270 si
1107 4231 1233 4271 vere
1259 4216 1344 4270 isti
1368 4213 1772 4280 vellcntdiccre,
1798 4214 1895 4284 ipsi
1919 4215 2096 4284 potius

512 4316 632 4362 sunt
657 4323 672 4372 ;
703 4307 918 4376 quando
947 4323 1134 4362 eorum
1167 4307 1518 4376 Baptismum,
1545 4305 1596 4359 in
1627 4320 1731 4374 quo
1759 4319 1853 4374 per
1886 4303 2094 4359 concilii

511 4395 826 4452 sententiam
856 4397 954 4452 ista
981 4397 1248 4461 dixerunt,
1277 4404 1494 4464 prepter
1523 4409 1704 4463 pacem
1737 4394 1924 4448 Donati
1946 4408 2096 4448 rece-

512 4499 726 4560 perunt,
759 4498 811 4546 et
841 4489 1166 4558 Baptismum
1197 4487 1449 4542 Ecclesia:
1467 4486 1663 4541 Christi
1695 4495 1806 4542 toto
1832 4486 1964 4540 orbe
1987 4485 2094 4540 dif-

513 4581 664 4648 fusae,
695 4581 836 4636 unde
864 4581 915 4634 in
939 4579 1169 4634 Africam
1198 4579 1310 4649 ipsa
1338 4593 1437 4648 pax
1469 4579 1630 4645 venit,
1677 4578 1744 4633 ad
1778 4578 2092 4648 sacrilegam

513 4673 757 4744 injuriam
780 4673 925 4744 pacis
950 4672 1145 4728 Christi
1168 4673 1466 4741 repudiarit.
1491 4672 1589 4740 Qui
1616 4688 1745 4744 ergo
1774 4681 1896 4727 sunt
1919 4672 2094 4742 potius

512 4764 992 4836 pseudoprOpheta:
1011 4805 1026 4830 ,
1055 4762 1145 4834 qui
1172 4764 1390 4818 veniunt
1424 4763 1477 4818 in
1503 4764 1697 4819 vestitu
1723 4763 1924 4826 ovium,
1953 4763 2095 4817 intus

512 4864 690 4913 autem
719 4863 841 4910 sunt
872 4856 982 4926 lupi
1032 4869 1249 4925 rapaces
1282 4872 1295 4908 :
1323 4863 1501 4910 utrum
1545 4855 1601 4920 ii,
1627 4855 1717 4926 qui
1745 4855 1828 4909 vel
1855 4855 2096 4909 nesciunt

512 4950 566 5005 in
591 4949 862 5006 Catholica
898 4949 1085 5016 malos,
1111 4959 1165 5005 et
1203 4952 1280 5006 eis
1321 4950 1636 5006 innocenter
1677 4951 2090 5019 communicant,

511 5044 596 5098 vel
628 5059 724 5100 eos
748 5059 884 5114 quos
911 5043 978 5098 de
1021 5059 1144 5098 area
1171 5043 1434 5098 dominica
1465 5043 1774 5112 priusquam
1812 5044 2097 5099 ventilator

512 5137 779 5203 adveniat,
821 5151 1104 5205 segregare
1133 5151 1239 5189 non
1269 5143 1512 5205 possunt,
1549 5149 1644 5205 pro
1691 5149 1822 5206 pace
1868 5136 2097 5191 tolerant

512 5230 747 5294 unitatis,
773 5245 837 5282 an
868 5229 902 5282 ii
929 5227 1016 5297 qui
1051 5243 1114 5283 ea
1149 5242 1268 5297 qua:
1297 5227 1348 5281 in
1373 5226 1644 5281 Catholica
1673 5227 2088 5297 reprehendunt,

513 5323 566 5376 in
595 5321 880 5378 schismate
908 5321 1126 5387 faciunt,
1157 5329 1211 5376 et
1239 5337 1356 5392 qua:
1386 5321 1436 5376 in
1469 5325 1672 5378 unitate
1703 5322 1976 5377 toleranda
2007 5339 2097 5377 ea-

513 5428 617 5482 que
640 5413 657 5444 ¹
689 5414 892 5468 incerta
923 5412 1105 5484 fugere
1146 5429 1203 5468 se
1237 5413 1441 5484 ﬁngunt
1470 5457 1485 5480 ,
1535 5415 1587 5468 in
1643 5428 1737 5468 sua
1786 5415 2098 5484 prmcisione

515 5504 788 5559 manifesta
812 5515 866 5560 et
893 5522 920 5559 a
951 5523 1010 5561 se
1037 5506 1166 5576 ipsis
1195 5506 1441 5560 damnata
1474 5505 1776 5575 rccipiunt?

583 5596 809 5651 CAPUT
847 5597 988 5650 XXI.
1028 5628 1100 5638 -—
1134 5598 1225 5652 25.
1271 5598 1506 5667 Denique
1548 5598 1616 5650 ita
1658 5597 1862 5652 dictum
1915 5604 2013 5662 est,
2045 5606 2097 5651 ct

518 5756 592 5870 ex!
608 5756 765 5868 ἔξω,
781 5761 827 5806 et
848 5756 930 5818 qui
949 5755 1000 5807 in
1017 5756 1190 5808 unitate
1213 5757 1462 5809 toleranda
1482 5770 1540 5808 ea
1558 5770 1667 5820 qua:
1684 5763 1778 5808 ctc.
1802 5757 2100 5820 Castigautur

1336 351 1605 414 CONTRA
1645 350 1982 411 LITTERAS
2019 345 2385 422 PETILIANI,
2422 353 2480 410 S.
2524 355 2890 414 AUGUSTINI

3639 359 3743 421 256

2175 465 2276 521 hoc
2319 468 2476 522 etiam
2513 470 2623 539 ipse
2655 471 3094 528 commemoravit
3121 487 3137 527 :
3165 471 3250 530 Ea:
3275 476 3522 546 fructibus
3565 493 3740 535 eorum

2172 549 2504 631 cognoscetis
2531 577 2613 616 eos
2653 563 2870 634 (Matth.
2900 580 2993 628 vn,
3046 565 3134 632 15,
3184 566 3311 639 16):
3343 568 3484 639 Ergo
3535 569 3744 627 fructus

2175 649 2594 706 consideremus.
2647 652 2887 722 Objicitis
2941 654 3280 713 traditionem
3326 674 3342 712 :
3389 659 3526 715 hanc
3576 661 3746 730 ipsam

2175 742 2343 798 multo
2363 743 2684 813 probabilius
2712 747 2788 801 eis
2825 747 2952 816 ipsis
2986 748 3283 816 obiicimus.
3312 750 3380 805 Et
3407 765 3476 807 ne
3495 767 3592 821 per
3612 753 3750 808 mul-

2176 843 2228 890 ta
2259 851 2550 903 curramus,
2585 839 2638 893 in
2663 839 2851 896 eadem
2870 839 3317 897 Constantiniensi
3341 843 3557 899 civitate
3579 843 3748 899 Silva-

2176 942 2302 982 num
2341 929 2646 999 episcopum
2679 931 2906 1000 majores
2936 931 3100 987 vestri
3135 932 3198 987 in
3246 933 3362 1003 ipso
3397 933 3623 989 exordio
3667 933 3751 989 sui

2176 1018 2477 1074 schismatis
2499 1019 2899 1076 ordinaverunt.
2932 1021 3036 1078 Iste
3057 1037 3178 1078 cum
3221 1022 3397 1078 adhuc
3434 1033 3581 1078 esset
3619 1023 3751 1078 sub-

2177 1109 2431 1166 diaconus
2460 1151 2476 1177 ,
2528 1111 2991 1168 manifestissimus
3054 1112 3279 1169 traditor
3339 1113 3753 1184 municipalibus

2179 1200 2354 1259 Gestis
2374 1218 2656 1273 expressus
2681 1213 2783 1261 est.
2817 1205 2874 1261 Si
2898 1213 2954 1261 et
2986 1219 3083 1262 vos
3108 1205 3364 1262 adversus
3389 1205 3620 1275 majores
3657 1219 3755 1262 no-

2179 1301 2318 1349 stros
2343 1293 2515 1364 aliqua
2553 1294 2868 1350 documenta
2908 1295 3354 1367 profertiszaaqua
3381 1295 3616 1352 conditio
3653 1310 3756 1365 po-

2178 1384 2422 1450 stulatur,
2453 1394 2511 1439 ut
2536 1393 2626 1439 aut
2662 1394 2884 1457 utraque
2918 1401 3060 1454 vera,
3100 1395 3190 1442 aut
3217 1396 3437 1457 utraque
3471 1386 3602 1442 falsa
3631 1399 3758 1443 esse

2179 1476 2476 1532 credamus.
2507 1475 2563 1533 Si
2596 1486 2814 1549 utraque
2840 1495 2960 1534 vera
2990 1488 3140 1543 sunt,
3168 1495 3263 1534 vos
3287 1481 3416 1534 estis
3440 1480 3558 1535 sine
3592 1479 3757 1536 dubio

2180 1566 2481 1623 schismatis
2509 1569 2607 1634 rei,
2629 1569 2718 1638 qui
2743 1570 2963 1625 crimina
3006 1584 3105 1625 vos
3130 1571 3310 1640 iugere
3333 1571 3386 1624 in
3415 1571 3574 1625 totius
3605 1570 3756 1628 orbis

2181 1659 2553 1714 communione
2581 1660 2824 1728 tinxistis,
2856 1677 2974 1731 quae
3015 1662 3067 1716 in
3108 1662 3222 1733 ipsa
3270 1663 3521 1732 particula
3564 1671 3760 1718 vestra

2182 1749 2500 1804 concisionis
2525 1750 2816 1805 habebatis.
2862 1751 2956 1807 Sin
2983 1761 3159 1807 autem
3189 1760 3410 1822 utraque
3453 1750 3583 1806 falsa
3610 1760 3758 1819 sunt,

2183 1855 2278 1894 vos
2306 1841 2435 1895 estis
2453 1841 2565 1896 sine
2587 1840 2748 1896 dubio
2784 1842 3084 1898 schismatis
3109 1842 3206 1907 rei,
3237 1843 3326 1912 qui
3370 1849 3584 1912 propter
3625 1841 3762 1897 falsa

2185 1931 2405 1985 crimina
2430 1931 2743 1986 traditarum
2767 1934 2984 1988 immani
3004 1932 3352 2002 separationis
3385 1934 3611 1986 crimine
3649 1946 3765 1986 ma-

2186 2019 2455 2074 culamini.
2479 2020 2630 2087 Quod
2658 2023 2701 2076 si
2727 2037 2755 2076 a
2778 2023 2929 2078 nobis
2952 2024 3148 2093 aliqua,
3171 2032 3225 2078 et
3247 2039 3278 2076 a
3303 2022 3453 2077 vobis
3479 2023 3646 2087 nulla,
3676 2021 3765 2076 vel

2187 2127 2217 2166 a
2248 2111 2400 2168 nobis
2446 2128 2587 2180 vera,
2638 2124 2694 2170 et
2735 2129 2766 2169 a
2804 2115 2953 2170 vobis
2989 2116 3118 2170 falsa
3152 2111 3506 2184 proferuntur,
3548 2129 3654 2168 non
3681 2121 3766 2167 est

2187 2205 2572 2262 discutiendum
2616 2207 2634 2238 ⁸
2672 2221 2830 2277 quam
2882 2206 3093 2278 penitus
3147 2216 3322 2263 vestra
3373 2220 3466 2261 ora
3509 2207 3765 2262 claudan-

2187 2303 2289 2350 tur.

2257 2387 2480 2446 CAPUT
2520 2389 2682 2445 XXII.
2721 2420 2792 2431 —
2826 2391 2916 2446 24.
2957 2390 3115 2460 Quid,
3147 2392 3192 2446 si
3221 2406 3315 2447 vos
3339 2401 3520 2447 sancta
3560 2401 3615 2448 et
3641 2408 3790 2449 vera.

2187 2482 2378 2536 Christi
2402 2483 2637 2539 Ecclesia
2668 2484 3006 2538 convinceret
3031 2473 3186 2554 atque
3213 2493 3529 2555 superaret,
3556 2486 3768 2541 etiamsi

2188 2589 2285 2627 nos
2305 2575 2442 2627 nulla
2461 2575 2543 2629 vel
2566 2573 2716 2640 falsa,
2740 2589 2836 2630 vos
2861 2585 3036 2630 autem
3053 2576 3224 2645 aliqua
3244 2585 3299 2631 et
3321 2590 3446 2630 vera
3471 2575 3770 2630 traditionis

2188 2665 2501 2721 documenta
2545 2669 2818 2734 teneretis,
2849 2667 2974 2738 quid
3005 2667 3114 2736 jam
3139 2669 3289 2724 vobis
3325 2676 3510 2734 restet,
3557 2668 3661 2722 nisi
3689 2677 3766 2736 ut,

2187 2758 2231 2809 si
2261 2757 2438 2819 vultis,
2470 2773 2652 2826 pacem
2677 2757 2938 2829 diligatis;
2968 2759 3010 2812 si
3037 2766 3212 2812 autem
3239 2772 3343 2812 non
3365 2759 3542 2821 vultis,
3575 2759 3768 2813 saltem

2187 2850 2851 2905 oblumescatis'?Etenim
2872 2865 3218 2920 quaecumque
3242 2850 3402 2905 modo
3431 2849 3770 2920 proferretis,

2190 2940 2437 2996 facillime
2456 2950 2512 2995 et
2535 2941 2810 2997 verissime
2838 2939 3094 3015 dicerem,
3137 2951 3261 2996 tunc
3298 2941 3550 2996 Ecclesia:
3589 2941 3774 3010 plena-

2190 3031 2282 3085 rire
2310 3039 2363 3086 et
2390 3031 2663 3086 catholica:
2690 3031 2895 3096 unitati,
2935 3031 3044 3100 jam
3099 3018 3194 3102 per
3227 3040 3307 3086 tot
3348 3040 3532 3100 gentes
3564 3031 3772 3088 dill‘usa

2190 3130 2348 3192 atque
2378 3121 2619 3188 ﬁrmante,
2648 3136 2744 3176 vos
2768 3136 2828 3176 ea
2869 3122 3095 3190 probare
3121 3122 3367 3178 debuisse
3396 3121 3438 3188 ³,
3469 3131 3528 3177 ιιι
3559 3138 3661 3178 vos
3690 3123 3770 3178 in-

2193 3223 2281 3267 tus
2306 3213 2515 3275 essetis,
2541 3212 2615 3267 illi
2642 3220 2818 3267 autem
2848 3227 2983 3282 quos
3008 3213 3413 3274 convinceretis,
3446 3213 3774 3281 pellerentur

2192 3301 2357 3356 foras.
2384 3301 2535 3368 Quod
2564 3301 2608 3356 si
2637 3302 2816 3357 conati
2843 3303 2972 3357 estis
2997 3301 3191 3367 facere,
3222 3302 3406 3373 procul
3443 3302 3606 3357 dubio
3647 3317 3773 3372 pro-

2191 3393 2321 3449 bare
2346 3408 2453 3448 non
2483 3393 2746 3463 potuistis,
2776 3400 2831 3448 et
2859 3393 2980 3448 victi
3009 3392 3092 3448 vel
3113 3392 3233 3447 irati
3261 3407 3353 3448 vos
3373 3392 3440 3448 ab
3465 3393 3774 3448 innocenti.

2192 3485 2292 3541 bus
2315 3485 2404 3556 qui
2431 3484 2684 3540 damnare
2707 3485 2905 3540 incerta
2939 3500 3045 3538 non
3070 3493 3320 3554 possent,
3349 3484 3566 3539 immani
3604 3485 3778 3540 sacri-

2195 3576 2333 3648 legio
2383 3577 2685 3646 separastis.
2708 3575 2763 3632 Si
2792 3584 2967 3630 autem
2998 3590 3097 3632 nec
3121 3575 3295 3630 conati
3337 3577 3468 3631 estis
3508 3575 3559 3630 id
3588 3592 3774 3647 agere,

2194 3670 2355 3726 nimis
2383 3669 2692 3725 exsecrabili
2719 3677 2774 3725 et
2800 3669 2960 3738 impia
2997 3669 3237 3724 ctecitate
3286 3683 3381 3723 vos
3418 3682 3448 3722 a
3493 3667 3780 3725 frumentis

2193 3759 2409 3827 Christi,
2431 3776 2550 3832 quae.
2575 3777 2668 3831 per
2697 3770 2862 3815 totum
2889 3775 3094 3832 agrum,
3118 3759 3171 3815 id
3190 3767 3293 3826 est,
3320 3767 3487 3814 totum
3517 3759 3778 3816 mundum

2194 3870 2362 3926 usque
2389 3854 2457 3910 ad
2503 3855 2661 3910 tinem
2699 3861 2970 3918 crescunt,
3013 3852 3196 3923 paucis
3232 3852 3287 3907 in
3330 3850 3506 3907 Africa
3556 3852 3778 3908 zizaniis

2195 3945 2384 4001 oll'ensi
2414 3945 2724 4015 praecidistis
2753 3943 2852 4017 (a).

2279 4039 2505 4096 CAPUT
2554 4037 2743 4094 XXIII.
2783 4067 2856 4078 —
2891 4037 2981 4094 ‘25.
3031 4037 3348 4102 Postremo,
3394 4042 3779 4090 testamentum

2195 4149 2223 4187 a
2251 4132 2564 4204 quibusdam
2592 4131 2974 4202 persecutionis
2996 4139 3234 4200 tempore
3267 4129 3493 4184 ﬂammis
3522 4128 3778 4183 traditum

2196 4226 2502 4296 perhibetur
2531 4241 2550 4282 ε
2575 4239 2714 4279 nunc
2737 4223 3105 4293 undecumque
3123 4223 3382 4294 prolatum
3399 4231 3482 4276 est
3497 4221 3777 4277 recitatur.

2195 4319 2354 4372 Certe
2379 4317 2430 4370 in
2458 4315 2678 4371 exordio
2705 4307 3112 4385 promissionum
3135 4313 3400 4370 testatoris
3426 4312 3478 4367 id
3507 4312 3783 4368 invenitur

2197 4407 2423 4463 Abrahae
2461 4407 2679 4470 dictum,
2737 4404 2807 4459 In
2849 4405 3034 4459 semine
3081 4413 3165 4458 tuo
3209 4404 3556 4458 benedicentur
3601 4418 3782 4456 omnes

2195 4509 2362 4572 gentes
2384 4497 2534 4572 (Gen.
2563 4513 2698 4562 xxu,
2725 4497 2812 4567 I8)
2844 4515 2858 4550 :
2886 4505 2940 4550 et
2964 4497 3065 4550 hoc
3087 4494 3210 4565 quid
3228 4496 3315 4561 sit,
3334 4510 3491 4548 verax
3510 4494 3781 4562 interpre-

2197 4601 2337 4646 tatur
2367 4589 2667 4660 Apostolus,
2696 4587 2763 4642 In
2787 4588 2992 4654 semine,
3016 4587 3205 4656 inquit,
3237 4595 3346 4653 tuo,
3372 4585 3507 4657 quod
3527 4595 3598 4640 est
3624 4585 3783 4638 Chri-

2195 4691 2300 4736 stus
2331 4678 2521 4748 (Galat.
2545 4694 2624 4744 ιιι,
2653 4677 2766 4747 16).
2797 4677 3004 4731 Nullius
3022 4675 3234 4730 traditio
3251 4673 3406 4729 [idem
3425 4674 3516 4728 Dei
3541 4688 3780 4728 evacua-

2195 4775 2287 4830 vit.
2335 4772 2731 4829 Communicate
2785 4770 3032 4825 omnibus
3081 4767 3362 4838 gentibus:
3393 4775 3448 4822 et
3500 4775 3627 4822 tunc
3676 4781 3782 4822 vos

2197 4874 2567 4923 testamentum
2591 4879 2618 4917 a
2643 4863 2877 4934 pernicie
2899 4863 3226 4917 ﬂammarum
3261 4875 3609 4916 conservasse
3653 4860 3782 4931 glo-

2197 4959 2427 5013 riamini.
2455 4957 2510 5012 Si
2535 4965 2712 5010 autem
2739 4971 2844 5009 non
2865 4954 3044 5019 vultis,
3066 4968 3183 5022 quae
3209 4967 3330 5021 pars
3345 4953 3520 5021 potius
3543 4950 3781 5006 creden-

2195 5051 2262 5106 da
2288 5058 2388 5114 est,
2416 5049 2900 5121 qttod,testamento
2929 5045 3178 5099 institerit
3207 5042 3497 5109 exurendo,
3523 5041 3624 5096 nisi
3656 5057 3782 5111 quae

2197 5163 2302 5201 non
2330 5145 2442 5200 vult
2464 5142 2766 5198 consentire
2786 5139 3030 5209 prolato?
3063 5137 3269 5206 Quanto
3288 5137 3431 5192 enim
3443 5137 3641 5191 certius
3662 5134 3786 5192 sine

2198 5238 2367 5307 aliqua
2395 5235 2692 5289 temeritate
2733 5229 3010 5300 sacrilega,
3043 5231 3132 5284 ille
3178 5228 3519 5283 traditoribus
3559 5242 3783 5282 succes-

2199 5326 2649 5398 sissejudicatur,
2679 5323 2768 5395 qui
2810 5339 2947 5379 nunc
2993 5323 3167 5393 lingua
3221 5323 3558 5392 persequitur
3611 5331 3781 5376 testa-

2263 5444 2279 5474 ι
2313 5449 2424 5499 Lov,
2457 5452 2547 5490 non
2570 5443 2639 5489 est
2669 5436 3022 5489 discutiendum
3043 5436 3156 5500 quin
3178 5436 3379 5500 penitus.
3398 5443 3460 5500 _At
3483 5433 3598 5483 editi
3624 5432 3785 5500 alii‘et

2199 5496 2509 5616 austri-ibat?”
2534 5514 2633 5614 ag?)
2649 5508 2719 5551 est
2740 5496 3093 5551 discutiendum
3131 5496 3276 5562 quam
3297 5496 3500 5561 penitus.
3541 5502 3594 5545 Et
3614 5497 3686 5545 sic
3711 5497 3784 5544 iu-

2242 5580 2286 5616 a.
2332 5579 2346 5614 ι
2386 5600 2398 5613 .
2458 5600 2470 5616 .
2496 5577 2545 5612 ιι.
2637 5601 2648 5611 .
3165 5599 3167 5601 ,

2242 5580 2286 5624 a,
2314 5567 2398 5614 lib.
2422 5567 2470 5622 5,
2496 5577 2545 5612 ιι.
2570 5567 2648 5614 70.
2791 5621 2799 5624 Α
3165 5599 3167 5601 .

2263 5621 2283 5660 ί
2315 5629 2386 5677 sic
2409 5627 2541 5676 editi.
2577 5631 2734 5682 Forte,
2751 5621 3100 5674 obmutescatis.
3124 5629 3183 5671 Μ.

2264 5693 2285 5723 ⁸
2318 5701 2417 5738 Am.
2443 5694 2515 5736 Er.
2544 5695 2595 5736 et
2619 5694 2744 5744 Mss,
2768 5685 2966 5744 ﬁrmare
2989 5685 3224 5734 debuisse.

2264 5754 2340 5814 (a)
2367 5750 2481 5800 vide
2497 5743 2932 5814 inira,_lib.2_,_cap.
2953 5748 3029 5814 16,
3049 5746 3134 5814 lib.
3156 5746 3309 5814 ὅνηιιιι.
3332 5744 3409 5806 69,
3432 5743 3511 5803 70,
3535 5750 3587 5794 et
3618 5748 3786 5794 conm

2206 5807 2507 5865 Cresconium
2530 5809 2611 5860 Iit).
2638 5810 2687 5872 3,
2704 5822 2751 5860 ιι.
2771 5809 2851 5871 33,
2877 5807 2929 5860 et
2951 5808 3034 5860 lib.
3061 5809 3110 5871 4,
3129 5822 3179 5858 ιι.
3200 5807 3278 5858 66.

3777 5919 3792 5968 ξ
