4008 6484
195 461 295 518 287

194 580 465 636 mentum,
506 567 652 640 quod
701 566 776 623 illi
817 566 1031 622 flamma
1078 559 1344 634 persecuti
1392 555 1774 630 perhibentur?

193 661 435 732 Obiicitis
465 658 891 730 persecutionem
922 675 936 711 :
972 654 1297 727 respondent
1325 651 1476 706 vobis
1512 649 1775 703 frumenta

191 752 483 819 dominica,
513 752 623 806 Aut
638 750 778 820 iuste
797 748 995 805 factum
1017 757 1121 815 est,
1142 757 1237 802 aut
1262 744 1411 817 palea
1433 751 1614 798 nostra
1629 738 1773 796 fecit.

190 841 325 909 Quid
352 840 425 895 ad
451 840 569 896 haec
593 839 809 895 dicitis?
846 838 1089 909 Obiicitis
1129 835 1271 907 quod
1312 834 1638 904 Baptismum
1667 846 1774 888 non

189 932 486 989 habeamus
521 929 892 1001 :respondent
917 930 1068 985 vobis
1096 928 1281 985 eadem
1299 926 1561 982 frumenta
1598 924 1801 980 domi--

187 1022 329 1090 nica,
354 1021 587 1079 formant
607 1020 934 1078 Saeramenti
953 1021 1113 1077 etiam
1130 1020 1272 1076 intus
1297 1017 1615 1091 quibusdam
1640 1014 1775 1071 nihil

188 1114 473 1185 prodesse,
504 1114 645 1169 sicut
670 1113 875 1169 Simoni
900 1112 1053 1184 Mago
1074 1112 1341 1183 baptizato
1360 1125 1464 1166 non
1488 1108 1771 1180 proderat;

187 1202 360 1259 multo
386 1202 560 1274 magis
594 1202 723 1258 nihil
749 1201 1003 1273 prodesse
1041 1201 1108 1258 iis
1135 1202 1227 1273 qui
1255 1200 1384 1255 foris
1411 1206 1538 1254 sunt
1564 1216 1579 1253 :
1601 1198 1779 1253 inesse

187 1297 293 1352 illis
321 1306 503 1352 tamen
528 1296 923 1353 discedentibus
951 1296 1075 1351 hinc
1103 1294 1375 1367 probatur,
1392 1292 1533 1364 quod
1557 1290 1779 1347 redeun-

187 1389 329 1445 tibus
353 1404 466 1444 non
486 1388 804 1445 restituitur.
830 1388 1111 1459 Nunquam
1144 1389 1162 1419 ί
1190 1387 1350 1457 igitur
1374 1385 1478 1440 nisi
1509 1382 1780 1453 impuden-

164 1456 396 1537 itissime
450 1482 652 1552 poteris
691 1481 947 1537 adversus
982 1480 1083 1536 ista
1135 1480 1398 1535 frumenta
1442 1478 1694 1543 clamare,
1721 1482 1780 1531 et

190 1572 373 1627 dicere
405 1571 898 1641 pseudoprophetas
925 1572 1147 1627 vestitos
1170 1570 1397 1640 pellibus
1416 1569 1617 1634 ovium,
1638 1568 1779 1621 intus

190 1672 365 1718 autem
396 1664 553 1734 lupos
582 1678 801 1734 rapaces
831 1680 845 1717 :
873 1662 1302 1734 quandoquidem
1323 1660 1490 1715 malos
1507 1659 1561 1714 in
1575 1658 1780 1714 unitate

190 1753 455 1809 catholica
485 1754 566 1808 vel
594 1769 700 1809 non
746 1763 1033 1820 noverunt,
1063 1752 1148 1809 vel
1177 1767 1272 1823 pro
1309 1750 1513 1806 unitate
1550 1749 1779 1805 tolerant

189 1860 320 1915 quos
342 1854 633 1900 noverunt.

252 1935 492 1991 CAPUT
531 1935 723 1992 XXIV.
762 1965 833 1977 —
867 1935 961 1990 26.
1002 1935 1224 1991 Vestras
1265 1944 1441 1990 autem
1484 1932 1686 1989 fructus
1732 1931 1780 1988 si

192 2025 637 2094 consideremus;
687 2027 877 2082 omitto
928 2026 1233 2099 tyrannicas
1280 2026 1332 2080 in
1384 2025 1683 2080 civitatibus
1725 2034 1782 2080 et

190 2117 423 2171 maxime
464 2116 520 2170 in
548 2116 727 2172 fundis
755 2117 945 2173 alienis
986 2116 1397 2181 dominationes,
1418 2115 1607 2171 omitto
1630 2114 1779 2169 furo-

190 2222 296 2262 rem
328 2209 837 2265 Circumcellionum
858 2210 902 2277 ’,
923 2217 977 2265 et
998 2209 1444 2280 praecipitatorum
1466 2208 1606 2262 ultro
1620 2206 1781 2262 cada-

191 2312 377 2354 verum
422 2300 603 2355 cultus
642 2300 927 2372 sacrilegos
976 2312 1031 2357 et
1082 2301 1355 2372 profanos,
1406 2299 1781 2355 bacchationes

190 2392 533 2459 ebrietatum,
562 2401 618 2448 et
642 2393 743 2449 sub
768 2409 874 2450 uno
888 2394 1080 2465 Optato
1098 2393 1415 2450 Gildoniano
1434 2391 1779 2449 decennalem

192 2482 349 2537 totius
372 2482 574 2539 Africa:
594 2485 850 2555 gemitum
882 2503 895 2539 :
926 2487 1117 2541 omitto
1142 2485 1264 2551 ista,
1296 2485 1419 2555 quia
1448 2491 1573 2538 sunt
1601 2482 1654 2536 in
1680 2497 1779 2536 vo-

195 2573 271 2629 bis
295 2574 518 2645 quidam
544 2577 634 2647 qui
662 2576 778 2633 haec
800 2578 897 2633 sibi
930 2577 1233 2647 displicere,
1261 2591 1325 2632 ac
1349 2590 1561 2645 semper
1589 2573 1780 2643 displi-

192 2665 363 2719 cuisse
384 2666 747 2735 proclamcnt;
774 2668 869 2723 sed
897 2682 959 2724 ea
986 2683 1046 2723 se
1066 2669 1268 2733 dicunt,
1285 2668 1405 2738 quia
1428 2665 1782 2736 comprimere

192 2768 292 2808 non
322 2763 572 2823 possunt,
606 2771 704 2826 pro
740 2771 872 2827 pace
912 2758 1177 2813 tolerare:
1209 2758 1296 2812 ubi
1349 2772 1408 2812 se
1440 2756 1643 2827 iudicio
1685 2770 1783 2811 suo

197 2845 593 2913 condemnant;
622 2848 744 2917 quia
772 2849 817 2904 si
846 2858 1092 2904 amarent
1119 2864 1326 2917 pacem,
1358 2862 1469 2903 non
1510 2847 1782 2903 discinde-

196 2944 317 2990 rent
340 2936 619 2992 unitatem.
642 2937 778 2993 Nam
806 2953 924 3008 qua:
943 2946 1086 2993 tanta
1106 2939 1373 2994 dementia
1393 2947 1495 3005 est,
1523 2953 1705 3009 pacem
1730 2939 1782 2993 in

196 3022 311 3090 ipsa
331 3039 463 3093 pace
488 3026 626 3081 velle
652 3027 976 3097 relinquere,
1002 3035 1057 3083 et
1082 3042 1201 3083 eam
1228 3026 1281 3081 in
1297 3026 1631 3083 dissensione
1644 3027 1785 3083 velle

194 3115 469 3171 retinere?
505 3116 689 3187 Itaque
709 3127 927 3187 propter
963 3134 1058 3174 eos
1081 3120 1173 3190 qui
1196 3119 1333 3174 mala
1353 3119 1592 3190 ejusdem
1619 3119 1784 3189 partis

195 3203 403 3268 Donati,
444 3222 566 3276 qua:
582 3222 772 3263 omnes
790 3208 974 3263 vident
988 3218 1042 3264 et
1061 3209 1480 3280 reprehendunt,
1503 3210 1708 3281 fingunt
1725 3222 1785 3265 se

196 3307 295 3347 non
326 3294 539 3360 videre,
566 3312 736 3366 usque
750 3298 887 3352 adeo
900 3299 1124 3354 utetiam
1142 3298 1210 3353 de
1235 3299 1352 3368 ipso
1371 3298 1563 3370 Optato
1582 3299 1782 3363 dicant,

195 3381 327 3449 Quid
352 3384 527 3439 fecit?
552 3384 684 3453 Quis
712 3401 833 3441 eum
872 3387 1181 3442 accusavit?
1214 3388 1335 3456 quis
1372 3388 1635 3443 convicit?
1674 3389 1786 3459 Ego

197 3475 395 3540 nescio,
425 3490 535 3529 non
562 3475 691 3543 vidi,
722 3491 829 3531 non
858 3477 1051 3532 audivi.
1078 3477 1303 3547 Propter
1322 3477 1423 3533 hos
1458 3493 1586 3548 ergo
1602 3479 1693 3549 qui
1725 3493 1787 3536 se

195 3564 472 3617 manifesta
494 3565 740 3634 ignorare
768 3566 1096 3638 confingunt,
1122 3567 1293 3622 exorti
1340 3577 1465 3622 sunt
1504 3567 1783 3623 Maximia-

195 3653 361 3718 nistae,
388 3653 444 3707 in
471 3654 666 3723 quibus
695 3656 774 3711 eis
797 3656 937 3711 oculi
962 3664 1197 3727 pateant,
1236 3666 1293 3712 et
1313 3671 1407 3711 ora
1426 3657 1741 3713 claudantur
1767 3674 1781 3711 :

196 3756 379 3813 aperte
400 3760 462 3799 se
477 3755 747 3816 separant,
773 3756 957 3817 aperte
974 3749 1143 3803 altare
1166 3755 1351 3803 contra
1370 3750 1538 3804 altare
1554 3737 1783 3819 erigunt,

196 3846 379 3904 aperte
408 3839 461 3890 in
490 3838 721 3893 concilio
749 3837 826 3909 (a)
856 3838 1100 3907 sacrilegi
1143 3846 1199 3893 et
1226 3839 1423 3907 viperae
1445 3878 1461 3907 ,
1492 3850 1548 3895 et
1574 3840 1786 3895 veloces

197 3926 260 3981 ad
298 3927 681 3984 effundendum
726 3930 1060 4000 sanguinem,
1092 3937 1148 3984 et
1179 3927 1383 3983 Dathan
1417 3938 1471 3983 et
1495 3929 1696 3984 Abiron
1731 3938 1790 3986 et

200 4017 369 4073 Cltore
419 4022 770 4091 comparandi
817 4022 1185 4092 appellantur,
1247 4030 1303 4077 et
1354 4023 1557 4091 asperis
1610 4022 1788 4078 verbis

199 4109 445 4166 detestati
497 4112 837 4181 damnantur,
893 4124 1076 4184 aperte
1127 4113 1457 4182 recipiuntur
1499 4128 1684 4169 rursus
1732 4116 1789 4170 in

205 4199 496 4258 honoribus
522 4204 635 4259 suis
659 4219 781 4260 cum
820 4205 1103 4275 baptizatis
1142 4205 1273 4259 suis.
1308 4204 1372 4260 lii
1417 4214 1542 4260 sunt
1586 4206 1789 4262 fructus

200 4305 402 4361 eorum,
434 4312 534 4367 pro
564 4298 753 4351 Donati
786 4312 914 4367 pace
932 4299 1028 4351 ista
1056 4296 1365 4351 facientium
1395 4304 1453 4351 ut
1482 4298 1619 4366 pelle
1632 4297 1789 4352 ovina

201 4396 259 4438 se
284 4398 593 4460 conlegam,
625 4398 680 4443 et
704 4388 902 4444 Christi
932 4402 1117 4458 pacem
1141 4388 1193 4441 in
1235 4397 1346 4441 toto
1378 4388 1508 4442 orbe
1528 4396 1788 4443 lcrrarum

202 4481 562 4534 recusantium
591 4488 651 4534 ut
676 4479 818 4534 intus
834 4478 941 4533 sint
967 4478 1076 4548 lupi
1108 4493 1350 4547 rapaces.

275 4568 502 4627 CAPUT
541 4568 711 4625 XXV.
750 4597 823 4609 —
857 4567 950 4624 27.
990 4567 1129 4622 Nihil
1158 4583 1247 4624 me
1274 4566 1681 4638 praztermisisse
1704 4581 1793 4622 ar-

204 4661 370 4717 bitror
394 4676 607 4723 eorum,
638 4674 757 4730 qua:
786 4660 887 4715 iste
913 4658 966 4713 in
987 4658 1212 4728 epistola
1238 4673 1334 4713 sua
1364 4658 1562 4728 posuit,
1589 4659 1791 4713 dunta-

203 4762 429 4825 xatquze
457 4753 511 4807 in
563 4767 625 4807 ea
675 4760 847 4821 parte,
893 4750 962 4804 ad
1012 4765 1173 4820 quam
1229 4750 1595 4820 pervenimus,
1644 4749 1791 4819 potui

203 4845 437 4912 reperire
467 4860 481 4897 :
509 4841 742 4913 prodant
780 4840 938 4895 etiam
968 4838 1231 4908 reliquam
1272 4847 1474 4908 partem
1500 4878 1515 4904 ,
1549 4854 1616 4893 ne
1654 4838 1791 4893 forte

203 4934 271 4991 ibi
300 4940 368 4991 sit
390 4936 590 5006 aliquid
605 4934 746 5004 quod
770 4933 935 4988 refelli
957 4946 1065 4987 non
1087 4931 1273 5002 possit.
1298 4930 1425 4985 Haec
1445 4938 1644 4995 autem,
1671 4945 1791 5000 quae

202 5027 427 5083 Domino
453 5026 741 5095 adiuvante
758 5022 1151 5093 respondimus,
1178 5020 1440 5076 admoneo
1467 5018 1788 5076 Charitatetn

200 5130 457 5186 vestram,
489 5127 551 5172 ut
593 5132 700 5171 non
743 5116 916 5171 solum
947 5113 1251 5185 petentibus
1286 5112 1446 5177 detis,
1494 5109 1587 5168 sed
1630 5112 1790 5168 etiam

203 5226 307 5264 non
334 5208 640 5280 petentibus
662 5200 936 5276 ing‘eratis.
957 5205 1337 5275 Respondeant
1360 5205 1404 5259 si
1421 5204 1546 5277 quid
1573 5205 1788 5263 volunt:

202 5300 323 5353 etsi
353 5299 509 5355 nobis
546 5298 755 5363 nolunt,
804 5297 993 5354 saltem
1032 5295 1100 5352 ad
1129 5311 1257 5351 suos
1311 5296 1512 5351 litteras
1554 5296 1788 5365 mittant,

201 5405 323 5458 qua:
364 5400 542 5446 tamen
569 5390 647 5460 (b)
677 5389 832 5445 nobis
856 5388 1107 5444 occultari
1147 5402 1253 5442 non
1287 5387 1538 5456 jubeant;
1578 5388 1720 5458 quod
1745 5389 1792 5444 si

204 5480 423 5551 faciunt,
444 5484 783 5554 apertissime
804 5481 1007 5537 fructus
1030 5494 1157 5535 suos
1186 5478 1436 5550 produnt,
1469 5479 1662 5548 quibus
1684 5481 1791 5551 lupi

267 5577 288 5636 ξ
325 5581 373 5623 In
390 5583 518 5636 Mss,
542 5572 795 5636 numquid.

266 5634 292 5665 ³
322 5643 370 5684 ιιι
390 5629 600 5685 lss.'hic
620 5629 815 5685 et'infra
837 5634 930 5683 hoc
948 5634 996 5683 in
1018 5633 1144 5683 libro
1168 5629 1505 5683 Circellionum
1521 5643 1540 5693 ;
1559 5630 1657 5692 vel,
1681 5642 1790 5684 cer-

202 5693 489 5756 cellialtum;
513 5696 614 5754 vel,
636 5694 1044 5746 Cercicelliomtm.

360 5764 820 5893 megaeram,
846 5831 969 5893 quas
1002 5823 1179 5879 tamen,
1199 5816 1337 5879 iuxta
1357 5815 1528 5893 Morel,
1552 5813 1789 5871 Element.

198 5879 380 5942 citis,
410 5893 522 5944 pag.
547 5879 658 5944 252,
673 5879 781 5936 πε,
846 5879 903 5934 Β.
1204 5894 1205 5897 ‘

1550 442 1754 500 LIBER
1789 440 2058 499 PRIMUS.

3348 455 3456 512 258

1887 570 2105 626 rapaces
2156 557 2325 614 induti
2364 561 2591 631 pellibus
2629 563 2809 620 ovium
2857 564 3313 637 demonstrentur,
3365 572 3456 642 qui

1883 649 2089 703 occulte
2111 650 2426 707 insidiantur
2450 655 2637 710 ovibus
2656 657 2871 725 nostris,
2889 667 2945 713 et
2961 670 3143 728 aperte
3158 662 3458 730 pastoribus

1882 737 2209 807 respondere
2233 738 2542 797 formidant.
2573 743 2681 800 Nos
2704 747 2783 801 eis
2808 750 3177 805 tantummodo
3197 751 3458 806 schisma-

1881 825 1952 880 tis
1998 827 2199 884 crimen
2245 831 2546 902 obiicimus,
2600 852 2704 906 quo
2752 842 2963 909 penitus
2996 856 3183 898 omnes
3232 844 3457 901 involuti

1880 926 2007 1006 sunt
2029 935 2043 973 :
2066 933 2171 974 non
2198 924 2548 990 quorumdam
2574 941 2759 983 eorum
2778 930 3025 999 erimina,
3056 948 3176 1002 qua:
3202 936 3305 990 sibi
3334 937 3455 1006 qui-

1881 1005 2003 1061 dam
2024 1022 2208 1065 eorum
2234 1011 2519 1083 displicere
2544 1019 2921 1087 respondeant.
2950 1021 3053 1092 ipsi
3074 1038 3203 1080 vero
3228 1026 3273 1081 si
3301 1005 3456 1082 nobis

1881 1096 2055 1154 aliena
2080 1100 2303 1158 crimina
2323 1119 2426 1159 non
2458 1105 2729 1177 obiiciant,
2767 1126 2874 1166 non
2902 1111 3099 1169 habent
3133 1116 3274 1185 quod
3316 1118 3449 1187 obii-

1880 1187 2025 1244 ciant
2054 1208 2069 1244 :
2095 1200 2150 1246 et
2201 1192 2322 1248 ideo
2365 1209 2425 1250 se
2463 1196 2531 1251 ab
2573 1199 2774 1256 scelere
2824 1202 3126 1260 schismatis
3169 1205 3462 1264 defendere

1881 1281 2101 1337 omnino
2129 1298 2238 1341 non
2269 1297 2529 1357 possunt;
2558 1291 2681 1361 quia
2712 1294 2824 1349 sive
2851 1305 3067 1367 propter
3095 1298 3221 1353 falsa
3244 1310 3299 1354 et
3337 1316 3367 1353 a
3397 1316 3455 1356 se

1881 1371 2128 1439 conficta,
2151 1375 2264 1431 sive
2283 1378 2444 1433 etiam
2483 1388 2699 1450 propter
2735 1398 2881 1451 vera,
2930 1386 3025 1441 sed
3073 1396 3247 1444 tamen
3290 1390 3455 1458 palea:

1882 1463 2127 1534 crimina,
2155 1483 2215 1523 se
2246 1469 2314 1524 ab
2342 1486 2465 1526 area
2498 1472 2787 1541 dominica,
2814 1485 2870 1530 et
2910 1477 2978 1532 ab
3012 1477 3309 1535 innocentia
3348 1482 3457 1537 fru-

1882 1566 2183 1613 mentorum
2210 1568 2324 1616 toto
2342 1562 2471 1618 orbe
2497 1565 2870 1635 crescentium,
2893 1568 3091 1623 nefaria
3106 1570 3460 1644 diremptione

1882 1657 2217 1717 separarum.

1954 1739 2178 1798 CAPUT
2216 1742 2405 1799 XXVI.
2442 1773 2516 1785 —
2547 1744 2639 1802 28.
2679 1744 2788 1802 Nisi
2806 1746 2945 1805 forte
2968 1751 3287 1819 exspectatis
3307 1767 3459 1822 ame,

1885 1843 1944 1889 ut
1966 1836 2127 1891 etiam
2156 1837 2224 1893 de
2250 1838 2541 1894 Manichaao
2585 1856 2705 1910 qua:
2748 1840 3084 1912 interposuit,
3129 1844 3459 1901 refellantur.

1883 1923 1998 1992 Qua
2028 1926 2081 1980 in
2110 1941 2170 1981 re
2195 1928 2349 1983 nobis
2378 1943 2484 1983 non
2531 1929 2795 2000 displicet,
2824 1932 2926 1986 nisi
2973 1934 3095 2003 quia
3134 1936 3465 2004 pestilentio-

1885 2016 2157 2070 sissimum
2187 2026 2240 2072 et
2268 2018 2773 2088 perniciosissimum
2802 2036 3064 2089 errorem,
3094 2023 3145 2079 id
3193 2033 3275 2080 est
3294 2065 3311 2093 ,
3351 2026 3464 2080 Ma-

1884 2108 2214 2164 nichaeorum
2234 2109 2481 2167 hasresim
2506 2115 2726 2169 omnino
2747 2117 3015 2171 levissima
3043 2127 3099 2173 et
3127 2134 3289 2190 prepe
3318 2121 3462 2175 nulla

1884 2201 2301 2270 reprehensione
2331 2204 2590 2273 culpavit;
2613 2221 2769 2276 quem
2793 2208 3033 2263 veritatis
3049 2209 3354 2266 fortissimis
3370 2211 3463 2267 do-

1884 2290 2143 2345 cumentis
2158 2290 2426 2348 Catholica
2441 2304 2708 2365 expugnat
2734 2297 2774 2351 ι.
2794 2296 3086 2353 Haereditas
3102 2299 3243 2354 enim
3269 2300 3468 2356 Christi

1885 2378 1939 2434 in
1950 2380 2198 2435 omnibus
2211 2382 2456 2451 gentibus
2474 2385 2781 2453 constituta,
2800 2386 3054 2443 adversus
3077 2404 3264 2445 omnes
3288 2390 3467 2447 exhin-

1885 2469 2098 2525 redatas
2118 2470 2349 2527 haereses
2378 2480 2487 2526 tuta
2518 2481 2603 2529 est
2630 2491 2642 2527 :
2671 2475 2765 2530 sed
2781 2476 2919 2530 sicut
2936 2478 3011 2531 ait
3027 2478 3301 2547 Dominus,
3324 2481 3468 2547 Quo-

1886 2563 2035 2617 modo
2056 2571 2214 2630 potest
2237 2572 2443 2618 satanas
2467 2574 2699 2619 satanam
2718 2566 2896 2636 ejicere
2918 2566 3108 2638 (Marc.
3140 2585 3218 2637 ιιι,
3245 2570 3376 2639 23)?
3397 2571 3467 2625 ita

1885 2655 2297 2711 Manichaeorum
2318 2670 2557 2712 errorem
2577 2658 2847 2728 quomodo
2876 2669 3053 2730 potest
3070 2662 3466 2719 Donatistarum

1886 2761 2040 2803 error
2066 2756 2306 2803 evertere
2332 2746 2414 2821 (a)
2438 2748 2462 2802 ἲ

1957 2841 2184 2898 CAPUT
2206 2842 2583 2900 XXVll.—29.
2598 2844 2950 2916 Quapropter,
2969 2847 3287 2915 ebarissimi,
3311 2865 3472 2920 quan-

1886 2948 2046 3003 quam
2077 2936 2257 2991 multis
2296 2938 2469 2992 modis
2506 2938 2781 2994 convictus
2822 2953 2976 2994 error
3011 2940 3111 2996 iste
3151 2953 3467 3011 superetur,

1887 3039 1989 3080 nec
2028 3026 2131 3081 ulla
2160 3027 2530 3098 qualicumque
2558 3030 2764 3085 ratione
2783 3031 2805 3061 ¹
2828 3071 2844 3097 ,
2880 3030 2974 3086 sed
3004 3031 3115 3086 sola
3144 3032 3469 3102 impudentia

1887 3119 2146 3189 pertinaci
2174 3121 2426 3177 resistere
2452 3121 2643 3177 audeat
2666 3123 2876 3177 veritati
2905 3139 2919 3175 :
2951 3132 3127 3179 tamen
3154 3141 3225 3181 ne
3261 3141 3469 3181 memo-

1886 3212 2022 3267 riam
2050 3222 2283 3268 vestram
2309 3213 2751 3270 documentorum
2787 3226 2975 3272 oneret
3010 3218 3320 3285 multitudo,
3368 3219 3471 3275 hoc

1890 3320 2059 3359 unum
2103 3304 2612 3361 Maximianistarum
2629 3306 2824 3361 factum
2859 3318 3057 3375 tenete,
3079 3309 3177 3363 hoc
3203 3310 3255 3364 in
3278 3324 3466 3366 eorum

1888 3395 2066 3452 fronte
2083 3396 2349 3468 configite,
2371 3398 2475 3453 hoc
2488 3398 2569 3455 eis
2590 3398 2657 3453 ad
2680 3400 3108 3470 comprimendas
3129 3400 3343 3457 dolosas
3364 3402 3469 3456 lin-

1889 3488 2089 3557 gnasin
2115 3502 2209 3542 ora
2232 3498 2521 3557 coarctate,
2539 3490 2640 3546 hoc
2667 3499 2917 3562 tanquam
2949 3492 3161 3548 tridenti
3193 3495 3297 3549 telo
3326 3495 3474 3549 velut

1889 3576 2175 3647 tricipitem
2196 3578 2419 3634 bestiam
2436 3594 2618 3635 eorum
2634 3582 2954 3637 calumniam
2969 3583 3249 3639 trucidate.
3282 3584 3468 3639 Tradi-

1890 3667 2089 3723 tionem
2105 3668 2380 3737 obiiciunt,
2401 3672 2826 3741 persecutionem
2853 3673 3129 3743 objiciunt,
3153 3672 3348 3728 falsum
3375 3674 3473 3729 ba-

1893 3758 2083 3827 ptisma
2109 3760 2366 3829 objiciunt
2385 3779 2399 3816 :
2416 3758 2486 3816 de
2508 3762 2636 3815 solis
2660 3762 3065 3817 Maxitnianistis
3086 3763 3153 3818 ad
3179 3764 3356 3816 omnia
3386 3779 3472 3818 re-

1889 3848 2324 3919 spondete.Quod
2331 3849 2471 3905 enim
2484 3851 2713 3921 maiores
2722 3866 2903 3907 eorum
2922 3852 3249 3908 tradiderunt
3260 3862 3475 3911 sanctos

1892 3941 2104 3998 codices
2123 3942 2373 4009 flammis,
2403 3944 2663 3998 occultum
2694 3959 2813 3999 esse
2839 3944 3198 3999 arbitrantur:
3228 3946 3320 4000 sed
3350 3963 3471 4001 enm

1892 4033 2172 4104 sacrilegio
2186 4034 2487 4088 schismatis
2503 4034 2803 4103 inquinatos
2818 4034 2871 4089 in
2892 4035 3001 4089 suis
3014 4033 3306 4090 honoribus
3318 4052 3471 4092 rece-

1893 4135 2107 4197 perunt,
2124 4125 2227 4181 hoc
2254 4134 2398 4181 certe
2413 4126 2677 4181 occultare
2702 4141 2806 4181 non
2824 4135 3063 4197 possunt.
3080 4128 3208 4183 Item
3223 4142 3475 4197 persecuta

1893 4219 2068 4275 tiones
2083 4218 2509 4287 violentissimas,
2524 4234 2655 4289 quas
2665 4218 2988 4289 quibuslibet
3006 4219 3093 4274 ubi
3118 4221 3384 4289 potuerint
3401 4220 3478 4275 fa-

1894 4312 2070 4379 ciunt,
2098 4312 2335 4367 occultas
2357 4326 2478 4367 esse
2503 4311 2827 4367 arbitrantur
2851 4329 2864 4365 :
2892 4312 2985 4366 sed
3014 4327 3134 4367 cum
3181 4313 3473 4383 spiritualis

1895 4405 2194 4473 persecutio
2222 4404 2643 4474 persecutionem
2672 4414 2888 4475 superet
2914 4406 3243 4476 corporalem
3264 4446 3279 4470 ,
3309 4406 3475 4460 Maxi-

1895 4496 2171 4551 mianistas
2196 4509 2330 4566 quos
2355 4494 2457 4565 ipsi
2483 4495 2831 4565 corporaliter
2843 4496 3102 4566 persecuti
3129 4504 3255 4551 sunt
3272 4536 3289 4562 ,
3326 4505 3382 4551 et
3407 4496 3475 4553 de

1896 4587 2087 4658 quibus
2118 4588 2215 4657 ipsi
2237 4588 2503 4649 dixerunt,
2536 4586 2739 4642 Velaces
2765 4588 2914 4657 pedes
2929 4604 3102 4643 eorum
3127 4588 3195 4641 ad
3215 4587 3475 4655 effunden-

1896 4680 2018 4732 dum
2059 4678 2355 4747 sanguinem
2400 4676 2583 4747 (Psal.
2632 4677 2889 4747 “11.5),
2927 4678 2980 4732 in
3024 4678 3134 4733 suis
3182 4678 3474 4736 honoribus

1896 4776 2246 4837 receperunt;
2280 4768 2381 4821 hoc
2408 4776 2553 4821 certe
2577 4767 2843 4823 occultare
2873 4782 2977 4823 non
3005 4780 3246 4837 possunt.

1966 4858 2193 4913 CAPUT
2215 4856 2526 4913 XXVlll.--
2551 4857 2823 4912 Postremo
2839 4857 3091 4929 Baptismi
3106 4863 3477 4930 quaestionem,

1897 4965 1999 5019 qua
2029 4950 2254 5004 miseros
2284 4948 2498 5015 fallunt,
2534 4949 2795 5004 occultam
2832 4964 2953 5005 esse
2989 4951 3316 5005 arbitrantur
3347 4950 3474 5004 :sed

1896 5055 2018 5096 cum
2044 5040 2218 5095 dicant
2243 5040 2571 5110 Baptismum
2610 5055 2716 5096 non
2759 5038 2957 5095 habere
2998 5050 3255 5110 quotquot
3285 5048 3478 5109 praeter

1896 5132 2325 5189 communionem
2347 5133 2502 5188 unius
2532 5132 2786 5189 Ecclesiae
2814 5133 3178 5203 baptizantur,
3208 5129 3479 5186 Maximia-

1898 5224 2066 5279 nistas
2090 5237 2209 5278 eum
2238 5226 2318 5278 eis
2359 5237 2493 5293 quos
2521 5231 2669 5277 extra
2700 5223 2922 5278 istorum
2964 5224 3390 5278 communionem
3421 5218 3477 5275 in

1899 5313 2185 5369 schismate
2210 5314 2565 5382 baptizarunt,
2594 5314 2647 5368 in
2675 5314 2787 5370 suis
2812 5314 3100 5369 honoribus
3125 5320 3475 5380 receperunt;

1898 5405 2003 5462 hoc
2028 5414 2177 5461 certe
2198 5406 2463 5461 occultare
2488 5421 2593 5460 non
2622 5413 2863 5476 possunt.

1964 5567 1979 5596 ι
2016 5564 2152 5622 Editi,
2176 5574 2314 5626 quem
2338 5558 2803 5630 υεήιρεῐονᾷδξίπιέδ
2826 5553 3371 5630 (ἕθειξφφξξςειιηριίεα
3390 5568 3479 5630 ἐφ’

1898 5615 2569 5691 ρυῃηαιηῄιᾟεξη-υβήιαιίδ
2606 5616 2873 5691 fortissimis
2910 5615 3205 5666 documentis
3237 5615 3482 5667 Catholica

1900 5685 2144 5756 (ειξιηιιάἱν
2169 5685 2675 5756 εεειρέαὶεπριιθηαι-
2702 5747 2733 5756 _.
3170 5741 3235 5756 _..
3262 5743 3287 5756 ν.

1961 5737 1982 5784 5
2016 5737 2243 5799 Duoi'Mss.
2270 5737 2492 5812 belgicus'
2506 5737 2653 5812 unus,
2688 5747 2752 5812 et.
2776 5739 2899 5789 alter
2936 5737 3140 5812 Gallicus
3164 5741 3484 5812 _Floria0ensts

1898 5814 2098 5871 habent,
2124 5824 2210 5861 nec
2233 5808 2344 5871 ullis
2353 5799 2600 5871 Erroribus
2621 5799 2977 5871 ιιιίίιιέεξαιηισιιε
3000 5802 3214 5863 rationis.

1963 5875 2038 5938 (a)
2055 5862 2170 5924 vide
2191 5870 2328 5929 infra,
2353 5868 2436 5917 lib.
2458 5864 2506 5933 2,
2528 5876 2610 5912 nn.
2636 5862 2801 5931 40,41.
