4008 6470
547 431 654 488 265

552 561 704 616 quam
727 583 744 607 ,
769 540 909 596 nobis
938 536 1299 604 dicendumque
1323 540 1415 597 est,
1446 538 1687 598 quatenus
1709 523 1930 594 perﬁdus
1959 519 2117 573 tradi-

553 615 689 689 ditor
709 636 808 687 vita
830 642 1051 685 mortuus
1074 627 1333 679 habeatur.
1364 620 1396 674 J
1404 620 1530 673 udas
1554 615 1823 687 Apostolus
1854 616 1947 684 fuit
1965 654 1979 679 ,
2010 627 2124 666 cum

555 725 772 780 traderet
816 722 1065 777 Christum
1105 734 1124 771 :
1164 714 1392 783 idemque
1439 711 1625 763 honore
1674 704 1889 775 apostoli
1934 701 2130 772 perdito

558 814 887 885 spiritualiter
920 819 1143 864 mortuus
1170 816 1275 870 est,
1300 820 1390 859 suo
1420 809 1592 871 postea
1617 799 1791 867 laqueo
1819 795 2088 848 moriturus
2112 831 2128 858 ,

556 881 687 960 sicut
705 903 944 972 scriptum
963 908 1034 954 est
1062 914 1082 952 :
1108 916 1128 949 ι
1156 895 1373 950 Paenitet
1401 908 1497 956 me,
1530 908 1548 943 ι
1568 888 1745 959 inquit,
1773 904 1792 937 ι
1814 885 1931 957 quia
1949 881 2135 937 tradidi

556 994 849 1065 sanguinem
884 992 1119 1063 justum;
1160 996 1208 1041 et
1251 984 1371 1038 abiit
1401 1024 1415 1048 ,
1448 990 1495 1037 et
1528 981 1705 1045 laqueo
1734 992 1788 1030 se
1815 972 2074 1045 suspendit
2109 988 2127 1023 ι

559 1082 770 1153 (Matth.
796 1096 951 1135 xxvn
969 1121 985 1147 ,
1017 1081 1083 1145 4,
1111 1078 1190 1146 5).
1220 1075 1422 1144 Laqueo
1449 1072 1663 1125 traditor
1687 1068 1869 1139 periit,
1902 1066 2136 1136 laqueum

557 1175 740 1229 talibus
782 1172 1045 1243 dereliquit
1073 1185 1092 1225 :
1117 1169 1180 1223 de
1207 1184 1301 1239 quo
1340 1165 1588 1219 Dominus
1629 1159 1858 1216 Christus
1905 1154 2138 1211 clamavit

558 1266 626 1318 ad
658 1284 677 1317 ‹
694 1264 920 1332 Patrem,
947 1261 1124 1328 Pater,
1152 1275 1274 1331 quos
1294 1257 1474 1311 dedisti
1502 1253 1653 1317 mihi,
1677 1264 1846 1305 omnes
1866 1244 2077 1307 servavi;
2091 1250 2139 1296 et

558 1374 623 1413 ex
644 1356 749 1411 illis
773 1355 943 1411 nullus
973 1354 1138 1425 periit,
1169 1351 1266 1405 nisi
1296 1349 1433 1419 ﬁlius
1462 1343 1752 1416 perditionis
1771 1381 1786 1405 ,
1812 1348 1867 1392 ut
1900 1335 2137 1407 implere-

560 1456 643 1501 tur
671 1424 1156 1514 Scripturatann.
1175 1455 1307 1505 xvu,
1337 1436 1447 1503 12).
1477 1434 1613 1489 Olim
1635 1444 1847 1499 namque
1876 1425 2044 1480 David
2068 1424 2140 1478 sic

560 1536 616 1590 in
638 1552 754 1589 eum
792 1532 1088 1588 sententiam
1127 1531 1354 1595 dixerat,
1385 1528 1470 1597 qui
1498 1532 1621 1579 esset
1650 1520 1903 1577 Christum
1936 1514 2141 1587 perﬁdis

562 1625 840 1679 traditurus
864 1638 884 1677 :
911 1640 931 1674 ε
978 1621 1341 1690 Episc0patum
1357 1618 1463 1687 ejus
1488 1612 1701 1682 accipiat
1730 1611 1888 1673 alter;
1911 1608 1975 1662 sit
2013 1620 2142 1658 uxor

562 1715 674 1786 ejus
692 1714 862 1779 vidua,
884 1722 931 1766 et
945 1713 1038 1781 ﬁlii
1058 1713 1164 1782 ejus
1188 1708 1429 1778 orphanis
1456 1703 1624 1775 (Psal.
1649 1716 1796 1765 cvm,
1818 1698 1873 1764 8,
1904 1696 1981 1769 9).
2010 1693 2143 1749 Ecce

563 1814 783 1875 quantus
804 1813 873 1857 est
891 1802 1097 1872 spiritus
1128 1798 1521 1868 Prophetarum,
1554 1803 1608 1847 ut
1637 1800 1816 1845 cuncta
1843 1792 2014 1859 futura
2050 1800 2143 1855 pro

566 1893 888 1965 prasentibus
929 1890 1108 1944 viderit
1131 1929 1144 1952 ,
1168 1898 1220 1940 ut
1261 1898 1376 1940 ante
1402 1885 1622 1955 plurima
1648 1880 1834 1935 swcula
1859 1877 2143 1931 nasciturus

566 1984 780 2037 traditor
801 1982 1142 2034 damnaretur.
1173 1976 1397 2045 Denique
1423 1984 1477 2027 ut
1506 1973 1639 2025 dicta
1658 1969 1901 2023 sententia
1924 1964 2147 2033 comple-

566 2082 724 2135 retur,
743 2071 1080 2140 episcOpatum
1104 2068 1210 2136 ejus
1236 2062 1449 2134 apostoli
1478 2060 1661 2131 perditi
1683 2066 1884 2111 sanctus
1901 2053 2145 2107 Matthias

569 2163 781 2232 accepit.
815 2159 978 2214 Nemo
1017 2160 1131 2211 hinc
1171 2154 1385 2211 stolidus
1408 2195 1423 2220 ,
1449 2168 1591 2205 nemo
1630 2148 1851 2219 perﬁdus
1888 2147 2147 2215 disputet:

572 2254 883 2322 triumphum
914 2249 1153 2303 Matthias
1174 2288 1190 2313 ,
1212 2262 1313 2300 non
1338 2243 1574 2314 injuriam
1610 2237 1813 2302 retulit,
1839 2237 1923 2305 qui
1947 2235 2008 2288 de
2037 2233 2146 2287 Do-

572 2344 695 2398 mini
724 2341 910 2397 Christi
930 2339 1135 2393 victoria
1163 2335 1382 2407 spolium
1405 2331 1572 2386 retulit
1600 2328 1892 2399 proditoris.
1928 2324 2039 2378 Hoc
2062 2324 2149 2394 igi-

574 2443 657 2487 tur
683 2438 815 2503 facto
841 2432 1183 2501 episcopatum
1210 2425 1298 2479 tibi
1325 2422 1445 2493 quid
1465 2420 1689 2475 vindicas
1717 2419 1874 2472 hwres
1895 2414 2149 2484 nequioris

576 2522 870 2576 traditoris?
896 2520 1060 2573 Judas
1088 2516 1343 2571 Christum
1372 2511 1641 2565 carnaliter
1662 2507 1891 2573 tradidit,
1922 2515 1975 2558 tu
2000 2504 2152 2574 spiri-

578 2614 780 2667 tualiter
810 2613 827 2643 ί
855 2612 1025 2680 furens
1054 2605 1385 2677 Evangelium
1410 2612 1639 2656 sanctum
1659 2598 1877 2669 ﬂammis
1897 2595 2151 2665 sacrilegis

577 2703 850 2758 tradidisti.
874 2699 1041 2753 ludas
1072 2697 1405 2767 legislatorem
1428 2690 1635 2745 tradidit
1678 2687 1904 2759 perﬁdis,
1930 2696 1984 2739 tu
2008 2684 2153 2755 quasi

577 2798 686 2866 ejus
705 2794 940 2862 reliquias
961 2793 1116 2861 legem
1133 2788 1227 2841 Dei
1247 2784 1551 2855 perdendam
1566 2778 1849 2834 hominibus
1866 2776 2114 2830 tradidisti
2133 2789 2153 2828 :

577 2862 665 2957 qui
706 2884 749 2936 si
789 2884 944 2951 legem
987 2881 1218 2949 diligeres
1238 2917 1254 2941 ,
1276 2885 1331 2928 ut
1343 2876 1551 2945 juvenes
1578 2867 1860 2922 Machabaai
1881 2906 1897 2933 ,
1924 2881 2015 2936 pro
2060 2862 2155 2916 Dei

582 2972 770 3045 legibus
793 2970 1041 3025 necareris
1061 2967 1127 3033 (si
1154 2980 1251 3019 nea:
1270 2965 1370 3017 dici
1391 2960 1646 3015 hominum
1669 2966 1863 3027 potest,
1892 2971 2015 3025 quos
2044 2970 2154 3007 mo-

580 3064 755 3118 riendo
784 3078 875 3132 pro
902 3057 1119 3113 Domino
1158 3054 1352 3127 perﬁcit
1378 3046 1743 3117 immortales);
1775 3061 1989 3115 quorum
2024 3058 2157 3097 unus

586 3153 774 3211 scilicet
800 3157 1012 3223 fratrum
1038 3159 1252 3219 tyranno
1293 3143 1537 3213 sacrilego
1559 3140 1653 3193 hac
1674 3138 1793 3207 ﬁdei
1815 3151 1933 3190 voce
1950 3149 2159 3203 respou-

584 3248 661 3301 dit
685 3261 705 3300 :
726 3264 745 3297 t
773 3245 849 3299 Tu
876 3242 1095 3313 quidem,
1112 3239 1348 3293 scelerate
1366 3245 1409 3289 et
1429 3233 1601 3304 impie,
1619 3232 1681 3284 de
1701 3228 1930 3299 prtesenti
1950 3226 2050 3279 vita
2068 3240 2160 3279 nos

586 3337 776 3409 perdis;
796 3351 885 3388 rea:
908 3341 1074 3386 autem
1102 3328 1277 3382 mundi
1304 3327 1390 3397 qui
1409 3332 1584 3395 regnat
1602 3323 1655 3374 in
1678 3330 1920 3374 teternum
1952 3326 1998 3371 et
2020 3330 2160 3385 regns

586 3404 697 3496 ejus
726 3441 827 3477 non
850 3423 944 3476 erit
971 3421 1106 3489 ﬁnis,
1135 3425 1357 3471 mortuos
1385 3430 1475 3467 nos
1506 3427 1595 3481 pro
1616 3410 1720 3464 suis
1744 3406 1928 3461 sanctis
1953 3404 2162 3475 legibus,

589 3494 643 3568 in
662 3524 862 3568 ceterna:
888 3512 999 3565 vita:
1019 3508 1437 3563 conservationem
1463 3504 1485 3534 ⁸
1509 3498 1819 3556 resuscitabit
1841 3517 1861 3549 ι
1891 3495 1960 3566 (ll
1988 3494 2160 3548 Much.

591 3621 689 3669 νη.
713 3605 789 3676 ὅ).
812 3604 874 3660 Si
900 3602 1114 3656 hominis
1133 3599 1315 3653 mortui
1344 3604 1685 3651 testamentum
1707 3587 2167 3662 ﬂammisincende-

590 3714 699 3762 res,
728 3712 891 3750 nonne
915 3693 1153 3764 falsarius
1176 3688 1461 3762 punireris?
1488 3685 1623 3753 Quid
1646 3684 1709 3736 de
1729 3692 1774 3735 te
1798 3697 1912 3752 ergo
1941 3679 2166 3748 futurum

591 3797 692 3856 est,
719 3788 805 3858 qui
832 3784 1201 3840 sanctissimam
1229 3781 1387 3850 legem
1415 3776 1510 3830 Dei
1523 3774 1715 3846 judicis
1741 3769 2052 3825 incendisti?
2070 3766 2169 3820 Ju-

592 3881 713 3933 dam
734 3857 855 3949 [acti
874 3875 950 3929 vel
972 3875 1025 3928 in
1045 3882 1202 3928 morte
1222 3868 1450 3939 paenituit
1474 3882 1493 3920 :
1523 3876 1569 3920 te
1597 3881 1697 3918 non
1715 3861 1866 3916 modo
1885 3876 1985 3913 non
2010 3857 2169 3928 paeni-

595 3979 693 4037 tet,
715 3984 887 4023 verum
918 3968 1069 4019 etiam
1101 3960 1433 4033 nequissimus
1459 3957 1671 4011 traditor
1704 3952 1846 4008 nobis
1876 3952 2034 4021 legem
2058 3964 2168 4003 ser-

596 4060 825 4114 vantibus
853 4066 1138 4128 persecutor
1160 4062 1206 4107 et
1230 4052 1459 4121 carnifex
1487 4049 1678 4103 existis.

669 4149 758 4205 18.
777 4150 911 4215 Auc.
938 4143 1213 4215 respondit
1240 4161 1252 4196 :
1279 4141 1411 4196 Vide
1437 4138 1559 4209 quid
1585 4136 1791 4191 intersit
1808 4136 1947 4189 inter
1968 4141 2173 4187 vestras

596 4238 886 4295 maledicas
908 4250 1086 4301 voces,
1114 4241 1169 4289 et
1194 4239 1404 4286 nostras
1427 4228 1690 4283 veridicas
1716 4224 2056 4280 assertiones.
2079 4222 2176 4276 At-

598 4328 759 4384 tende
784 4325 1075 4396 paululum.
1105 4324 1241 4378 Ecce
1264 4317 1589 4389 exaggerasti
1611 4317 1813 4369 crimen
1836 4311 2133 4366 traditionis
2153 4351 2170 4379 ,

600 4427 657 4476 et
692 4415 1113 4474 invidiosissimis
1150 4411 1363 4475 verbis,
1386 4408 1530 4463 velut
1570 4405 1840 4474 captiosus
1893 4402 2133 4455 inventor
2155 4440 2171 4466 ,

600 4509 751 4566 Judze
780 4522 878 4563 nos
903 4502 1161 4577 proditori
1180 4498 1496 4570 comparasti
1517 4496 1561 4550 ³.
1584 4494 1667 4550 Ad
1688 4494 1790 4548 hoc
1814 4492 1903 4546 tibi
1932 4504 2028 4561 ego
2054 4504 2174 4545 cum

601 4606 915 4665 brevissime
954 4600 1284 4671 respondero
1306 4638 1321 4664 ,
1368 4594 1485 4651 Non
1530 4592 1629 4647 feci
1675 4588 1815 4660 quod
1858 4586 1990 4641 dicis
2021 4624 2038 4653 ,
2067 4599 2174 4638 non

606 4698 797 4756 tradidi
822 4743 836 4764 ,
867 4696 997 4750 falsa
1025 4691 1246 4759 objicis,
1277 4700 1544 4755 nunquam
1575 4682 1627 4737 id
1666 4677 1914 4751 probabis
1946 4693 1959 4729 :
2004 4687 2179 4730 nonne

603 4791 779 4847 omnis
806 4789 907 4844 iste
934 4792 1216 4841 verborum
1245 4778 1533 4848 uagantium
1570 4773 1747 4828 fumus
1784 4775 2006 4839 repente
2042 4765 2178 4819 dila-

603 4883 787 4939 bitur?
809 4882 887 4939 An
922 4879 1058 4935 forte
1094 4882 1322 4946 probare
1367 4865 1680 4925 conaberis?
1710 4862 1821 4917 Hoc
1859 4873 1989 4930 ergo
2036 4870 2180 4926 prius

607 4974 813 5031 faceres
841 5012 856 5037 ,
885 4979 940 5025 et
960 4967 1154 5025 deinde
1188 4966 1241 5018 in
1267 4976 1366 5017 nos
1391 4969 1637 5028 tanquam
1678 4955 1729 5008 in
1772 4951 2046 5007 convictos
2072 4960 2179 5017 quo

609 5067 775 5123 velles
807 5063 1020 5120 cumulo
1046 5055 1359 5115 invectionis
1387 5054 1707 5121 insurgeres.
1736 5046 1875 5101 Ecce
1900 5058 2002 5098 una
2027 5040 2178 5094 vani-

607 5168 711 5220 tas;
732 5154 853 5210 audi
881 5154 1122 5207 alteram.
1506 5146 1539 5163 ’⁵

680 5247 769 5303 19.
812 5246 894 5301 Tu
939 5245 1053 5315 ipse
1100 5255 1220 5295 cum
1263 5238 1332 5292 de
1367 5233 1614 5305 praedicta
1654 5228 1803 5285 Iuda:
1842 5222 2182 5315 damnatione

610 5336 930 5409 loquereris,
959 5310 1158 5394 dixisti,
1181 5328 1313 5383 Ecce
1335 5333 1549 5396 quantus
1576 5330 1645 5375 est
1674 5317 1881 5388 spiritus
1906 5310 2185 5380 Propheta-

608 5405 741 5497 rum,
772 5438 826 5483 ut
848 5435 1025 5481 cuncta
1054 5425 1223 5494 futura
1253 5435 1343 5490 pro
1389 5411 1712 5487 praesentibus
1766 5405 1963 5467 viderit,
1989 5410 2043 5454 ut
2068 5408 2184 5455 ante

614 5522 832 5591 plurima
856 5517 1041 5574 mula
1064 5513 1345 5569 nasciturus
1366 5506 1577 5560 traditor
1598 5502 1920 5555 damnaretur
1942 5508 1960 5545 :
1995 5499 2051 5545 et
2076 5503 2183 5543 non

680 5676 698 5706 ⁸
731 5674 806 5723 Sic
825 5679 931 5722 Mss.
954 5671 1073 5720 aditi
1093 5681 1229 5738 vero,
1254 5660 1497 5716 carnalem
1524 5653 1747 5714 tradidit,
1765 5657 1817 5701 tu

679 5738 701 5768 ι
731 5738 1287 5791 uss.,comiersattonem_-
1406 5789 1411 5791 Α
1522 5788 1540 5791 _
1596 5777 1650 5791 ,ᾼ
1680 5787 1758 5791 μ,
1784 5769 1921 5791 μμ,

618 5770 861 5913 ταέαῆξίξ
877 5770 1487 5856 Τεῖῖιῖἷόῗρὶἶὲῖἕῦωωιιον,
1509 5777 1653 5831 ludat
1676 5787 1761 5827 nos
1781 5770 1969 5837 perdito
1998 5778 2189 5830 compa.

1421 410 1693 472 CONTRA.
1729 404 2064 464 LITTERAS
2101 400 2464 469 PETlLlANI,
2502 400 2560 459 S.
2600 397 2965 456 AUGUSTINI

3699 390 3804 447 264

2232 512 2408 568 vidisti
2433 512 2616 567 eadem
2642 510 2920 582 prophetia
2953 506 3127 563 stabili
3155 513 3209 561 et
3250 512 3393 561 certa
3412 511 3465 560 et
3490 502 3809 558 inconcussa

2233 604 2456 658 veritate
2480 643 2493 666 ,
2516 618 2615 671 qua
2657 600 2966 671 praedictum
3007 606 3089 653 est
3111 638 3127 665 ,
3156 594 3299 666 quod
3339 609 3475 649 unus
3517 592 3817 663 discipulus

2234 696 2523 751 traditurus
2582 703 2723 750 esset
2780 692 3083 754 Christum,
3125 688 3431 759 praedictum
3473 685 3641 741 etiam
3675 682 3818 754 quod

2236 796 2380 844 totus
2408 787 2634 842 mundus
2664 794 2806 841 esset
2846 783 3145 837 crediturus
3174 781 3227 834 in
3268 778 3557 835 Christum.
3588 774 3699 830 Cur
3733 781 3817 826 at-

2237 878 2452 935 tendisti
2476 878 2529 932 in
2554 875 2830 947 prophetia
2853 873 3119 928 hominem
3147 870 3234 941 qui
3275 866 3489 923 tradidit
3516 863 3818 927 Christum,

2239 977 2293 1025 et
2319 982 2423 1022 non
2448 966 2518 1020 ibi
2546 963 2812 1019 attendisti
2840 962 3023 1016 orbem
3052 974 3149 1031 pro
3177 972 3282 1028 quo
3306 965 3388 1011 est
3410 954 3638 1010 traditus
3661 950 3824 1006 Chri-

2238 1058 2386 1113 stus?
2411 1056 2539 1122 Quis
2569 1053 2784 1109 tradidit
2801 1050 3104 1107 Cbristum?
3124 1048 3307 1104 ludas.
3328 1046 3530 1114 Quibus
3557 1058 3681 1098 eum
3712 1052 3826 1095 tra—

2239 1149 2408 1206 didit?
2432 1147 2646 1203 Judzeis.
2675 1144 2812 1214 Quid
2838 1144 2889 1199 ei
2915 1143 3147 1197 iecerunt
3174 1139 3383 1195 Judaei?
3410 1136 3673 1203 Fuderunt
3693 1176 3709 1199 ,
3742 1135 3822 1188 in-

2240 1240 2371 1312 quit,
2396 1256 2574 1293 manus
2603 1253 2737 1291 meas
2764 1246 2809 1289 et
2834 1234 2981 1305 pedes
2999 1275 3016 1298 ,
3050 1234 3486 1286 dinumeraverunt
3509 1230 3679 1282 omnia
3706 1242 3825 1281 ossa

2240 1347 2353 1385 mea
2385 1344 2405 1384 :
2432 1330 2530 1399 ipsi
2568 1343 2681 1381 vero
2724 1324 3159 1379 consideraverunt
3201 1332 3249 1375 et
3293 1326 3656 1389 conspexerunt
3700 1333 3820 1382 me;

2242 1421 2516 1476 diviserunt
2547 1418 2641 1473 sibi
2687 1418 2974 1472 vestimenta
3009 1431 3120 1468 mea
3146 1454 3161 1479 ,
3188 1422 3235 1466 et
3282 1428 3431 1481 super
3479 1410 3819 1464 vestimentum

2242 1528 2409 1565 meum
2447 1510 2689 1563 miserunt
2726 1515 2927 1562 sortem.
2958 1505 3222 1573 Quantum
3253 1502 3323 1557 sit
3344 1514 3475 1571 ergo
3504 1498 3645 1569 quod
3678 1506 3823 1551 tanto

2243 1601 2414 1673 pretio
2438 1608 2671 1668 emptum
2711 1606 2831 1662 est,
2858 1595 2911 1650 in
2941 1594 3150 1650 Psalmo
3182 1593 3299 1663 ipso
3336 1591 3493 1661 paulo
3531 1598 3652 1658 post
3686 1588 3823 1657 lege:

2243 1693 2774 1753 Commemorabuntur
2793 1699 2839 1745 et
2859 1696 3202 1744 convertentur
3222 1685 3291 1740 ad
3314 1684 3587 1739 Dominum
3608 1680 3825 1735 universi

2246 1789 2370 1856 ﬁnes
2394 1797 2572 1850 terra;
2598 1795 2645 1838 et
2669 1784 2949 1837 adorabunt
2972 1782 3027 1835 in
3047 1786 3313 1849 conspectu
3335 1777 3443 1847 ejus
3468 1775 3717 1829 universae
3742 1789 3829 1841 pa-

2246 1881 2357 1934 tria:
2378 1879 2630 1950 gentium:
2650 1877 2885 1946 quoniam
2910 1872 3117 1927 Domini
3131 1880 3202 1925 est
3224 1876 3505 1940 regnum,et
3527 1868 3637 1934 ipse
3660 1866 3829 1918 domi-

2246 1968 2445 2022 nabitur
2462 1966 2683 2037 gentium
2712 1963 2881 2034 (Psal.
2912 1979 3032 2027 ut,
3064 1961 3153 2028 17,
3185 1960 3273 2024 18,
3302 1958 3390 2021 19,
3414 1957 3503 2021 28,
3530 1956 3600 2010 29
3626 1956 3663 2023 ).
3697 1954 3831 2021 Quis

2247 2066 2421 2113 autem
2442 2063 2614 2125 potest
2628 2054 2693 2108 ad
2714 2050 3175 2109 commemoranda
3196 2058 3385 2104 ctetera
3414 2048 3481 2101 de
3504 2046 3633 2099 orbe
3651 2042 3837 2099 credi-

2250 2158 2367 2202 turo
2412 2144 2811 2201 innumerabilia
2847 2142 3153 2213 prophetica
3191 2140 3509 2194 documenta
3548 2133 3840 2190 sufﬁcere?

2249 2239 2355 2295 Sed
2373 2245 2425 2293 tu
2441 2237 2625 2293 laudas
2646 2233 2994 2305 pmpbetiam,
3006 2233 3128 2303 quia
3142 2230 3290 2285 vides
3308 2230 3361 2284 in
3381 2244 3441 2285 ea
3460 2227 3728 2282 hominem
3745 2226 3839 2295 qui

2249 2331 2485 2389 vendidit
2498 2328 2786 2392 Christum;
2804 2342 2903 2383 nec
2918 2327 2971 2380 in
2992 2341 3054 2382 ea
3074 2324 3223 2380 vides
3238 2324 3652 2393 possessionem,
3673 2332 3834 2388 quam

2250 2423 2382 2479 emit
2404 2420 2651 2476 venditus
2672 2418 2934 2474 Christus.
2952 2416 3092 2472 Ecce
3118 2416 3285 2469 altera
3305 2412 3509 2466 vanitas
3531 2426 3546 2473 ;
3569 2406 3693 2462 audi
3722 2415 3835 2460 ter-

2253 2514 2398 2567 tiam.

2322 2626 2412 2681 20.
2441 2624 2582 2679 Inter
2608 2622 2772 2677 multa
2810 2628 2913 2675 tua:
2937 2615 3250 2673 invectionis
3277 2612 3459 2677 verba,
3502 2606 3688 2663 dixisti
3723 2623 3737 2657 :
3770 2604 3836 2659 Si

2255 2715 2471 2768 hominis
2497 2712 2678 2767 mortui
2708 2716 3053 2764 testamentum
3085 2704 3304 2774 ﬂammis
3333 2699 3641 2760 incenderes,
3670 2711 3845 2748 nonne

2256 2804 2493 2875 falsarius
2518 2799 2804 2872 punireris?
2847 2796 2981 2861 Quid
3022 2793 3084 2849 de
3129 2803 3174 2847 te
3199 2807 3316 2862 ergo
3361 2793 3586 2859 futurum
3612 2794 3710 2849 est,
3750 2783 3843 2852 qui

2254 2872 2615 2948 sanctissimam
2643 2891 2801 2960 legem
2827 2886 2923 2940 Dei
2941 2884 3131 2955 judicis
3158 2879 3421 2935 incendisti
3444 2878 3469 2930 ?
3498 2876 3623 2929 Haec
3651 2872 3847 2927 dicens

2258 2999 2365 3038 non
2389 2980 2681 3045 attendisti,
2712 2976 2851 3048 quod
2888 2986 2941 3031 te
2967 2974 3149 3043 utique
3175 2983 3389 3025 movere
3431 2965 3674 3030 deberet,
3704 2978 3848 3032 quo.

2259 3076 2419 3130 modo
2444 3074 2557 3127 fieri
2581 3078 2762 3143 posset
2800 3077 2856 3122 ut
2882 3082 2980 3121 nos
3005 3071 3379 3120 testamentum
3411 3056 3848 3121 incenderemus,

2262 3164 2389 3220 etin
2409 3178 2472 3217 ea
2489 3160 2793 3216 haereditate
2817 3157 3250 3218 consisteremus,
3269 3165 3387 3221 quae
3410 3148 3500 3202 illo
3522 3156 3855 3202 testamento

2261 3254 2556 3323 conscripta
2604 3261 2686 3307 est
2717 3268 2730 3304 :
2759 3264 2854 3305 vos
2892 3255 3069 3302 autem
3112 3246 3305 3299 mirum
3336 3250 3419 3297 est
3462 3248 3851 3295 testamentum

2263 3360 2526 3409 servasse,
2554 3354 2608 3399 et
2630 3342 2994 3398 hereditatem
3021 3336 3331 3408 perdidisse.
3376 3332 3562 3387 Nonne
3583 3331 3638 3384 in
3664 3345 3733 3384 eo
3761 3339 3851 3386 te-

2263 3445 2527 3491 Stamento
2574 3434 2829 3503 scriptum
2876 3439 2993 3498 est,
3026 3428 3241 3483 Postulo
3281 3442 3314 3478 a
3346 3441 3443 3489 me,
3493 3432 3540 3476 et
3579 3421 3715 3475 dabo
3763 3422 3855 3475 tibi

2264 3536 2432 3598 gentes
2461 3525 2795 3579 hcereditatem
2810 3532 2969 3587 tuam,
2997 3530 3044 3575 et
3068 3518 3426 3591 possessionem
3446 3525 3583 3568 tuam
3603 3514 3859 3567 terminos

2268 3628 2412 3671 terra:
2450 3616 2619 3688 (Psal.
2653 3631 2710 3680 ιι,
2755 3612 2854 3685 8)?
2896 3612 3027 3667 lluic
3072 3607 3366 3664 haereditati
3407 3604 3772 3669 communica,
3804 3613 3855 3657 et

2268 3706 2438 3776 objice
2477 3705 2607 3760 mihi
2633 3703 2701 3759 de
2728 3710 3047 3758 testamento
3088 3699 3228 3770 quod
3258 3699 3421 3751 voles.
3450 3694 3579 3749 Nam
3606 3710 3730 3763 qua:
3758 3693 3855 3747 de-

2267 3797 2465 3852 mentia
2509 3802 2607 3859 est,
2649 3794 2767 3849 ideo
2817 3798 3191 3846 testamentum
3243 3785 3451 3843 tradere
3504 3796 3558 3839 te
3610 3783 3857 3839 noluisse

2268 3887 2517 3951 ﬂammis,
2548 3893 2607 3939 ut
2624 3892 2809 3940 contra
2826 3882 2985 3937 verba
3008 3881 3178 3949 litiges
3198 3875 3511 3933 testatoris?
3540 3873 3650 3928 Nos
3672 3882 3856 3927 autem

2270 3992 2391 4033 cum
2420 3976 2707 4031 habeamus
2728 3974 2782 4028 in
2810 3971 3053 4027 manibus
3082 3969 3244 4026 Gesta
3272 3964 3630 4023 ecclesiastica
3659 3972 3721 4017 et
3743 3979 3858 4017 mu-

2272 4066 2535 4138 nicipalia,
2566 4066 2619 4120 in
2658 4064 2848 4135 quibus
2874 4063 3108 4132 legamus
3150 4072 3244 4114 eos
3269 4058 3360 4128 qui
3396 4064 3582 4111 contra
3610 4053 3860 4110 Caecilia-

2272 4173 2401 4215 num
2422 4157 2643 4211 alterum
2658 4154 2961 4224 episcopum
2981 4150 3055 4225 (a)
3074 4149 3471 4214 ordinaverunt,
3496 4146 3673 4216 potius
3690 4144 3863 4199 fuisse

2272 4248 2569 4304 divinorum
2613 4244 2854 4300 codicum
2901 4241 3220 4304 traditores;
3253 4254 3356 4293 non
3407 4246 3580 4291 tamen
3630 4235 3862 4289 insulta—

2275 4354 2413 4404 mus,
2456 4353 2563 4393 non
2593 4335 2891 4391 invehimur
2935 4333 2987 4387 in
3018 4346 3133 4396 vos,
3181 4344 3280 4385 nec
3308 4335 3612 4383 sanctarum
3640 4327 3868 4396 pagina-

2275 4448 2394 4487 rum
2423 4429 2631 4486 cineres
2674 4428 2727 4483 in
2771 4425 2963 4482 vestris
2990 4422 3235 4478 manibus
3262 4419 3577 4492 plangimus,
3610 4430 3718 4471 nec
3752 4416 3866 4469 Ma-

2276 4524 2613 4581 chabaaorum
2686 4526 2947 4574 tormenta
3011 4513 3287 4585 ﬂagrantia
3342 4507 3621 4578 sacrilegio
3694 4505 3869 4562 vestri

2270 4614 2484 4671 timoris
2514 4614 2529 4645 ί
2554 4611 2891 4683 Opponimus,
2922 4607 3179 4668 dicentes,
3205 4602 3393 4657 Vestra
3415 4598 3589 4670 potius
3617 4597 3867 4651 membra

2279 4722 2438 4778 quam
2470 4705 2561 4759 Dei
2601 4702 2806 4771 eloquia
2837 4697 3045 4769 ignibus
3084 4691 3384 4749 traderetis.
3430 4688 3690 4744 Nolumus
3723 4689 3868 4742 enim

2281 4776 2400 4854 esse
2446 4794 2587 4858 vani,
2636 4801 2693 4845 ut
2735 4789 2920 4844 alienis
2961 4782 3281 4849 commissis,
3311 4794 3431 4850 quae
3473 4786 3564 4832 aut
3606 4776 3871 4847 ignoratis

2282 4897 2373 4943 aut
2416 4881 2746 4955 improbatis,
2789 4878 2937 4932 vobis
2965 4877 3175 4930 inanem
3206 4872 3482 4940 strepitum
3508 4868 3871 4922 concitemus.

2282 4977 2434 5048 Quod
2472 4986 2647 5030 autem
2677 4986 2770 5026 vos
2797 4986 2828 5025 a
2856 4968 3015 5023 totius
3043 4965 3189 5021 orbis
3229 4960 3603 5017 communione
3648 4971 3876 5027 separa-

2282 5044 2366 5125 tos
2394 5067 2632 5122 videmus
2659 5059 2833 5130 (quod
2876 5057 3049 5112 scelus
3093 5062 3150 5110 et
3174 5051 3486 5114 maximum,
3533 5056 3589 5102 et
3639 5044 3874 5102 manife—

2284 5170 2445 5222 stum,
2471 5166 2526 5211 et
2552 5154 2789 5208 omnium
2816 5156 3050 5203 Vestrum
3096 5143 3232 5214 est),
3263 5143 3307 5197 si
3336 5152 3661 5209 exaggerare
3686 5137 3874 5197 velim,

2284 5259 2494 5316 tempus
2517 5259 2604 5298 me
2630 5242 2786 5296 citius
2815 5252 2971 5308 quam
2995 5235 3155 5289 verba
3190 5231 3457 5287 deﬁcient.
3507 5228 3574 5283 Et
3602 5227 3711 5281 hoc
3743 5236 3802 5281 tu
3832 5224 3876 5278 si

2285 5336 2570 5393 defendere
2598 5333 2749 5396 velis,
2776 5345 2840 5386 ea
2866 5344 2925 5384 es
2949 5326 3250 5396 obiecturus
3283 5322 3398 5377 orbi
3428 5330 3721 5381 terrarum,
3754 5330 3874 5386 qua!

2287 5428 2331 5481 si
2357 5423 2650 5494 objicienda
2678 5429 2822 5486 sunt,
2855 5417 3108 5472 admones
3133 5412 3272 5467 unde
3302 5409 3530 5476 amplius
3558 5406 3873 5464 accuseris;

2287 5518 2331 5572 si
2362 5514 2654 5585 obiicienda
2684 5526 2787 5565 non
2829 5516 2971 5575 sunt,
2994 5520 3112 5587 non
3156 5499 3479 5557 defenderis.
3510 5495 3718 5565 thuid
3747 5508 3877 5564 ergo

2352 5738 2370 5768 ι
2405 5734 2477 5782 sic
2499 5741 2597 5779 Am.
2622 5734 2675 5776 et
2696 5733 2799 5775 Mss.
2822 5730 2875 5773 At
2896 5727 2970 5771 Er.
3003 5726 3055 5769 et
3077 5719 3437 5777 Lov.,tumorts.

2356 5797 2430 5849 (ul
2453 5793 2742 5846 Maiorinum.
