4008 6548
190 547 285 615 285

185 670 373 729 inﬂaris
394 667 661 729 adversus
687 683 777 729 me
801 669 869 729 de
895 671 1199 743 traditione,
1221 687 1341 746 quae
1366 688 1467 731 nec
1494 686 1614 730 mea
1643 680 1727 729 est
1747 710 1766 739 ,

184 777 269 820 nec
293 773 408 830 tua,
437 763 686 846 sixmanet
700 764 830 821 illud
858 775 1087 836 pactum,
1118 776 1176 822 ut
1200 782 1305 824 non
1330 766 1486 823 nobis
1506 767 1526 799 ¹
1547 765 1769 837 obiicia-

183 868 287 910 mus
331 853 555 922 aliena;
596 858 642 911 si
702 864 881 912 autem
928 871 1034 913 non
1084 868 1285 925 manet,
1333 867 1421 914 tua
1480 857 1656 928 potius
1684 863 1771 912 est

184 960 329 1017 quam
361 948 527 1003 mea?
571 948 887 1019 Quanquam
918 959 973 1005 et
1018 960 1267 1005 manente
1313 949 1405 1004 illo
1432 956 1588 1019 pacto
1627 946 1770 1003 arbi-

186 1048 288 1094 tror
312 1054 404 1095 me
424 1040 724 1109 iustissime
747 1039 948 1106 dicere,
978 1050 1036 1096 ut
1055 1041 1144 1097 ille
1164 1041 1433 1112 iudicetur
1455 1040 1631 1095 socius
1650 1040 1770 1109 ejus

182 1131 261 1201 qui
307 1132 530 1188 tradidit
578 1131 871 1200 Christum,
922 1135 1010 1205 qui
1064 1148 1187 1190 cum
1233 1142 1349 1189 toto
1394 1132 1527 1189 orbe
1572 1146 1678 1187 non
1711 1146 1772 1187 se

185 1222 393 1280 indidit
429 1224 664 1280 Christo.
697 1224 858 1297 Ergo,
891 1225 1064 1297 inquit
1102 1226 1412 1296 Apostolus,
1444 1225 1662 1279 Abralue
1689 1241 1770 1279 se-

185 1332 288 1370 nisu
331 1315 475 1382 estis,
506 1315 782 1371 secundum
812 1316 1192 1386 promissionem
1222 1317 1444 1372 hteredes
1469 1315 1667 1388 (Galat.
1691 1330 1771 1382 ut,

184 1407 290 1479 29).
320 1407 393 1463 Et
422 1409 617 1465 iterum
643 1408 775 1463 dicit
804 1425 820 1462 :
854 1407 1095 1463 Hceredes
1113 1408 1314 1480 quidem
1344 1407 1460 1475 Dei,
1486 1407 1773 1463 cohteredes

185 1510 343 1555 anteiit
369 1499 562 1556 Christi
584 1500 758 1573 (Rom.
781 1515 894 1565 vin,
920 1500 1034 1572 t7).
1058 1498 1310 1571 Idemque
1330 1514 1516 1557 semen
1543 1498 1775 1555 Abrahae

185 1592 249 1648 ad
265 1583 463 1649 omnes
508 1602 696 1663 gentes
740 1593 1011 1664 pertinere
1036 1591 1371 1647 demonstrat
1397 1607 1462 1647 ex
1488 1591 1603 1659 illo,
1632 1589 1775 1662 quod

186 1684 410 1741 Abrahae
438 1684 643 1742 dictum
672 1694 757 1742 est
783 1702 797 1740 :
830 1685 899 1740 In
916 1686 1103 1742 semine
1120 1696 1207 1741 tuo
1227 1685 1583 1742 benedicentur
1601 1700 1776 1741 omnes

185 1786 343 1849 gentes
385 1776 543 1848 (Gen.
589 1794 717 1844 xxu,
751 1778 866 1848 i8).
912 1779 1251 1851 Quapropter
1273 1786 1403 1850 puto
1427 1778 1628 1849 iustum
1658 1792 1779 1833 esse

185 1868 317 1941 quod
362 1870 600 1940 postulo,
645 1880 705 1927 ut
752 1879 1127 1928 testamentum
1161 1872 1277 1939 Dei,
1325 1871 1467 1943 quod
1492 1870 1604 1942 iam
1649 1870 1776 1926 olim

184 1970 423 2033 apertum
467 1972 572 2029 est,
615 1962 945 2034 aliquantum
975 1964 1339 2027 advertamus,
1365 1971 1421 2020 et
1465 1978 1625 2035 quem
1670 1978 1778 2019 non

184 2052 547 2110 invenerimus
598 2053 776 2109 traditi
821 2054 1199 2120 cohaeredem,
1256 2055 1431 2125 ipsum
1479 2054 1781 2126 iudicemus

186 2143 453 2200 traditoris
484 2144 792 2211 hmredem;
840 2146 928 2201 ille
956 2146 1219 2216 pertineat
1258 2146 1325 2201 ad
1369 2146 1567 2201 Christi
1594 2146 1782 2201 vendi-

186 2245 374 2304 torem,
405 2238 503 2308 qui
546 2237 818 2295 Christum
847 2248 1006 2311 negat
1046 2239 1192 2295 orbis
1216 2248 1534 2310 emptorem.
1580 2238 1783 2308 Nempe

186 2331 393 2401 quando
428 2344 490 2386 se
516 2340 637 2400 post
660 2332 1109 2387 resurrectionem
1132 2331 1409 2401 discipulis
1440 2331 1781 2386 demonstra-
1820 2344 1827 2351 '

189 2424 274 2489 vit,
318 2432 375 2478 et
401 2422 667 2493 palpanda
698 2422 936 2479 membra
975 2422 1338 2479 dubitantibus
1381 2424 1630 2494 praebuit,
1680 2423 1783 2479 hoc

190 2512 288 2568 illis
334 2514 458 2568 ait:
492 2512 742 2579 Quoniam
781 2515 854 2568 sic
906 2514 1150 2585 scriptum
1191 2522 1285 2580 est,
1318 2523 1364 2567 et
1407 2516 1480 2569 sic
1524 2513 1787 2583 oportebat

191 2604 443 2659 Christum
473 2606 603 2675 pati,
630 2615 677 2660 et
711 2622 972 2677 resurgere
1009 2607 1155 2660 tertia
1195 2606 1296 2671 die,
1327 2615 1375 2661 et
1417 2606 1688 2675 praedicari
1734 2607 1789 2660 in

194 2697 389 2751 nomine
421 2698 536 2767 ejus
556 2698 900 2767 panitentiam
922 2707 971 2751 et
995 2698 1337 2752 remissionem
1363 2707 1682 2768 peccatorum
1702 2715 1791 2770 per

194 2802 359 2841 omnes
374 2796 573 2859 gentes,
591 2788 942 2859 incipientibus
960 2790 1024 2843 ab
1047 2788 1333 2846 Jerusalem
1358 2790 1507 2861 (Luc.
1524 2806 1673 2853 xxiv,
1697 2792 1788 2854 46.

195 2877 306 2949 Π).
322 2878 505 2933 Eccea
520 2894 622 2949 qua
634 2878 945 2935 haereditate
956 2896 1052 2937 vos
1064 2881 1307 2937 alienatis
1326 2900 1337 2937 :
1353 2896 1478 2938 ecce
1488 2883 1573 2938 cui
1590 2882 1791 2938 hrercdi

198 2970 466 3025 resistitis.
499 2969 650 3027 Itane
674 2987 805 3027 vero
831 2982 1076 3043 parceret
1102 2973 1319 3030 Christo
1349 2975 1402 3030 in
1431 2984 1569 3031 terra
1598 2977 1790 3032 ambu—

205 3062 358 3129 lanti,
389 3063 478 3133 qui
523 3064 842 3120 contradicit
884 3065 937 3120 in
984 3066 1124 3121 caelo
1167 3067 1416 3122 sedenti?
1454 3068 1645 3123 Adhuc
1686 3085 1793 3125 non

206 3155 502 3228 intelligitis
532 3158 783 3227 quoniam
813 3158 1067 3230 quidquid
1094 3160 1248 3215 nobis
1278 3160 1529 3231 obiicitis,
1558 3163 1793 3218 sermoni

203 3246 313 3317 ejus
340 3248 596 3317 objicitis.
631 3249 967 3305 Promittitur
995 3250 1317 3307 christianus
1341 3252 1506 3317 orbis,
1541 3263 1595 3309 et
1619 3254 1793 3309 credi-

206 3349 286 3396 tur
312 3359 327 3398 :
356 3341 634 3412 impletur,
677 3352 732 3399 et
777 3343 1178 3399 contradicitur.
1224 3344 1486 3416 Cogitate,
1533 3346 1791 3411 obsecro,

205 3432 323 3503 quid
351 3434 462 3504 pati
489 3449 590 3506 pro
616 3443 760 3489 tanta
805 3435 1080 3507 impietate
1122 3436 1420 3503 debuistis;
1468 3447 1519 3493 et
1546 3446 1723 3493 tamen
1750 3438 1795 3492 si

208 3526 328 3595 quid
358 3526 503 3596 passi
532 3527 663 3583 estis
694 3528 898 3594 nescio,
925 3543 1033 3584 non
1062 3528 1193 3596 vidi,
1224 3544 1329 3584 non
1356 3528 1456 3585 feci
1492 3548 1504 3583 :
1540 3540 1594 3584 tu
1617 3528 1796 3598 hodie,

211 3618 294 3688 qui
323 3634 432 3673 non
474 3619 674 3689 pateris
700 3620 807 3675 vim
854 3620 1247 3691 persecutionis
1276 3636 1431 3687 mete,
1475 3620 1640 3676 redde
1669 3621 1797 3675 mihi

214 3713 466 3769 rationem
492 3714 849 3783 separationis
876 3723 999 3769 tute.
1032 3712 1139 3769 Sed
1162 3714 1353 3770 iterum
1375 3729 1439 3768 ac
1458 3727 1601 3784 saepe
1626 3714 1798 3768 dictu.

214 3817 299 3858 rus
323 3820 404 3871 es,
436 3820 560 3876 qua:
586 3805 632 3860 si
676 3819 783 3861 non
830 3806 1045 3877 probas,
1075 3805 1143 3861 ad
1190 3806 1457 3861 neminem
1490 3806 1756 3876 pertinent
1786 3823 1799 3859 :

214 3896 258 3952 si
280 3905 456 3951 autem
484 3896 701 3968 probas,
745 3896 813 3953 ad
836 3912 924 3954 me
949 3912 1055 3953 non
1086 3897 1374 3968 pertinent.

284 3986 509 4044 CAPUT
550 3988 643 4043 IX.
672 3989 857 4045 —-2i.
896 3988 1083 4045 Ρετιι.
1126 3988 1300 4044 dixit:
1338 3987 1435 4043 His
1473 4004 1589 4059 ergo
1630 3987 1806 4042 crimi—

218 4079 355 4135 nibus
382 4091 576 4150 septus,
603 4099 717 4137 esse
739 4099 884 4137 verus
909 4084 1175 4155 episcopus
1204 4099 1306 4137 non
1333 4091 1494 4153 potes.

287 4170 374 4226 22.
406 4172 546 4228 Aac.
580 4172 857 4244 respondit
886 4192 898 4227 :
928 4174 1132 4242 Quibus
1160 4172 1518 4229 criminibus?
1547 4173 1683 4242 Quid
1712 4173 1808 4228 do-

224 4262 412 4320 cuisti?
458 4263 587 4335 quid
633 4265 957 4320 ostendisti?
1002 4267 1069 4321 Et
1115 4266 1160 4320 si
1206 4266 1537 4321 ostendisses
1583 4266 1806 4321 crimina

226 4357 396 4411 nescio
423 4371 675 4425 quorum,
709 4356 834 4427 quid
880 4356 981 4413 hoc
1008 4357 1074 4412 ad
1103 4371 1286 4413 semen
1318 4358 1571 4426 Abrahae,
1605 4359 1661 4414 in
1703 4373 1809 4429 quo

226 4444 605 4503 benedicuntur
634 4462 822 4503 omnes
844 4456 1029 4520 gentes
1048 4449 1074 4501 ?

292 4537 516 4595 CAPUT
554 4538 624 4593 Χ.
654 4569 725 4579 -
750 4539 840 4594 25.
881 4539 1063 4595 PETIL.
1111 4539 1285 4595 dixit:
1316 4539 1378 4596 Si
1422 4541 1652 4612 Apostoli
1696 4557 1809 4611 per-

229 4631 373 4683 secuti
430 4638 551 4686 sunt
622 4630 876 4701 aliquem,
940 4641 1028 4685 aut
1099 4630 1319 4703 aliquem
1382 4633 1592 4687 tradidit
1658 4632 1809 4689 Chri-

232 4722 368 4775 stus?

296 4810 381 4868 2i.
415 4814 551 4869 Auc.
585 4812 865 4884 respondit
896 4830 910 4868 :
940 4812 1162 4871 Possem
1189 4814 1405 4885 quidem
1432 4814 1614 4872 dicere
1638 4814 1812 4886 ipsum

238 4912 461 4960 satanam
488 4905 740 4961 omnibus
781 4905 937 4961 malis
966 4905 1272 4962 hominibus
1296 4922 1417 4963 esse
1440 4908 1698 4978 peiorem,
1728 4907 1815 4963 cui

238 4999 401 5050 tamen
434 4994 653 5051 tradidit
679 4996 967 5065 Apostolus
1012 4996 1283 5052 hominem
1312 4997 1364 5051 in
1398 4996 1671 5053 interitum
1699 5011 1817 5053 car-

240 5086 333 5152 nis,
375 5097 432 5141 ut
457 5088 682 5158 spiritus
707 5088 887 5143 salvus
916 5088 985 5143 sit
1014 5088 1069 5143 in
1096 5087 1184 5143 die
1224 5087 1437 5143 Domini
1473 5088 1599 5144 Jesn
1627 5086 1669 5158 (I
1696 5087 1816 5144 Cor.

241 5190 290 5241 v,
317 5177 389 5247 5).
438 5178 678 5247 Itemque
718 5178 873 5246 alios,
913 5178 981 5233 de
1024 5178 1217 5249 quibus
1258 5176 1431 5233 dicit:
1464 5178 1601 5246 Quos
1629 5177 1821 5232 tradidi

243 5277 442 5336 satana,
471 5279 529 5323 ut
558 5269 760 5324 discant
797 5286 898 5324 non
935 5270 1283 5340 blasphemare
1310 5269 1351 5343 (Ι
1382 5270 1513 5326 Tim.
1545 5288 1583 5337 I,
1609 5271 1725 5343 20).
1756 5271 1821 5327 Et

247 5358 491 5418 Dominus
533 5362 781 5419 Christus
828 5361 1122 5435 ﬂagellatos
1160 5364 1363 5434 expulit
1388 5364 1455 5420 de
1486 5365 1686 5436 templo
1716 5365 1821 5421 im-

244 5454 430 5521 probos
456 5466 807 5526 mercatores,
840 5457 931 5512 ubi
954 5458 1113 5513 etiam
1143 5470 1444 5514 connexum
1471 5466 1554 5513 est
1583 5460 1824 5515 testimo-

243 5544 385 5603 nium
423 5548 715 5621 Scriptura:
757 5548 1001 5617 dicentis,
1054 5548 1207 5606 Zelus
1244 5548 1426 5605 domus
1467 5558 1571 5604 tua:
1610 5551 1826 5606 comedit

243 5650 328 5689 me
364 5638 555 5709 (Joan.
597 5656 658 5709 ιι,
707 5640 871 5696 15-17
890 5641 930 5712 ).
977 5640 1114 5697 Ecce
1160 5639 1464 5696 invenimus
1508 5640 1827 5710 Apostolum

246 5730 572 5803 traditorem,
600 5732 875 5790 Christum
919 5742 1340 5805 persecutorem.
1369 5731 1590 5789 Possem
1619 5732 1713 5788 ista
1740 5732 1829 5788 di-

323 5995 342 6028 ³
369 5996 624 6064 Μία,
652 6002 814 6064 θῑΑΕιι.
851 5998 1049 6064 omisso,
1081 6002 1166 6063 ut;
1186 5999 1387 6064 habent,
1406 6010 1503 6053 non
1528 5995 1676 6051 vobis.
1700 6001 1834 6060 ιρι,

248 6059 421 6112 «non
454 6059 579 6113 nabis
614 6073 632 6111 :
670 6061 831 6109 minus
853 6061 1002 6111 bene.

491 6145 718 6210 Sutor.
760 6143 1043 6206 Ausus'r.
1075 6143 1194 6211 IX.

1458 552 1665 611 LIBER
1700 547 2076 610 SECUNDUS.

1876 685 2020 736 cere,
2044 679 2099 726 et
2124 678 2177 727 te
2205 666 2257 727 in
2285 683 2391 728 non
2419 687 2613 745 parvos
2639 682 2805 731 aestus
2832 674 3068 742 mittere,
3107 679 3165 730 ut
3188 686 3297 730 non
3322 686 3461 744 que-

1874 763 2015 819 relas
2043 778 2229 819 eorum
2271 765 2362 836 qui
2410 767 2698 837 patiuntur,
2748 765 2844 823 sed
2872 766 3110 822 animum
3139 778 3327 822 eorum
3370 764 3467 837 qui

1876 854 2077 911 faciunt
2092 871 2332 928 quaerere
2352 858 2643 928 cogereris.
2664 857 2771 914 Sed
2791 857 2915 913 hinc
2943 857 3051 913 noli
3073 856 3336 923 laborare,
3355 869 3468 912 non

1876 964 1939 1004 ea
1981 947 2143 1015 dico;
2174 949 2270 1006 sed
2298 949 2419 1006 dico
2460 950 2526 1005 ad
2569 966 2753 1008 semen
2797 949 3048 1012 Abrahae.
3095 949 3237 1020 quod
3281 956 3365 1005 est
3412 948 3470 1003 in

1876 1043 2124 1098 omnibus
2146 1043 2413 1115 gentibus,
2454 1059 2560 1099 non
2604 1044 2892 1115 pertinere,
2936 1044 2983 1100 si
3022 1044 3146 1116 quid
3186 1058 3294 1099 non
3320 1051 3470 1099 recte
3548 1072 3550 1075 -

1876 1136 2029 1193 vobis
2066 1135 2257 1191 factum
2284 1146 2388 1200 est,
2420 1134 2649 1192 fortasse
2674 1152 2706 1192 a
2736 1137 2887 1207 palea
2933 1135 3215 1192 dominica:
3244 1134 3467 1205 segetis,

1877 1243 1996 1299 qua:
2043 1227 2388 1283 nihilominus
2415 1237 2496 1285 est
2543 1229 2597 1283 in
2624 1228 2872 1285 omnibus
2898 1228 3164 1300 gentibus.
3200 1227 3307 1282 Vos
3335 1240 3467 1297 ergo

1878 1320 2085 1377 reddite
2125 1321 2388 1376 rationem
2431 1320 2785 1391 separationis
2813 1328 3025 1375 vestrae.
3071 1318 3179 1375 Sed
3210 1318 3356 1390 prius
3382 1325 3472 1372 at-

1880 1410 2084 1467 tendite
2106 1411 2291 1482 quales
2319 1411 2582 1476 habeatis,
2611 1425 2745 1481 quos
2770 1410 2924 1466 vobis
2944 1410 3105 1480 obiici
3134 1424 3238 1464 non
3263 1408 3468 1474 vultis;

1880 1514 1935 1562 et
1964 1505 2139 1561 videte
2158 1520 2317 1575 quam
2347 1504 2527 1576 inique
2554 1503 2780 1572 faciatis,
2810 1518 2931 1559 cum
2953 1502 3123 1559 aliena
3156 1502 3292 1557 facta
3312 1499 3472 1556 nobis

1881 1596 2131 1667 objicitis,
2159 1598 2258 1653 etsi
2287 1612 2351 1652 ea
2380 1612 2499 1668 qua:
2529 1596 2706 1653 dicitis
2732 1596 3053 1668 probaretis.
3088 1596 3165 1651 Ita
3194 1594 3340 1650 nulla
3369 1594 3474 1650 erit

1883 1690 2020 1745 ratio
2046 1690 2400 1759 separationis
2424 1699 2637 1746 vestrae.

1953 1780 2179 1836 CAPUT
2198 1780 2286 1835 XI.
2303 1780 2476 1837 —25.
2500 1781 2686 1838 Px'rtL.
2700 1780 2834 1837 dixit
2851 1781 2947 1835 :At
2965 1780 3097 1836 enim
3112 1779 3268 1851 aliqui
3285 1778 3477 1846 dicent,

1885 1870 2010 1925 Filii
2037 1887 2139 1925 non
2165 1888 2338 1926 sumus
2367 1871 2649 1926 traditoris.
2678 1869 2808 1945 Ejus
2836 1880 2910 1927 est
2934 1871 3118 1942 aliquis
3142 1870 3302 1941 ﬁlius,
3327 1871 3476 1941 cujus

1885 1965 2021 2035 facta
2066 1973 2305 2020 sectatur.
2339 1963 2412 2018 Hi
2450 1966 2583 2019 enim
2621 1964 2887 2020 certissimi
2930 1966 3028 2036 ﬁlii
3064 1974 3203 2031 sunt,
3250 1963 3484 2035 idemque

1886 2057 2178 2127 parentibus
2217 2056 2424 2121 similes,
2455 2074 2581 2127 quos
2605 2074 2709 2112 non
2736 2059 2835 2113 ista
2858 2074 2976 2112 caro
3012 2075 3103 2113 nec
3134 2057 3364 2129 sanguis,
3390 2053 3484 2111 sed

1885 2168 2049 2205 mores
2078 2160 2124 2205 et
2153 2151 2288 2221 facta
2316 2152 2605 2221 parentibus
2630 2150 2916 2207 consimiles
2942 2160 3241 2222 genuerunt.

1956 2240 2045 2295 26.
2076 2240 2213 2296 Aac.
2265 2242 2582 2312 respondit:
2618 2242 2783 2297 Paulo
2827 2250 2950 2297 ante
2994 2242 3125 2298 nihil
3156 2251 3342 2297 contra
3384 2253 3486 2297 nos

1888 2332 2121 2397 dicebas,
2170 2348 2313 2387 nunc
2356 2333 2516 2388 etiam
2559 2333 2768 2405 cmpisti
2812 2333 2993 2389 dicere
3041 2332 3237 2404 aliquid
3283 2339 3341 2389 et
3380 2343 3487 2402 pro

1890 2429 2063 2484 nobis.
2095 2427 2220 2482 Ilaec
2263 2427 2406 2482 enim
2452 2426 2746 2497 prapositio
2772 2434 2862 2482 tua
2890 2426 2943 2482 in
2970 2441 3037 2482 eo
3078 2436 3128 2482 te
3161 2434 3328 2493 tenet,
3357 2431 3416 2480 ut
3437 2422 3488 2479 si

1892 2536 1990 2575 nos
2021 2520 2195 2584 hodie,
2245 2536 2368 2575 cum
2396 2520 2587 2590 quibus
2614 2520 2747 2590 agis,
2784 2534 2889 2575 non
2919 2520 3212 2574 conviceris
3256 2518 3486 2574 tradito-

1892 2628 1978 2667 res
2006 2621 2059 2667 et
2089 2611 2405 2678 homicidas,
2454 2619 2508 2667 ct
2551 2611 2596 2665 si
2620 2610 2747 2682 quid
2774 2610 2919 2666 aliud
2963 2610 3286 2676 criminaris,
3326 2607 3486 2680 quid-

1893 2704 2017 2774 quid
2062 2704 2165 2759 tale
2191 2703 2489 2758 ostenderis
2515 2702 2568 2757 in
2595 2702 2675 2757 eis
2704 2702 2792 2770 qui
2819 2716 2917 2757 nos
2963 2710 3203 2771 tempore
3248 2713 3483 2769 praeces-

1893 2806 2097 2862 serunt,
2147 2799 2365 2853 omnino
2419 2797 2572 2851 nobis
2622 2796 2814 2854 obesse
2860 2811 2963 2852 non
3010 2797 3199 2867 possit.
3246 2795 3488 2863 Quorum

1894 2891 2036 2945 enim
2063 2889 2341 2945 dissimilia
2385 2889 2521 2945 facta
2550 2889 2831 2951 habemus.
2861 2904 3048 2945 eorum
3094 2889 3185 2942 lilii
3229 2902 3349 2944 esse
3378 2903 3491 2944 non

1893 3000 2197 3057 possumus.
2244 2985 2309 3039 Et
2352 2984 2472 3040 vide
2519 2999 2624 3054 quo
2662 2992 2717 3040 te
2759 2983 3093 3038 commiseris
3126 3000 3139 3036 :
3170 2983 3213 3037 si
3256 2981 3491 3053 aliquem

1896 3077 2030 3132 forte
2059 3077 2217 3131 etiam
2264 3086 2463 3131 nostrae
2492 3077 2665 3130 aetatis
2694 3074 2992 3142 hominem,
3023 3082 3079 3129 et
3108 3075 3382 3129 nobiscum
3409 3073 3494 3128 vi-

1897 3179 2132 3233 ventem,
2175 3167 2242 3222 de
2269 3168 2446 3236 aliquo
2493 3168 2582 3221 tali
2624 3174 2773 3221 reatu
2802 3165 2940 3221 forte
2980 3166 3301 3231 conviceris,
3346 3165 3497 3221 nullo

1898 3260 2058 3315 modo
2097 3258 2405 3329 praeiudicat
2433 3257 2681 3312 omnibus
2722 3256 2993 3328 gentibus,
3026 3272 3146 3325 qua:
3192 3256 3246 3310 in
3287 3255 3495 3311 semine

1900 3350 2130 3405 Abrahae
2184 3348 2601 3414 benedicuntur,
2650 3364 2681 3403 a
2737 3346 2933 3417 quibus
2974 3355 3031 3400 tu
3095 3354 3148 3401 te
3194 3344 3495 3416 separando

1899 3443 2190 3512 sacrilegus
2219 3442 2490 3495 inveniris.
2527 3442 2600 3495 Ita
2630 3440 2793 3513 (quod
2825 3440 2940 3495 ﬁeri
2985 3455 3093 3494 non
3134 3438 3355 3511 potest),
3390 3437 3498 3495 nisi

1900 3549 2089 3589 omnes
2115 3534 2202 3603 qui
2242 3533 2443 3602 ubique
2486 3541 2631 3599 sunt,
2678 3533 2913 3596 noveris,
2944 3532 3287 3601 omniumque
3316 3542 3499 3585 mores

1901 3633 1957 3681 et
1975 3625 2110 3680 facta
2141 3639 2246 3677 non
2273 3623 2446 3677 solum
2475 3621 2745 3689 didiceris,
2774 3622 2869 3676 sed
2895 3623 3056 3677 etiam
3088 3622 3498 3677 demonstrave-

1904 3720 1978 3774 ris
2009 3728 2113 3773 tam
2142 3718 2277 3773 mala
2308 3731 2427 3771 esse
2454 3730 2612 3786 quam
2640 3715 2792 3780 dicis,
2824 3730 2931 3769 non
2959 3714 3125 3770 habes
3155 3729 3249 3769 cur
3275 3713 3500 3783 obiicias

1905 3811 2021 3865 orbi
2050 3818 2335 3873 terrarum,
2367 3808 2456 3877 qui
2486 3816 2566 3862 cst
2596 3807 2645 3859 in
2676 3806 2894 3868 sanctis,
2925 3806 3107 3860 nescio
3137 3818 3269 3874 quos
3300 3818 3499 3873 paren-

1905 3910 2007 3967 tes,
2059 3902 2248 3971 quibus
2279 3916 2372 3955 eos
2414 3899 2611 3969 probas
2650 3910 2771 3951 esse
2808 3896 3137 3951 consimiles.
3179 3894 3290 3951 Nec
3320 3905 3372 3950 te
3401 3894 3501 3949 ali-

1906 3995 2032 4067 quid
2076 3994 2364 4062 adiuvabit,
2410 3993 2455 4047 si
2501 3991 2660 4046 etiam
2692 3989 3064 4045 demonstrare
3112 3989 3373 4061 potueris,
3401 4002 3503 4044 eos

1907 4087 1995 4158 qui
2048 4085 2180 4139 tales
2222 4099 2327 4139 non
2372 4090 2513 4149 sunt,
2561 4096 2682 4137 cum
2708 4082 2788 4137 eis
2817 4080 2906 4151 qui
2955 4080 3088 4137 tales
3118 4089 3241 4135 sunt
3285 4094 3503 4135 sumere

1908 4178 2249 4233 Sacramenta
2280 4174 2598 4229 communia.
2632 4173 2811 4228 Primo
2836 4171 2960 4243 quia
3003 4186 3101 4226 vos
3131 4172 3275 4240 ipsos
3322 4169 3504 4240 respi-

1910 4283 2031 4323 cere
2056 4267 2282 4330 dchctis,
2312 4282 2430 4319 cum
2459 4266 2652 4336 quibus
2680 4281 2741 4321 ea
2772 4263 3080 4331 celebretis,
3112 4264 3303 4334 quibus
3333 4261 3497 4329 detis,

1911 4376 1942 4415 a
1966 4361 2154 4430 quibus
2181 4358 2423 4423 sumatis,
2454 4368 2507 4411 et
2536 4357 2684 4411 vobis
2710 4372 2803 4411 eos
2832 4355 2989 4426 obiici
3020 4356 3219 4410 nolitis.
3268 4355 3499 4423 Deinde,

1913 4450 1957 4504 si
1986 4448 2076 4503 lilii
2107 4458 2229 4502 sunt
2269 4447 2442 4510 Judze,
2475 4448 2562 4517 qui
2594 4446 2835 4501 diabolus
2876 4447 3014 4501 inter
3042 4446 3329 4516 Apostolus
3358 4445 3457 4500 fuit
3478 4488 3501 4513 ,

1913 4540 2232 4611 quicumque
2262 4538 2397 4593 facta
2428 4538 2544 4608 eius
2571 4537 2845 4591 imitantur
2878 4554 2893 4591 :
2922 4552 3017 4591 cur
3050 4553 3158 4591 non
3187 4539 3321 4591 Iilios
3353 4541 3504 4607 Apo-

1914 4630 2173 4686 stolorum
2201 4629 2459 4694 dicamus,
2488 4628 2575 4698 qui
2604 4642 2709 4681 non
2736 4628 2871 4682 facta
2898 4641 2993 4681 sua
3021 4642 3140 4683 cum
3166 4628 3376 4692 talibus,
3406 4627 3509 4683 sed

1916 4722 2125 4777 Domini
2190 4721 2531 4776 Sacramenta
2584 4718 3018 4783 communicant,
3074 4721 3210 4773 sicut
3259 4718 3509 4789 Apostolt'

1916 4814 2246 4870 Dominicam
2284 4827 2491 4868 coenam
2521 4825 2641 4866 cum
2684 4810 2778 4865 illo
2817 4810 3072 4866 traditore
3118 4810 3514 4881 sumpserunt?

1918 4905 2039 4960 ideo
2062 4904 2214 4959 vobis
2240 4904 2257 4934 ¹
2284 4903 2443 4971 longe
2472 4900 2780 4968 dissimiles,
2812 4902 2954 4973 quod
2995 4900 3301 4958 hominibus
3331 4904 3516 4957 unitao

1920 5005 2027 5052 tem
2052 4994 2386 5051 servantibus
2418 4994 2521 5048 hoc
2550 4992 2798 5062 obiicitis,
2832 4994 2972 5065 quod
3003 4996 3273 5049 conscissa
3304 4993 3517 5047 unitate:

1921 5102 2017 5144 vos
2042 5084 2238 5141 facitis.
3108 5115 3119 5125 ο

1994 5178 2217 5235 CAPUT
2256 5175 2373 5232 XII.
2403 5205 2473 5217 ——
2497 5174 2590 5231 27.
2617 5175 2802 5230 Ριετιι..
2848 5176 2982 5231 dixit
3010 5194 3023 5231 :
3054 5176 3132 5231 De
3170 5194 3226 5230 se
3264 5176 3373 5245 ipso
3409 5174 3523 5227 Juv

1925 5274 2052 5330 dctis
2075 5270 2196 5325 dicit
2238 5269 2482 5324 Dominus
2499 5266 2749 5335 Christus,
2779 5266 2843 5323 Si
2883 5284 2984 5322 non
3018 5268 3151 5340 facio
3175 5268 3309 5336 facta
3343 5265 3527 5320 Patri:

1927 5368 2045 5433 mei,
2072 5364 2228 5420 nolite
2251 5363 2374 5418 mihi
2400 5363 2599 5418 credere
2625 5361 2801 5434 (Joan.
2825 5377 2883 5427 ι,
2912 5360 3025 5434 57).

1998 5459 2091 5515 28.
2139 5458 2277 5513 Avo.
2308 5454 2583 5527 respondit
2612 5472 2625 5510 :
2655 5453 2773 5509 iam
2813 5468 2973 5523 supra
3016 5448 3287 5520 respondi,
3320 5450 3431 5506 II‘oc
3457 5459 3525 5507 ea

1930 5567 2115 5627 verum
2142 5560 2244 5618 est,
2274 5561 2330 5605 et
2353 5564 2450 5621 pro
2476 5548 2628 5605 nobis
2660 5556 2847 5602 contra
2878 5560 2973 5600 vos
2995 5552 3099 5599 est.

2001 5643 2228 5701 CAPUT
2264 5641 2404 5697 XIII.
2444 5640 2627 5697 -29.
2674 5639 2861 5694 PETIL.
2905 5635 3041 5690 dixit
3081 5652 3096 5687 :
3142 5633 3439 5691 Falsidices
3471 5642 3526 5691 et

1933 5736 2197 5793 mendaces
2216 5734 2288 5790 sic
2312 5733 2583 5788 identidem
2611 5730 2849 5799 obiurgat
2877 5743 2927 5782 εί
2946 5725 3071 5782 Filii
3096 5726 3286 5782 diaboli
3305 5729 3449 5795 estis,
3473 5731 3517 5782 sl

1935 5831 1999 5884 ab
2039 5827 2184 5882 initio
2226 5825 2358 5880 enim
2398 5825 2488 5879 ille
2525 5829 2790 5877 accusator
2836 5820 2953 5891 fuit,
2998 5829 3048 5877 et
3082 5820 3139 5877 in
3172 5822 3387 5877 ueritate-
3415 5835 3517 5877 nats

1938 5920 2090 5974 stetit.
2128 5936 2149 5970 ι

2005 6051 2025 6083 ι
2059 6047 2198 6112 Bditt,
2218 6044 2368 6099 nobis.
2393 6041 2560 6096 Melius
2572 6048 2700 6107 use,
2724 6041 2870 6097 vobis.

2947 6128 3221 6209 {NeulJ
