4008 6548
172 495 242 568 an
613 521 615 526 ε
1205 460 1210 464 ’
1450 478 1656 540 LIBER
1693 473 1750 536 ει

1866 470 2070 533 Μ)υᾶ
3308 463 3414 522 270

1827 595 2011 660 tentia,
2039 589 2197 648 toties
2217 587 2392 647 Gestis
2421 584 2894 666 proconsularibus
2919 591 2976 645 et
2993 586 3406 662 municipalibus

1823 687 2065 760 allegata.
2124 684 2203 739 Illi
2248 694 2423 740 autem
2470 684 2774 750 neminem,
2818 691 3077 757 quantum
3129 680 3412 752 audimus,

1825 780 2172 854 corporaliter
2199 778 2528 835 occiderunt.
2557 776 2896 834 Intellexistis
2917 791 3047 848 ergo
3065 777 3228 834 etiam
3257 776 3416 848 spiri-

1827 872 1955 928 tuali
1985 869 2130 930 czede
2179 872 2477 926 animarum
2516 870 2828 942 sanguinem
2866 868 3013 925 fundi
3042 868 3218 941 gladio
3274 866 3418 924 schi-

1828 964 2046 1035 smatis,
2075 965 2218 1040 quod
2260 965 2312 1020 in
2343 963 2661 1020 Maximiano
2689 963 3000 1019 damnastis.
3035 962 3226 1020 Videte
3279 975 3412 1037 ergo

1829 1061 1874 1115 si
1947 1075 2051 1116 non
2110 1059 2216 1113 sint
2277 1057 2440 1132 pedes
2495 1058 2657 1114 vestri
2711 1054 2922 1112 veloces
2995 1055 3063 1110 ad
3124 1041 3412 1120 eliundeti-

1829 1152 1954 1208 dum
1997 1152 2342 1223 sanguinem,
2393 1167 2513 1208 cum
2564 1151 2852 1224 praeciditis
2905 1151 3148 1208 homines
3188 1150 3256 1206 ab
3293 1149 3417 1213 uni-

174 628 252 686 lmo
287 633 382 678 non
410 613 583 673 solum
633 625 739 674 non
783 606 939 665 vultis
963 603 1116 662 vobis
1149 600 1394 680 deputari
1433 599 1499 655 ad
1553 599 1689 672 inju-

138 705 139 708 “
173 713 327 774 stillam
347 729 358 765 :
377 709 471 766 sed
498 705 704 765 etiamsi
730 701 854 776 quid
882 717 978 778 pro
1010 698 1109 754 hac
1137 696 1409 770 irnpietate
1439 689 1702 771 patimini,

172 807 370 880 deputari
411 803 566 862 vobis
593 799 750 856 vultis
786 795 852 852 ad
893 793 1177 870 justitiam.
1219 790 1326 845 Aut
1365 789 1409 843 si
1440 802 1544 843 non
1585 790 1710 838 sunt

171 904 258 960 ista:
278 897 660 970 persecutiones
682 887 1091 962 Prophetarum,
1119 881 1240 956 quia
1265 896 1370 936 non
1393 879 1527 933 ﬁunt
1548 876 1710 942 ferro,

171 993 240 1051 sed
268 969 447 1055 rerbo;
501 1002 619 1059 qua:
650 981 746 1042 luit
791 995 971 1046 causa,
1026 987 1084 1032 ut
1123 973 1376 1031 divinitus
1425 969 1715 1031 diceretur,

171 1085 271 1140 Filii
292 1081 562 1145 hominum,
587 1077 758 1131 dentes
784 1088 954 1128 eorum
977 1085 1122 1123 arma
1151 1075 1196 1121 et
1218 1064 1434 1136 sagitta),
1469 1069 1516 1115 et
1543 1058 1717 1129 lingua

171 1192 309 1232 eorum
329 1171 526 1246 gladius
553 1179 730 1223 acutus
766 1163 938 1237 (Psal.
971 1177 1080 1226 Lvr,
1113 1156 1190 1233 5).
1222 1155 1328 1213 Sed
1367 1151 1582 1228 quando
1609 1149 1720 1206 col-

169 1270 298 1340 ligam
322 1241 382 1322 ex
403 1261 686 1333 Prophctis
713 1257 958 1314 omnibus
988 1252 1166 1310 omnia
1198 1247 1500 1304 testimonia
1529 1241 1722 1298 Eccle-

171 1362 246 1416 siae
274 1367 373 1414 toto
401 1355 531 1412 orbe
555 1351 785 1419 diiiusae,
828 1364 947 1426 quae
976 1344 1155 1399 omnia
1194 1334 1609 1397 contradicendo
1638 1333 1722 1388 in-

171 1453 382 1510 terftcere
417 1457 472 1505 et
510 1445 848 1515 exstinguere
875 1435 1174 1498 conamini?
1202 1431 1310 1489 Sed
1351 1428 1499 1506 ligati
1537 1427 1665 1484 estis
1708 1442 1720 1478 :

169 1545 270 1616 quia
295 1545 340 1597 in
383 1556 580 1596 omnem
609 1545 792 1591 terram
823 1531 941 1588 exiit
993 1545 1143 1584 sonus
1176 1540 1380 1589 eorum,
1410 1529 1456 1575 et
1500 1519 1552 1574 in
1593 1518 1720 1587 fines

169 1611 282 1690 orbis
308 1643 446 1688 terra:
475 1628 624 1684 verba
653 1642 826 1684 eorum
856 1619 1024 1696 (Psat.
1059 1633 1208 1682 xvnt,
1237 1615 1313 1688 5).
1343 1611 1727 1676 Verumtamen

167 1742 306 1783 unum
331 1723 459 1779 illud
479 1716 915 1777 commemorabo
940 1729 1005 1769 ex
1031 1725 1124 1766 ore
1162 1704 1370 1763 Domini
1396 1746 1410 1771 ,
1450 1702 1539 1774 qui
1578 1699 1729 1755 testis

167 1829 234 1877 est
273 1817 476 1875 testium
511 1834 525 1871 :
564 1811 876 1884 Oportebat,
911 1805 1114 1876 inquit,
1158 1797 1360 1871 impleri
1408 1797 1578 1852 omnia
1616 1808 1732 1864 qua:

167 1915 331 1985 scripta
358 1918 474 1965 sunt
501 1909 555 1962 in
582 1905 713 1978 Lege
732 1945 746 1969 ,
778 1913 824 1958 et
865 1897 1135 1968 PrOpItetls
1154 1936 1170 1962 ,
1203 1901 1249 1948 et
1280 1890 1504 1945 Psalmis
1544 1886 1606 1941 de
1630 1901 1728 1946 me,

167 1981 278 2073 Quae
299 2002 400 2058 sint
416 2001 553 2065 hmc,
582 1999 694 2068 ipse
725 1991 923 2048 indicet
953 2007 964 2042 :
991 1985 1138 2042 Tunc
1158 1983 1356 2054 aperuit
1386 1981 1488 2034 illis
1509 1993 1730 2040 sensum,

167 2067 334 2168 inquit,
358 2102 409 2147 ut
429 2067 765 2160 intelligerent
793 2083 1111 2152 Scripturas,
1141 2085 1185 2131 et
1212 2075 1338 2129 dixit
1363 2073 1455 2138 eis,
1481 2067 1736 2137 Quoniam

166 2161 485 2258 sic'scriptum
511 2191 603 2249 est,
635 2190 682 2235 et
721 2178 792 2232 sic
825 2172 1082 2246 Oportebat
1124 2167 1379 2224 Christum
1423 2161 1550 2234 pati,
1581 2168 1629 2214 et
1651 2173 1736 2212 re-

169 2296 350 2354 surgere
372 2296 403 2333 a
429 2275 662 2338 mortuis,
692 2279 736 2326 et
760 2265 1030 2342 prttdicari
1063 2265 1116 2318 in
1138 2259 1338 2316 nomine
1365 2256 1473 2330 ejus
1492 2250 1737 2325 paeniten-

170 2377 275 2429 tiam
300 2382 343 2428 et
371 2368 718 2425 remissionem
741 2369 1057 2434 peccatorum
1079 2370 1167 2428 per
1192 2366 1363 2407 omnes
1393 2354 1582 2419 gentes,
1605 2339 1736 2395 inci-

171 2463 398 2538 pientibus
418 2461 481 2515 ab
513 2433 799 2514 Jerusalem
826 2451 976 2524 (Luc.
1001 2463 1156 2514 xxrv,
1185 2444 1274 2509 Μ,
1297 2437 1410 2513 47).
1436 2437 1576 2494 Ecce
1598 2433 1736 2505 quod

170 2527 405 2630 scriptum
433 2560 519 2609 est
544 2551 596 2606 in
614 2549 777 2618 Lege,
807 2558 860 2604 et
882 2539 1186 2611 Prophetis,
1217 2544 1268 2592 et
1291 2529 1520 2590 Psalmis
1545 2527 1612 2582 de
1631 2527 1738 2582 Do-

169 2620 316 2708 rnino.
341 2649 483 2704 Ecce
509 2639 653 2716 quod
681 2641 748 2696 de
771 2654 849 2706 se,
880 2645 932 2692 et
967 2633 1035 2690 de
1067 2627 1302 2688 Ecclesia
1342 2625 1457 2697 ipse
1483 2620 1744 2680 Dominus

171 2745 378 2818 aperuit,
425 2755 485 2795 se
521 2715 809 2793 ostendens
830 2774 844 2799 ,
877 2729 1023 2785 illam
1055 2722 1394 2798 promittens.
1427 2715 1539 2773 Vos
1566 2722 1744 2772 autem

171 2815 374 2893 histam
406 2833 422 2866 ¹
471 2828 768 2888 manifestis
816 2819 1138 2880 testimoniis
1184 2815 1536 2877 resistentes,
1582 2817 1636 2864 et
1681 2821 1745 2862 ea

172 2929 283 2999 quia
310 2927 490 2982 delere
535 2937 642 2977 non
673 2916 916 2989 potestis,
965 2913 1258 2983 depravare
1299 2911 1586 2968 conantes,
1621 2897 1748 2974 quid

176 3020 405 3082 faceretis
426 3061 442 3086 ,
491 3016 537 3072 si
585 3009 895 3069 inveniretis
924 3004 1163 3062 membra
1202 2997 1628 3071 Prophetarum,
1658 2992 1749 3064 qui

174 3115 248 3172 sic
270 3113 462 3170 smvitis
489 3111 543 3165 in
573 3107 782 3178 eloquia
807 3101 1192 3172 Prophetarum
1216 3139 1231 3164 ,
1263 3102 1321 3149 ut
1342 3107 1439 3148 nec
1459 3088 1749 3146 Dominum

175 3207 385 3264 audiatis
429 3203 768 3273 impletorcm
794 3241 807 3264 ,
858 3191 1348 3252 manifestatorcm,
1389 3180 1751 3257 expositorem

175 3271 587 3370 Prophetarum?
628 3289 761 3350 Nam
790 3294 1048 3360 quantum
1100 3279 1323 3354 potestis
1343 3320 1358 3348 ,
1387 3275 1547 3334 etiam
1576 3271 1749 3345 ipsum

175 3391 364 3448 czeditis
385 3433 400 3455 ,
432 3383 650 3460 quando
675 3391 727 3440 ct
749 3383 849 3454 ipsi
880 3395 984 3435 non
1015 3375 1203 3434 ceditis
1225 3372 1292 3428 ’ἲ

239 3459 462 3539 CAPUT
482 3478 603 3535 XV.
637 3507 703 3518 —-
730 3472 1030 3532 3LPE1'1L.
1063 3467 1196 3524 dixit
1229 3483 1241 3520 :
1279 3482 1297 3516 ‹
1331 3462 1411 3518 De
1441 3459 1593 3515 vobis
1619 3471 1755 3531 quo-

177 3593 270 3649 que
317 3574 483 3631 David
524 3567 957 3644 persecutoribus
983 3563 1138 3619 ’brec
1187 3559 1356 3616 dicit:
1395 3577 1413 3611 ί
1445 3553 1752 3627 Sepulcrum

182 3647 341 3740 patens
383 3678 456 3722 est
483 3675 658 3738 guttur
691 3678 896 3726 eorum,
936 3655 1120 3730 linguis
1149 3655 1252 3709 suis
1298 3651 1471 3706 dolose
1506 3647 1756 3720 agebant,

181 3778 408 3817 uenenum
434 3757 670 3830 aspidum
709 3755 798 3810 sub
836 3750 980 3807 labiis
1023 3762 1214 3802 eorum.
1259 3743 1486 3814 Quorum
1515 3757 1570 3794 os
1600 3738 1761 3792 male.

182 3853 386 3910 dictione
416 3862 460 3906 et
486 3845 826 3905 amaritudine
857 3843 1061 3914 plenum
1085 3847 1177 3908 est,
1208 3837 1397 3891 veloces
1415 3832 1564 3906 pedes
1586 3846 1762 3887 eorum

181 3945 247 4000 ad
292 3941 648 4012 e/fundcndum
675 3933 991 4009 sanguinem.
1035 3927 1280 3986 Contritio
1332 3935 1379 3980 et
1409 3922 1680 3996 infelicitas
1710 3921 1765 3975 in

181 4038 268 4093 uiis
293 4054 484 4103 eorum,
531 4041 578 4089 et
621 4032 753 4087 viam
783 4027 921 4102 pacis
948 4041 1049 4080 non
1072 4027 1447 4095 cognoverunt;
1477 4031 1578 4069 non
1605 4020 1679 4068 est
1701 4011 1767 4066 ti-

184 4146 288 4185 mor
317 4127 410 4184 Dei
453 4135 571 4181 ante
612 4121 784 4178 oculos
821 4134 1013 4176 eorum.
1051 4113 1235 4170 Nonne
1266 4115 1564 4182 cognoscent
1594 4120 1765 4160 omnes

187 4223 266 4293 qui
303 4229 575 4293 cperantur
596 4214 912 4286 iniquitatem
936 4252 950 4278 ,
981 4207 1068 4281 qui
1094 4206 1332 4260 devorant
1359 4199 1550 4271 plebem
1579 4211 1763 4264 meam,

186 4292 304 4366 sicut
335 4313 502 4367 cibum
533 4307 680 4382 panis
718 4325 736 4358 ι
771 4302 938 4377 (Psal.
972 4315 1084 4365 xm,
1112 4297 1166 4362 5,
1199 4295 1233 4350 4
1258 4292 1324 4366 )?

253 4404 337 4461 55.
370 4405 509 4459 Anc.
539 4395 816 4470 respondit
848 4413 860 4449 :
897 4391 1212 4464 Sepulcrum
1259 4395 1445 4458 patens
1478 4390 1561 4438 est
1589 4389 1768 4453 guttur

187 4509 386 4563 eorum,
411 4493 557 4549 unde
579 4487 980 4546 mendaciorum
1011 4490 1214 4537 mortes
1235 4476 1505 4534 exhalant.
1535 4473 1605 4528 0s
1627 4473 1770 4528 enim

185 4589 313 4659 quod
339 4587 599 4652 mentitur,
627 4581 810 4639 occidit
840 4578 1061 4632 animam
1092 4571 1246 4644 (Sap.
1279 4588 1326 4637 I,
1373 4567 1480 4640 Il).
1504 4567 1559 4623 Si
1594 4573 1772 4621 autem

188 4683 308 4739 nihil
343 4692 428 4740 est
458 4681 637 4738 verius
663 4691 824 4748 quam
866 4673 915 4730 id
943 4670 1083 4744 quod
1113 4667 1247 4723 dixit
1285 4665 1550 4727 Christus,
1584 4659 1773 4716 Eccle-

189 4775 314 4830 siam
346 4789 499 4830 suam
535 4787 632 4843 per
657 4781 846 4825 omnes
871 4772 1058 4837 gentes
1089 4758 1429 4830 incipientem
1468 4753 1534 4806 ah
1564 4750 1778 4806 Jerusa-

189 4866 323 4935 lem;
354 4866 489 4922 nihil
538 4872 621 4919 est
673 4857 982 4916 mendacius
1024 4868 1182 4924 quam
1209 4849 1263 4906 id
1297 4846 1436 4920 quod
1463 4843 1638 4901 dicitis
1661 4885 1675 4909 ,
1727 4843 1781 4898 in

191 4971 336 5030 parte
360 4958 576 5037 Donati.
616 4955 835 5028 Lingua:
863 4958 1038 5006 autem
1069 4946 1266 5002 dolosm
1289 4951 1412 4998 sunt
1438 4954 1645 5005 eorum,
1691 4934 1781 5008 qui

191 5067 306 5112 cum
339 5032 478 5110 facta
515 5066 612 5109 sua
639 5045 924 5113 noverint,
955 5057 1060 5099 non
1096 5039 1268 5096 solum
1307 5052 1364 5092 se
1392 5033 1575 5090 dicunt
1607 5030 1784 5101 justos

191 5160 309 5205 esse
339 5146 632 5210 homines,
684 5139 779 5196 sed
831 5137 990 5194 etiam
1036 5130 1416 5204 iustiﬁcatorcs
1443 5123 1719 5182 hominum
1768 5136 1782 5172 :

190 5238 331 5308 quod
355 5239 423 5296 de
463 5251 572 5294 uno
598 5233 800 5292 dictum
825 5237 936 5296 est,
969 5226 1066 5294 Qui
1080 5222 1332 5296 justiﬁcat
1368 5217 1578 5289 impium
1605 5212 1786 5287 (Rom.

193 5301 264 5402 tit,
297 5330 358 5404 5)
395 5336 495 5392 :et
518 5324 663 5396 quod
701 5324 771 5380 sit
806 5322 975 5394 justus
1023 5325 1069 5372 et
1102 5313 1394 5387 justificans
1421 5307 1531 5380 (Id.
1563 5321 1643 5372 ιιι,
1670 5301 1786 5376 26).

192 5403 426 5484 Namde
455 5435 666 5482 veneno
687 5415 951 5492 aspidum,
974 5421 1030 5468 et
1052 5424 1146 5466 ore
1166 5403 1543 5470 maledictione
1563 5407 1618 5458 et
1639 5413 1790 5457 ama-

193 5515 434 5574 ritudine
467 5515 658 5588 pleno,
706 5508 837 5566 satis
866 5504 1117 5561 diximus.
1149 5497 1372 5588 Veloces
1402 5493 1566 5564 pedes
1613 5497 1794 5548 autem

194 5607 262 5668 ad
284 5582 675 5666 effundendum
706 5598 1042 5672 sanguinem,
1075 5591 1236 5651 etiam
1256 5583 1678 5651 ,llaximianistas
1700 5582 1796 5640 ba-

195 5696 332 5763 lare
361 5698 574 5760 dixistis
606 5715 620 5752 ;
653 5693 804 5754 testis
845 5697 930 5748 est
955 5684 1184 5761 placarit
1207 5678 1374 5739 vestri
1409 5675 1625 5738 concilii
1667 5688 1796 5731 scn-

262 5857 280 5889 ¹
320 5865 433 5918 Pro,
457 5855 533 5907 his
553 5859 671 5912 tam,
690 5853 917 5918 corrupte
943 5855 1178 5918 excusum
1196 5833 1456 5918 ﬁt“
1485 5839 1606 5892 Am.,
1638 5827 1798 5883 ista».

197 5923 300 5969 Ilo
319 5895 761 5972 w“m""'
694 5895 761 5902 “’
775 5895 1170 5972 suetam,
1193 5895 1443 5955 master.

264 5983 287 6013 ²
309 5983 392 6032 sic
414 5971 519 6031 uss.
543 5985 601 6028 Αι
617 5977 758 6033 editi,
781 5971 996 6024 creditis.

268 6044 288 6074 ³
317 6051 374 6093 tn
392 6051 517 6105 \tss.,
533 6043 876 6106 persecutores.

1830 1256 1938 1303 tate
1981 1247 2125 1302 orbis
2153 1256 2437 1314 terrarum,
2461 1247 2506 1301 si
2533 1246 2708 1302 hocin
2738 1245 3140 1308 blaximianistis
3175 1253 3325 1310 recte
3341 1244 3425 1310 tli-

1831 1339 2005 1408 xistis,
2035 1340 2156 1414 quia
2182 1337 2539 1409 praeciderunt
2565 1339 2770 1409 aliquos
2798 1353 2828 1393 a
2858 1345 3011 1412 parte
3033 1337 3246 1400 Donati.
3275 1335 3425 1402 Itane

1835 1447 1933 1487 nos
1961 1429 2099 1486 viam
2128 1431 2272 1503 pacis
2313 1445 2422 1485 non
2468 1429 2834 1502 cognovimus,
2873 1430 2963 1501 qui
2987 1429 3265 1485 studemus
3307 1443 3428 1492 ser-

1834 1539 1963 1579 vare
1995 1523 2255 1580 uuitatcm
2302 1523 2523 1595 spiritus
2553 1521 2606 1577 in
2635 1522 2846 1580 vinculo
2886 1524 3063 1594 pacis;
3090 1531 3146 1580 et
3189 1535 3284 1578 vos
3308 1536 3428 1586 eam

1835 1615 2036 1682 nostis,
2079 1614 2168 1688 qui
2196 1614 2430 1674 sermoni
2458 1611 2654 1670 Christi
2683 1627 2840 1688 quem
2873 1611 3060 1670 habuit
3100 1620 3222 1684 post
3244 1628 3430 1675 resur-

1841 1709 2133 1763 rectionem
2176 1723 2296 1763 cum
2323 1708 2598 1780 discipulis
2624 1707 2737 1764 suis
2757 1749 2776 1777 ,
2810 1716 2917 1764 tam
2940 1706 3161 1778 pacilico
3180 1749 3196 1774 ,
3225 1716 3283 1762 ut
3306 1707 3432 1772 inde

1838 1800 2313 1872 inciperetdicens,
2345 1798 2461 1855 Pax
2485 1801 2738 1859 vobiscum
2769 1799 2947 1870 (Joan.
2981 1815 3075 1867 xx,
3105 1798 3195 1865 i9,
3217 1797 3337 1870 2|),
3361 1800 3436 1862 ita

1840 1894 2089 1950 resistitis
2105 1896 2144 1964 ¹,
2168 1893 2372 1956 utnihil
2402 1894 2542 1956 aliud
2561 1909 2720 1965 quam
2756 1893 2860 1950 hoc
2880 1893 2930 1950 ei
2952 1893 3131 1956 dicere
3144 1892 3440 1950 eonvinca.

1841 1988 1971 2051 mini
2003 2006 2015 2041 :
2045 1987 2126 2044 Tu
2168 1989 2308 2060 quod
2343 1987 2522 2046 dixisti
2571 1987 2637 2050 de
2682 1988 2884 2045 unitate
2930 1988 3169 2052 omnium
3197 1987 3440 2058 gentium

1843 2079 2036 2142 falsum
2082 2088 2200 2147 est,
2251 2095 2350 2138 nos
2381 2079 2520 2154 quod
2561 2079 2790 2142 dicimus
2830 2079 2900 2138 de
2924 2078 3152 2142 crimine
3193 2079 3438 2140 omium

1842 2173 2080 2243 gentium
2107 2188 2294 2230 verum
2335 2172 2464 2230 est?
2513 2170 2615 2242 Qui
2657 2171 2898 2230 dicerent
2924 2172 3057 2240 ista,
3100 2173 3146 2227 si
3192 2181 3338 2230 esset
3363 2171 3440 2228 ti.-

1844 2279 1964 2318 mor
1992 2263 2087 2326 Dei
2108 2272 2233 2326 ante
2259 2263 2446 2320 oculos
2471 2263 2703 2325 eorum?
2730 2263 2916 2322 Videte
2936 2265 3114 2335 itaque
3139 2265 3182 2321 si
3210 2264 3441 2323 nonista

1845 2355 2082 2428 quotidie
2124 2355 2355 2414 dicendo
2382 2358 2592 2430 plebem
2635 2358 2728 2420 Dei
2760 2357 3008 2422 ditl‘usam
3039 2367 3148 2414 toto
3170 2359 3302 2418 orbe
3327 2370 3441 2418 tere

1847 2463 2063 2552 rarum,
2093 2459 2343 2522 tanquam
2387 2451 2563 2510 cibum
2607 2451 2759 2524 panis
2796 2451 3047 2515 dentibus
3071 2452 3225 2509 linire
3271 2468 3440 2514 conn.

1849 2556 2000 2596 mlm.

1921 2629 2147 2692 CAPUT
2173 2631 2312 2690 XVI.
2346 2664 2416 2675 —
2439 2633 2527 2690 56.
2560 2634 2746 2692 Pent.
2779 2635 2952 2692 dixit:
2988 2654 3010 2694 ι
3046 2636 3223 2694 Monet
3276 2639 3443 2702 etiam

1853 2723 2111 2782 Dominus
2133 2725 2398 2796 Christus,
2431 2726 2610 2784 Cauete
2634 2745 2667 2782 α
2689 2729 3143 2802 pseurlopmphetis
3165 2772 3182 2797 ,
3231 2732 3318 2802 qui

1854 2817 2001 2872 niunt
2029 2818 2096 2872 ad
2136 2835 2222 2874 uos
2266 2820 2319 2882 in
2345 2821 2644 2876 vestimentis
2688 2822 2857 2876 ouium
2881 2823 2923 2889 ³,
2952 2823 3088 2880 intus
3131 2834 3299 2879 autem
3326 2835 3446 2882 usus

1856 2908 1964 2982 lupi
1985 2926 2191 2980 rapaces
2212 2925 2229 2964 :
2249 2926 2311 2968 ex
2327 2911 2573 2982 fructibus
2589 2927 2764 2968 eamut
2781 2916 3088 2985 cognoscetis
3105 2929 3190 2970 eos
3203 2932 3220 2966 ι
3231 2913 3446 2985 (ηεαδ.

1855 3018 1948 3073 vn,
1978 3001 2087 3074 15').

1930 3095 2017 3150 57.
2049 3096 2184 3154 Auc.
2215 3095 2528 3168 respondit:
2561 3095 2618 3153 Si
2644 3096 2741 3154 abs
2767 3105 2819 3163 te
2843 3112 3105 3168 quieram,
3125 3099 3322 3170 quibus
3351 3112 3455 3163 nos

1859 3186 2118 3249 fructibus
2150 3189 2304 3261 lupos
2325 3205 2549 3262 rapaces
2575 3205 2696 3249 esse
2723 3193 3095 3263 cognoscatis;
3386 3208 3451 3254 es

1860 3280 2085 3336 crimina
2117 3280 2313 3349 aliena,
2347 3296 2448 3338 nec
2472 3282 2528 3338 in
2558 3282 2637 3338 eis
2663 3297 2890 3354 quorum
2920 3297 3044 3350 esse
3071 3283 3324 3346 dicunth
3346 3301 3455 3350 In-

1861 3389 2019 3446 qUam
2053 3375 2294 3444 probata.
2323 3373 2379 3434 Si
2408 3384 2588 3436 autem
2611 3383 2666 3434 tu
2695 3391 2724 3430 a
2752 3392 2839 3440 me
2861 3392 3094 3448 quintus,
3125 3378 3323 3450 quibus
3345 3379 3459 3438 trti-

1863 3468 2037 3528 ctibus
2063 3484 2159 3524 vos
2185 3469 2362 3540 potius
2414 3485 2535 3528 esse
2567 3470 2724 3542 lupos
2769 3486 2992 3542 rapaces
3028 3488 3458 3546 cognoscamus:

1867 3564 2061 3637 obiicio
2088 3565 2392 3624 schismatis
2435 3567 2661 3632 eritnen,
2693 3567 2836 3638 quod
2868 3575 2926 3627 ω
2954 3569 3193 3640 neglbis,
3235 3584 3339 3640 ego
3362 3583 3460 3626 su—

1867 3666 1974 3713 tcm
2005 3659 2183 3714 statim
2210 3659 2448 3729 probabo
2481 3678 2495 3716 :
2525 3674 2700 3730 neque
2721 3659 2864 3716 enim
2889 3662 3258 3724 communica
3285 3662 3463 3719 omni-

1867 3749 1968 3806 bus
1995 3751 2244 3820 gentibus
2275 3759 2330 3808 et
2354 3751 2459 3808 illis
2490 3751 2748 3813 Ecclesiis
2788 3754 3083 3822 apostolico
3112 3755 3295 3811 labore
3333 3754 3464 3810 fun-

1869 3842 2026 3900 datis.
2051 3843 2148 3900 lIic
2173 3843 2413 3900 dicturus
2440 3857 2500 3900 es
2533 3861 2546 3898 :
2573 3843 2688 3900 Non
2724 3845 3064 3901 comtaunico
3109 3845 3466 3902 militaribus

1870 3944 1924 3992 et
1950 3934 2252 3990 homicidia.
2283 3933 2592 4004 Respondet
2643 3933 2737 3994 tibi
2783 3947 2969 3992 semen
3021 3935 3296 3992 Abrahae:
3335 3936 3466 3994 Ila):

1872 4037 1995 4084 sunt
2017 4026 2106 4082 illa
2129 4025 2374 4092 crimina,
2398 4025 2482 4082 vel
2506 4039 2612 4086 non
2629 4040 2778 4094 vere.
2805 4026 2890 4083 vel
2910 4041 3019 4086 non
3042 4041 3178 4086 mea.
3209 4025 3318 4085 Sed
3343 4028 3465 4084 haec

1874 4118 2089 4181 interim
2119 4133 2343 4189 sepone,
2377 4128 2433 4175 tu
2469 4118 2694 4182 ostende
2716 4119 3035 4178 Ecclesium.
3081 4120 3198 4177 Jam
3239 4138 3340 4178 vos
3370 4122 3467 4184 ilic

1874 4209 2004 4264 mihi
2052 4209 2299 4274 sonabit,
2349 4226 2508 4281 quam
2552 4212 2606 4266 in
2658 4211 3138 4283 pseudoprophetis
3190 4214 3470 4273 vitandam

1877 4302 2135 4360 Dominus
2171 4302 2380 4359 monuit
2405 4303 2812 4364 ostendentibus
2837 4315 3035 4374 partes,
3058 4315 3114 4362 et
3132 4305 3200 4363 ab
3216 4307 3472 4364 tmiverso

1878 4395 2112 4455 alienare
2140 4395 2458 4454 conantibus
2491 4413 2504 4452 :
2535 4394 2669 4452 Ecce
2694 4395 2775 4452 hic
2804 4405 2877 4454 est
2915 4395 3168 4466 Christus,
3195 4413 3308 4453 ecce
3333 4399 3468 4454 illic.

1881 4488 1988 4546 Sed
2012 4504 2178 4561 usque
2207 4488 2343 4548 adeo
2372 4497 2529 4560 putas
2555 4505 2708 4546 veras
2735 4503 2867 4547 oves
2889 4488 3091 4546 Christi
3115 4505 3210 4547 cor
3235 4507 3339 4548 non
3373 4493 3472 4551 Iut-

1880 4581 2028 4648 bere,
2061 4581 2256 4653 quibus
2289 4581 2489 4640 dictum
2529 4591 2610 4640 est
2631 4625 2648 4651 ,
2693 4582 2870 4640 Nolite
2921 4583 3124 4639 credere
3151 4583 3171 4656 (
3205 4584 3294 4638 Id.
3317 4600 3472 4656 xxiv,

1883 4673 1972 4745 25)
1998 4691 2014 4741 ;
2046 4683 2104 4730 ut
2128 4675 2313 4746 lupum
2338 4675 2558 4734 audiant
2594 4674 2889 4739 dicentem,
2919 4673 3052 4731 Ecce
3077 4676 3162 4730 hic
3203 4686 3280 4732 est
3320 4677 3474 4738 Clin.

1885 4777 2024 4832 stus;
2053 4777 2108 4826 et
2136 4778 2402 4838 pastorem
2432 4783 2540 4826 non
2566 4767 2788 4824 audiant
2832 4767 3126 4837 dicentem,
3159 4767 3264 4825 Per
3296 4787 3476 4830 cuius:

1887 4872 2076 4933 gentes,
2108 4861 2461 4930 incipientibus
2485 4861 2549 4916 ab
2576 4860 2908 4918 Jerusalem?

1959 4951 2184 5012 CAPUT
2211 4951 2376 5008 XVII.
2399 4981 2471 4994 --
2489 4952 2578 5010 38.
2599 4952 2784 5010 Ρετιι..
2814 4953 2948 5010 dixit
2976 4972 2990 5010 :
3023 4954 3135 5024 Sic,
3163 4957 3254 5022 sic,
3281 4958 3481 5027 impro-

1893 5049 1950 5112 be
1969 5055 2274 5118 persecutor,
2287 5061 2598 5119 quocunque
2615 5056 2664 5104 te
2688 5047 2934 5104 uetustius
2951 5049 3188 5105 bonitatis
3210 5050 3474 5116 obscuris,

1893 5159 2205 5217 quocumque
2223 5143 2429 5198 notitias
2458 5143 2600 5213 pacis
2625 5143 2812 5206 bellum
2852 5143 3040 5205 acutis
3067 5159 3233 5216 geras,
3258 5142 3484 5212 quolibet

1895 5235 2101 5292 unitatis
2133 5233 2376 5289 uocabulo
2398 5234 2659 5289 hominum
2693 5251 2850 5306 genus
2876 5235 3094 5300 illicias;
3123 5235 3210 5306 qui
3239 5234 3482 5289 hactenus

1898 5330 2036 5401 fallis
2086 5345 2147 5383 ac
2184 5327 2393 5400 decipis,
2423 5341 2536 5382 sere
2573 5326 2761 5390 diaboli
2802 5325 2944 5398 ﬁlius
2981 5342 3053 5397 es,
3096 5325 3220 5380 dum
3259 5323 3484 5391 moribus

1904 5423 2098 5480 indicas
2121 5429 2334 5494 patrem.

1971 5518 2061 5575 89.
2086 5516 2219 5573 Anc.
2247 5512 2560 5586 respondit:
2584 5511 2710 5570 Hec
2737 5527 2769 5568 a
2796 5508 2951 5567 nobis
2991 5508 3045 5564 ln
3084 5519 3182 5568 vos
3207 5506 3348 5567 dicta
3371 5523 3494 5572 esse

1904 5623 2090 5686 reputa
2114 5629 2129 5668 :
2154 5618 2209 5674 et
2235 5617 2293 5674 ut
2318 5607 2531 5670 noveris
2553 5607 2608 5669 in
2633 5621 2768 5677 quos
2795 5601 2974 5676 potius
2998 5601 3338 5674 conveniant,
3367 5621 3492 5678 qua

1909 5705 2152 5777 superius
2172 5703 2281 5759 dixi
2294 5712 2693 5758 commemora.

1975 5822 1992 5852 ί
2020 5819 2137 5868 Editi
2157 5831 2170 5867 :
2198 5825 2304 5867 Pax
2327 5811 2470 5873 vobis,
2489 5815 2648 5862 tamen
2667 5805 3302 5882 “MMsttlgam
3318 5822 3383 5862 ex
3399 5821 3502 5862 ma-

1911 5888 2348 5999 “"ici's‘éi‘imisso,
2374 5935 2489 6001 qui;
2512 5932 2717 6001 habent,
2740 5931 2928 5987 tm
2960 5937 3030 5989 ad
3064 5947 3146 5990 vos
3186 5936 3240 5989 ﬁt
3281 5932 3503 5987 mtuum

1918 6010 2090 6064 auium.
2118 6007 2189 6054 sic
2201 5994 2524 6053 torte'ci'tabat
2541 5994 2818 6048 Petilianus.
