4008 6524
485 397 582 452 271

550 509 780 568 CAPUT
804 506 992 565 XVIII.
1013 537 1084 549 —
1119 505 1208 564 40.
1237 501 1422 561 Ρετιί..
1467 503 1638 558 dixit:
1671 499 1781 555 Nec
1800 499 1926 554 adeo
1972 501 2070 553 mi-

482 621 620 676 rum,
644 605 780 677 quod
809 605 898 660 tibi
922 619 1104 658 nomen
1129 599 1351 672 episcopi
1379 598 1556 652 illicite
1585 597 1820 652 assumis.
1851 594 1978 650 Hec
1995 604 2068 649 est

482 715 600 757 vera
626 699 816 754 diaboli
842 695 1165 761 consuetudo,
1193 695 1268 749 ita
1305 693 1507 747 demum
1533 691 1762 762 decipere
1795 691 1840 744 si
1877 689 2072 744 sibimet

483 794 698 851 vindicet
745 791 1038 847 vocabulum
1065 787 1378 854 sanctitatis,
1428 786 1672 856 Apostolo
1715 782 2021 856 prtedicante
2051 797 2072 837 :

491 907 512 942 s
537 887 650 942 Nec
675 888 856 940 miram
873 895 965 950 est,
980 902 999 936 ι
1016 883 1231 954 ἰηᾳιιὶῑ,‹
1253 882 1300 936 si
1323 881 1430 953 ipse
1441 888 1645 936 satanas
1669 879 1995 951 transﬁgurat
2019 893 2072 932 se

484 981 617 1037 velut
635 980 866 1049 angelum
883 977 1085 1042 lucis,et
1099 976 1166 1028 mi
1172 976 1356 1029 nistros
1366 990 1484 1029 suos
1495 973 1641 1044 quasi
1655 972 2074 1042 ministrosjusti-

488 1074 572 1128 tia
589 1071 654 1142 (Il
675 1070 878 1134 Cor.x1,
899 1069 1017 1133 ΜΛ
1031 1069 1109 1139 5).
1124 1087 1142 1121 ι
1165 1067 1277 1122 Nec
1299 1068 1483 1121 mirum
1504 1076 1574 1120 est
1589 1081 1707 1138 ergo
1727 1065 1863 1137 quod
1877 1073 1924 1118 te
1941 1063 2072 1135 falso

483 1163 774 1234 episcopum
788 1178 952 1216 vocas.
972 1159 1110 1213 Nam
1129 1170 1175 1214 et
1199 1159 1277 1213 illi
1293 1159 1462 1230 angeli
1478 1157 1684 1228 perditi,
1703 1166 1953 1211 amatores
1967 1156 2072 1210 vir-

485 1254 662 1330 ginum
685 1252 1080 1317 mundanorum,
1103 1252 1190 1322 qui
1212 1267 1415 1305 carnem
1447 1247 1816 1320 corrumpendo
1850 1247 2074 1319 corrupti

485 1356 625 1414 sunt,
641 1347 753 1401 licet
773 1345 956 1401 divinis
972 1347 1110 1401 eauti
1131 1344 1392 1400 virtutibus
1412 1344 1581 1414 angeli
1596 1359 1700 1398 esse
1715 1342 1972 1407 desierint,
1990 1357 2076 1396 no-

486 1461 604 1499 men
628 1451 795 1496 tamen
814 1443 1028 1495 retinent
1059 1440 1374 1511 angelorum,
1406 1453 1610 1507 seseque
1643 1451 1840 1506 semper
1863 1434 2073 1506 angelos

490 1542 692 1608 putant,
711 1533 796 1600 qui
818 1532 987 1586 divina
1002 1532 1155 1586 soluti
1174 1531 1354 1584 militia
1369 1530 1422 1584 in
1439 1528 1712 1584 exercitum
1727 1527 1916 1582 diaboli
1934 1526 2077 1580 simi-

487 1627 558 1683 les
579 1627 906 1691 transierunt,
944 1623 1045 1678 Deo
1067 1639 1250 1693 magno
1276 1623 1544 1686 clamante,
1569 1640 1589 1674 ι
1626 1619 1747 1674 Non
1771 1617 2078 1690 permanebit

488 1722 696 1792 spiritus
725 1735 865 1773 meus
895 1718 944 1771 in
973 1716 1258 1771 hominibus
1304 1716 1413 1769 istis
1446 1715 1499 1768 in
1545 1723 1806 1780 aeternum,
1837 1712 2077 1784 quoniam

489 1830 608 1868 caro
659 1821 774 1866 sunt
805 1830 823 1862 ι
859 1809 1010 1881 (Gen.
1065 1824 1138 1874 vr,
1169 1807 1246 1878 5).
1305 1806 1498 1874 Quibus
1538 1807 1637 1860 reis
1677 1821 1737 1858 ac
1781 1803 1919 1858 vobis
1948 1802 2078 1856 dicet

492 1903 740 1959 Dominus
765 1901 1013 1964 Christus,
1038 1918 1057 1951 ι
1091 1898 1173 1952 Ite
1196 1899 1249 1952 in
1275 1897 1441 1968 ignem
1461 1904 1727 1961 internum,
1758 1909 1906 1965 quem
1926 1909 2078 1963 para-

489 1995 558 2052 vit
588 1994 745 2048 Pater
770 2009 907 2047 meus
936 1991 1138 2044 diabolo
1189 1999 1235 2043 et
1261 1987 1457 2058 angelis
1495 1988 1603 2056 ejus
1633 2005 1652 2038 ι
1685 1984 1900 2058 (Matth.
1947 1998 2075 2050 xxv,

487 2087 600 2158 bl).
654 2085 715 2141 Si
758 2085 926 2155 angeli
967 2083 1090 2136 mali
1115 2097 1215 2135 non
1241 2090 1425 2146 essent,
1458 2079 1692 2133 diabolus
1733 2077 1939 2148 angelos
1977 2092 2080 2130 non

489 2179 726 2242 haberet;
751 2193 874 2248 quos
901 2184 948 2231 et
976 2183 1180 2230 sanctus
1209 2173 1481 2245 Apostolus
1505 2173 1558 2226 in
1585 2172 1675 2226 illo
1681 2170 1882 2242 judicio
1909 2185 2083 2224 resur-

491 2271 644 2342 gendi
671 2287 702 2323 a
723 2269 908 2324 sanctis
938 2267 1225 2322 hominibus
1252 2267 1372 2320 dicit
1400 2275 1506 2320 esse
1534 2263 1853 2318 damnandos
1875 2279 1894 2317 :
1922 2281 1941 2315 ‹
1973 2262 2082 2317 Ne-

492 2363 628 2416 scitis
657 2361 893 2431 quoniam
923 2359 1128 2430 angelos
1169 2357 1516 2428 judicabimus
1565 2357 1608 2424 (I
1637 2355 1755 2412 Cor.
1784 2371 1856 2421 v1,
1900 2354 1994 2426 5)?
2021 2354 2083 2409 Si

489 2453 594 2508 veri
617 2452 785 2524 angeli
812 2460 994 2515 essent,
1012 2449 1269 2519 judicium
1296 2449 1351 2501 in
1373 2448 1580 2519 angelos
1612 2446 1706 2501 Dei
1727 2446 1954 2501 homines
1979 2461 2083 2500 non

492 2545 754 2600 haberent.
783 2543 874 2598 Sic
913 2558 1108 2612 quoque
1137 2540 1357 2611 apostoli
1386 2539 1672 2611 sexaginta,
1703 2538 1790 2606 qui
1836 2554 1949 2592 cum
1973 2535 2084 2590 Do.

491 2637 632 2691 mino
658 2633 860 2689 Christo
885 2632 1149 2687 duodecim
1176 2631 1444 2697 derelictis,
1467 2647 1499 2683 a
1520 2629 1622 2699 fide
1643 2637 1892 2698 apostattc
1920 2643 2085 2682 reces-

491 2738 687 2795 serunt,
733 2729 786 2782 in
819 2735 1012 2780 tantum
1054 2725 1340 2779 hominibus
1384 2724 1579 2778 miseris
1621 2722 1787 2776 adhuc
1840 2729 2085 2792 putantur

494 2822 734 2894 apostoli,
757 2830 811 2874 ut
835 2836 896 2874 ex
926 2821 1004 2873 his
1028 2817 1345 2872 Maniehteus
1370 2827 1415 2871 et
1443 2815 1614 2871 caeteri
1631 2814 1802 2869 multis
1822 2812 2084 2868 diabolicis

495 2914 642 2970 sectis
667 2913 851 2966 multas
877 2913 1074 2964 animas
1098 2910 1374 2978 implicent,
1398 2925 1523 2979 quas
1547 2917 1603 2962 ut
1649 2916 1887 2977 caperent
1915 2907 2085 2978 perdi-

497 3005 677 3061 derunt
698 3003 792 3077 (a).
825 3003 961 3057 Nam
997 3004 1221 3072 profecto
1249 3000 1471 3070 perditus
1495 2999 1832 3066 Manichacus,
1850 2999 1894 3053 si
1918 3007 2085 3054 tamen

495 3097 615 3168 fuit,
641 3113 742 3150 non
771 3097 823 3148 in
844 3093 947 3148 illis
974 3093 1237 3162 sexaginta
1259 3091 1520 3161 ponendus
1555 3099 1645 3155 est,
1686 3090 1732 3144 si
1768 3107 1950 3144 nomen
1977 3090 2085 3160 ejus

495 3189 712 3262 apostoli
750 3189 880 3242 inter
909 3185 1175 3241 duodecim
1212 3184 1518 3250 continetur,
1545 3193 1634 3236 aut
1661 3184 1715 3237 in
1741 3184 1906 3238 locum
1932 3183 2087 3238 Iudae

495 3280 754 3336 traditoris
782 3280 1056 3348 subrogato
1102 3275 1320 3338 Mathia,
1350 3289 1470 3329 voce
1489 3273 1679 3329 Christi
1698 3275 1962 3329 ordinatus
1988 3284 2082 3342 est,

495 3382 552 3426 ut
579 3372 752 3427 tertius
775 3371 1001 3424 decimus
1025 3367 1222 3421 Paulus
1242 3368 1284 3434 ί,
1313 3382 1396 3437 qui
1423 3381 1530 3420 sese
1547 3365 1901 3436 Apostolorum
1929 3366 2088 3420 novis-

495 3465 681 3519 simum
724 3471 985 3527 memorat,
1021 3477 1083 3514 ne
1126 3459 1352 3529 quisquis
1382 3467 1507 3513 esset
1537 3460 1784 3528 posterior
1828 3459 2086 3529 apostolus

496 3556 806 3612 crederetur.
859 3553 948 3608 Sic
976 3551 1110 3606 enim
1136 3550 1265 3604 dixit
1291 3566 1310 3604 :
1338 3568 1358 3601 ί
1394 3549 1506 3622 Ego
1531 3551 1665 3604 enim
1707 3567 1822 3604 sum
1868 3550 2082 3605 novissi-

497 3663 613 3701 mus
633 3644 1008 3716 Apostolorum,
1031 3643 1118 3714 qui
1143 3659 1242 3696 non
1262 3658 1374 3696 sum
1396 3642 1579 3713 dignus
1609 3643 1776 3697 vocari
1804 3643 2082 3712 apostolus,

495 3739 617 3810 quia
645 3745 933 3809 persecutus
958 3751 1072 3789 sum
1102 3733 1380 3788 Ecelesiam
1410 3732 1503 3788 Dei
1549 3753 1568 3786 ι
1596 3730 1706 3807 (Id.
1733 3750 1829 3800 xv,
1861 3733 1942 3805 9).
1974 3733 2085 3789 Nec

500 3831 558 3885 in
583 3830 678 3884 hoc
705 3829 841 3884 vobis
871 3826 1205 3881 blandiamini
1221 3841 1240 3888 ;
1259 3825 1475 3879 Iudaeus
1504 3825 1612 3880 haec
1637 3829 1821 3896 fecerat
1850 3843 1869 3880 :
1896 3826 2010 3880 licet
2037 3835 2088 3882 et

497 3938 586 3977 nos
608 3921 751 3976 nobis
776 3919 1048 3992 perniciem
1085 3926 1137 3971 ut
1159 3915 1362 3988 Pagani
1392 3916 1612 3987 faciatis.
1644 3916 1845 3971 Bellum
1872 3933 2087 3986 namque

496 4015 674 4070 illicite
697 4014 868 4085 geritis
885 4014 928 4076 ³,
956 4012 1137 4082 quibus
1170 4026 1274 4064 non
1319 4009 1434 4063 licet
1483 4025 1784 4081 repugnare.
1822 4008 1924 4066 Vos
1951 4012 2086 4066 enim

497 4107 682 4179 cupitis
710 4106 870 4159 vivere
897 4103 918 4135 ³
944 4105 1086 4158 nobis
1111 4102 1318 4169 occisis,
1345 4101 1488 4157 nobis
1515 4117 1629 4157 vero
1666 4103 1875 4157 victoria
1898 4113 1971 4157 est
1999 4104 2086 4174 fu-

496 4215 613 4271 gere
639 4197 718 4251 vel
741 4197 921 4251 occidi.

571 4289 662 4344 ιι.
705 4290 838 4343 Anc.
871 4286 1185 4355 respondit:
1228 4284 1440 4339 Videris
1465 4285 1912 4354 quemadmodum
1938 4285 2086 4344 testi-

505 4380 684 4438 monia
715 4379 1112 4447 Scripturarum
1162 4375 1428 4446 posueris,
1469 4375 1555 4429 vel
1584 4377 1852 4446 quomodo
1882 4379 2087 4436 intelle-

501 4475 676 4533 xeris;
701 4473 831 4525 nihil
859 4469 923 4524 ad
954 4485 1069 4524 rem
1097 4469 1164 4523 de
1189 4484 1291 4538 qua
1317 4481 1458 4522 nunc
1478 4467 1670 4537 agitur.
1701 4468 1782 4523 Ad
1807 4468 1911 4525 hoc
1940 4471 2085 4526 enim

501 4574 650 4622 certe
680 4566 778 4619 ista
807 4563 985 4617 omnia
1011 4559 1214 4626 dixisti,
1259 4567 1317 4613 ut
1349 4559 1605 4629 probares
1633 4575 1754 4616 esse
1781 4558 1945 4615 falsos
1969 4563 2085 4631 cpi-

500 4673 717 4728 seopos,
747 4657 885 4710 sicut
921 4662 1046 4708 sunt
1075 4652 1190 4707 falsi
1207 4653 1383 4722 angeli
1410 4659 1465 4707 et
1494 4651 1610 4707 falsi
1630 4653 1879 4723 apostoli.
1925 4654 2086 4710 Novi-

503 4765 627 4804 mus
649 4757 704 4802 et
726 4763 844 4813 nos,
873 4761 993 4802 esse
1019 4745 1178 4799 lalsos
1198 4743 1416 4814 angelos
1455 4752 1510 4798 et
1536 4743 1697 4799 falsos
1734 4745 2008 4816 apostolos
2032 4755 2087 4802 et

499 4841 665 4897 falsos
690 4839 988 4909 episcopos,
1018 4846 1073 4891 et
1099 4835 1240 4890 sicut
1273 4835 1403 4890 dicit
1423 4851 1581 4890 verus
1607 4837 1896 4906 apostolus,
1927 4835 2088 4894 falsos

499 4933 695 4988 fratres
727 4929 793 5001 (ll
821 4928 937 4983 Cor.
963 4943 1034 4994 xl,
1065 4925 1157 4996 2‘5)
1189 4945 1200 4979 :
1224 4925 1318 4980 sed
1343 4940 1465 4980 eum
1482 4925 1550 4980 ab
1576 4926 1812 4996 utrisque
1831 4925 2087 4984 adversus

500 5022 732 5080 invicem
755 5020 959 5091 possint
978 5018 1077 5073 ista
1102 5016 1308 5086 jactari,
1334 5016 1564 5086 probare
1587 5017 1785 5087 aliquid
1811 5031 1946 5088 Opus
1969 5027 2052 5074 est
2067 5060 2084 5088 ,

501 5131 610 5172 non
634 5115 864 5170 inaniter
904 5111 1069 5181 loqui.
1103 5108 1162 5164 In
1197 5123 1333 5178 quos
1360 5118 1536 5164 tamen
1576 5110 1858 5166 conveniat
1881 5111 2084 5167 crimen

568 5293 586 5323 ί
612 5289 750 5347 Ediu',
769 5286 810 5336 si
833 5291 991 5336 tamen
1012 5296 1107 5348 non
1125 5283 1178 5333 in
1197 5281 1295 5333 illis
1317 5281 1568 5348 sexaginta
1747 5283 2000 5348 ordinatus
2015 5289 2088 5335 est

501 5350 671 5417 tertius
692 5344 918 5417 decimus
932 5345 1126 5417 Paulus.
1153 5352 1208 5394 At
1231 5351 1358 5405 uss,
1383 5345 1424 5396 si
1437 5344 1604 5394 tamen
1634 5344 1726 5417 fuit
1755 5345 1974 5417 {deinde
1999 5351 2087 5417 91-

504 5413 814 5476 girannensis
831 5410 986 5460 codex
1006 5410 1375 5476 _omisso,_non,
1417 5405 1733 5476 prosequitur
1761 5407 1842 5476 sic.
1861 5414 1954 5476 :_m
1990 5405 2028 5476 il

505 5467 810 5540 {eptnaginta
829 5470 1186 5540 ponendusest,
1212 5468 1254 5519 si
1277 5467 1447 5540 nomen
1460 5467 1803 5540 ejusltpgstoli
1825 5468 1948 5540 inter
1969 5468 2088 5518 duo-

507 5528 967 5584 décim'continetur.
1014 5538 1046 5582 rt
1068 5530 1119 5580 in
1136 5528 1312 5589 (Ocum,
1339 5539 1435 5580 etc.
1460 5528 1962 5580 Melius'Floriacensis
1982 5542 2086 5584 set:-

503 5594 887 5661 vataparticula,
904 5605 1030 5654 non;
1052 5593 1220 5661 habet,
1243 5598 1325 5642 aut
1340 5591 1393 5642 in
1415 5589 1590 5661 locum,
1607 5598 1724 5661 ete.,_
1739 5590 1899 5640 addita
1921 5598 2087 5661 tamen

505 5651 768 5726 particula,
814 5651 894 5726 ut,
938 5651 1046 5726 post
1089 5651 1326 5726 verbum,
1363 5651 1613 5726 ordinatus
1655 5658 1724 5704 est
1748 5664 1766 5704 .'
1787 5653 2086 5722 quamaddit

508 5715 655 5767 etiam
678 5715 1036 5764 hovaniensium
1057 5715 1213 5765 codex
1231 5715 1560 5765 Endoviensis.

571 5781 591 5811 ²
615 5779 687 5840 sic
701 5782 888 5840 uss,“
911 5776 1042 5836 editi,
1060 5776 1290 5840 gerimus.

576 5839 725 5910 {sola
748 5837 896 5910 editio
920 5843 1046 5899 Lov.,
1061 5837 1276 5910 :vincere.

570 5901 645 5965 (a)
679 5907 817 5950 Forte
833 5911 938 5962 pro,
968 5901 1230 5963 perierunt.

1340 389 1608 447 CONTRA
1652 385 1991 443 LITTERAS
2031 386 2392 458 PETILIANI,
2432 390 2490 448 S.
2531 389 2896 448 AUGUSTINI

2179 503 2426 574 fallaciae,
2457 506 2635 563 recole
2674 523 2793 578 quae
2827 522 2988 579 supra
3011 507 3264 582 diximus,
3290 521 3347 572 et
3379 514 3661 575 invenies:
3691 534 3763 577 ne

2182 597 2339 654 taedio
2365 600 2533 655 simus
2559 600 2878 672 legentibus,
2903 601 3091 658 eadem
3119 604 3314 675 saepius
3349 608 3663 678 repetendo.
3694 609 3766 666 Et

2178 699 2357 746 tamen
2387 692 2512 763 quid
2543 692 2646 749 hoc
2666 693 2732 749 ad
2760 693 3057 751 Ecelesiam
3075 703 3188 751 toto
3213 695 3344 754 orbe
3375 707 3640 755 terrarum
3660 699 3768 757 dil-

2179 782 2368 850 fusam,
2397 785 2510 841 sive
2537 786 2680 856 quod
2705 785 2772 842 de
2800 786 2952 858 palea
2987 787 3126 858 ejus,
3149 804 3266 859 quae
3292 805 3411 845 eum
3434 791 3524 846 illa
3552 806 3650 862 per
3676 799 3767 847 to-

2179 883 2289 929 tum
2343 876 2598 932 mundum
2644 886 2746 944 est,
2799 879 3036 949 potueris
3085 879 3300 946 dicere;
3350 881 3464 937 sive
3510 881 3655 952 quod
3697 881 3768 938 de

2178 967 2469 1023 Manichaco
2497 969 2701 1038 dixisti,
2742 970 2826 1026 vel
2850 970 2917 1025 de
2943 971 3154 1026 emteris
3180 970 3458 1028 diabolicis
3482 972 3683 1029 sectis?
3709 971 3764 1028 Si

2179 1061 2320 1116 enim
2352 1062 2418 1117 ad
2445 1063 2676 1118 triticum
2707 1079 2817 1118 non
2857 1065 3088 1134 pertinet
3113 1065 3366 1138 quidquid
3395 1067 3556 1122 etiam
3580 1066 3650 1123 de
3675 1081 3762 1138 pa-

2179 1154 2264 1210 lea
2290 1155 2485 1211 dicitur
2535 1173 2654 1227 qua:
2681 1155 2857 1213 adhuc
2884 1173 3006 1213 eum
3044 1158 3134 1213 illo
3187 1169 3302 1226 est;
3344 1167 3543 1230 quanto
3586 1159 3765 1215 minus

2181 1247 2449 1319 pertinent
2473 1248 2542 1304 ad
2569 1249 2809 1304 membra
2854 1249 3052 1305 Christi
3091 1257 3205 1305 toto
3251 1250 3383 1306 orbe
3419 1251 3632 1317 diﬂ'usa,
3654 1259 3762 1308 tam

2179 1338 2306 1394 olim
2333 1348 2386 1394 et
2406 1348 2512 1394 tam
2533 1349 2716 1411 aperte
2733 1349 2978 1410 separata
2998 1350 3244 1413 portenta
3272 1340 3379 1414 (a)?

2252 1430 2478 1487 CAPUT
2508 1431 2651 1487 XIX.
2668 1462 2741 1474 -—
2763 1433 2853 1488 ἃ.
2878 1433 3064 1490 Ρετιι..
3095 1434 3231 1490 dixit
3263 1453 3277 1491 :
3301 1434 3458 1490 lubet
3486 1437 3629 1492 nobis
3654 1435 3772 1494 Do-

2181 1523 2348 1579 minus
2372 1523 2617 1591 Christus,
2659 1545 2678 1579 ‹
2713 1525 2840 1581 Cum
2863 1543 2951 1583 vos
2977 1528 3223 1599 persecuti
3251 1529 3438 1600 fuerint
3463 1529 3692 1588 hontines
3716 1531 3773 1588 in

2182 1615 2380 1670 civitate
2399 1615 2518 1682 ista,
2552 1617 2713 1688 fugite
2734 1618 2789 1672 in
2804 1617 3017 1672 alterum
3044 1634 3064 1672 :
3090 1620 3224 1689 quod
3247 1620 3294 1675 si
3316 1621 3368 1674 in
3399 1636 3460 1676 ea
3483 1636 3570 1677 vos
3595 1637 3771 1694 perse-

2182 1718 2418 1777 quentur,
2449 1711 2610 1782 fugite
2629 1711 2682 1764 in
2706 1711 2882 1766 aliam.
2911 1711 3070 1766 Amen
3100 1713 3215 1768 dico
3237 1712 3395 1781 vobis,
3413 1731 3515 1769 non
3533 1730 3774 1770 consum-

2182 1801 2385 1858 mabilis
2411 1804 2634 1860 civitates
2661 1805 2852 1870 Israel,
2891 1807 3050 1862 donec
3076 1809 3239 1863 veniat
3275 1808 3445 1864 Filius
3468 1810 3708 1867 hominis.
3745 1828 3769 1864 s

2188 1891 2398 1964 (Matth.
2429 1910 2485 1963 χ,
2511 1896 2626 1963 23).
2660 1896 2723 1953 Si
2751 1898 2812 1952 de
2833 1897 3032 1954 ludatis
3049 1908 3098 1954 et
3123 1897 3354 1972 Paganis
3382 1903 3524 1958 nobis
3547 1917 3776 1973 pranso-

2185 1995 2288 2052 net,
2311 1995 2365 2040 tu
2393 1988 2480 2057 qui
2500 1989 2828 2044 christianum
2845 2000 2891 2046 te
2918 2007 3186 2059 memoras,
3205 1993 3319 2048 dira
3343 1994 3478 2064 facta
3495 1994 3777 2051 Gentilium

2185 2093 2286 2132 non
2314 2079 2460 2134 debes
2488 2080 2698 2134 imitari.
2730 2082 2806 2135 An
2833 2084 2904 2136 sic
2931 2081 3040 2138 Deo
3065 2085 3280 2152 servitis,
3313 2095 3368 2138 ut
3397 2087 3572 2141 vestris
3600 2086 3775 2142 mani-

2187 2169 2277 2225 bus
2295 2170 2587 2227 occidamur
2605 2173 2631 2227 ?
2660 2172 2878 2240 Erratis,
2905 2176 3105 2243 erratis,
3131 2177 3176 2230 si
3195 2177 3291 2231 hoc
3336 2178 3540 2233 creditis
3583 2178 3776 2234 miseri.

2188 2259 2328 2316 Nam
2349 2281 2450 2318 non
2479 2264 2627 2319 habet
2659 2264 2799 2320 Deus
2822 2267 3085 2337 carniﬁces
3113 2269 3416 2325 sacerdotes.

2256 2354 2347 2409 45.
2388 2355 2522 2412 Ave.
2568 2357 2846 2427 respondit
2876 2377 2888 2411 :
2921 2359 3128 2431 Fugere
3155 2361 3222 2417 de
3247 2361 3461 2418 civitate
3485 2362 3540 2417 in
3589 2363 3782 2420 civita-

2188 2453 2294 2500 tem
2315 2460 2347 2500 a
2377 2444 2513 2503 faeie
2538 2449 2946 2518 persecutionis,
2980 2466 3089 2506 non
3117 2452 3391 2510 haereticis
3421 2453 3503 2509 vel
3524 2453 3785 2512 schisma-

2187 2536 2305 2592 ticis
2325 2547 2650 2608 praeceptum
2677 2540 2794 2596 sive
2822 2542 3141 2611 permissum
3171 2552 3274 2612 est,
3309 2544 3451 2615 quod
3489 2546 3621 2601 estis
3641 2561 3781 2613 vos;

2187 2625 2282 2682 sed
2310 2626 2746 2697 praedicatoribus
2771 2631 3064 2702 Evangelii,
3091 2633 3176 2689 cui
3208 2634 3456 2690 resistitis
3484 2650 3604 2692 vos.
3625 2635 3785 2705 Quod

2189 2724 2247 2770 ut
2278 2716 2432 2773 facile
2460 2720 2782 2790 probemus;
2813 2737 2956 2778 nunc
2985 2732 3130 2780 certe
3159 2725 3211 2780 in
3254 2726 3554 2785 civitatibus
3582 2729 3786 2787 vestris

2187 2811 2340 2878 estis,
2387 2819 2442 2868 et
2484 2828 2642 2868 nemo
2677 2830 2772 2872 vos
2827 2818 3183 2889 persequitur.
3225 2819 3600 2878 Prodeundum
3648 2837 3788 2895 ergo

2189 2902 2343 2959 vobis
2366 2915 2470 2971 est,
2502 2915 2558 2962 et
2585 2905 2854 2963 reddenda
2886 2910 3022 2966 ratio
3048 2913 3400 2982 separationis
3428 2923 3640 2971 vestrae.
3670 2915 3790 2972 Ne-

2190 3011 2295 3067 que
2324 2998 2467 3052 enim
2496 2998 2634 3053 sicut
2674 3009 2959 3056 excusatur
3001 3002 3284 3060 infirmitas
3323 3007 3521 3073 carnis,
3562 3007 3790 3078 quando

2190 3088 2335 3144 cedit
2356 3090 2622 3145 violentize
2643 3094 3056 3163 persecutionis,
3083 3096 3163 3151 sic
3187 3095 3347 3154 debet
3384 3108 3440 3154 et
3468 3100 3666 3156 veritas
3686 3115 3790 3157 ee—

2189 3179 2318 3236 dere
2372 3180 2612 3238 falsitati.
2661 3185 2891 3241 Proinde
2939 3185 2986 3240 si
3039 3189 3465 3257 persecutionem
3514 3191 3792 3262 patimini.

2189 3286 2357 3342 quare
2386 3287 2494 3328 non
2523 3274 2788 3330 dimittitis
2825 3276 3070 3332 civitates
3099 3278 3154 3332 in
3178 3279 3371 3350 quibus
3405 3281 3555 3348 estis,
3584 3291 3644 3337 ut
3673 3283 3790 3338 im-

2190 3363 2379 3432 pleatis
2405 3364 2545 3434 quod
2575 3380 2642 3420 ex
2688 3366 2976 3437 Evangelio
3015 3371 3488 3427 commemoratis?
3515 3372 3570 3429 Si
3599 3382 3793 3430 autem

2191 3471 2298 3511 non
2325 3457 2565 3527 patimini
2597 3460 3047 3529 persecutionem,
3075 3476 3242 3532 quare
3271 3463 3423 3520 nobis
3455 3464 3793 3536 respondere

2191 3562 2299 3601 non
2324 3548 2523 3602 vultis?
2552 3549 2655 3604 Aut
2700 3550 2745 3604 si
2773 3550 2969 3607 timetis
2998 3551 3157 3621 forte,
3197 3569 3264 3611 ne
3288 3569 3408 3612 cum
3433 3556 3791 3626 responderi-

2192 3639 2259 3692 tis
2278 3679 2292 3703 ,
2340 3641 2763 3710 persecutionem
2793 3643 3103 3712 patiamini;
3133 3646 3403 3716 quomodo
3433 3662 3559 3718 ergo
3597 3648 3791 3705 imita-

2190 3730 2320 3785 mini
2342 3745 2437 3785 eos
2467 3731 2860 3800 praedicatores,
2895 3735 3088 3805 quibus
3124 3735 3322 3792 dictum
3349 3747 3448 3804 est,
3481 3737 3615 3794 Ecce
3639 3741 3793 3797 mitto

2190 3839 2277 3878 vos
2304 3824 2432 3878 sicut
2456 3840 2568 3878 oves
2595 3825 2649 3879 in
2676 3825 2840 3880 medio
2867 3826 3146 3896 luporum?
3174 3829 3376 3897 Quibus
3426 3830 3550 3886 item
3578 3831 3792 3892 dictum

2191 3927 2295 3982 est,
2330 3917 2504 3973 Nolite
2531 3918 2704 3974 timere
2729 3936 2811 3974 eos
2837 3921 2923 3992 qui
2949 3937 3134 3992 corpus
3155 3924 3409 3991 occidunt,
3436 3926 3662 3980 animant
3684 3943 3792 3981 ast-

2192 4021 2290 4066 tem
2339 4028 2441 4066 non
2479 4020 2688 4081 possunt
2737 4011 2966 4067 occidere
3003 4012 3197 4086 (lbid.,
3231 4014 3318 4081 16,
3366 4014 3498 4086 28)?
3537 4014 3608 4070 Et
3642 4032 3790 4087 quo-

2191 4101 2352 4157 modo
2373 4117 2481 4157 non
2507 4102 2680 4158 facitis
2696 4111 2880 4158 contra
2898 4113 3223 4174 praeceptum
3251 4105 3392 4160 Petri
3421 4107 3668 4176 aposwli,
3694 4109 3791 4178 qui

2192 4193 2268 4247 ait
2299 4211 2312 4247 :
2347 4191 2524 4247 Parati
2548 4210 2742 4264 semper
2764 4193 2833 4246 ad
2861 4195 3238 4264 responsionem
3266 4197 3403 4250 omni
3439 4199 3664 4268 poscenti
3696 4214 3793 4256 vos

2193 4283 2254 4338 de
2270 4283 2372 4353 fide
2395 4291 2443 4339 et
2462 4300 2553 4354 spe
2579 4293 2740 4338 vestra
2771 4284 2814 4355 (I
2841 4283 2985 4340 Petr.
3018 4301 3094 4351 Ill,
3127 4284 3259 4358 15)?
3289 4287 3588 4355 Postremo,
3617 4305 3794 4360 quare

2197 4389 2294 4444 per
2320 4375 2732 4430 violentissimas
2768 4376 2951 4432 turbas
2995 4378 3159 4432 etiam
3197 4378 3339 4434 ultro
3383 4380 3610 4450 improbi
3651 4384 3794 4439 estis

2193 4467 2449 4524 Ecelesiis
2476 4468 2767 4535 catholicis,
2803 4469 2890 4524 ubi
2919 4470 3198 4539 potueritis
3221 4472 3280 4524 ‘?
3305 4471 3448 4541 quod
3475 4472 3793 4530 innumera—

2192 4559 2388 4616 bilibus
2413 4559 2670 4629 exemplis
2695 4576 2781 4616 res
2803 4561 2916 4632 ipsa
2937 4561 3174 4618 indicat?
3195 4561 3299 4619 Sed
3330 4563 3508 4618 dicitis
3533 4579 3633 4621 vos
3663 4566 3793 4623 loca

2191 4659 2368 4707 vestra
2395 4650 2703 4719 defendere,
2728 4660 2782 4707 et
2801 4653 3049 4708 resistitis
3070 4653 3296 4709 fustibus
3323 4663 3378 4710 et
3403 4655 3642 4713 caedibus
3662 4660 3796 4729 qui-

2191 4743 2518 4814 buscumque
2549 4742 2844 4813 potueritis.
2875 4743 3052 4812 Quare
3092 4744 3166 4799 ibi
3196 4760 3300 4800 non
3341 4745 3566 4802 audistis
3591 4762 3792 4806 vocem

2193 4835 2404 4890 Domini
2435 4834 2684 4901 dicentis,
2719 4832 2831 4905 Ego
2871 4844 3036 4889 autem
3066 4835 3178 4890 dico
3203 4835 3360 4902 vobis,
3405 4853 3507 4892 non
3549 4839 3796 4896 resistere

2190 4924 2328 4980 malo
2348 4923 2562 4996 (Matth.
2589 4940 2645 4992 v,
2673 4923 2802 4995 59)?
2823 4925 2930 4979 Aut
2955 4927 2998 4981 si
3032 4925 3145 4982 fieri
3175 4934 3370 4997 potest,
3403 4937 3462 4982 ut
3490 4929 3794 5001 aliquando

2191 5025 2338 5072 recte
2369 5031 2465 5086 per
2509 5016 2614 5070 vim
2664 5015 2998 5085 corporalem
3046 5016 3327 5072 resistatur
3360 5017 3634 5086 violentis,
3683 5037 3794 5078 nec

2192 5107 2314 5162 ideo
2358 5116 2685 5178 princeptum
2731 5105 2959 5160 violetur
3006 5106 3150 5175 quod
3194 5108 3441 5164 audimus
3468 5125 3498 5164 a
3525 5111 3790 5184 Domino,

2193 5195 2305 5267 Ego
2349 5204 2515 5249 autem
2571 5196 2683 5249 dico
2721 5195 2878 5263 vobis,
2925 5212 3027 5251 non
3067 5197 3296 5253 resistere
3337 5199 3472 5255 malo
3493 5215 3514 5254 :
3542 5217 3642 5257 cur
3670 5219 3793 5261 non

2191 5289 2351 5343 etiam
2380 5287 2482 5343 hoc
2517 5285 2631 5342 ﬁeri
2675 5295 2871 5357 potest,
2903 5297 2962 5343 ut
2987 5303 3085 5360 per
3110 5289 3381 5346 ordinatas
3428 5301 3482 5347 et
3510 5293 3794 5365 legitimas

2192 5385 2481 5449 potestates
2507 5376 2574 5433 de
2612 5377 2828 5434 sedibus
2852 5394 2971 5450 qua:
3015 5379 3192 5435 illicite
3220 5392 3565 5453 usurpantur,
3597 5387 3688 5443 vel
3716 5388 3794 5445 ad

2194 5469 2439 5540 injuriam
2487 5468 2584 5524 Dei
2622 5467 2938 5536 retinentur,
2993 5470 3107 5540 pius
3156 5473 3390 5544 expellat
3433 5475 3682 5547 impium,
3727 5490 3796 5538 et

2186 5560 2360 5632 justus
2386 5559 2638 5632 injustam
2655 5559 2680 5614 ?
2699 5560 2883 5631 Neque
2909 5561 3052 5616 enim
3079 5577 3145 5618 eo
3168 5564 3330 5620 modo
3349 5568 3796 5636 persecutionem

2254 5653 2272 5726 ξ
2299 5658 2420 5726 aiis,
2441 5650 2523 5726 ubi
2544 5649 2801 5726 potueritis
2813 5653 3064 5726 advertere
3086 5655 3234 5726 quod,
3255 5664 3351 5726 etc.
3374 5663 3450 5726 Er,
3465 5666 3526 5726 ,et
3541 5663 3799 5726 δοκεώὶ

2189 5713 2403 5778 poteritis
2423 5713 2672 5764 advertere
2715 5714 2862 5776 quod,
2893 5724 2988 5766 etc.
3024 5713 3196 5768 verius
3220 5713 3360 5779 Πᾶς..
3394 5717 3476 5770 ubi

2190 5777 2376 5834 absque
2396 5776 2566 5834 verbo;
2578 5776 2848 5827 advertere.

2252 5836 2581 5912 (a)
2599 5838 2764 5912 Pri???
2783 5836 2909 5889 libro
2923 5838 2983 5912 εει
3000 5839 3440 5912 temtauian
3454 5847 3805 5912 respondent

2193 5900 2498 5963 Augmtints,
2523 5905 2578 5949 ut
2597 5906 2806 5950 testatur
2825 5913 2934 5965 ipse
2954 5901 3094 5964 intra,
3115 5901 3202 5954 lib.
3223 5903 3274 5966 ὃ,
3297 5916 3348 5955 n.
3372 5904 3454 5957 6t.
