4008 6494
210 510 305 568 275

214 622 345 696 passi
388 628 518 677 sunt
559 619 1041 692 pseudopmphetze
1090 619 1159 675 ab
1198 618 1337 686 Elia,
1374 618 1643 691 quomodo
1673 618 1789 689 ipse

214 712 344 768 Elias
367 727 397 765 a
427 726 560 784 rege
586 712 913 783 nequissimo
932 710 1023 782 (lll
1052 711 1179 782 Reg.
1207 709 1387 783 xvin).
1417 711 1520 766 Aut
1543 710 1667 781 quia
1696 707 1794 763 lla-

214 805 432 877 gellatus
488 814 573 859 est
618 804 874 859 Dominus
917 818 949 857 a
990 803 1419 873 persecutoribus
1446 845 1461 871 ,
1510 810 1792 874 pr0pterea

222 895 555 970 passionibus
584 896 699 968 ejus
722 894 1066 967 comparandi
1092 903 1216 950 sunt
1242 910 1376 965 quos
1400 895 1515 964 ipse
1544 892 1611 949 de
1651 902 1790 947 tem-

214 989 294 1062 plo
339 987 643 1061 ﬂagellatos
684 987 861 1057 ejecit.
906 985 1092 1042 Restat
1128 1001 1256 1057 ergo
1282 994 1343 1041 ut
1366 984 1498 1041 nihil
1524 983 1669 1039 aliud
1696 999 1789 1039 re-

212 1080 524 1154 quirendum
552 1094 676 1135 esse
704 1078 1010 1147 fateamini,
1050 1076 1152 1133 nisi
1172 1087 1351 1133 utrum
1373 1076 1516 1147 jnste
1541 1092 1608 1131 an
1634 1077 1796 1146 impie

211 1189 297 1230 vos
320 1174 702 1244 separaveritis
729 1188 759 1227 a
781 1174 1158 1229 communione
1178 1171 1322 1227 orbis
1346 1180 1629 1227 terrarum.
1662 1170 1792 1226 Nam

213 1266 255 1323 si
281 1266 383 1323 hoc
414 1268 693 1323 inventum
723 1265 886 1323 fuerit
913 1266 1055 1338 quod
1086 1265 1250 1338 impie
1279 1266 1535 1333 feceritis,
1564 1279 1670 1320 non
1693 1264 1796 1319 mi-

212 1358 396 1415 remini
423 1357 468 1414 si
498 1373 605 1414 non
635 1358 831 1415 desunt
856 1358 1086 1415 ministri
1131 1357 1242 1414 Deo
1270 1373 1365 1428 per
1388 1372 1523 1428 quos
1565 1357 1799 1429 flagelle-

213 1448 329 1504 mini
350 1466 365 1503 :
384 1450 509 1520 quia
536 1450 963 1519 persecutionem
994 1448 1256 1520 patimini,
1284 1464 1391 1504 non
1422 1463 1451 1501 a
1479 1446 1654 1514 nobis,
1677 1446 1795 1513 sed,

221 1542 349 1597 sicut
367 1542 630 1614 scriptum
648 1551 749 1609 est,
768 1540 837 1596 ab
859 1541 990 1611 ipsis
1014 1539 1167 1597 factis
1187 1540 1381 1597 vestris
1403 1538 1556 1612 (Sap.
1578 1554 1652 1606 xi,
1678 1538 1795 1609 21).

275 1634 501 1692 CAPUT
539 1634 659 1690 XX.
687 1666 753 1675 —
780 1635 868 1691 44.
896 1634 1085 1690 Ρετιι..
1105 1632 1241 1690 dixit
1271 1650 1284 1687 :
1308 1632 1508 1688 Clamat
1533 1648 1714 1686 rursus
1733 1631 1797 1685 de

212 1728 326 1782 ccio
354 1726 611 1781 Dontinus
656 1725 888 1782 Christus
912 1726 980 1780 ad
1032 1724 1257 1779 Paulum
1284 1741 1304 1780 :
1337 1744 1355 1778 ι
1389 1724 1567 1791 Saule,
1615 1723 1795 1791 Saule,

212 1823 323 1893 quid
352 1838 435 1876 me
473 1822 825 1893 persequeris?
875 1820 1077 1875 Durum
1108 1830 1179 1873 est
1226 1818 1314 1872 tibi
1338 1828 1514 1872 contra
1542 1817 1800 1872 stimulum

212 1914 467 1969 calcitrare
501 1932 522 1966 ι
554 1912 690 1987 (Act.
741 1929 824 1979 is,
856 1913 912 1978 4,
944 1912 1022 1983 5).
1055 1911 1248 1967 Saulus
1291 1920 1410 1964 tunc
1434 1909 1596 1963 dictus
1626 1918 1716 1975 est,
1743 1918 1799 1962 ut

211 2006 251 2060 ci
273 2004 596 2077 postmodum
620 2003 886 2075 Baptisma
915 2011 1233 2074 componeret
1257 2018 1463 2057 nomen.
1500 2000 1653 2055 Vobis
1678 2018 1799 2073 ergo

211 2114 300 2153 non
322 2098 516 2152 durum
540 2107 614 2152 est
637 2096 894 2152 Christum
916 2096 1061 2150 toties
1092 2094 1323 2166 persequi
1350 2094 1402 2147 in
1450 2091 1797 2147 sacerdotibus

207 2191 301 2247 suis
325 2193 367 2258 ⁸,
409 2190 635 2245 Domino
674 2191 786 2261 ipso
810 2189 1081 2254 clamante,
1124 2206 1143 2239 ι
1176 2186 1259 2242 Ne
1288 2187 1553 2257 tetigeritis
1576 2186 1792 2240 christos

208 2302 333 2340 meos
372 2303 395 2339 υ
457 2283 634 2355 (Psal.
688 2298 794 2349 crv,
846 2282 978 2352 15)?
1020 2280 1331 2336 Sanctorum
1392 2287 1677 2349 computata
1730 2286 1800 2331 tot

213 2377 408 2446 funera,
449 2384 500 2428 et
525 2373 746 2427 vivacem
778 2371 1034 2427 Christum
1062 2372 1205 2425 toties
1235 2369 1505 2423 occidistis.
1530 2367 1799 2422 Postremo

210 2466 251 2520 si
270 2465 552 2536 sacrilegus
573 2481 674 2518 non
700 2466 790 2531 sis,
821 2472 1023 2518 sanctus
1050 2478 1157 2516 esse
1182 2478 1282 2516 non
1303 2469 1442 2532 potes
1472 2459 1747 2513 homicida.

271 2558 362 2615 45.
404 2557 544 2613 Avo.
574 2554 852 2627 respondit
880 2572 893 2607 :
927 2552 1207 2610 Defendite
1249 2566 1347 2607 vos
1400 2552 1543 2621 ipsos
1567 2567 1595 2603 a
1623 2564 1801 2620 perse-

207 2652 439 2715 cutione,
466 2664 629 2721 quam
657 2649 797 2719 passi
822 2657 946 2702 sunt
970 2663 1001 2702 a
1029 2646 1220 2701 vestris
1245 2644 1335 2716 qui
1365 2659 1488 2699 cum
1519 2643 1797 2698 Maximia-

208 2762 274 2803 no
295 2761 356 2802 se
380 2760 415 2801 a
435 2744 591 2800 vobis
617 2750 1040 2815 separaverunt;
1072 2748 1131 2798 et
1160 2739 1269 2794 illic
1310 2738 1593 2793 invenietis
1617 2736 1799 2792 defen-

206 2841 409 2897 sionem
440 2846 712 2894 nostram.
748 2837 805 2893 Si
858 2835 1001 2892 enim
1050 2833 1226 2889 dicitis
1271 2846 1378 2887 non
1422 2847 1518 2887 vos
1572 2829 1795 2896 fecisse;

211 2932 368 2990 Gesta
393 2930 797 3003 proconsularia
839 2938 894 2984 et
932 2922 1273 2997 municipalia
1294 2924 1603 2980 recitamus.
1634 2922 1692 2977 Si
1712 2921 1798 2976 di-

212 3022 328 3080 citis
376 3031 529 3078 recte
568 3036 670 3077 vos
694 3020 801 3075 illis
839 3019 1073 3083 fecisse;
1118 3032 1213 3072 cur
1260 3016 1362 3086 ipsi
1392 3016 1516 3069 talia
1554 3014 1662 3085 pati
1690 3029 1798 3068 non

206 3112 402 3169 vultis?
431 3112 491 3169 Si
514 3110 715 3179 dicitis,
746 3109 851 3166 Sed
874 3122 973 3164 nos
992 3107 1227 3164 sehisma
1273 3120 1380 3162 non
1405 3104 1662 3169 fecimus;
1697 3104 1800 3160 hoc

206 3219 329 3277 ergo
349 3213 650 3275 quaeratur,
673 3209 729 3257 et
755 3208 1041 3270 antequam
1082 3205 1291 3254 constet
1316 3211 1383 3251 an
1412 3197 1484 3252 ita
1517 3196 1607 3263 sit,
1641 3210 1799 3251 nemo

206 3305 579 3369 persecutores
614 3300 861 3350 accuset.
896 3292 952 3348 Si
988 3291 1166 3348 dicitis
1222 3290 1383 3345 etiam
1430 3288 1799 3345 schismaticos

207 3389 632 3461 persecutionem
660 3386 768 3458 pati
793 3399 900 3440 non
928 3382 1178 3439 debuisse
1203 3399 1216 3435 :
1246 3395 1429 3453 quaero
1456 3389 1633 3436 utrum
1660 3388 1714 3434 et
1734 3378 1801 3435 de

211 3481 448 3539 basilicis
476 3522 493 3549 ,
522 3480 579 3535 in
603 3478 795 3550 quibus
835 3476 1154 3533 insidiantur
1191 3475 1259 3530 ad
1286 3472 1622 3530 seducendos
1647 3472 1798 3528 infir-

210 3587 342 3639 mos,
366 3570 571 3642 expelli
600 3584 699 3639 per
738 3568 1013 3624 ordinatas
1055 3574 1346 3637 potestates
1386 3580 1494 3619 non
1533 3562 1800 3618 debeant?

209 3662 263 3721 Si
284 3663 488 3729 dicitis,
521 3675 623 3717 nec
659 3660 762 3716 hoc
790 3659 1028 3716 debere:
1057 3656 1264 3713 reddite
1287 3657 1434 3728 prius
1462 3653 1798 3709 Maximiani-

208 3755 303 3813 stis
329 3753 607 3819 basilicas,
638 3762 695 3808 et
728 3751 806 3808 sic
835 3750 1111 3806 nobiscum
1150 3749 1309 3819 agite.
1342 3747 1399 3803 Si
1437 3746 1612 3801 dicitis
1635 3744 1801 3800 debe-

209 3860 307 3902 re:
337 3844 562 3916 quaerite
584 3842 697 3914 jam
721 3841 848 3912 quid
870 3840 978 3911 pati
1002 3839 1234 3895 debeant
1260 3852 1291 3892 a
1319 3835 1671 3907 potestatibus
1716 3849 1803 3889 or-

208 3935 426 4003 dinatis,
454 3934 548 4006 qui
582 3935 662 3990 eis
692 3930 1010 3995 resistendo,
1050 3929 1147 3985 Dei
1174 3926 1496 3982 ordinationi
1524 3929 1801 3980 resistunt.

210 4029 361 4087 Unde
412 4037 601 4101 aperte
640 4025 927 4097 Apostolus
965 4023 1129 4078 dicit:
1162 4019 1284 4075 Non
1328 4019 1462 4073 enim
1509 4019 1617 4072 sine
1649 4032 1805 4070 causa

213 4123 441 4193 gladium
467 4129 674 4191 portat;
700 4118 885 4172 vindex
910 4124 985 4170 est
1009 4114 1140 4167 enim
1162 4113 1217 4165 in
1230 4112 1360 4164 iram
1381 4109 1522 4180 eiqui
1546 4107 1679 4161 male
1698 4107 1805 4177 agit

214 4211 387 4282 (Rom.
414 4227 535 4279 xm,
556 4210 615 4278 2,
638 4209 717 4279 4).
744 4206 895 4276 Quod
926 4205 971 4259 si
1010 4204 1228 4258 omnino
1267 4200 1549 4271 diligenter
1582 4198 1805 4254 veritate

210 4312 433 4360 tractata
452 4303 559 4358 hoc
584 4303 858 4357 inventum
881 4298 1060 4364 fuerit,
1085 4305 1143 4351 ut
1166 4310 1264 4351 nec
1287 4310 1385 4366 per
1403 4292 1601 4364 judicia
1631 4291 1805 4363 publi-

211 4411 271 4453 ca
295 4394 629 4453 schismatici
655 4392 855 4465 aliquid
882 4392 991 4462 pati
1015 4389 1266 4455 debeant,
1291 4402 1394 4444 nec
1420 4386 1487 4443 de
1516 4387 1649 4442 locis
1677 4386 1807 4441 insi-

211 4490 419 4548 diarum
448 4499 504 4544 et
533 4486 865 4542 fallaciarum
888 4499 1105 4539 suarum
1131 4481 1291 4553 pelli;
1322 4490 1377 4535 et
1396 4479 1637 4534 dixeritis
1655 4479 1807 4534 vobis

212 4584 521 4655 displicere,
572 4578 715 4651 quod
758 4575 1165 4635 Maxitnianisttc
1192 4589 1222 4627 a
1251 4571 1568 4643 quibusdam
1615 4569 1807 4625 vestris

211 4674 308 4733 ista
355 4671 602 4745 perpessi
643 4677 768 4726 sunt
799 4686 812 4723 :
841 4683 937 4723 cur
981 4681 1087 4721 non
1130 4664 1383 4720 liberius”
1411 4662 1479 4717 de
1526 4670 1636 4716 toto
1678 4676 1807 4731 agro

210 4765 446 4833 Domini,
474 4762 532 4820 id
559 4771 665 4827 est,
696 4762 764 4817 de
792 4770 904 4815 t0to
930 4756 1129 4814 mundo
1158 4756 1390 4811 clamant
1414 4754 1679 4809 frumenta
1707 4753 1807 4807 do-

210 4858 429 4925 minica,
480 4853 597 4910 Nec
635 4851 702 4907 ad
748 4866 849 4907 nos
893 4849 1121 4919 pertinet
1146 4846 1287 4917 quod
1326 4845 1528 4899 zizania
1556 4844 1640 4899 vel
1665 4841 1807 4913 quod

211 4951 367 5021 palea
394 4957 586 5004 nostra
607 4942 913 5007 committit,
939 4941 1059 5012 quia
1088 4939 1331 5009 displicet
1365 4936 1559 4993 nobis?
1580 4936 1634 4991 Si
1657 4934 1808 4990 vobis

210 5041 464 5097 sufﬁcere
487 5037 557 5094 ad
587 5035 957 5108 purgationem
984 5030 1247 5097 fatemini,
1271 5028 1523 5099 quoniam
1552 5024 1809 5096 quidquid

211 5132 337 5186 mali
358 5130 421 5186 ﬁt
446 5145 475 5183 a
503 5126 719 5193 vestris,
749 5124 997 5195 displicet
1034 5120 1221 5176 vobis:
1249 5133 1417 5190 quare
1445 5131 1541 5173 vos
1568 5130 1696 5186 ergo
1724 5130 1811 5171 se-

214 5222 492 5293 parastis?
524 5220 662 5275 Hinc
687 5217 831 5273 enim
854 5230 948 5271 vos
971 5219 1188 5269 accusat
1208 5212 1321 5282 ipsa
1345 5221 1523 5267 vestra
1548 5206 1808 5264 defensio.

212 5312 268 5370 Si
311 5316 460 5371 enim
501 5320 788 5383 propterea
808 5322 903 5363 vos
942 5306 1010 5361 ab
1039 5305 1234 5374 iniquis
1256 5302 1419 5374 partis
1446 5300 1675 5357 Donati'
1705 5314 1812 5355 non

212 5407 499 5480 separatis,
531 5406 657 5474 quia
699 5400 1060 5471 unusquisque
1100 5396 1365 5451 sarcinam
1410 5408 1562 5447 suam
1591 5399 1809 5462 portat;

214 5513 315 5554 cur
339 5499 409 5553 ab
438 5493 637 5564 iniquis
681 5491 830 5547 orbis
854 5500 1139 5553 terrarum,
1168 5498 1302 5556 quos
1321 5484 1517 5554 putatis
1543 5493 1634 5538 aut
1656 5482 1813 5554 fingi-

218 5591 312 5657 tis,
332 5604 430 5645 vos
454 5584 748 5657 separastis
765 5586 790 5639 't
823 5583 904 5638 An
927 5589 985 5636 ut
1011 5580 1276 5636 sarcinam
1299 5574 1601 5633 schismatis
1625 5588 1815 5630 omnes

222 5684 425 5753 pariter
452 5676 777 5752 portaretis?

286 5799 305 5828 ¹
334 5796 473 5854 aditi,
498 5792 583 5857 qui
603 5792 657 5865 in
677 5788 1005 5865 sacerdotibus
1042 5785 1158 5839 suis.
1185 5783 1501 5848 Expungitur,
1526 5778 1625 5845 qui,
1653 5786 1817 5830 aucto-

222 5860 376 5909 ritate
396 5860 852 5917 manuscriptorum.

289 5914 936 5992 ἶὲΨτβέδὶδδοιυθσίΗῖη
979 5975 1143 5992 __-__._-

294 5981 478 6052 ’.Ψίιίι
722 5976 939 6043 Partibus
970 5975 1163 6030 Donati.
1197 5972 1520 6025 emendantur
1559 5981 1626 6021 ex
1645 5979 1815 6026 manu-

1545 502 1748 560 LIBER
1787 499 2160 560 SECUNDUS.

3383 510 3491 567 274

1971 618 2060 673 46.
2090 618 2302 675 Etcum
2327 620 2613 690 quaerimus
2633 635 2663 674 a
2689 619 2861 690 vobis,
2889 636 3025 692 quos
3054 632 3293 680 vestrum
3317 638 3349 678 a
3378 639 3482 680 no-

1898 710 2024 765 stris
2051 711 2288 781 probetis
2335 711 2560 767 occisos.
2593 712 2802 768 Nullam
2831 712 3049 784 quidem
3092 714 3266 785 legem
3291 714 3360 769 ab
3379 715 3484 771 im-

1899 802 2236 871 peratoribus
2262 802 2437 858 datam
2464 811 2522 858 ut
2547 803 2923 860 occideremini
2972 806 3170 860 recolo.
3208 805 3286 860 Illi
3307 816 3488 863 autem

1899 894 1968 950 de
1990 895 2183 966 quibus
2236 895 2525 951 maximam
2568 896 2820 952 invidiam
2879 896 3060 953 facere
3088 899 3296 967 soletis,
3349 899 3488 954 Mar-

1899 985 2052 1041 culns
2081 995 2135 1041 et
2162 987 2398 1041 Donatus
2421 1028 2437 1052 ,
2467 996 2525 1042 ut
2567 987 2892 1043 moderatius
2939 989 3186 1054 dixerim,
3220 990 3487 1046 incertum

1899 1087 1981 1133 est
2006 1087 2182 1132 utrum
2220 1094 2279 1134 se
2318 1077 2419 1149 ipsi
2461 1079 2913 1149 prmcipitaverint
2940 1122 2955 1146 ,
3000 1082 3136 1137 sicut
3174 1090 3350 1137 vestra
3389 1082 3491 1137 do-

1898 1169 2068 1224 ctrina
2098 1184 2202 1223 non
2233 1177 2410 1224 cessat
2450 1169 2770 1240 quotidianis
2804 1171 3063 1241 exemplis
3090 1188 3103 1237 ;
3133 1188 3198 1226 an
3228 1188 3355 1228 vero
3381 1172 3489 1228 ali-

1900 1262 2053 1331 cujus
2072 1268 2350 1333 potestatis
2373 1262 2526 1333 jussu
2556 1263 2871 1334 praecipitati
2899 1264 3025 1318 sint.
3057 1263 3114 1319 Si
3137 1265 3279 1319 enim
3312 1265 3492 1320 incre-

1900 1355 2063 1412 dibile
2112 1365 2194 1411 est
2236 1356 2523 1427 magistros
2568 1355 3073 1412 Circumcellionum
3122 1357 3309 1412 solitas
3338 1372 3491 1411 mor-

1902 1460 1981 1504 tes
2009 1447 2223 1503 sibimet
2264 1448 2528 1514 intulisse,
2555 1457 2754 1519 quanto
2807 1448 3170 1504 incredibilius
3198 1458 3489 1521 potestates

1900 1542 2168 1597 Romanas
2196 1542 2409 1597 insolita
2458 1542 2717 1612 supplicia
2751 1542 2942 1612 jubere
2996 1544 3231 1614 potuisse
3258 1546 3281 1598 ?
3310 1546 3492 1614 Itaque

1899 1635 1967 1691 de
1992 1635 2092 1691 hac
2116 1651 2195 1700 re,
2224 1650 2382 1706 quam
2408 1634 2565 1690 nimis
2614 1634 2928 1690 invidiosam
2974 1636 3187 1703 putatis,
3219 1636 3265 1691 si
3300 1650 3489 1691 verum

1898 1739 1983 1785 est
1998 1728 2138 1800 quod
2158 1729 2354 1794 dicitis,
2378 1729 2504 1799 quid
2527 1727 2629 1783 hoc
2671 1730 2904 1798 pertinet
2930 1726 2998 1781 ad
3030 1726 3357 1781 dominicum
3387 1728 3486 1781 tri-

1901 1824 2115 1879 ticum?
2166 1822 2323 1878 Palea
2350 1839 2468 1892 quae
2489 1820 2634 1877 foras
2672 1821 2891 1888 volavit,
2941 1821 3148 1891 paleam
3177 1836 3298 1890 qua:
3344 1819 3491 1875 intus

1900 1914 2157 1971 remansit
2205 1923 2458 1969 accuset:
2502 1928 2608 1968 non
2646 1913 2789 1969 enim
2823 1922 2932 1967 tota
2980 1912 3198 1983 poterit,
3232 1912 3335 1966 nisi
3361 1925 3493 1989 ven-

1901 2009 2094 2064 tilabro
2122 2007 2311 2062 ultimo
2363 2005 2623 2076 separari.
2672 2005 2727 2060 Si
2780 2014 2959 2059 autem
2990 2004 3182 2058 falsum
3230 2012 3332 2071 est,
3364 2000 3493 2073 quid

1900 2100 2093 2155 mirum
2107 2099 2151 2154 si
2182 2099 2331 2169 palea
2363 2096 2731 2167 tanquamlevi
2762 2096 2887 2149 flatu
2915 2093 3268 2150 dissensionis
3292 2093 3489 2160 ablata,

1899 2191 2059 2247 etiam
2085 2189 2408 2246 dominicum
2429 2188 2657 2244 triticum
2687 2186 2835 2241 falsis
2860 2184 3319 2241 criminationibus
3346 2184 3486 2237 inse-

1899 2283 2114 2338 ctatur?
2164 2282 2498 2351 Quapropter
2544 2279 2611 2335 de
2662 2278 2910 2333 omnibus
2968 2277 3164 2332 talibus
3206 2274 3489 2330 invidiosis

1898 2373 2211 2431 criminibus
2251 2372 2355 2428 hoc
2396 2372 2546 2426 vobis
2595 2372 2920 2425 frumentum
2974 2367 3192 2435 Christi,
3225 2367 3366 2437 quod
3396 2382 3493 2436 per

1898 2483 2105 2539 agrum,
2136 2466 2187 2520 id
2215 2475 2316 2529 est,
2346 2481 2441 2535 per
2466 2473 2630 2518 totum
2663 2463 2919 2518 mundum
2941 2478 3062 2517 cum
3093 2460 3312 2516 zizaniis
3336 2475 3489 2515 cres-

1898 2575 2021 2615 cere
2042 2558 2247 2628 jussum
2276 2566 2376 2623 est,
2424 2557 2586 2611 libera
2640 2564 2695 2610 et
2746 2570 2935 2611 secura
2975 2569 3106 2608 voce
3154 2553 3489 2623 reSpondet:

1898 2655 1956 2711 Si
1982 2671 2089 2709 non
2115 2654 2350 2724 probatis
2373 2650 2512 2723 quod
2542 2650 2739 2718 dicitis,
2774 2648 2842 2704 ad
2891 2650 3163 2703 neminem
3214 2648 3483 2717 pertinet;

1898 2750 1944 2804 si
1972 2759 2149 2803 autem
2182 2746 2437 2817 probatis,
2482 2743 2550 2798 ad
2575 2759 2661 2798 me
2686 2758 2793 2798 non
2825 2743 3072 2811 pertinet.
3102 2742 3181 2796 Ex
3196 2754 3302 2811 quo
3352 2740 3410 2793 fit
3435 2747 3494 2794 ut

1900 2840 2218 2910 quicumque
2245 2852 2302 2893 se
2322 2836 2390 2891 ab
2415 2836 2515 2890 ista
2550 2834 2757 2889 unitate
2796 2832 3051 2887 frumenti
3096 2840 3315 2902 propter
3344 2830 3490 2884 ziza-

1900 2933 2111 2987 niorum
2135 2930 2221 2985 vel
2259 2930 2427 3001 paleae
2482 2927 2707 2982 crimina
2738 2925 3027 2995 separavit,
3067 2932 3288 2995 propter
3317 2926 3494 2994 ipsum

1899 3022 2250 3078 dissensionis
2279 3030 2335 3077 et
2383 3019 2687 3075 schismatis
2714 3018 2910 3073 malum
2938 3032 3038 3071 nec
3078 3016 3146 3072 ab
3173 3017 3291 3087 ipso
3315 3016 3494 3071 crimi-

1901 3132 1969 3171 ne
1992 3114 2263 3170 homicidii
2289 3128 2348 3168 se
2380 3112 2547 3183 possit
2597 3109 2906 3176 defendere,
2959 3109 3169 3164 dicente
3194 3108 3490 3179 Scriptura,

1903 3208 2004 3275 Qui
2029 3209 2132 3262 odit
2160 3208 2367 3277 fratrem
2386 3222 2552 3269 suum,
2580 3203 2833 3258 homicida
2867 3201 2980 3275 est(
3008 3200 3025 3254 l
3059 3201 3216 3255 Joan.
3246 3217 3325 3268 In,
3356 3201 3424 3256 15
3448 3201 3491 3271 ).

1972 3299 2199 3356 CAPUT
2245 3297 2384 3353 XXI.
2408 3298 2576 3351 —47.
2598 3295 2783 3350 PETIL.
2807 3294 2939 3349 dixit
2962 3312 2974 3348 :
3000 3293 3161 3364 Ergo,
3180 3301 3233 3347 ut
3250 3293 3492 3359 diximus,

1900 3392 2151 3447 Dominus
2179 3390 2405 3445 Christus
2433 3389 2668 3442 clamavit
2692 3387 2760 3440 ad
2787 3386 3032 3452 Paulum,
3056 3404 3074 3437 ι
3099 3385 3276 3450 Saulc,
3308 3384 3488 3453 Saule,

1901 3483 2024 3556 quid
2054 3468 2133 3537 me
2168 3480 2474 3551 persequeris
2497 3480 2521 3533 ?
2548 3478 2745 3532 Durum
2765 3488 2833 3532 est
2856 3477 2943 3531 tibi
2968 3478 3206 3531 adversus
3218 3476 3484 3531 stimulum

1901 3574 2183 3628 calcitrare.
2211 3591 2230 3623 ι
2250 3571 2391 3626 Dixit
2411 3581 2579 3625 autem
2601 3569 2800 3623 Paulus
2828 3585 2847 3623 :
2882 3587 2901 3620 ι
2934 3569 3061 3634 Quis
3077 3584 3148 3635 es,
3174 3566 3438 3622 Domine?
3466 3586 3487 3620 s

1904 3667 2065 3737 Eique
2088 3681 2383 3737 responsum
2407 3675 2478 3718 est
2505 3680 2522 3718 :
2550 3682 2567 3714 ι
2604 3660 2718 3733 Ego
2740 3661 2967 3715 Christus
3001 3660 3324 3728 Nazarenus,
3348 3674 3497 3729 quem

1904 3766 1959 3812 tu
1981 3758 2305 3828 persequeris.
2340 3775 2360 3807 ι
2394 3754 2457 3809 Et
2483 3755 2569 3809 ille
2590 3764 2801 3807 tremens
2823 3769 2882 3807 ac
2906 3762 3109 3822 stupens
3139 3752 3267 3806 dixit
3289 3768 3307 3804 :
3334 3769 3353 3801 ι
3381 3749 3496 3804 Do-

1905 3852 2056 3918 mine,
2082 3851 2203 3921 quid
2253 3866 2332 3903 me
2372 3849 2445 3902 vis
2476 3850 2640 3918 facere
2669 3846 2694 3899 ?
2729 3865 2749 3898 s
2799 3845 2867 3899 Et
2914 3844 3163 3898 Dominus
3189 3844 3256 3896 ad
3297 3842 3444 3896 illum
3474 3858 3496 3896 :

1911 3960 1930 3994 t
1971 3944 2156 4012 Surge,
2182 3952 2227 3994 et
2252 3941 2385 3993 intra
2428 3940 2481 3991 in
2511 3937 2780 4003 civitatem,
2824 3946 2868 3990 et
2919 3936 3114 3988 dicetur
3164 3934 3253 3987 tibi
3291 3934 3412 4003 quid
3442 3942 3492 3987 te

1906 4045 2132 4107 Oporteat
2153 4033 2337 4104 facere.
2370 4050 2389 4083 ι
2417 4030 2485 4084 Et
2505 4029 2834 4100 interpositis,
2868 4046 2886 4079 ι
2917 4026 3331 4081 Surrexitautem
3354 4025 3495 4080 Sau-

1907 4129 1986 4183 lus
2005 4127 2067 4180 de
2088 4136 2254 4193 terra,
2287 4123 2568 4195 apertisque
2600 4121 2761 4176 oculis
2808 4120 2911 4173 suis
2959 4118 3086 4172 nihil
3138 4117 3352 4171 videbat.
3384 4136 3403 4170 s
3448 4115 3493 4172 ο

1906 4220 2063 4274 ultrix
2118 4218 2305 4288 furoris
2352 4215 2571 4281 cwcitas,
2625 4213 2889 4267 oculorum
2931 4210 3273 4281 persequentis
3320 4210 3490 4264 lumen

1908 4310 2192 4376 obnubilas,
2214 4308 2323 4362 solo
2364 4305 2627 4375 Baptismo
2654 4302 2953 4357 recessura!
2985 4298 3256 4355 Videamus
3293 4316 3411 4371 ergo
3440 4299 3494 4353 in

1907 4403 2103 4459 civitate
2148 4401 2269 4472 quid
2317 4400 2486 4469 gessit.
2516 4416 2535 4449 ι
2570 4395 2809 4462 Introiit,
2848 4414 2866 4446 ι
2895 4395 3084 4464 inquit,
3120 4412 3138 4445 ι
3178 4394 3400 4446 Ananias
3422 4389 3494 4446 ad

1910 4496 2145 4561 Saulum,
2170 4503 2215 4548 et
2244 4510 2358 4546 cum
2377 4491 2695 4560 imposuisset
2736 4488 2784 4542 ei
2834 4503 3033 4552 manus,
3057 4486 3168 4539 ait:
3198 4485 3357 4540 Saule
3378 4485 3492 4553 fra-

1908 4600 2002 4655 ter,
2027 4587 2275 4641 Dominus
2303 4584 2438 4638 misit
2479 4599 2558 4635 me
2599 4580 2768 4644 Jesus,
2810 4579 2897 4648 qui
2918 4578 3051 4631 visus
3076 4587 3148 4630 est
3190 4576 3277 4629 tibi
3317 4576 3372 4628 in
3410 4574 3495 4628 via

1908 4698 2007 4753 qua
2031 4677 2277 4741 veniebas,
2298 4685 2353 4729 ut
2382 4675 2551 4728 videas
2580 4681 2625 4725 et
2645 4670 2904 4740 implearis
2931 4668 3131 4738 Spiritu
3146 4675 3337 4720 sancto.
3360 4664 3490 4720 Con-

1911 4774 2077 4845 festim
2116 4769 2398 4824 ceciderunt
2442 4767 2504 4818 ab
2554 4763 2712 4817 oculis
2752 4762 2861 4831 ejus
2909 4770 3148 4829 tanquam
3180 4774 3419 4827 squamae,
3445 4766 3495 4812 et

1908 4867 2070 4919 visum
2094 4862 2297 4933 recepit,
2318 4869 2362 4912 et
2390 4873 2600 4928 surgens
2619 4855 2903 4924 baptizatus
2923 4863 2994 4907 est
3025 4872 3043 4904 ι
3067 4850 3198 4924 (Act.
3221 4868 3294 4918 1x,
3317 4850 3489 4920 4-18).

1911 4955 2036 5011 Cum
2056 4955 2208 5025 igitur
2233 4950 2429 5005 Paulus
2449 4966 2481 5001 a
2500 4948 2708 5001 crimine
2728 4944 3053 5017 persequendi
3076 4942 3338 5013 Baptismo
3367 4940 3494 4993 libe-

1910 5057 2070 5112 ratus,
2114 5044 2285 5099 oculos
2328 5040 2596 5113 sumpserit
2634 5040 2923 5092 innocentes
2947 5054 2965 5101 ;
2986 5052 3075 5090 cur
3095 5052 3197 5089 non
3228 5034 3301 5087 vis
3320 5044 3496 5103 perse-

1912 5149 2055 5193 cutor
2071 5145 2117 5191 et
2152 5135 2365 5190 traditor
2389 5148 2549 5187 aecus
2582 5132 2714 5203 falso
2743 5130 3041 5200 baptismate
3082 5126 3144 5179 ab
3182 5126 3245 5179 iis
3267 5136 3391 5192 quos
3411 5119 3498 5173 in-

1912 5230 2131 5301 sequeris
2156 5227 2401 5296 baptizari
2423 5225 2447 5278 ?

1988 5348 2078 5404 l8.
2128 5346 2262 5401 Ave.
2302 5341 2620 5413 respondit:
2665 5339 2773 5394 Nec
2798 5343 3201 5409 persecutorem
3248 5343 3346 5385 nec
3376 5338 3486 5385 tra-

1919 5442 2146 5499 ditorem
2173 5438 2388 5511 probas,
2416 5451 2573 5507 quem
2600 5434 2679 5489 vis
2696 5432 2869 5488 denuo
2890 5428 3178 5498 baptizare.
3209 5424 3274 5479 Et
3305 5423 3350 5477 si
3368 5437 3497 5493 pro-

1917 5535 2013 5591 bas
2027 5534 2279 5604 aliquem,
2310 5545 2417 5584 non
2452 5537 2535 5583 est
2548 5537 2723 5581 tamen
2740 5522 2917 5576 denuo
2934 5515 3281 5587 baptizandus
3302 5529 3495 5586 perse-

1919 5637 2070 5683 cutor
2097 5632 2151 5681 et
2179 5622 2422 5685 traditor,
2450 5620 2495 5675 si
2521 5619 2629 5689 jam
2669 5612 2865 5669 Christi
2910 5609 3182 5680 Baptismo
3203 5607 3500 5680 baptizatus

1920 5727 2020 5773 est.
2053 5715 2275 5771 Paulum
2297 5712 2490 5783 quippe
2520 5714 2799 5777 propterea
2816 5699 3335 5772 baptizarioportuit,
3369 5696 3497 5768 quia

1920 5823 2192 5880 nunquam
2219 5806 2309 5861 tali
2338 5802 2601 5871 baptismo
2627 5797 2821 5851 tinctus
2868 5793 2985 5850 fuit.
3018 5795 3198 5864 Itaque
3238 5790 3373 5871 nihil
3402 5790 3501 5844 ha-

1920 5902 2013 5959 bet
2039 5878 2213 5956 simile
2230 5897 2304 5952 ad
2330 5907 2542 5950 causam
2568 5904 2727 5961 quam
2751 5887 3037 5946 nobiscum
3069 5886 3244 5957 agitis,
3271 5879 3414 5953 quod
3431 5878 3505 5934 dc

1922 5997 2090 6055 Paulo
2118 5995 2457 6063 interponere
2500 5984 2857 6043 voluisti.Sed
2883 5986 2931 6043 si
2968 5985 3069 6040 hoc
3096 5991 3203 6043 nan
3268 5978 3505 6046 interpo-
