4008 6478
469 405 579 464 379

468 539 625 581 num.
653 524 865 595 Quanto
896 523 1087 579 melius
1121 520 1189 576 ad
1223 534 1404 575 veram
1437 517 1833 575 confessionem
1860 514 2049 571 confu-

470 619 588 690 gies
611 660 628 685 ,
659 628 713 673 et
738 617 887 674 dices
912 633 925 672 :
957 612 1331 684 Unusquisque
1355 620 1597 667 nostrum
1625 609 1895 679 proprium
1921 620 2056 661 onus

469 709 746 780 portabit,
786 720 842 765 et
876 723 907 762 a
935 707 1110 762 tritico
1158 704 1366 776 paleam
1403 700 1760 759 ventilabrum
1808 700 2053 757 ultimum

466 801 743 872 separabit
760 800 783 854 ?

544 894 638 951 55.
679 891 785 949 Sed
824 890 1074 946 videlicet
1116 891 1273 947 times
1314 904 1383 946 ne
1426 888 1607 945 statim
1645 888 1738 944 tibi
1783 886 1991 942 dicatur
2036 903 2050 940 :

470 985 583 1043 Cur
607 998 733 1056 ergo
760 982 888 1038 dum
918 982 1037 1038 aliis
1063 982 1236 1039 aliena
1262 997 1426 1037 onera
1450 981 1717 1037 conamini
1748 980 2048 1050 imponere,

467 1077 588 1133 ausi
632 1091 728 1132 vos
775 1075 909 1131 estis
954 1083 1079 1131 ante
1124 1074 1373 1130 ultimum
1417 1072 1772 1129 ventilabrum
1816 1086 1847 1125 a
1892 1070 2057 1125 totius

466 1168 653 1224 mundi
679 1168 945 1223 dominica
976 1177 1156 1238 segete
1183 1164 1471 1237 separare?
1499 1164 1681 1235 Itaque
1702 1178 1797 1219 vos
1817 1204 1832 1230 ,
1863 1161 2055 1233 quibus

466 1258 753 1331 displicent
782 1259 920 1315 facta
950 1267 1272 1327 vestrorum,
1294 1258 1421 1315 dum
1448 1258 1649 1314 cavetis
1676 1271 1744 1311 ne
1772 1254 1923 1311 vobis
1952 1254 2052 1309 ob-

462 1350 681 1422 iiciatur
704 1350 937 1405 schisma
963 1350 1106 1421 quod
1138 1364 1329 1406 omnes
1367 1348 1569 1405 fecistis
1587 1390 1603 1416 ,
1635 1347 1796 1403 etiam
1822 1345 2056 1417 peccatis

464 1457 564 1497 vos
603 1441 888 1512 iniplicatis
908 1484 923 1508 ,
953 1458 1072 1512 quae
1098 1457 1195 1497 vos
1224 1456 1331 1496 non
1361 1440 1562 1497 fecistis
1594 1458 1607 1493 :
1640 1448 1693 1494 et
1735 1438 1863 1493 dum
1903 1438 2056 1492 timet

464 1532 701 1588 disertus
725 1533 1039 1599 Pctilianus,
1063 1547 1132 1589 ne
1152 1532 1282 1588 mihi
1303 1532 1460 1588 liceat
1478 1531 1676 1596 dicere,
1702 1545 1806 1585 non
1830 1546 1915 1585 me
1934 1544 2056 1585 esse

463 1624 629 1679 talem
656 1624 869 1695 qualem
895 1624 1061 1679 fuisse
1091 1633 1241 1694 putat
1275 1622 1616 1679 Caecilianum
1640 1662 1658 1688 ,
1698 1622 1813 1692 ipse
1848 1622 2056 1692 cogitur

463 1715 648 1773 dicere
673 1730 794 1772 esse
818 1730 877 1770 se
905 1716 1062 1770 talem
1086 1715 1298 1785 qualem
1325 1714 1492 1770 fuisse
1510 1714 1657 1768 novit
1675 1712 1947 1783 Optatum.
1971 1715 2054 1767 An

464 1816 527 1862 tu
554 1822 662 1862 non
690 1821 749 1863 es
776 1805 894 1860 talis
914 1847 928 1871 ,
958 1805 1169 1875 qualem
1212 1805 1361 1859 illum
1389 1804 1550 1860 fuisse
1579 1802 1756 1859 Africa
1786 1812 1893 1857 tota
1922 1818 2054 1858 con-

463 1898 708 1955 clamat?
733 1898 843 1954 Nec
869 1914 968 1954 nos
998 1912 1126 1969 ergo
1150 1896 1283 1953 tales
1311 1913 1497 1952 sumus
1522 1939 1537 1964 ,
1559 1897 1745 1967 quales
1774 1897 1892 1951 illos
1919 1911 2057 1966 quos

462 1994 623 2051 nobis
652 1992 913 2063 objicitis,
939 1994 1026 2049 vel
1056 2009 1209 2048 error
1236 2001 1415 2049 vester
1437 1992 1737 2062 suspicatur
1755 2034 1770 2059 ,
1798 1992 1883 2047 vel
1908 1992 2055 2047 furor

463 2083 723 2151 infamat,
745 2084 828 2139 vel
861 2086 1055 2139 veritas
1090 2084 1318 2155 probat:
1351 2084 1523 2139 multo
1556 2084 1731 2139 minus
1764 2084 1889 2139 talia
1932 2094 2057 2139 sunt

460 2188 561 2245 per
586 2190 775 2230 omnes
801 2184 989 2245 gentes
1027 2174 1294 2229 frumenta
1336 2174 1603 2229 dominica
1626 2215 1639 2239 ,
1670 2190 1788 2245 qua:
1830 2175 2054 2230 istorum

460 2282 566 2323 nec
587 2282 782 2324 nomen
804 2267 1110 2322 audierunt.
1134 2266 1288 2322 Nulla
1309 2268 1468 2338 igitur
1486 2280 1645 2322 causa
1666 2277 1767 2334 est,
1790 2283 1886 2321 cur
1908 2277 2055 2323 tanto

461 2361 669 2417 scelere
695 2361 1048 2431 separationis
1078 2370 1133 2415 et
1156 2362 1438 2432 sacrilegio
1466 2360 1770 2416 schismatis
1800 2363 2049 2430 pereatis.

461 2450 533 2508 Et
562 2458 741 2507 tamen
773 2451 817 2505 si
848 2451 973 2520 quid
1005 2465 1104 2523 pro
1148 2449 1247 2505 hac
1291 2460 1434 2506 tanta
1470 2450 1742 2521 impietate
1766 2451 1947 2505 divino
1967 2451 2053 2522 ju-

462 2544 606 2601 dicio
632 2544 939 2615 patiamini,
972 2545 1132 2599 etiam
1168 2542 1426 2614 baptizari
1458 2557 1555 2598 vos
1582 2554 1759 2599 vestro
1796 2544 2053 2615 sanguine

459 2636 644 2693 dicitis
668 2654 681 2691 :
714 2647 771 2691 ut
792 2652 978 2707 parum
1000 2637 1068 2691 sit
1087 2636 1233 2707 quod
1252 2635 1410 2692 divisi
1434 2638 1451 2668 ¹
1479 2651 1586 2691 non
1608 2637 2048 2707 compungimini,

456 2728 567 2783 nisi
597 2728 757 2783 etiam
782 2727 955 2798 puniti
978 2726 1299 2796 gloriemini.

535 2816 765 2873 CAPUT
795 2818 986 2873 X'XIV.
1007 2849 1076 2858 —
1098 2819 1186 2875 56.
1217 2819 1407 2874 Ρετιι..
1430 2818 1600 2873 dixit:
1630 2819 1695 2873 At
1727 2820 1858 2873 enim
1886 2819 1940 2873 in
1968 2836 2054 2874 eo-

460 2910 582 2965 dem
607 2910 935 2971 perduratis:
965 2928 981 2961 t
1021 2910 1122 2976 Qui
1146 2909 1301 2965 semel
1325 2911 1458 2965 lotus
1477 2917 1584 2977 est,
1612 2927 1713 2965 non
1745 2912 1893 2965 habet
1929 2928 2053 2965 cau-

461 3018 573 3060 sam
596 3002 697 3057 nisi
717 3001 867 3068 pedes
895 3000 1100 3054 lavandi
1138 3020 1157 3053 ι
1196 3000 1395 3073 (Joan.
1427 3017 1518 3055 xm
1544 3041 1561 3068 ,
1590 3001 1658 3057 10
1682 3002 1722 3071 ).
1768 3002 1939 3058 Semel
1980 3012 2052 3057 est

461 3094 600 3165 quod
626 3095 773 3149 habet
802 3105 1057 3148 auctorem
1077 3135 1092 3159 ,
1114 3095 1268 3149 semel
1289 3104 1362 3148 est
1385 3095 1520 3165 quod
1545 3094 1727 3149 veritas
1751 3096 1943 3163 ﬁrmat.

537 3186 627 3242 57.
668 3186 805 3242 Auc.
835 3184 1112 3256 respondit
1134 3202 1146 3237 :
1170 3184 1473 3255 Baptismus
1494 3185 1547 3239 in
1574 3184 1790 3241 nomine
1812 3186 1984 3241 Patris
1999 3194 2056 3242 et

462 3278 589 3335 Filii
642 3286 698 3333 et
754 3277 985 3348 Spiritus
1031 3278 1201 3332 sancti
1248 3276 1515 3331 Christum
1568 3275 1729 3331 habet
1780 3286 2053 3332 auctorem

462 3368 692 3443 (Matth.
714 3387 912 3438 xxvm,
941 3371 1089 3440 i9),
1138 3384 1244 3425 non
1291 3368 1585 3440 quemlibet
1632 3369 1902 3425 hominem
1944 3388 1957 3425 :
1998 3379 2056 3427 et

460 3462 710 3519 Christus
739 3473 823 3519 est
846 3465 1075 3529 veritas,
1108 3478 1214 3517 non
1240 3463 1464 3533 quilibet
1489 3462 1670 3517 homo.

533 3553 766 3611 CAPUT
791 3554 959 3610 XXV.
984 3584 1058 3595 --
1082 3554 1172 3610 58.
1201 3553 1387 3609 PETIL.
1420 3552 1555 3608 dixit
1581 3571 1595 3608 :
1630 3552 1770 3609 Nam
1801 3570 1916 3609 cum
1939 3571 2054 3611 reus

462 3648 603 3720 falsa
630 3648 914 3703 committas
932 3688 948 3713 ,
977 3648 1050 3702 bis
1077 3646 1340 3719 Baptisma
1367 3662 1459 3716 ego
1487 3663 1589 3703 non
1617 3647 1783 3718 facio,
1816 3650 1953 3720 quod
1978 3665 2056 3704 se-

459 3740 567 3796 mel
592 3742 701 3812 ipse
723 3758 825 3795 non
846 3741 995 3813 facis.

534 3833 626 3892 59.
670 3835 807 3892 Anc.
836 3832 1151 3904 respondit:
1192 3832 1304 3889 Nec
1344 3847 1468 3888 reos
1504 3847 1603 3890 nos
1643 3834 1876 3903 probas;
1915 3842 1971 3889 et
2009 3833 2056 3889 si

461 3939 592 3985 reus
617 3926 885 3996 baptismo
912 3925 1046 3981 falso
1071 3924 1337 3996 baptizat,
1366 3940 1471 3980 non
1502 3923 1700 3979 habent
1737 3940 1920 3980 verum
1956 3925 2057 3980 Ba-

462 4018 722 4090 ptismum
745 4060 762 4085 ,
787 4026 1049 4088 quotquot
1075 4016 1145 4071 ab
1171 4016 1251 4071 eis
1274 4015 1610 4087 baptizantur
1627 4058 1643 4083 ,
1680 4015 1771 4086 qui
1795 4017 1936 4086 apud
1960 4031 2057 4071 vos

463 4127 575 4167 non
604 4110 780 4167 solum
804 4110 1106 4176 manifesti,
1134 4108 1231 4165 sed
1260 4109 1418 4163 etiam
1448 4109 1643 4163 occulti
1665 4108 1775 4178 jam
1802 4110 1879 4164 rei
1908 4118 2052 4167 sunt.

462 4203 527 4261 Si
549 4204 693 4257 enim
714 4219 826 4259 rem
852 4202 947 4257 Dei
974 4201 1105 4269 dat,
1135 4202 1225 4272 qui
1262 4202 1592 4270 Baptismum
1628 4200 1752 4264 dat;
1789 4216 1910 4256 cum
1945 4202 2057 4271 jam

464 4295 581 4352 Deo
606 4308 733 4351 reus
758 4304 839 4349 est
863 4335 878 4360 ,
911 4294 1181 4365 quomodo
1209 4309 1323 4348 rem
1351 4294 1445 4348 Dei
1474 4293 1603 4361 dat,
1633 4293 1679 4348 si
1713 4309 1836 4349 reus
1870 4310 2055 4349 verum

464 4386 801 4458 Baptismum
824 4401 930 4439 non
958 4384 1087 4439 dat?
1113 4385 1219 4440 Sed
1243 4385 1387 4439 enim
1409 4386 1431 4416 ³
1456 4387 1779 4454 exspectatis
1801 4395 1859 4440 ut
1883 4395 1939 4441 et
1963 4400 2059 4441 vo-

467 4478 554 4534 ois
582 4483 709 4533 reus
735 4478 837 4545 sit,
863 4477 1013 4547 quasi
1039 4475 1181 4547 quod
1205 4476 1425 4531 daturus
1452 4486 1535 4531 est
1561 4486 1797 4532 vestrum
1822 4477 1911 4532 sit.

538 4570 767 4627 CAPUT
793 4568 984 4625 XXVI.
1008 4599 1080 4611 —-
1109 4570 1196 4625 60.
1244 4569 1428 4624 Ρετιι..
1462 4569 1601 4624 dixit
1636 4588 1649 4621 :
1690 4568 1831 4624 Nam
1859 4572 1903 4624 si
1930 4573 2057 4627 veris

467 4662 607 4737 falsa
638 4662 938 4733 permiscens
962 4702 978 4729 ,
1022 4661 1202 4715 iisdem
1239 4676 1373 4730 stupe
1405 4660 1623 4733 vestigiis
1657 4677 1827 4715 verum
1858 4662 2056 4733 falsitas

466 4756 717 4810 imitatur.
744 4754 834 4811 Sic
856 4796 872 4822 ,
898 4755 973 4809 sic
1004 4754 1257 4807 hominem
1288 4753 1495 4807 simulat
1526 4763 1722 4809 natura:
1750 4755 1949 4826 pictura
1975 4772 2056 4811 ve-

467 4864 587 4902 rum
608 4888 621 4911 ,
648 4862 761 4917 qua:
782 4844 1032 4899 coloribus
1053 4844 1289 4915 exprimit
1316 4845 1475 4915 falsas
1494 4845 1649 4914 facies
1668 4846 1905 4901 veritatis.
1944 4846 2055 4913 Sic,

465 4938 540 4993 sic
556 4937 750 5007 speculi
768 4937 903 4990 nitor
920 4936 1115 4990 uultum
1131 4937 1286 5008 rapit,
1304 4945 1359 4990 ut
1379 4946 1570 4991 revocet
1590 4938 1761 4992 oculos
1781 4938 2019 4993 intuentis
2039 4955 2057 4993 :

465 5030 561 5096 sic,
586 5030 660 5084 sic
684 5028 833 5097 offert
858 5029 1091 5099 proprios
1112 5028 1417 5083 venientibus
1439 5029 1627 5096 uultus,
1655 5040 1711 5083 ut
1731 5030 1843 5099 ipsa
1862 5031 2056 5085 sibimet

466 5120 681 5174 invicem
709 5124 865 5193 facies
888 5121 1129 5174 venientis
1151 5132 1417 5175 occurrat:
1446 5132 1737 5193 tantumque
1756 5123 1883 5177 ualet
1903 5140 2056 5177 mun-

469 5211 539 5264 da
568 5211 778 5282 fallacia
794 5210 838 5276 ⁸,
869 5221 923 5265 ut
948 5211 1049 5282 ipsi
1072 5228 1144 5277 se,
1168 5213 1254 5281 qui
1277 5213 1534 5283 pervident
1560 5215 1715 5281 oculi,
1740 5216 1882 5285 quasi
1905 5216 1958 5269 in
1979 5216 2059 5269 al-

470 5312 577 5357 tero
601 5318 709 5358 sese
732 5312 1054 5373 cognoscant.
1084 5300 1211 5374 Ipsa
1234 5320 1428 5375 quoque
1464 5304 1643 5358 umbra
1678 5322 1791 5358 cum
1829 5306 2053 5371 steterit,

464 5393 718 5462 Imagines
759 5393 978 5464 geminat
1022 5410 1207 5465 magna
1246 5410 1312 5449 ea:
1348 5404 1492 5465 parte
1534 5396 1794 5450 mendacio
1828 5395 2057 5450 dividens

468 5484 737 5538 unitatem.
759 5482 1027 5554 Numquid
1048 5484 1162 5539 ideo
1188 5501 1357 5539 verum
1379 5496 1449 5540 est
1468 5529 1482 5552 ,
1513 5487 1634 5559 quia
1669 5488 1833 5558 ﬁgura
1870 5487 2055 5541 menti-

537 5707 557 5781 ξ
580 5712 653 5781 εν.
683 5714 734 5757 et
751 5715 880 5781 μον..
906 5709 1109 5762 dimissi.
1133 5720 1264 5781 _Am.,_
1292 5708 1499 5761 divisim.
1534 5710 1703 5759 verius
1726 5717 1831 5759 Mss.
1850 5744 1863 5770 ,
1892 5708 2053 5762 divisi.

536 5769 692 5831 ξΑιιι..
719 5769 761 5821 si
784 5771 927 5822 enim.
953 5781 1079 5831 Mss.,
1101 5773 1170 5824 sic
1186 5769 1329 5824 enim.

535 5828 560 5862 ⁸
579 5830 715 5899 initi,
734 5831 989 5899 immunda
1006 5828 1217 5897 fallacia.
1240 5844 1295 5885 At
1317 5844 1447 5896 Msa,
1468 5833 1651 5884 mwtda
1668 5833 1736 5895 (id
1762 5841 1856 5898 est,
1868 5836 2056 5899 speculi

467 5892 652 5955 mundi)
675 5893 889 5957 fallacia.

1310 400 1580 457 CONTRA
1621 396 1958 455 LITTERAS
1996 395 2359 468 PETILIANI,
2398 399 2460 457 S.
2487 400 2856 459 AUGUSTINI

3638 398 3749 458 280

2168 519 2289 571 tur?
2328 516 2434 572 Sed
2461 520 2603 574 aliud
2638 530 2711 575 est
2749 519 3000 575 hominem
3037 518 3275 590 pingere,
3301 515 3446 572 aliud
3482 530 3747 587 generare.

2170 606 2312 663 Nam
2349 611 2459 679 quis
2499 611 2633 681 patri
2669 611 2806 681 ﬁlios
2832 610 3088 682 exoptanti
3122 610 3279 678 falsos
3315 610 3459 680 ﬁngit
3485 609 3750 680 infantes?

2166 712 2255 757 aut
2298 703 2408 773 quis
2461 706 2668 772 pictura:
2700 705 2960 760 mendacio
3010 720 3151 759 veros
3189 704 3409 759 heredes
3452 704 3751 774 exspectet?

2168 792 2409 866 Profecto
2433 797 2675 853 dementis
2705 806 2776 853 est
2795 797 2972 866 animi,
2994 796 3201 851 dimisso
3225 811 3285 851 eo
3305 795 3441 867 quod
3459 811 3635 850 verum
3655 803 3749 861 est,

2167 901 2338 940 amare
2366 887 2631 957 picturam.

2238 978 2326 1034 61.
2359 980 2494 1037 Anc.
2526 981 2801 1051 respondit
2830 998 2845 1037 :
2877 980 3023 1038 Itane
3059 995 3164 1036 non
3192 978 3500 1048 erubescis,
3530 977 3749 1035 etiamsi

2167 1070 2219 1126 in
2267 1070 2483 1128 homine
2538 1073 2882 1130 fallacissimo
2929 1074 3126 1143 fuerit,
3178 1074 3508 1145 Baptismum
3546 1072 3751 1129 Christi

2166 1161 2453 1220 falsitatem
2484 1167 2717 1223 vocare?
2744 1166 2900 1222 Absit
2939 1166 3154 1237 quidem
3182 1175 3242 1221 ut
3278 1166 3602 1224 dominicum
3632 1164 3751 1220 fru-

2166 1261 2404 1323 mentum
2432 1255 2575 1326 quod
2602 1271 2701 1327 per
2728 1264 2899 1313 totum
2929 1272 3113 1329 agrum
3135 1297 3151 1324 ,
3180 1256 3234 1312 id
3276 1266 3392 1324 est,
3422 1256 3565 1312 hunc
3593 1272 3755 1312 mun-

2167 1344 2317 1412 dum,
2344 1361 2512 1417 usque
2535 1347 2602 1403 ad
2626 1363 2877 1415 messem,
2901 1348 2954 1404 id
2981 1357 3084 1415 est,
3109 1363 3277 1420 usque
3303 1347 3357 1404 in
3382 1349 3544 1403 ﬁnem
3566 1347 3753 1403 saeculi

2166 1440 2306 1496 inter
2334 1440 2534 1498 zizania
2559 1456 2806 1498 crescere
2830 1442 3037 1513 jussum
3063 1450 3144 1497 est
3169 1440 3385 1511 (Matth.
3414 1457 3531 1509 xm,
3557 1440 3751 1505 24-30,

2164 1532 2384 1605 36-43),
2406 1534 2599 1590 vestris
2625 1534 2921 1590 maledictis
2942 1534 3208 1590 interiisse
3230 1532 3499 1589 credatur.
3524 1532 3754 1588 Verum-

2166 1634 2345 1683 tamen
2376 1636 2431 1683 et
2468 1628 2522 1683 in
2567 1628 2698 1698 ipsis
2727 1628 2944 1683 zizaniis
2964 1670 2979 1693 ,
3008 1642 3129 1698 quae
3157 1642 3326 1698 usque
3354 1628 3408 1682 in
3438 1626 3601 1682 finem
3642 1642 3753 1681 non

2165 1717 2363 1789 colligi,
2394 1717 2489 1774 sed
2518 1719 2733 1775 tolerari
2772 1726 3037 1789 praecepta
3063 1728 3219 1785 sunt,
3251 1728 3306 1773 et
3331 1718 3384 1772 in
3427 1718 3540 1788 ipsa
3571 1718 3753 1788 palea,

2165 1824 2285 1879 qum
2315 1810 2525 1865 nonnisi
2571 1809 2760 1867 ultimo
2784 1810 3080 1866 ventilabro
3120 1818 3229 1864 tota
3258 1809 3595 1880 separabitur
3626 1807 3751 1878 (Id.

2164 1914 2245 1964 ιιι,
2275 1898 2377 1970 12)
2401 1917 2416 1966 ;
2458 1899 2617 1955 audet
2654 1900 2878 1971 quisque
2906 1901 3085 1957 dicere
3112 1900 3302 1956 falsum
3332 1914 3451 1956 esse
3480 1900 3755 1970 Baptisms

2165 1992 2311 2063 quod
2341 1993 2393 2048 in
2436 1993 2653 2049 nomine
2684 1993 2856 2049 Patris
2889 2003 2943 2049 et
2970 1994 3091 2049 Filii
3119 2003 3175 2050 et
3201 1993 3431 2065 Spiritus
3460 1994 3632 2049 sancti
3660 1993 3755 2048 da-

2171 2092 2259 2139 tur
2306 2094 2364 2140 et
2416 2084 2692 2140 sumitur?
2745 2085 2890 2153 Quos
2946 2085 3254 2141 testimonio
3304 2084 3703 2157 gravidatarum
3736 2087 3753 2117 ⁸

2165 2174 2483 2231 feminarum
2527 2176 2835 2245 convictos,
2877 2178 2964 2233 vel
3005 2178 3237 2248 collegas
3282 2178 3365 2233 vel
3408 2176 3756 2249 presbyteros

2165 2276 2375 2324 vestros
2432 2268 2499 2323 ab
2554 2268 2760 2324 honore
2809 2267 3075 2338 deponitis
3125 2268 3600 2340 (quandoquidem
3649 2269 3755 2323 ista

2162 2359 2409 2429 exempla
2439 2360 2635 2430 ubique
2664 2376 2771 2414 non
2797 2359 3043 2431 desunt),
3075 2375 3278 2431 quaero,
3306 2369 3593 2430 antequam
3622 2374 3755 2416 con-

2162 2451 2549 2519 vincerentur,
2600 2461 2777 2507 utrum
2830 2452 3047 2508 fallaces
3095 2450 3331 2521 fuerint,
3381 2467 3447 2507 an
3491 2452 3758 2508 veraces?

2163 2542 2534 2613 Respondebis
2577 2544 2758 2613 utique
2781 2585 2797 2609 ,
2830 2542 3089 2599 Fallaces.
3133 2541 3243 2598 Cur
3281 2557 3410 2613 ergo
3437 2557 3623 2598 verum
3651 2542 3758 2597 Ba-

2162 2635 2416 2706 ptismum
2445 2645 2497 2691 et
2524 2634 2813 2702 habebant,
2846 2644 2900 2690 et
2926 2634 3168 2690 dabant?
3196 2632 3309 2690 Cur
3332 2634 3385 2688 in
3410 2634 3490 2689 eis
3517 2633 3757 2689 divinam

2162 2728 2443 2783 veritatem
2474 2743 2580 2782 non
2610 2727 2985 2798 corrumpebat
3012 2727 3244 2782 humana
3270 2725 3524 2782 fallacia?
3563 2726 3759 2783 Nonne

2162 2819 2442 2875 verissime
2470 2819 2727 2889 scriptum
2758 2828 2871 2885 est,
2915 2818 3136 2874 Sanctus
3174 2819 3309 2873 enim
3333 2816 3560 2889 Spiritus
3599 2819 3759 2873 disci-

2164 2911 2321 2981 plina:
2362 2909 2570 2982 effugiet
2610 2912 2784 2980 ﬁctum
2812 2910 2979 2982 (Sap.
3008 2927 3054 2977 ι,
3084 2908 3200 2981 5)?
3240 2909 3421 2965 Fictos
3464 2925 3593 2981 ergo
3622 2910 3758 2966 istos

2161 3018 2284 3059 cum
2313 3013 2530 3060 sanctus
2555 3002 2786 3074 Spiritus
2814 3001 3052 3073 fugeret,
3084 3018 3182 3057 cur
3205 3000 3347 3074 apud
3371 3017 3466 3057 eos
3492 3002 3758 3073 Baptismi

2160 3095 2360 3151 veritas
2388 3103 2525 3162 erat,
2554 3094 2657 3149 nisi
2683 3094 2805 3165 quia
2830 3092 3061 3166 Spiritus
3089 3101 3306 3149 sanctus
3335 3092 3567 3149 hominis
3596 3091 3754 3147 falla-

2161 3186 2335 3252 ciam,
2378 3201 2486 3241 non
2512 3186 2792 3241 veritatem
2820 3184 3150 3241 Sacramenti
3191 3184 3465 3255 fugiebat?
3507 3184 3679 3239 Porro
3708 3185 3760 3240 si

2160 3287 2218 3335 et
2242 3276 2457 3333 fallaces
2486 3276 2686 3333 habent
2709 3277 3041 3348 Baptismum
3071 3290 3281 3344 verum,
3303 3276 3394 3347 qui
3424 3274 3527 3331 hoc
3550 3274 3762 3331 habent

2162 3371 2306 3442 quod
2336 3384 2557 3427 veraces
2582 3372 2603 3401 ’
2626 3369 2824 3425 habent
2861 3370 2882 3423 τ
2934 3368 3089 3425 Unde
3129 3378 3181 3425 te
3221 3376 3433 3439 oportet
3473 3366 3761 3423 advenere

2162 3476 2467 3519 sermonem
2520 3470 2671 3517 tuum
2720 3461 2899 3532 potius
2953 3475 3075 3517 esse
3124 3460 3410 3531 pigmentis
3459 3458 3761 3529 puerilibus

2162 3553 2457 3609 coloratum
2492 3570 2505 3607 :
2548 3562 2603 3608 et
2647 3552 2770 3608 ideo
2808 3552 2900 3624 qui
2946 3552 3190 3623 neglecto
3216 3551 3381 3607 verbo
3406 3550 3527 3606 vivo
3553 3550 3575 3581 ³
3616 3550 3759 3604 fucis

2162 3646 2356 3702 talibus
2401 3645 2733 3713 delectatur,
2779 3645 2895 3716 ipse
2941 3655 3085 3701 amat
3140 3660 3240 3717 pro
3294 3644 3517 3702 veritate
3573 3643 3758 3715 pictu-

2161 3753 2297 3793 ram.

2235 3829 2460 3887 CAPUT
2499 3829 2715 3886 XXVII.
2740 3860 2813 3871 -—
2838 3830 2926 3886 62.
2956 3831 3143 3886 PETIL.
3171 3830 3306 3886 dixit
3334 3848 3347 3885 :
3381 3832 3444 3884 At
3470 3831 3606 3886 enim
3630 3832 3760 3887 dicit

2163 3923 2424 3994 apostolus
2450 3923 2648 3978 Paulus
2672 3964 2687 3990 ,
2718 3941 2738 3975 ι
2771 3923 2915 3979 Unus
2941 3922 3076 3979 Deus
3093 3965 3108 3993 ,
3146 3940 3250 3977 una
3275 3923 3429 3993 ﬁdes,
3457 3940 3615 3977 unum
3644 3922 3758 3978 Ba-

2164 4015 2349 4083 ptisma
2380 4033 2398 4067 ι
2435 4013 2648 4086 (Ephes.
2676 4030 2748 4079 tv,
2775 4015 2865 4085 5).
2901 4014 3072 4071 Unum
3116 4032 3207 4069 nos
3250 4017 3588 4086 proﬁtemur;
3634 4032 3761 4070 nam

2165 4116 2355 4160 certum
2377 4115 2451 4160 est
2471 4122 2554 4160 eos
2576 4106 2662 4175 qui
2688 4105 2790 4159 duo
2813 4106 3124 4173 existimant,
3148 4106 3390 4161 insanire.

2240 4197 2329 4253 65.
2358 4197 2493 4253 Auc.
2523 4196 2802 4267 respondit
2831 4214 2845 4250 :
2892 4196 2949 4251 In
2979 4212 3074 4252 vos
3102 4197 3203 4253 ista
3241 4196 3415 4252 dicitis
3435 4238 3449 4262 ,
3480 4195 3577 4253 sed
3605 4197 3760 4253 insa-

2166 4290 2364 4347 niendo
2389 4290 2628 4346 nescitis.
2660 4289 2742 4345 Illi
2772 4290 2916 4345 enim
2944 4289 3129 4347 dicunt
3156 4290 3262 4345 duo
3292 4289 3633 4360 baptismata,
3661 4293 3761 4363 qui

2164 4381 2311 4436 aliud
2340 4382 2647 4437 existimant
2682 4380 2881 4437 habere
2913 4381 3127 4452 justus,
3157 4381 3299 4437 aliud
3326 4383 3577 4453 iniquos;
3629 4398 3761 4439 cum

2165 4489 2341 4545 neque
2380 4474 2603 4529 istorum
2634 4489 2808 4545 neque
2850 4474 3061 4530 illorum
3101 4475 3205 4543 sit,
3236 4476 3331 4532 sed
3376 4477 3447 4532 sit
3471 4475 3669 4533 Christi
3699 4480 3762 4535 in

2164 4566 2410 4635 utrisque
2436 4580 2597 4621 unum
2623 4582 2638 4631 ;
2681 4567 2924 4637 quamvis
2952 4566 3052 4637 ipsi
3079 4582 3187 4624 non
3211 4568 3318 4623 sint
3346 4584 3540 4635 unum,
3571 4569 3670 4626 sed
3700 4570 3762 4627 id

2165 4658 2309 4729 quod
2335 4669 2417 4714 est
2445 4674 2631 4723 unum,
2662 4659 2751 4714 isti
2781 4659 3011 4716 habeant
3036 4659 3104 4715 ad
3136 4661 3362 4718 salutem
3383 4704 3397 4728 ,
3426 4662 3501 4718 illi
3529 4662 3597 4719 ad
3626 4679 3761 4736 per-

2163 4751 2379 4807 niciem.

2235 4844 2462 4901 CAPUT
2508 4843 2747 4900 XXVIII.
2787 4872 2859 4885 --
2895 4844 2984 4901 64.
3026 4845 3211 4902 Parta.
3252 4846 3427 4903 dixit:
3466 4847 3655 4904 Verum
3698 4861 3762 4907 ut

2130 4937 2360 5008 aliquid
2386 4952 2703 5008 comparem,
2734 4938 2888 4992 solem
2911 4938 3163 5009 geminum
3192 4940 3350 4994 uideri
3378 4940 3604 5011 furiosis,
3636 4941 3763 4997 licet

2166 5027 2320 5083 nubes
2357 5027 2574 5083 caerulea
2612 5044 2749 5098 stepe
2786 5038 3073 5096 concurrat,
3105 5031 3309 5101 ejusque
3352 5031 3557 5086 decolor
3596 5032 3763 5102 facies

2164 5119 2433 5189 splendore
2463 5135 2720 5190 percussa,
2764 5119 2886 5173 dum
2910 5119 3042 5174 radii
3072 5122 3193 5175 solis
3220 5122 3282 5175 ab
3306 5123 3481 5177 eadem
3518 5124 3758 5192 redeunt,

2164 5214 2311 5285 quasi
2338 5212 2571 5282 proprios
2596 5211 2769 5266 radios
2796 5212 3020 5267 emittere
3050 5214 3279 5268 uideatur
3306 5230 3325 5269 :
3353 5215 3448 5284 sic,
3472 5216 3544 5271 sic
3570 5216 3625 5269 in
3653 5216 3764 5285 ﬁde

2164 5303 2496 5373 Baptismatis
2518 5302 2664 5357 aliud
2684 5312 2756 5359 est
2778 5320 3001 5375 quaerere
3025 5306 3288 5378 imagines,
3313 5308 3456 5363 aliud
3480 5325 3762 5381 agnoscere

2165 5396 2443 5452 veritatem.

2237 5488 2327 5545 65.
2354 5489 2490 5546 Auc.
2520 5490 2796 5561 respondit
2826 5510 2839 5547 :
2871 5491 3007 5561 Quid
3032 5492 3288 5563 loqueris,
3320 5496 3546 5566 quaeso?
3573 5494 3760 5564 Quan-

2229 5712 2246 5743 ι
2275 5718 2341 5760 tta
2359 5711 2409 5759 in
2429 5714 2619 5773 Isset
2640 5711 2692 5759 in
2715 5709 2876 5771 editis,
2900 5709 3235 5773 gravidarum.

2227 5775 2247 5806 ³
2272 5772 2583 5823 Floriacensis
2636 5774 2823 5836 codex,
2875 5772 2962 5836 qui
3023 5773 3111 5823 hoc
3167 5773 3307 5824 habet
3362 5775 3491 5836 quod
3533 5787 3756 5829 veraces.

2161 5837 2561 5905 Cygiraunensis,
2584 5833 2781 5905 quihoc
2972 5837 3099 5899 quod
3136 5849 3233 5887 non
3270 5832 3480 5903 veraces,

2233 5900 2253 5932 ³
2276 5905 2342 5948 tta
2365 5904 2471 5949 Mss.
2488 5903 2544 5947 At
2569 5895 2705 5957 editi,
2724 5895 2867 5948 verbo
2890 5895 3015 5948 vero.

3504 6016 3587 6033 (.L.
