4008 6468
204 453 297 512 981
1049 455 1056 463 '
1532 441 1737 500 LIBER
1772 441 2149 503 SECUNDUS.

205 577 271 634 do
293 574 471 631 nubes
516 575 746 633 caerulea
788 572 968 631 radios
1007 571 1139 629 solis
1174 582 1426 642 percussa
1469 564 1778 638 repercutit,

176 667 459 738 'numquid
487 668 701 724 furiosis
727 668 877 738 quasi
918 666 1025 722 duo
1062 664 1204 720 soles
1230 669 1528 733 apparent,
1576 673 1639 714 ac
1677 672 1784 712 non

200 760 450 816 omnibus
472 760 563 829 qui
591 758 905 814 intuentur?
929 757 1063 813 Cum
1092 765 1269 810 autem
1299 753 1515 809 furiosis
1545 752 1616 807 ita
1638 750 1785 806 vide-

202 860 323 917 tur,
367 850 503 906 solis
548 851 679 920 ipsis
706 850 932 906 videtur.
980 847 1085 905 Sed
1129 850 1174 903 si
1219 847 1503 902 molestum
1548 858 1653 899 non
1704 849 1787 899 est

199 942 339 1013 quod
382 942 684 1008 admoneo,
715 942 837 998 vide
876 942 1053 1012 potius
1095 955 1163 995 ne
1205 939 1342 994 forte
1370 938 1492 993 talia
1523 936 1702 992 dicere
1730 942 1787 990 et

195 1034 270 1090 sic
322 1034 471 1105 loqui
516 1034 774 1089 furiosum
820 1034 907 1089 sit.
958 1033 1161 1102 Nempe
1204 1042 1378 1086 tamen
1406 1031 1423 1062 ί
1454 1029 1557 1084 hoc
1601 1027 1785 1083 dicere

194 1125 415 1180 voluisti
440 1167 454 1192 ,
484 1127 660 1196 iustos
688 1126 883 1181 habere
912 1124 1188 1179 veritatem
1216 1121 1473 1192 Baptismi
1497 1163 1512 1185 ,
1559 1119 1784 1189 iniustos

192 1225 374 1271 autem
405 1217 693 1288 imaginem
724 1235 738 1271 :
768 1217 813 1272 si
846 1216 917 1271 ita
942 1226 1055 1280 est,
1088 1214 1260 1269 audeo
1289 1212 1467 1269 dicere
1494 1212 1782 1282 imaginem

124 1322 132 1329 '
191 1308 361 1365 fuisse
404 1309 460 1364 in
502 1309 597 1364 illo
619 1318 799 1363 vestro
825 1306 936 1381 (a),
965 1308 1051 1363 cui
1096 1322 1201 1361 non
1242 1306 1401 1371 Deus,
1445 1304 1541 1361 sed
1568 1302 1782 1374 quidam

191 1400 389 1458 Comes
420 1399 495 1471 (ὁ)
536 1410 651 1455 erat
682 1402 818 1456 Deus
850 1417 865 1453 ε
896 1401 1175 1456 veritatem
1214 1406 1401 1454 autem"
1419 1397 1504 1452 vel
1534 1397 1587 1451 in
1621 1406 1671 1451 te
1696 1396 1782 1450 vel

191 1494 246 1549 in
278 1494 376 1550 illo
419 1496 509 1565 qui
551 1494 654 1549 hoc
682 1495 737 1549 in
774 1510 893 1550 eum
937 1495 1208 1565 eleganter
1247 1492 1460 1555 emisit,
1492 1489 1705 1562 quando
1730 1489 1781 1545 ei

189 1583 357 1651 dixit,
387 1582 485 1639 Cui
513 1585 706 1641 Comes
746 1595 829 1640 est
855 1586 1013 1640 Deus.
1064 1585 1133 1639 Et
1161 1582 1446 1639 discernite
1486 1582 1603 1638 illos
1644 1596 1779 1652 quos

188 1685 423 1747 uterque
451 1677 767 1747 baptizavit,
798 1685 853 1731 et
894 1676 947 1730 in
988 1676 1107 1730 aliis
1130 1674 1419 1745 approbate
1448 1673 1779 1744 Baptismum

188 1782 404 1835 verum,
436 1768 503 1823 ab
530 1767 647 1822 aliis
676 1777 853 1822 autem
879 1766 1144 1823 excludite
1172 1766 1455 1836 imaginem
1478 1806 1493 1831 ,
1524 1773 1580 1820 et
1605 1763 1775 1818 intro-

188 1857 367 1914 ducite
393 1858 693 1914 veritatem.

254 1950 489 2008 CAPUT
534 1950 727 2005 XXIX.
757 1980 826 1991 —
854 1950 942 2006 66.
979 1951 1163 2005 PETIL.
1206 1948 1338 2003 dixit
1377 1965 1391 2001 :
1425 1947 1532 2003 Sed
1574 1954 1626 2001 ut
1671 1945 1778 2000 htec

189 2042 391 2097 minora
438 2042 759 2105 discurram;
804 2041 1046 2112 numquid
1084 2042 1176 2111 jus
1222 2040 1379 2104 dicit,
1428 2038 1515 2109 qui
1558 2053 1661 2091 non
1704 2046 1779 2091 est

188 2137 344 2192 curia:
388 2138 750 2208 magistratus,
792 2146 879 2189 aut
917 2135 971 2188 id
999 2134 1133 2203 quod
1164 2134 1347 2187 dixerit
1386 2133 1476 2203 jus
1518 2140 1625 2197 est,
1664 2145 1777 2184 cum

190 2231 372 2303 privati
400 2247 618 2301 persona
648 2227 851 2299 publica
885 2230 1012 2297 jura
1042 2226 1338 2297 perturbet?
1382 2225 1462 2278 An
1489 2240 1589 2277 non
1614 2223 1777 2293 magis

188 2338 305 2378 rests
330 2338 436 2376 non
464 2321 615 2375 modo
644 2337 745 2374 non
773 2319 975 2390 prodest
997 2335 1014 2384 ;
1048 2317 1137 2372 sed
1165 2332 1280 2371 cum
1303 2332 1361 2370 eo
1389 2315 1524 2386 quod
1551 2315 1773 2383 conﬁcit,

190 2413 433 2484 falsarius
461 2412 713 2466 obtinetur
737 2412 757 2442 ³
779 2412 804 2464 ?

258 2506 347 2561 67.
380 2506 522 2562 Ave.
554 2504 830 2575 respondit
859 2522 873 2558 :
916 2502 1053 2571 Quid
1074 2544 1089 2571 ,
1122 2503 1167 2558 si
1212 2502 1313 2557 iste
1354 2502 1589 2570 privatus
1617 2509 1776 2571 atque

189 2597 434 2653 falsarios
475 2596 648 2666 legem
696 2596 1035 2667 imperatoris
1081 2594 1240 2649 alicui
1282 2592 1414 2648 det?
1462 2606 1641 2649 nonne
1687 2591 1778 2647 ille

190 2704 308 2746 cum
351 2689 644 2744 contulerit
671 2704 793 2743 cum
836 2688 916 2743 eis
958 2687 1047 2758 qui
1092 2685 1230 2741 hanc
1269 2684 1485 2748 habent,
1527 2692 1581 2739 et
1606 2683 1777 2753 ipsam

191 2795 307 2838 esse
336 2780 641 2843 invenerit,
690 2795 795 2833 non
841 2776 1067 2833 attendit
1103 2791 1134 2831 a
1179 2791 1285 2847 quo
1331 2773 1631 2845 acceperit,
1681 2774 1777 2829 sed

191 2872 314 2944 quid
354 2870 677 2939 acceperit?
737 2870 1009 2926 Falsarius
1060 2869 1258 2939 quippe
1303 2866 1515 2937 quando
1565 2880 1631 2921 ex
1680 2880 1776 2921 sua

196 2962 416 3019 falsitate
440 2963 534 3018 dat
561 2962 782 3033 aliquid,
820 2962 1011 3017 falsum
1041 2969 1123 3015 est
1152 2978 1165 3014 :
1198 2958 1409 3030 quando
1436 2966 1612 3013 autem
1642 2957 1775 3013 alie-

193 3070 312 3111 num
343 3071 531 3110 verum
561 3054 629 3109 ab
653 3054 834 3124 aliquo
860 3052 1035 3119 datur,
1063 3051 1271 3107 etiamsi
1299 3066 1327 3103 a
1358 3049 1571 3105 falsario
1593 3048 1773 3117 detur,

193 3149 429 3220 quamvis
470 3147 564 3202 ille
592 3162 757 3201 verax
786 3160 893 3202 non
922 3144 993 3201 sit
1013 3185 1030 3213 ,
1061 3158 1247 3199 verum
1289 3150 1374 3199 est
1413 3151 1588 3197 tamen
1630 3138 1775 3212 quod

192 3240 357 3297 datur.

253 3332 485 3391 CAPUT
528 3332 699 3388 XXX.
739 3361 812 3373 --
848 3331 940 3387 68.
972 3329 1159 3385 Ρετιι..
1189 3327 1323 3384 dixit
1352 3344 1365 3382 :
1399 3326 1500 3380 Aut
1541 3326 1585 3381 si
1628 3326 1772 3397 quis-

192 3442 332 3495 quam
370 3424 604 3479 carmina
644 3421 919 3477 sacerdotis
961 3420 1245 3474 memoriter
1286 3426 1485 3483 teneat,
1528 3414 1773 3484 numquid

192 3518 299 3573 inde
325 3516 567 3571 sacerdos
600 3525 701 3580 est,
730 3512 864 3584 quod
908 3528 993 3568 ore
1033 3511 1280 3579 sacrilego
1307 3523 1509 3562 carmen
1551 3506 1772 3578 publicat

192 3610 455 3664 sacerdotis
474 3609 501 3661 7

254 3702 341 3759 69.
380 3703 518 3758 Avc.
551 3698 832 3771 respondit
862 3716 874 3751 :
908 3695 985 3752 lta
1029 3694 1171 3751 istud
1215 3693 1383 3758 dicis,
1415 3690 1566 3762 quasi
1608 3689 1771 3745 modo

192 3808 482 3865 quaramus
512 3791 632 3862 quis
661 3791 731 3845 sit
757 3804 919 3845 verus
957 3785 1241 3849 sacerdos,
1281 3793 1336 3839 et
1378 3798 1484 3837 non
1530 3780 1657 3852 quid
1702 3781 1771 3835 sit

191 3900 373 3941 verum
399 3885 687 3955 Baptisma.
719 3881 791 3938 Ut
828 3881 969 3937 enim
1015 3880 1085 3934 sit
1135 3879 1359 3948 quisque
1384 3890 1543 3929 verus
1588 3886 1769 3927 sacer-

192 3977 300 4045 dos,
349 3985 562 4048 oportet
610 3984 668 4029 ut
714 3992 821 4031 non
867 3973 982 4028 solo
1006 3972 1375 4032 Sacramento,
1424 3964 1519 4021 sed
1566 3964 1770 4034 iustitia

193 4084 391 4140 quoque
432 4066 717 4132 induatur,
748 4066 884 4120 sicut
913 4062 1169 4133 scriptum
1205 4066 1288 4114 est
1316 4076 1328 4111 :
1360 4056 1657 4112 Sacerdotes
1696 4053 1772 4108 tui

192 4160 455 4214 induantur
473 4158 679 4230 justitia
701 4155 868 4226 (Psal.
888 4170 1073 4220 cxxxn,
1089 4152 1169 4223 9).
1191 4150 1292 4218 Qui
1318 4158 1496 4204 autem
1522 4147 1638 4204 solo
1664 4147 1765 4202 Sa-

192 4260 452 4307 cramento
495 4249 750 4305 sacerdos
788 4256 903 4314 est,
936 4246 1072 4300 sicut
1109 4242 1209 4297 fuit
1250 4239 1486 4311 pontifex
1512 4237 1762 4309 Caiphas,

192 4351 491 4413 persecutor
537 4341 693 4396 unius
737 4350 792 4395 et
837 4335 1103 4394 verissimi
1148 4332 1481 4399 sacerdotis;
1525 4330 1770 4403 quamvis

191 4434 293 4505 ipse
313 4451 420 4491 non
449 4435 523 4491 sit
549 4448 731 4499 verax,
762 4430 904 4502 quod
930 4430 1023 4485 dat
1052 4438 1231 4484 tamen
1260 4442 1447 4482 verum
1477 4432 1561 4480 est
1586 4423 1631 4477 si
1658 4436 1769 4477 non

192 4526 269 4583 det
294 4543 450 4584 suum
468 4568 486 4594 ,
516 4525 611 4582 sed
638 4525 733 4581 Dei
766 4543 780 4578 :
813 4527 952 4578 sicut
975 4521 1043 4577 de
1068 4520 1183 4590 ipso
1212 4518 1410 4588 Caipha
1437 4516 1635 4571 dictum
1663 4522 1766 4582 est,

195 4617 293 4674 Hoc
321 4629 493 4673 autem
525 4634 627 4672 non
653 4633 687 4670 a
714 4632 767 4671 se
795 4615 944 4679 dixit,
974 4612 1061 4668 sed
1085 4628 1199 4665 cum
1220 4618 1346 4664 esset
1374 4608 1620 4679 pontifex,
1651 4621 1771 4675 pro-

194 4712 396 4778 phetavit
427 4708 609 4781 (Joan.
637 4722 697 4761 xt
717 4748 733 4775 ,
761 4705 920 4761 49-5!
946 4744 963 4771 ,
990 4712 1037 4757 et
1060 4717 1186 4756 xvm
1208 4742 1221 4766 ,
1247 4701 1361 4768 14).
1390 4698 1456 4753 Et
1480 4707 1678 4762 tamen,
1712 4703 1771 4749 ut

194 4815 249 4856 eo
270 4816 482 4871 quoque
508 4797 671 4854 simili
699 4808 816 4851 utar
841 4794 983 4866 quod
1011 4794 1125 4863 ipse
1150 4790 1393 4861 posuisti,
1426 4788 1472 4842 si
1496 4786 1681 4842 audias
1700 4785 1770 4841 ab

192 4890 353 4960 aliquo
389 4890 478 4945 vel
520 4887 743 4959 profano
774 4899 987 4955 precem
1026 4880 1320 4938 sacerdotis
1354 4877 1531 4934 verbis
1566 4886 1620 4932 et
1647 4892 1767 4947 my-

194 4982 354 5039 steriis
394 4979 720 5052 evangelicis
746 4974 1135 5033 conformatam
1159 4972 1217 5039 ³;
1259 4968 1516 5040 numquid
1543 4975 1693 5038 potes
1718 4967 1770 5023 ei
1838 4980 1843 4983 '

158 5132 159 5135 η
193 5079 377 5141 dicere,
405 5075 524 5131 Non
557 5082 641 5130 est
666 5086 821 5137 vera,
849 5068 1093 5141 quamvis
1130 5066 1246 5136 ipse
1270 5079 1378 5119 non
1406 5062 1577 5117 solum
1609 5075 1769 5116 verus

192 5180 284 5220 non
313 5166 410 5234 sit,
436 5164 533 5221 sed
563 5164 726 5220 etiam
755 5160 932 5215 nullus
960 5156 1211 5214 sacerdos
1243 5155 1352 5210 sit?
1392 5168 1515 5209 cum
1551 5160 1769 5221 aposto-

190 5259 263 5313 lus
290 5258 485 5314 Paulus
507 5254 777 5328 quoddam
816 5250 1182 5307 testimonium
1204 5263 1390 5304 verum
1417 5262 1538 5302 esse
1572 5243 1772 5300 dixerit

191 5348 445 5406 Cretensis
469 5349 656 5405 nescio
680 5345 834 5416 cujus
859 5343 1135 5415 pr0phetae
1156 5382 1171 5408 ,
1197 5341 1287 5413 qui
1314 5340 1453 5394 inter
1476 5336 1767 5409 pr0phetas

193 5438 281 5497 Dei
320 5457 429 5499 non
471 5438 925 5510 computabatur:
957 5433 1034 5489 ait
1072 5433 1237 5497 enim,
1280 5429 1424 5484 Dixit
1464 5428 1672 5497 quidam
1705 5441 1768 5481 ea:

247 5640 264 5671 ¹
288 5638 429 5699 aditi,
463 5649 636 5699 nempe
674 5648 803 5699 eum.
831 5631 1131 5699 poncmnius
1151 5635 1259 5678 ass.
1279 5660 1294 5688 ,
1318 5638 1485 5688 nempe
1525 5630 1701 5675 tamen.

243 5702 263 5731 ²
282 5703 351 5749 Sic
371 5693 479 5749 uss.
506 5706 562 5748 At
577 5693 720 5757 'editi,
744 5693 940 5746 obtinet.

245 5762 266 5793 ³
287 5762 421 5819 Editi,
445 5752 798 5819 conﬁrmatam.
824 5764 934 5807 uss.
962 5766 1098 5815 vero,
1121 5752 1485 5814 conformatum.

241 5823 313 5947 iii
331 5831 501 5936 me

3368 461 3478 522 282

1894 560 2020 631 ipsis
2046 563 2284 634 proprius
2325 582 2498 622 eorum
2527 570 2794 641 propheta,
2827 570 3083 629 Cretenses
3107 590 3304 646 semper
3331 594 3476 632 men-

1894 653 2073 722 daces,
2116 658 2265 712 malae
2310 659 2511 728 bestiae,
2555 674 2745 719 ventres
2789 666 2969 737 pigri:
3000 668 3337 723 testimonium
3382 671 3478 726 hoc

1895 762 2065 803 verum
2091 760 2165 804 est
2195 750 2317 823 (Tit.
2348 770 2399 820 ι,
2428 754 2521 819 l2,
2547 756 2675 825 15).
2703 757 2761 812 Si
2787 774 2913 829 ergo
2941 760 3229 830 Apostolus
3248 803 3262 827 ,
3292 762 3478 817 nescio

1893 842 2046 913 cujus
2074 844 2382 916 alienigenae
2430 849 2752 918 testimonio,
2800 853 2921 922 quia
2966 868 3150 909 verum
3192 856 3476 925 comperit,

1894 934 2054 989 etiam
2104 937 2217 1006 ipse
2258 947 2536 995 attestatus
2579 952 2694 1008 est;
2744 959 2839 998 cur
2868 960 2964 999 nos
3005 946 3142 1016 apud
3182 947 3479 1017 quemlibet

1895 1028 2253 1085 invenerimus
2291 1032 2429 1101 quod
2453 1030 2652 1089 Christi
2691 1044 2810 1103 est,
2837 1045 2891 1091 et
2918 1052 3100 1091 verum
3132 1047 3215 1093 est
3240 1039 3401 1093 etiam
3429 1038 3476 1095 si

1894 1120 1983 1176 ille
2007 1122 2145 1193 apud
2175 1138 2331 1193 quem
2357 1124 2623 1180 invenitur
2652 1142 2934 1197 perversus
2962 1140 3019 1185 et
3047 1129 3205 1185 fallax
3231 1139 3333 1197 est,
3366 1145 3475 1185 non

1892 1211 2243 1269 discernimus
2265 1215 2450 1270 vitium
2495 1217 2638 1287 quod
2685 1217 2846 1274 homo
2890 1219 3069 1287 habet,
3114 1230 3169 1276 et
3196 1222 3475 1276 veritatem

1892 1320 2049 1377 quam
2076 1321 2184 1362 non
2211 1323 2392 1376 suam,
2422 1309 2517 1365 sed
2543 1310 2638 1366 Dei
2672 1310 2869 1377 habet;
2913 1321 2968 1367 et
2995 1312 3251 1379 dicimus,
3278 1312 3475 1368 Sacra-

1890 1408 2129 1455 mentum
2164 1400 2265 1455 hoc
2289 1416 2475 1456 verum
2513 1411 2631 1466 est;
2674 1403 2812 1458 sicut
2858 1404 2945 1458 ille
2984 1404 3079 1471 ait,
3113 1404 3475 1460 Testimonium

1890 1492 1985 1545 hoc
2025 1508 2195 1545 verum
2236 1493 2351 1547 est?
2393 1492 2658 1565 Numquid
2700 1494 2821 1551 ideo
2858 1496 3102 1562 dicimus,
3141 1498 3313 1552 Etiam
3358 1498 3476 1567 ipso

1891 1581 2051 1638 homo
2092 1598 2253 1639 verax
2298 1594 2417 1649 est;
2465 1586 2586 1655 quia
2633 1586 2879 1651 dicimus,
2925 1587 3323 1643 Sacramentum
3369 1587 3477 1643 hoc

1891 1688 2079 1729 verum
2106 1676 2228 1730 est?
2250 1673 2397 1730 Sicut
2420 1684 2474 1731 et
2494 1676 2802 1745 Apostolus,
2828 1678 3081 1748 numquid
3104 1678 3223 1733 ideo
3246 1678 3476 1750 pr0phe-

1890 1776 1997 1822 tam
2025 1768 2172 1823 illum
2205 1769 2344 1824 inter
2368 1768 2664 1839 Prophetas
2691 1771 2784 1827 Dei
2810 1771 3154 1841 computavit,
3186 1773 3307 1842 quia
3334 1772 3476 1841 quod

1887 1858 1943 1915 in
1981 1876 2046 1915 eo
2072 1877 2253 1917 verum
2282 1862 2514 1928 invenit,
2542 1876 2728 1917 verum
2758 1878 2877 1918 esse
2905 1863 3175 1918 ﬁrmavit?
3218 1861 3476 1918 Similiter

1889 1952 2028 2008 idem
2055 1954 2327 2025 apostolus
2372 1970 2494 2008 cum
2531 1954 2672 2025 apud
2710 1955 2948 2011 Athenas
2991 1964 3134 2011 esset
3176 1955 3315 2010 inter
3352 1969 3476 2010 aras

1888 2046 2192 2102 damonum
2221 2048 2597 2103 animadvertit
2620 2063 2768 2102 aram
2798 2048 3101 2119 quamdam,
3132 2049 3184 2103 in
3208 2063 3310 2119 qua
3335 2048 3475 2103 scri-

1888 2146 2035 2207 ptum
2066 2148 2182 2194 erat
2204 2180 2219 2207 ,
2248 2137 2433 2212 Ignoto
2460 2138 2588 2193 Deo.
2636 2138 2707 2193 Et
2734 2138 2836 2195 hoc
2864 2140 3221 2195 testimonium
3249 2138 3316 2194 ad
3354 2139 3477 2194 illos

1888 2231 1940 2286 in
1970 2229 2185 2286 Christo
2210 2229 2552 2289 aedilicandos
2577 2233 2885 2303 assumpsit,
2918 2233 2990 2287 ita
3022 2244 3078 2287 ut
3106 2232 3211 2288 hoc
3238 2248 3477 2288 comme-

1887 2332 2124 2378 moraret
2165 2322 2217 2376 in
2248 2338 2497 2379 sermone
2534 2338 2665 2390 suo,
2693 2333 2853 2395 atque
2895 2323 3242 2394 subjungeret
3269 2340 3282 2377 :
3315 2322 3477 2390 Quem

1887 2430 1974 2469 vos
2022 2413 2309 2484 ignorantes
2354 2414 2541 2480 colitis,
2592 2416 2726 2469 hunc
2772 2415 2908 2471 vobis
2954 2431 3046 2469 nos
3091 2415 3474 2469 annuntiamus.

1886 2503 2152 2575 Numquid
2178 2505 2297 2575 quia
2324 2506 2405 2561 vel
2425 2506 2563 2561 inter
2598 2504 2861 2561 idolorum
2898 2520 3019 2560 aras
3042 2505 3176 2560 vela
3204 2504 3477 2576 sacrilegis

1886 2606 2121 2654 erectam
2164 2614 2312 2653 aram
2354 2598 2499 2653 illam
2541 2599 2770 2668 reperit,
2814 2606 3094 2669 pr0pterea
3132 2597 3273 2668 quod
3313 2598 3366 2652 in
3410 2612 3475 2653 ea

1886 2707 2073 2749 verum
2104 2701 2219 2747 erat
2241 2692 2511 2747 damnavit
2537 2700 2628 2747 aut
2654 2692 2889 2762 respuit;
2918 2700 3009 2746 aut
3036 2700 3254 2762 propter
3281 2705 3473 2746 verum

1887 2784 2029 2856 quod
2070 2785 2126 2839 in
2166 2800 2228 2840 ea
2273 2785 2492 2856 legerat,
2526 2785 2685 2840 etiam
2728 2783 3002 2854 sacrilegia
3027 2784 3358 2855 Paganorum
3383 2799 3475 2840 se-

1886 2875 2079 2932 ctanda
2132 2891 2254 2932 esse
2312 2876 2619 2947 persuasit?
2674 2876 3075 2945 Consequenter
3124 2885 3304 2930 autem
3350 2890 3474 2930 cum

1885 2967 2061 3038 ipsum
2088 2968 2250 3023 etiam
2281 2966 2564 3023 Dominum
2590 2966 2696 3021 illis
2725 2966 2963 3037 ignotum
2985 3006 3000 3032 ,
3030 2965 3130 3020 sibi
3164 2974 3341 3020 autem
3372 2980 3473 3020 no-

1887 3069 2023 3127 tum,
2055 3060 2215 3117 etiam
2245 3059 2457 3114 illorum
2487 3059 2712 3125 notitiae,
2757 3058 2897 3113 sicut
2932 3072 3226 3128 congruere
3262 3056 3473 3125 judica-

1884 3151 1995 3218 bat,
2023 3152 2292 3207 insinuare
2313 3150 2491 3214 vellet,
2521 3151 2596 3205 ait
2624 3150 2763 3204 inter
2785 3158 2978 3205 caetera
3007 3168 3020 3203 :
3046 3147 3116 3202 Et
3140 3148 3341 3220 quidem
3369 3165 3473 3202 non

1884 3249 2036 3320 longe
2077 3248 2295 3319 positum
2340 3246 2403 3300 ab
2453 3262 2749 3316 unoquoque
2793 3254 3060 3309 nostrum;
3107 3243 3160 3297 in
3204 3243 3294 3297 illo
3337 3243 3473 3296 enim

1882 3343 2113 3409 vivimus,
2144 3352 2193 3396 et
2221 3357 2497 3405 movemur,
2529 3350 2576 3393 et
2603 3355 2796 3402 sumus,
2826 3339 2955 3392 sicut
2981 3346 3027 3391 et
3055 3336 3262 3408 quidam
3288 3352 3472 3390 secun-

1883 3434 2005 3489 dum
2032 3449 2119 3488 vos
2166 3432 2399 3486 dixerunt
2443 3430 2579 3502 (Act.
2610 3444 2750 3493 xvu,
2772 3428 2845 3484 25
2863 3469 2876 3494 ,
2904 3427 2972 3482 27
2992 3468 3007 3494 ,
3029 3425 3159 3498 28).
3207 3425 3473 3496 Numquid

1881 3525 2045 3583 etiam
2073 3525 2193 3593 hic,
2233 3525 2355 3596 quia
2404 3523 2605 3579 invenit
2647 3522 2787 3593 apud
2833 3521 3121 3591 sacrilegos
3167 3517 3474 3574 testimonia

1881 3617 2121 3673 veritatis
2143 3656 2158 3683 ,
2187 3625 2279 3671 aut
2303 3626 2520 3685 pr0pter
2546 3614 2646 3669 ista
2693 3614 2815 3668 illos
2853 3612 3184 3683 approbavit,
3207 3619 3301 3666 aut
3342 3626 3471 3681 pro-

1880 3719 2000 3781 pter
2037 3708 2155 3765 illos
2183 3708 2282 3764 iSta
2314 3706 2627 3763 damnavit?
2668 3705 2775 3761 Vos
2805 3714 2983 3760 autem
3027 3719 3250 3760 necesse
3289 3712 3373 3757 est
3414 3713 3474 3759 ut

1880 3819 2095 3875 semper
2122 3802 2313 3859 erretis
2332 3842 2347 3868 ,
2390 3800 2640 3870 quamdiu
2676 3807 2892 3867 propter
2920 3797 3197 3851 hominum
3225 3795 3348 3849 vitia
3376 3795 3471 3850 Dei

1880 3894 2224 3951 Sacramenta
2246 3890 2475 3956 violatis,
2499 3898 2591 3943 aut
2616 3903 2712 3942 nos
2742 3897 2959 3957 propter
2982 3886 3073 3940 Dei
3101 3886 3467 3949 Sacramenta,

1881 4002 2001 4057 qua:
2026 3985 2085 4040 in
2110 3984 2264 4039 vobis
2292 3981 2496 4036 violare
2533 3980 2799 4042 nolumus,
2830 3978 2989 4033 etiam
3020 3976 3183 4031 vestri
3212 3975 3470 4031 schisma-

1880 4078 1952 4135 tis
1980 4075 2316 4146 sacrilegium
2344 4086 2617 4128 assumere
2647 4070 2861 4142 putatis.

1951 4166 2176 4225 CAPUT
2225 4164 2416 4220 XXXI.
2462 4194 2533 4203 —
2572 4161 2660 4218 70.
2708 4162 2894 4217 PETIL.
2925 4161 3058 4216 dixit
3087 4178 3099 4214 :
3132 4159 3309 4215 Omnis
3336 4161 3468 4215 enim

1883 4272 2102 4334 potestas
2127 4278 2191 4315 ea;
2219 4258 2325 4313 Deo
2351 4266 2425 4314 est
2453 4258 2631 4329 (Rom.
2664 4272 2791 4319 xm,
2826 4255 2902 4325 l),
2934 4271 3034 4308 non
3063 4254 3116 4307 in
3142 4252 3343 4306 homine
3370 4268 3469 4322 po-

1881 4355 2072 4411 testatis
2100 4353 2116 4385 ¹
2144 4369 2163 4408 :
2191 4352 2321 4406 sicut
2354 4349 2537 4405 Pontio
2566 4347 2737 4402 Pilato
2760 4344 3017 4417 respondit
3038 4343 3288 4398 Dominus
3316 4342 3468 4398 Iesus
3548 4389 3565 4400 .

1882 4445 2130 4512 Christus,
2166 4462 2185 4495 ι
2222 4442 2343 4497 Non
2373 4441 2577 4495 haberes
2620 4440 2672 4493 in
2718 4454 2797 4493 me
2840 4446 3168 4509 potestatem,
3198 4436 3297 4490 nisi
3339 4446 3469 4491 esset

1880 4539 1971 4592 tibi
2010 4538 2225 4607 desuper
2262 4536 2380 4588 data
2415 4551 2434 4585 ι
2467 4530 2643 4603 (Joan.
2676 4546 2786 4598 xix,
2817 4527 2929 4599 Η).
2971 4528 3039 4581 Ει
3064 4528 3246 4583 iterum
3273 4527 3470 4581 dicente

1878 4629 2113 4693 Joanne,
2143 4645 2161 4677 ‹
2196 4624 2317 4679 Non
2358 4631 2515 4695 potest
2555 4624 2702 4675 homo
2745 4624 2910 4693 facere
2948 4618 3254 4690 quidquam,
3295 4618 3393 4673 nisi
3421 4618 3469 4674 ei

1880 4720 2057 4775 datum
2088 4719 2239 4791 fuerit
2267 4716 2330 4771 de
2353 4716 2476 4769 caelo
2508 4734 2526 4766 ι
2557 4712 2667 4785 (Id.
2696 4728 2772 4780 ut,
2801 4710 2915 4781 27).
2943 4710 3081 4766 Doce
3104 4710 3280 4782 igitur,
3311 4712 3469 4765 tradi-

1882 4820 1981 4877 tor,
2011 4808 2287 4867 simulandi
2315 4806 2553 4877 mysteria
2577 4804 2780 4873 quando
2809 4804 3063 4874 acceperis
3091 4813 3404 4875 potestatem.

1952 4903 2042 4958 71.
2083 4902 2217 4957 Ave.
2264 4896 2538 4969 respondit
2576 4915 2589 4951 :
2636 4896 2715 4951 Tu
2759 4895 2894 4952 doce
2943 4896 3136 4968 potius,
3187 4898 3468 4952 universus

1880 4994 2027 5051 orbis
2056 5002 2318 5048 terrarum
2342 5032 2358 5058 ,
2385 5004 2491 5060 quo
2521 4988 2709 5043 diffusa
2744 4997 2828 5043 est
2868 4986 3151 5044 hmreditas
3175 4986 3372 5043 Christi
3409 4997 3466 5042 et

1879 5086 1972 5143 illa
2018 5093 2096 5141 tot
2138 5083 2374 5155 gentium
2417 5080 2698 5136 multitudo
2722 5121 2738 5148 ,
2770 5079 2861 5135 ubi
2900 5081 3141 5150 Apostoli
3194 5076 3465 5133 Ecclesias

1878 5176 2253 5242 fundaverunt,
2280 5171 2495 5244 quando
2523 5170 2821 5241 baptizandi
2847 5172 3085 5227 amiserit
3120 5177 3462 5241 potestatem.

1878 5270 2159 5342 Nunquam
2181 5266 2398 5323 docebis
2426 5283 2440 5320 :
2470 5280 2576 5319 non
2618 5264 2787 5320 solum
2815 5264 2936 5335 quia
2959 5278 3053 5319 eos
3082 5259 3419 5316 calumniaris
3445 5302 3463 5330 ,

1879 5379 1987 5420 non
2034 5362 2196 5418 doces
2242 5358 2570 5422 traditores;
2621 5355 2717 5413 sed
2762 5355 2886 5427 quia
2934 5352 3142 5409 etiamsi
3190 5350 3459 5417 docueris,

1878 5471 1987 5513 non
2016 5459 2193 5525 potest
2231 5448 2596 5521 quorumlibet
2622 5447 2880 5502 malorum
2911 5444 3083 5498 scelus
3106 5480 3123 5507 ,
3164 5440 3276 5495 sive
3304 5440 3457 5512 igno-

1878 5558 2084 5617 torum,
2110 5547 2221 5602 sive
2245 5543 2505 5599 fallacium
2529 5584 2543 5609 ,
2571 5542 2684 5597 sive
2714 5549 2770 5595 ut
2797 5537 2997 5593 zizania
3022 5534 3107 5591 vel
3137 5535 3287 5604 palea
3328 5534 3463 5592 tole-

1876 5641 2193 5705 randorum,
2222 5646 2463 5695 evertere
2490 5634 2750 5706 promissa
2776 5630 2904 5697 Dei,
2936 5638 3122 5686 utnon
3168 5629 3221 5685 in
3251 5629 3459 5687 semine

1875 5733 2108 5793 Abrahae
2142 5730 2521 5788 benedicantur
2549 5739 2736 5780 omnes
2774 5732 2959 5795 gentes
2987 5741 3000 5778 :
3031 5740 3062 5780 a
3102 5724 3293 5797 quibus
3325 5737 3455 5796 pro-

1943 5870 1962 5901 ι
1986 5866 2298 5919 ιιιοτὶιοειιεὶε
2316 5860 2494 5920 codex,
2510 5853 2714 5909 notitiae.
