4008 6478
532 480 643 540 287

534 599 755 671 probas.
800 596 937 653 Illud
962 609 1093 651 vero
1136 593 1317 649 nescio
1359 592 1627 665 quomodo
1662 592 1876 647 tolerari
1929 591 2113 662 possit,

534 692 683 764 quod
708 707 816 748 non
845 692 1014 747 solum
1043 688 1347 744 hominibus
1368 687 1567 742 sanctis
1594 686 1661 742 de
1688 685 1992 741 hominibus
2016 683 2117 737 ini-

535 785 659 857 quis
682 780 1112 845 calumniamini;
1140 778 1235 834 sed
1260 779 1418 834 etiam
1440 779 1541 848 ipsi
1570 786 1755 833 sancto
1786 774 2117 845 Baptismati,

534 875 681 948 quod
724 875 780 930 in
800 872 1038 944 quolibet
1066 870 1247 941 iniquo
1282 885 1504 925 necesse
1520 877 1603 924 est
1648 876 1707 923 ut
1750 875 1990 923 sanctum
2030 865 2118 932 sit,

535 967 744 1023 crimen
772 980 839 1021 ex
867 962 1185 1034 contagione
1214 970 1555 1033 peccatorum
1593 959 1867 1014 hominum
1902 971 2122 1026 compa-

535 1062 689 1128 ratis,
734 1068 793 1115 ut
819 1059 925 1115 tale
953 1057 1143 1114 dicatis
1168 1071 1288 1112 esse
1325 1054 1615 1125 Baptisma,
1664 1052 1835 1123 qualis
1865 1060 1945 1106 est
1965 1051 2055 1105 ille
2093 1064 2124 1103 a

534 1168 644 1223 quo
673 1152 919 1219 habetur,
946 1151 1030 1207 vel
1058 1150 1234 1212 datur,
1268 1148 1354 1203 vel
1392 1148 1641 1203 sumitur.
1700 1146 1868 1200 Porro
1913 1144 1959 1199 si
2005 1142 2124 1197 talis

534 1244 609 1300 sit
638 1243 801 1300 homo
824 1243 995 1314 qualis
1024 1240 1186 1298 fuerit
1212 1241 1302 1297 ille
1326 1255 1448 1295 cum
1470 1255 1579 1310 quo
1598 1237 1803 1295 accedit
1829 1236 1894 1292 ad
1916 1244 2121 1303 sancta,

535 1347 591 1394 et
622 1339 746 1393 talia
772 1337 904 1391 fiunt
934 1337 1046 1407 ipsa
1077 1335 1421 1391 Sacramenta
1450 1332 1634 1403 quales
1660 1331 1861 1385 fuerint
1883 1329 2126 1383 homines

536 1430 593 1486 in
618 1431 811 1502 quibus
823 1438 983 1495 sunt;
1010 1428 1208 1484 sufficit
1234 1427 1430 1482 sanctis
1457 1424 1759 1479 hominibus
1786 1421 1852 1478 ad
1877 1421 2125 1477 solatium

538 1538 664 1579 cum
690 1533 879 1580 sancto
900 1522 1173 1592 Baptismo
1197 1521 1548 1576 communiter
1574 1534 1602 1571 a
1629 1518 1779 1573 vobis
1801 1515 1990 1571 falsum
2016 1516 2127 1571 cri-

538 1630 664 1670 men
691 1616 880 1670 audire
910 1631 924 1667 :
952 1627 1048 1668 vos
1066 1620 1272 1667 tantum
1294 1611 1469 1667 videte
1484 1609 1930 1681 quemadmodum
1948 1616 2128 1663 vestro

541 1720 637 1761 ore
677 1706 1025 1769 damnemini,
1079 1705 1123 1759 si
1169 1712 1223 1760 et.
1274 1702 1439 1759 sobrii
1484 1703 1646 1758 vestri
1698 1718 1765 1757 ex
1814 1700 2130 1770 contagione

541 1796 876 1854 ebriosorum
906 1807 1203 1853 vestrorum
1230 1795 1429 1851 ebriosi
1472 1805 1629 1859 sunt,
1678 1803 1732 1849 et
1756 1793 2131 1849 misericordes

541 1888 708 1944 vestri
734 1905 801 1944 ex
821 1898 1095 1959 raptorum
1117 1887 1432 1957 contagione
1458 1895 1701 1956 raptores
1725 1895 1868 1952 sunt,
1899 1893 1954 1941 et
1980 1884 2133 1955 quid-

542 1984 674 2053 quid
728 1984 868 2054 apud
898 2000 995 2040 vos
1026 1985 1080 2038 in
1127 1983 1284 2038 malis
1336 1981 1641 2037 hominibus
1683 1980 1971 2046 invenitur,
2031 1979 2133 2034 hoc

544 2085 807 2146 coguntur
845 2092 965 2132 esse
1005 2077 1093 2148 qui
1112 2091 1217 2131 non
1248 2084 1410 2141 sunt;
1476 2083 1530 2129 et
1568 2074 1682 2143 ipse
1732 2072 2034 2143 Baptismus
2078 2072 2133 2127 in

546 2168 794 2223 omnibus
818 2168 1105 2223 immundis
1138 2168 1330 2223 vestris
1353 2166 1658 2221 immundus
1688 2174 1791 2233 est,
1833 2175 1888 2220 et
1931 2180 2028 2235 pro
2057 2165 2137 2235 ip-

546 2259 660 2315 sius
678 2259 1023 2315 immunditiae
1044 2260 1347 2316 diversitate
1370 2260 1614 2313 diversus
1641 2266 1745 2323 est,
1788 2257 1832 2311 si
1860 2256 1979 2313 talis
2016 2271 2136 2312 esse

546 2352 755 2422 cogitur
783 2352 954 2422 qualis
988 2360 1071 2407 est
1111 2352 1199 2407 ille
1237 2368 1267 2405 a
1308 2367 1414 2421 quo
1455 2350 1684 2405 habetur
1721 2358 1773 2404 et
1804 2348 1980 2403 datur.
2012 2349 2137 2405 Haec

547 2444 730 2515 utique
759 2444 890 2500 falsa
918 2455 1059 2509 sunt,
1111 2454 1164 2500 et
1200 2443 1321 2499 ideo
1347 2443 1500 2499 nobis
1520 2442 1650 2497 nihil
1677 2441 1892 2508 obsunt,
1919 2456 2039 2496 cum
2072 2455 2137 2497 ea

548 2536 729 2591 dicitis
757 2537 812 2591 in
832 2551 951 2601 nos,
983 2552 1082 2592 nec
1101 2536 1367 2605 respicitis
1391 2549 1487 2590 vos
1510 2552 1524 2589 :
1549 2533 1700 2589 vobis
1723 2541 1902 2589 autem
1920 2531 2135 2601 obsunt,

548 2627 673 2698 quia
701 2642 821 2682 cum
843 2643 904 2683 ea
930 2627 1060 2682 falsa
1091 2626 1286 2693 dicitis,
1312 2627 1365 2681 in
1396 2640 1493 2681 nos
1524 2640 1630 2681 non
1653 2614 1868 2691 cadunt,
1901 2622 1995 2679 sed
2015 2624 2141 2694 quia

548 2733 612 2774 ea
641 2734 764 2774 vera
787 2721 1004 2789 putatis.
1039 2720 1090 2773 in
1113 2734 1207 2773 vos
1232 2718 1493 2774 recidunt.

622 2811 850 2867 CAPUT
880 2811 1122 2866 XXXIV.
1146 2841 1217 2852 ο-
1242 2810 1331 2867 79.
1362 2810 1547 2865 PETIL.
1573 2809 1741 2864 dixit:
1774 2807 1915 2861 Nam
1954 2806 1999 2862 si
2026 2807 2140 2861 illos

550 2901 809 2972 Apostolis
853 2901 994 2956 licuit
1044 2902 1333 2971 baptizare,
1378 2916 1502 2970 quos
1545 2899 1849 2970 paenitentia:
1891 2898 2141 2968 baptismo

550 2992 779 3049 Joannes
828 2994 1073 3061 abluerat,
1118 2993 1242 3046 mihi
1287 3008 1373 3047 vos
1420 2991 1680 3061 baptizare
1721 2991 1992 3061 sacrilegos
2040 3004 2142 3043 non

550 3083 714 3140 licebit
731 3086 757 3140 Ρ

632 3180 722 3236 80.
750 3181 884 3237 Anc.
908 3178 1182 3248 respondit
1208 3195 1220 3231 :
1244 3176 1347 3233 Ubi
1374 3185 1611 3246 est'ergo
1626 3174 1767 3246 quod
1807 3189 1966 3246 supra
1992 3174 2144 3230 dixe-

554 3284 679 3337 ras,
721 3286 828 3326 non
871 3270 1033 3324 alium
1083 3269 1407 3339 baptismum
1477 3268 1644 3322 fuisse
1689 3266 1940 3334 Joannis,
1982 3266 2143 3321 alium

550 3364 786 3432 Christi,
823 3363 915 3419 sed
939 3378 1101 3418 unum
1131 3363 1458 3432 Baptismum
1504 3360 1673 3416 tribus
1710 3359 1964 3430 gradibus
2010 3373 2143 3414 con-

552 3466 844 3522 secratum,
890 3472 1117 3528 quorum
1146 3456 1306 3510 trium
1345 3454 1604 3525 graduum
1652 3468 1843 3523 aquam
1886 3452 2140 3517 Joannes,

550 3547 809 3618 Spiritum
830 3546 1095 3613 Christus,
1119 3548 1297 3617 ignem
1322 3545 1634 3601 Paracletus
1663 3544 1843 3599 dedit?
1884 3542 1989 3598 Cur
2016 3558 2144 3613 ergo

552 3653 745 3710 aquam
780 3639 1143 3709 repetiverunt
1162 3637 1401 3707 Apostoli
1432 3637 1484 3691 in
1515 3636 1593 3691 eis
1619 3635 1810 3705 quibus
1834 3634 1943 3704 jam
1974 3632 2141 3688 Joan-

554 3744 652 3786 nes
671 3745 863 3800 aquam
884 3729 1106 3784 dederat
1133 3728 1488 3797 pertinentem
1511 3726 1579 3783 ad
1610 3742 1773 3781 unum
1817 3725 2143 3795 Baptismum

554 3822 724 3877 tribus
748 3820 999 3891 gradibus
1038 3819 1447 3874 consecratum?
1490 3817 1679 3874 Cernis
1705 3826 1849 3873 certe
1876 3832 2034 3887 quam
2076 3816 2146 3870 sit

552 3914 931 3979 necessarium,
966 3922 1024 3967 ut
1052 3912 1183 3967 sciat
1210 3912 1433 3981 quisque
1458 3910 1599 3981 quod
1627 3911 1879 3979 loquitur.

626 4004 852 4060 CAPUT
880 4002 1098 4059 XXXV.
1126 4033 1198 4044 -—
1225 4003 1313 4057 81.
1354 4002 1542 4056 Ρετιι..
1580 4000 1714 4055 dixit
1745 4018 1757 4054 :
1788 3999 1965 4070 Neque
2012 3999 2145 4053 enim

554 4099 783 4171 Spiritus
803 4106 1007 4153 sanctus
1030 4097 1083 4150 in
1111 4111 1408 4166 quemquam
1436 4110 1613 4148 manus
1632 4093 1950 4163 impositione
1979 4091 2146 4162 ponti-

555 4191 667 4260 ﬁcis
697 4190 876 4259 poterit
902 4188 1079 4253 inseri,
1103 4186 1200 4241 nisi
1227 4202 1358 4256 aqua
1388 4200 1529 4255 pura:
1570 4184 1885 4239 conscientia:
1927 4198 2143 4253 praeces-

556 4282 679 4336 serit
706 4280 1010 4351 generatrix.

603 4369 694 4426 82.
726 4370 860 4424 Anc.
874 4366 1149 4437 respondit
1187 4384 1200 4419 :
1218 4365 1274 4419 in
1288 4365 1371 4419 his
1388 4364 1566 4434 paucis
1584 4364 1762 4421 verbis
1783 4365 1887 4419 tuis
1902 4364 2007 4420 duo
2024 4374 2147 4420 sunt

554 4474 790 4519 errores.
831 4459 898 4514 Et
920 4473 1058 4513 unus
1082 4456 1296 4528 quidem
1340 4454 1408 4510 ad
1456 4456 1804 4525 qumstionem
1852 4471 1971 4526 qum
2010 4456 2147 4511 inter

555 4568 657 4610 nos
686 4551 988 4616 discutitur,
1037 4564 1144 4604 non
1171 4546 1325 4603 valde
1359 4546 1611 4617 pertinet,
1656 4546 1748 4601 sed
1779 4554 1831 4601 te
1864 4546 2147 4616 imperitiae

556 4641 817 4725 coarguit.
858 4641 991 4697 Nam
1019 4640 1071 4695 in
1097 4648 1311 4695 centum
1341 4637 1527 4709 viginti
1551 4636 1795 4693 homines
1822 4638 1940 4693 sine
1964 4637 2144 4708 cujus-

558 4750 719 4807 quam
747 4749 937 4790 ntanus
972 4731 1328 4803 impositione,
1360 4729 1411 4783 in
1452 4728 1758 4783 Cornelium
1793 4742 1921 4783 vero
1946 4728 2146 4783 Centu-

558 4826 764 4882 rionem
791 4833 847 4882 et
884 4838 979 4880 eos
1006 4824 1095 4894 qui
1126 4836 1247 4877 cum
1291 4820 1380 4875 illo
1419 4827 1593 4886 erant,
1633 4819 1794 4874 etiam
1838 4818 2148 4890 priusquam

560 4917 977 4989 baptizarentur,
1003 4914 1231 4985 Spiritus
1256 4918 1473 4966 sanctus
1498 4909 1713 4965 advenit
1741 4910 1874 4980 (Act.
1908 4926 1946 4977 ι,
1979 4910 2065 4977 15;
2085 4926 2144 4977 ιι,

560 5011 595 5067 4
618 5026 633 5078 ;
660 5020 707 5066 et
732 5025 789 5075 χ,
820 5008 937 5079 44).
966 5006 1118 5062 Alter
1145 5014 1321 5059 autem
1352 5016 1504 5057 error
1534 5000 1587 5054 in
1614 5000 1698 5054 his
1725 4999 1900 5055 verbis
1932 5000 2033 5055 tuis
2064 5009 2148 5055 to-

562 5114 669 5162 tam
683 5116 898 5160 causam
914 5109 1141 5155 vestram
1156 5099 1365 5168 penitus
1389 5095 1619 5167 perimit.
1634 5093 1776 5149 Dicis
1792 5093 1934 5149 enim
1955 5108 2148 5163 aquam

562 5210 711 5267 purae
739 5191 1083 5249 conscientia:
1115 5188 1417 5261 praecedere
1450 5196 1700 5258 oportere
1737 5185 2144 5256 generatriccm,

562 5297 619 5343 ut
658 5288 887 5359 Spiritus
928 5294 1143 5342 sanctus
1170 5289 1547 5353 consequatur.
1594 5279 1823 5335 Proinde
1846 5288 1937 5332 aut
1974 5277 2148 5333 omnis

562 5394 696 5449 aqua
726 5380 778 5433 in
807 5377 1021 5433 nomine
1051 5374 1223 5430 Patris
1246 5383 1300 5428 et
1319 5372 1439 5427 Filii
1469 5381 1521 5426 et
1549 5371 1777 5442 Spiritus
1820 5369 1987 5423 sancti
2021 5383 2149 5423 con-

563 5479 766 5525 secrata
793 5483 938 5539 purae
966 5466 1307 5522 conscientia:
1328 5473 1429 5526 est,
1463 5478 1567 5517 non
1598 5474 1813 5533 prapter
1842 5475 1933 5516 eos
1955 5475 1984 5513 a
2025 5458 2147 5529 qui-

564 5560 663 5617 bus
691 5559 1052 5624 ministratur,
1085 5557 1168 5612 vcl
1198 5572 1225 5610 a
1256 5556 1448 5626 quibus
1483 5555 1755 5624 accipitur,
1796 5551 1889 5608 sed
1936 5560 2149 5623 pr0pter

566 5654 716 5711 illum
745 5652 835 5722 qui
860 5652 1000 5707 hunc
1027 5647 1745 5721 Baptismumimmaculatus
1766 5638 1992 5700 instituit
2020 5663 2032 5699 :
2059 5654 2152 5700 aut

568 5762 614 5802 si
637 5759 828 5816 aquam
860 5759 1004 5814 purae
1033 5742 1372 5798 conscientia:
1414 5756 1520 5795 non
1549 5737 1673 5793 facit
1712 5738 1813 5794 nisi
1857 5753 1988 5808 pura
2017 5752 2150 5793 con-

567 5838 787 5895 scientia
834 5846 888 5891 ct
933 5834 1279 5890 ministrantis
1325 5831 1579 5897 hominis,
1609 5840 1663 5886 ct
1699 5830 1991 5895 sumentis;
2027 5829 2153 5901 quid

570 5929 723 6001 agitis
751 5928 819 5987 de
843 5928 908 5985 iis
928 5942 1060 6000 quos
1079 5927 1326 5985 invenitis
1352 5925 1420 5983 ab
1449 5926 1528 5984 cis
1567 5925 1878 5997 baptizatos,
1902 5922 1993 5994 qui
2021 5936 2154 5980 non-

2226 3834 2229 3837 -
2251 3817 2335 3863 cta
2383 3809 2570 3864 sectati
2619 3827 2633 3863 :

1396 474 1673 533 CONTRA
1710 472 2049 531 LITTERAS
2088 470 2450 541 PETILIANI,
2490 472 2549 530 S.
2591 474 2961 535 AUGUSTINI
3680 497 3771 558 338

2228 591 2354 647 dum
2378 594 2573 664 proditi
2595 598 2978 655 conscientiam
3006 600 3329 658 maculosam
3347 607 3630 676 gerebant:
3655 632 3773 687 prae.

2227 687 2411 779 sertim
2439 689 2483 743 si
2513 689 2652 745 inter
2680 691 2811 747 istos
2848 692 3141 763 baptizatos
3169 696 3357 767 aliquis
3395 702 3596 772 existat,
3621 711 3700 779 qui
3725 727 3774 770 se

2229 776 2459 834 fateatur
2485 782 2680 837 malam
2709 798 2830 839 cum
2860 784 3218 855 baptizaretur
3254 786 3503 850 habuisse
3528 776 3773 857 conscien-

2231 872 2379 940 tiam,
2408 873 2549 943 quod
2580 889 2673 944 per
2702 875 2848 930 illam
2875 876 3010 933 forte
3028 880 3363 938 occasionem
3388 883 3455 939 ad
3473 886 3670 959 aliquod
3692 893 3771 950 ua.

2231 963 2415 1034 gitium
2471 967 2751 1035 pervenire
2791 969 3081 1026 voluisset?
3107 971 3241 1028 Cum
3284 988 3412 1046 ergo
3448 979 3594 1035 vobis
3635 982 3772 1041 fuerit

2232 1055 2646 1123 manifestatum,
2688 1074 2789 1115 nec
2813 1060 2960 1115 illum
3000 1062 3089 1131 qui
3128 1064 3465 1133 ministravit,
3514 1086 3607 1127 nec
3646 1074 3770 1132 illum

2232 1146 2321 1236 qui
2350 1147 2912 1218 accepitBaptismum,
2936 1168 3121 1222 puram
3139 1153 3388 1213 habuisse
3405 1163 3771 1236 conscientiam,

2232 1235 2407 1293 denuo
2426 1238 2799 1309 baptizandum
2828 1257 2949 1298 esse
2974 1246 3301 1302 censebitis?
3338 1248 3663 1323 Nequaquam
3690 1235 3774 1314 hoc

2232 1326 2492 1397 dicturus,
2518 1347 2849 1404 nequaquam
2877 1333 3113 1392 facturus
3134 1352 3214 1394 es.
3266 1338 3517 1409 Baptismi
3556 1359 3674 1415 ergo
3695 1363 3776 1418 pu-

2233 1420 2364 1476 ritas
2383 1437 2413 1476 a
2434 1424 2662 1493 puritate
2684 1426 2764 1481 vel
2794 1427 3127 1484 immunditia
3152 1432 3511 1502 conscientiae,
3539 1437 3644 1493 sive
3665 1438 3774 1496 dan-

2236 1512 2304 1569 tis
2330 1514 2441 1569 sive
2468 1516 2797 1586 accipientis,
2826 1521 3044 1576 omnino
3084 1522 3333 1578 distincta
3362 1534 3464 1581 est.
3495 1528 3637 1584 Aude
3667 1545 3775 1602 ergo

2231 1601 2341 1673 jam
2402 1603 2582 1662 dicere
2632 1623 2777 1677 purae
2825 1612 3163 1669 conscientiae
3213 1615 3376 1671 fuisse
3430 1601 3773 1689 fraudatorem,

2237 1701 2527 1763 raptorem,
2558 1698 2881 1768 pupillorum
2898 1709 2952 1756 et
2967 1702 3241 1760 viduarum
3266 1720 3649 1778 oppressorem,
3674 1727 3780 1767 COD-

2233 1782 2502 1853 jugiorum
2551 1799 2951 1860 separatorem,
3016 1795 3458 1864 patrimoniorum
3519 1800 3778 1857 alienon

2240 1875 2587 1943 proditorem,
2620 1880 2975 1951 venditorem,
3016 1885 3302 1942 divisorem
3322 1886 3420 1962 (a).
3469 1890 3611 1945 Aude
3645 1892 3780 1949 etiam

2240 1966 2419 2023 dicere
2439 1983 2585 2038 pura:
2604 1973 2945 2029 conscientiae
2970 1975 3134 2033 fuisse
3154 1978 3293 2045 illos,
3320 1996 3453 2050 quos
3470 1982 3650 2037 talibus
3674 1992 3783 2037 tem-

2242 2062 2459 2131 poribus
2485 2062 2717 2120 defuisse
2737 2064 2949 2122 difficile
2975 2078 3057 2124 est
3089 2088 3101 2124 :
3131 2070 3177 2125 si
3203 2070 3293 2141 qui
3322 2072 3459 2128 forte
3482 2088 3581 2127 non
3601 2081 3784 2143 propter

2240 2152 2535 2221 Christum,
2578 2171 2676 2211 nec
2701 2167 2919 2228 propter
2947 2163 3108 2216 vitam
3148 2172 3426 2231 aeternam,
3466 2164 3557 2218 sed
3602 2173 3783 2234 prepter

2242 2246 2505 2302 amicitias
2528 2256 2767 2304 terrenas
2791 2252 3170 2321 conciliandas,
3202 2263 3257 2310 et
3294 2255 3606 2326 cupiditates
3644 2264 3783 2311 terre-

2243 2354 2341 2395 nas
2370 2340 2669 2409 satiandas,
2714 2343 2781 2399 ab
2828 2344 2919 2399 illo
2962 2354 3020 2399 ut
3071 2346 3467 2417 baptizarentur
3504 2348 3784 2404 ambierant.

2245 2428 2413 2486 Porro
2439 2431 2486 2485 si
2515 2433 2615 2488 hos
2645 2449 2789 2503 purae
2812 2436 3155 2492 conscientia:
3183 2436 3353 2495 fuisse
3394 2455 3498 2496 non
3540 2438 3691 2494 audes
3722 2438 3787 2493 di-

2245 2535 2402 2587 cere;
2438 2522 2485 2577 si
2509 2538 2646 2593 quos
2669 2540 2733 2580 ex
2750 2540 2816 2581 eo
2842 2542 3067 2583 numero
3093 2530 3364 2598 repereris
3406 2530 3699 2601 baptizatos,
3731 2528 3787 2583 da

2246 2613 2325 2668 eis
2366 2629 2524 2685 quam
2568 2631 2676 2671 non
2704 2628 3025 2688 acceperunt
3051 2635 3243 2690 aquam
3282 2637 3433 2693 pura:
3452 2622 3785 2678 conscientia:

2247 2705 2389 2775 quod
2414 2706 2460 2761 si
2489 2722 2598 2762 non
2630 2708 2778 2775 facis,
2810 2709 2995 2771 desine
3026 2711 3284 2768 adversus
3315 2727 3415 2769 nos
3450 2713 3639 2783 jactare
3671 2710 3789 2784 quod

2247 2812 2355 2852 non
2385 2798 2546 2866 nosti,
2572 2814 2641 2855 ne
2670 2801 2878 2871 cogaris
2903 2801 3160 2859 adversus
3184 2818 3284 2859 nos
3330 2804 3639 2875 respondere
3671 2800 3788 2873 quod

2250 2888 2412 2944 nosti.

2318 2979 2546 3037 CAPUT
2586 2980 2826 3037 XXXVI.
2889 3011 2957 3024 —-
2986 2984 3075 3043 83.
3114 2985 3301 3041 Parta.
3336 2985 3612 3053 dixitzaui
3649 2982 3791 3055 tuique

2250 3070 2475 3143 Spiritus
2500 3083 2701 3128 sanctus
2723 3074 2800 3127 "in
2823 3090 2909 3129 vos
2929 3075 3094 3130 venire
3120 3092 3221 3131 non
3250 3078 3438 3148 potuit,
3464 3090 3582 3147 quos
3613 3089 3699 3127 non
3727 3070 3792 3125 sei

2251 3164 2555 3233 paenitentia:
2582 3164 2859 3235 baptismus
2899 3165 3092 3232 abluit;
3130 3168 3220 3222 sed
3244 3168 3551 3239 ptenitenda,
3588 3165 3708 3236 quod
3726 3177 3791 3217 oe-

2249 3271 2363 3309 rum
2388 3264 2479 3322 est,
2507 3272 2639 3326 aqua
2660 3257 2841 3326 polluit
2860 3258 3138 3313 traditoris.

2322 3350 2411 3406 84.
2446 3351 2581 3407 Auc.
2608 3351 2886 3421 reapondit
2921 3352 3265 3410 :Traditores
3290 3355 3505 3427 quidem
3530 3366 3630 3408 non
3647 3348 3791 3405 solum

2250 3457 2350 3499 nos
2378 3460 2485 3498 non
2528 3446 2788 3515 probatis,
2838 3446 2934 3502 sed
2974 3462 3075 3504 nec
3116 3459 3296 3519 patres
3328 3448 3487 3505 vestri
3514 3454 3675 3516 patres
3715 3452 3792 3495 no-

2250 3543 2392 3591 stros
2412 3536 2639 3606 probare
2659 3546 2982 3607 potuerunt:
3033 3540 3122 3610 qui
3148 3539 3195 3595 si
3221 3540 3433 3610 probati
3470 3545 3673 3600 essent.
3704 3545 3791 3586 non

2251 3627 2433 3698 utique
2485 3637 2661 3698 patres
2699 3630 2870 3685 nostri
2920 3640 3137 3698 essent,
3183 3632 3476 3687 secundum
3520 3638 3654 3683 tuam
3693 3637 3793 3678 su--

2250 3718 2517 3791 periorem
2572 3722 2963 3789 assertionem,
3034 3738 3263 3794 quorum
3329 3740 3435 3780 non
3478 3732 3699 3778 essemus
3732 3712 3795 3768 fa-

2687 3825 2789 3866 nec
2837 3820 3014 3868 tamen
3075 3823 3295 3884 propter
3346 3830 3440 3871 eos
3490 3829 3520 3867 a
3561 3804 3794 3866 consortio

2250 3900 2624 3957 divellerentur
2663 3904 2899 3971 unitatis,
2949 3914 3004 3960 et
3045 3922 3076 3961 a
3111 3906 3316 3964 semine
3358 3906 3580 3964 Abrahae
3617 3903 3666 3957 in
3711 3909 3793 3969 quo

2250 3994 2638 4051 benedicuntur
2661 4010 2846 4051 omnes
2876 4005 3063 4067 gentes
3104 3997 3267 4071 (Gen.
3290 4015 3427 4065 xxu,
3458 3997 3568 4068 18).
3607 3993 3794 4046 Verum-

2256 4096 2433 4143 tamen
2486 4088 2531 4143 si
2580 4088 2682 4142 alia
2737 4096 2821 4144 est
2879 4104 3014 4159 aqua
3068 4090 3283 4157 Christi,
3329 4100 3383 4146 et
3426 4089 3527 4143 alia
3575 4094 3650 4141 est
3685 4091 3796 4149 aqua

2253 4179 2544 4247 traditoris,
2570 4180 2692 4250 quia
2718 4195 2825 4234 non
2872 4180 2971 4235 fuit
3008 4181 3231 4236 traditor
3265 4182 3536 4245 Christus;
3584 4190 3671 4231 cur
3709 4183 3795 4225 non

2250 4272 2354 4327 alia
2407 4272 2477 4326 sit
2520 4287 2654 4342 aqua
2704 4270 2934 4337 Christi,
2988 4282 3044 4328 et
3107 4272 3208 4327 alia
3254 4274 3327 4329 sit
3382 4286 3515 4343 aqua
3564 4261 3794 4337 raptoris.

2251 4363 2376 4435 quia
2423 4378 2523 4421 nec
2569 4374 2751 4433 raptor
2778 4364 2959 4436 utique
2997 4365 3094 4421 fuit
3124 4364 3415 4423 Christus?
3455 4361 3657 4433 Baptira
3694 4364 3795 4424 ergo

2254 4461 2309 4508 tu
2335 4464 2456 4523 post
2492 4466 2763 4525 raptorem
2792 4466 2939 4511 tuum
2965 4498 2979 4523 ,
3020 4466 3072 4512 et
3116 4457 3398 4528 baptizabo
3426 4470 3523 4525 ego
3563 4457 3673 4522 post
3713 4454 3797 4499 ln-

2253 4543 2482 4602 ditorem
2511 4560 2611 4601 nec
2651 4561 2829 4602 meum
2859 4561 2959 4601 nec
2994 4556 3175 4612 tuum;
3228 4555 3323 4602 aut
3364 4546 3409 4602 si
3459 4540 3649 4599 chartis
3694 4546 3799 4607 pro-

2254 4639 2376 4696 latis
2403 4639 2732 4697 credendum
2776 4648 2890 4705 est,
2932 4649 2989 4696 et
3015 4655 3197 4695 meum
3251 4650 3307 4697 et
3342 4651 3522 4705 tuum;
3555 4636 3597 4692 si
3648 4637 3796 4686 autem

2254 4730 2619 4786 communioni
2633 4730 2780 4786 orbis
2802 4739 3064 4784 terrarum
3090 4731 3260 4802 magis
3279 4747 3443 4803 quam
3465 4726 3596 4800 parti
3615 4716 3794 4782 Donati:

2256 4833 2364 4874 non
2396 4835 2574 4875 meum
2596 4860 2612 4887 ,
2643 4819 2738 4875 sed
2767 4827 2937 4873 tuum.
2966 4820 3183 4876 Meliore
3212 4837 3343 4877 vero
3375 4831 3429 4875 et
3455 4817 3659 4874 saniore
3692 4820 3795 4864 sen-

2256 4910 2453 4977 tentia,
2490 4910 2613 4981 quia
2653 4910 2946 4966 secundum
3002 4911 3351 4980 apostolicam
3379 4923 3594 4970 vocem,
3646 4912 3788 4957 unus-

2255 5002 2479 5072 quisque
2525 5010 2767 5058 nostrum
2796 5001 3073 5073 proprium
3100 5017 3235 5058 onus
3264 5000 3497 5074 portabit
3525 4994 3707 5069 (Galat.
3734 5002 3797 5051 νιν

2256 5090 2326 5164 5)
2352 5109 2367 5159 ;
2399 5106 2498 5148 nec
2529 5093 2616 5149 ille
2642 5102 2826 5162 raptor
2847 5100 3023 5147 vester
3042 5101 3145 5160 est,
3176 5101 3438 5164 quotquot
3458 5105 3565 5146 non
3588 5084 3705 5143 estis
3726 5092 3799 5134 ra-

2255 5194 2458 5254 ptores,
2492 5200 2592 5239 nec
2628 5185 2909 5255 quisquam
2936 5185 3165 5241 traditor
3213 5196 3305 5241 aut
3333 5193 3515 5241 noster
3539 5189 3625 5235 aut
3650 5181 3801 5230 vester

2257 5285 2341 5333 est
2357 5316 2372 5342 ,
2398 5284 2657 5346 quotquot
2684 5291 2789 5330 non
2815 5291 2999 5331 sumus
3044 5277 3340 5337 traditores,
3381 5276 3450 5331 Et
3470 5273 3586 5329 ideo
3612 5280 3701 5323 nos
3724 5275 3799 5317 su-

2257 5384 2378 5425 mus
2428 5367 2676 5423 catholici
2704 5409 2718 5433 ,
2746 5368 2837 5438 qui
2862 5368 3158 5425 secundum
3189 5371 3345 5425 istam
3375 5365 3679 5424 sententiam
3706 5365 3799 5409 non

2259 5461 2554 5517 deserimus
2579 5461 2837 5517 unitatem
2865 5481 2877 5516 :
2910 5477 3003 5518 vos
3033 5477 3164 5517 vero
3188 5461 3462 5527 haeretici,
3508 5455 3592 5527 qui
3617 5454 3803 5523 ΡΐοΡίθτ

2259 5555 2915 5629 quorumdamhominum
2936 5555 3160 5611 crimina
3181 5570 3276 5611 seu
3306 5568 3431 5609 vera
3446 5565 3536 5606 seu
3550 5545 3692 5609 falsa,
3713 5547 3803 5597 twn

2260 5651 2422 5707 vultis
2449 5661 2637 5706 tenere
2669 5664 2791 5703 cum
2815 5648 3044 5704 Abrahae
3064 5647 3272 5704 semine
3287 5644 3615 5703 charitatem.

2330 5741 2556 5798 CAPUT
2586 5738 2848 5797 XXXVII.
2876 5768 2948 5779 ——
2974 5740 3062 5796 85.
3095 5740 3283 5796 PBTIL.
3310 5736 3444 5794 dixit
3472 5751 3486 5788 :
3515 5730 3618 5790 Sed
3643 5732 3691 5781 ιιι
3712 5723 3803 5776 ἦα

2329 5926 2403 5991 (a)
2425 5934 2647 5991 Optatum
2667 5925 3009 5979 Gildonianum.
