4008 6486
180 573 237 625 ab
254 567 513 638 Apostolis
537 569 675 639 facta
702 562 1027 636 prelueeant,
1054 576 1228 617 eorum
1246 559 1438 614 actibus
1463 559 1748 623 edocemur,

181 666 299 720 sicut
317 660 570 730 scriptum
606 666 726 713 est:
758 675 777 709 ι
814 655 1031 710 Factum
1075 663 1146 709 est
1192 661 1360 707 autem
1401 652 1521 705 dum
1570 649 1755 719 Apollo

183 762 299 809 esset
323 750 580 816 Corinthi,
609 747 806 804 Paulus
838 745 1194 818 perambulatis
1216 744 1555 817 superioribus
1595 742 1758 812 parti-

184 846 269 899 bus
295 842 430 897 venit
474 840 754 913 Ephesum.
784 839 852 893 Et
876 856 991 894 cum
1024 839 1292 894 invenisset
1331 836 1579 907 quosdam
1604 834 1761 888 disci-

188 938 349 1007 pulos,
380 934 511 990 dixit
539 935 642 988 illis
675 950 694 989 :
726 933 788 989 Si
818 932 1069 1003 Spiritum
1089 941 1318 986 sanctum
1345 927 1608 999 accepistis
1648 942 1760 981 cre-

184 1027 395 1082 dentes!
420 1026 483 1079 At
508 1025 586 1079 illi
611 1025 845 1079 dixerunt
872 1039 891 1077 :
918 1023 1024 1079 Sed
1050 1039 1206 1093 neque
1226 1022 1270 1076 si
1294 1029 1365 1076 est
1395 1019 1620 1090 Spiritus
1644 1033 1764 1073 san-

186 1130 289 1174 elus
308 1118 619 1172 audivimus.
642 1115 883 1187 Dixitque
911 1113 1109 1170 Paulus
1126 1130 1145 1169 :
1168 1112 1232 1168 In
1256 1130 1354 1184 quo
1378 1128 1495 1183 ergo
1524 1108 1764 1180 baptizati

186 1213 298 1265 estis
316 1210 342 1263 .9
368 1208 439 1262 Et
463 1208 826 1278 responderunt
848 1206 1067 1261 dicentes
1092 1204 1346 1260 :Joannis
1369 1202 1650 1273 Baptismo.
1681 1199 1766 1253 Ait

187 1312 350 1354 autem
397 1298 596 1353 Paulus
625 1314 644 1352 :
672 1296 897 1352 Joannes
943 1297 1210 1368 baptizavit
1232 1294 1479 1367 baptismo
1521 1293 1768 1364 paeniten-

188 1396 287 1460 tia’,
319 1394 457 1465 plebi
483 1392 675 1458 dicens,
711 1390 766 1445 in
790 1407 901 1444 eum
926 1390 1011 1460 qui
1035 1397 1273 1443 venturus
1300 1395 1424 1442 esset
1448 1395 1560 1457 post
1602 1385 1770 1455 ipsum

189 1494 240 1538 ut
270 1483 551 1547 crederent,
595 1481 688 1536 hoc
712 1490 804 1546 est,
831 1478 1078 1535 inlesum
1099 1478 1353 1533 Christum
1378 1476 1652 1531 Dominum
1680 1490 1772 1528 no-

191 1584 367 1628 strum.
415 1572 530 1640 Quo
555 1572 753 1637 audito,
801 1569 1042 1641 baptizati
1078 1579 1195 1623 sunt
1238 1569 1294 1621 in
1330 1566 1529 1621 nomine
1565 1562 1773 1619 Domini

191 1665 349 1719 nostri
396 1662 525 1719 Iesu
552 1662 755 1718 Christi.
802 1660 870 1715 Et
918 1676 1034 1714 cum
1074 1658 1391 1729 imposuisset
1439 1656 1542 1711 illis
1593 1670 1774 1709 manus

194 1752 415 1819 Paulus,
438 1754 568 1809 venit
593 1752 815 1824 Spiritus
840 1763 1044 1807 sanctus
1062 1766 1213 1823 super
1236 1750 1373 1804 illos.
1419 1747 1777 1819 Loquebantur

195 1857 361 1902 autem
404 1846 558 1899 variis
587 1845 792 1916 linguis,
825 1856 870 1898 et
896 1842 1281 1915 prop/setabant.
1323 1838 1392 1894 Et
1436 1848 1577 1894 erant
1608 1853 1777 1893 omnes

196 1938 285 1992 viri
314 1939 424 2009 fere
450 1936 713 1989 duodecim
742 1954 760 1986 ι
794 1934 929 2007 (Act.
966 1950 1075 1998 nx,
1113 1932 1253 2003 1-7).
1284 1930 1345 1986 Si
1373 1931 1526 2002 igitur
1555 1929 1632 1985 illi
1663 1936 1781 1983 sunt

196 2030 435 2099 baptizati
453 2068 470 2095 ,
502 2037 557 2081 ut
587 2028 836 2097 Spiritum
862 2036 1091 2081 sanctum
1115 2026 1411 2096 reciperent,
1438 2040 1528 2077 cur
1551 2037 1654 2075 non
1670 2036 1778 2085 vos,

197 2123 237 2177 si
264 2130 499 2177 sanctum
523 2120 670 2174 vultis
689 2118 938 2189 Spiritum
958 2135 1170 2184 sumere,
1199 2125 1309 2185 post
1336 2125 1496 2171 vestra
1521 2113 1785 2168 mendacia

198 2230 358 2268 veram
386 2212 644 2284 percipitis
674 2211 980 2264 novitatem?
1008 2209 1107 2276 Qui
1151 2208 1195 2262 si
1238 2208 1368 2261 male
1399 2206 1491 2260 hoc
1539 2204 1781 2275 facimus,

199 2325 349 2380 quare
393 2324 488 2362 nos
529 2306 792 2376 quaeritis?
820 2314 906 2358 aut
935 2313 1067 2358 certe
1094 2304 1138 2358 si
1165 2302 1358 2356 crimen
1404 2309 1517 2366 est,
1562 2298 1788 2351 Paulum

202 2403 434 2473 primitus
463 2401 791 2455 condemnate
808 2414 825 2462 ,°
848 2398 934 2469 qui
963 2398 1134 2467 utique
1160 2394 1356 2448 Paulus
1383 2391 1517 2462 quod
1536 2393 1648 2462 jam
1678 2393 1790 2461 fue-

200 2502 277 2547 rat
299 2490 485 2558 abluit,
519 2507 608 2545 nos
633 2500 801 2543 autem
824 2489 875 2542 in
904 2487 1040 2542 vobis
1068 2486 1206 2556 quod
1244 2484 1469 2538 nondum
1505 2490 1576 2535 est
1624 2480 1789 2550 bapti-

202 2598 394 2639 samus.
428 2580 552 2635 Non
580 2581 712 2634 enim
736 2596 841 2647 vos,
877 2588 930 2631 ut
959 2593 1091 2646 saepe
1106 2577 1221 2646 jam
1245 2575 1485 2640 diximus,
1518 2587 1632 2625 vero
1670 2568 1786 2623 Ba-

205 2678 437 2747 ptismate
465 2675 694 2745 tingitis,
734 2674 823 2727 sed
850 2672 990 2726 inani
1038 2668 1276 2725 vocabulo
1316 2668 1436 2739 falsi
1477 2665 1790 2737 baptismatis

203 2768 488 2840 infamatis.

276 2858 368 2915 86.
408 2859 546 2913 Anc.
593 2855 871 2927 respondit
900 2871 912 2907 :
945 2853 1168 2909 Paulum
1199 2866 1304 2907 non
1335 2863 1670 2915 accusamus,
1702 2845 1795 2917 qui

210 2950 359 3007 dedit
385 2948 689 3005 hominibus
714 2946 1044 3018 Baptismum
1075 2944 1271 3000 Christi
1296 2985 1311 3011 ,
1339 2942 1460 3012 quia
1488 2955 1595 2996 non
1625 2938 1794 2994 habe-

208 3042 338 3101 bant
371 3040 704 3113 Baptismum
724 3039 940 3105 Christi,
966 3038 1059 3095 sed
1088 3037 1409 3108 baptismum
1437 3035 1678 3103 Joannis,
1704 3048 1795 3089 se—

208 3133 441 3192 cundum
484 3135 722 3204 ipsorum
760 3132 1195 3202 responsionem;
1238 3130 1326 3200 qui
1368 3126 1711 3199 interrogati,
1743 3125 1798 3180 in

209 3241 314 3301 quo
342 3224 597 3298 haptizati
622 3234 803 3281 essent
825 3264 841 3289 ,
873 3222 1296 3294 reSponderuut,
1338 3221 1608 3291 Baptismo
1632 3218 1797 3275 J0an-

211 3319 294 3375 nis
320 3336 334 3372 :
364 3318 459 3390 qui
487 3316 555 3372 ad
583 3316 909 3386 Baptismum
939 3313 1132 3370 Christi
1156 3328 1258 3368 non
1283 3313 1531 3383 pertinet,
1555 3326 1655 3367 nec
1682 3309 1800 3380 ejus

211 3425 334 3483 pars
361 3410 476 3466 ulla
504 3409 588 3466 vel
616 3408 810 3480 gradus
835 3417 919 3464 est
942 3426 955 3463 :
976 3406 1207 3478 alioquin
1238 3416 1330 3461 aut
1360 3416 1484 3462 tunc
1510 3405 1801 3461 iterabatur

210 3517 351 3575 aqua
412 3501 665 3572 Baptismi
728 3500 959 3567 Christi,
1017 3507 1109 3554 aut
1154 3499 1197 3553 si
1251 3498 1552 3569 Baptismus
1606 3495 1801 3551 Christi

210 3603 341 3651 tunc
372 3608 477 3665 per
511 3591 641 3648 duas
682 3606 846 3664 aquas
888 3589 1281 3662 perficiebatur,
1321 3589 1497 3643 minus
1536 3586 1803 3658 perfectus

210 3697 293 3745 est
333 3686 524 3755 modo,
574 3685 698 3757 quia
751 3700 857 3739 non
892 3683 1047 3738 datur
1097 3683 1183 3737 illa
1232 3697 1351 3753 quae
1405 3694 1501 3752 per
1545 3678 1804 3734 Joannem

213 3782 444 3837 dabatur
470 3797 485 3833 :
508 3779 783 3852 quodlibet
805 3786 982 3833 autem
1014 3776 1204 3831 horum
1239 3775 1458 3845 impium
1501 3781 1557 3829 et
1587 3771 1807 3829 sacrile-

215 3888 345 3945 gum
379 3880 460 3928 est
478 3871 705 3942 opinari.
737 3870 892 3926 Dedit
913 3884 1040 3937 ergo
1072 3869 1265 3924 Paulus
1293 3867 1616 3937 Baptismum
1655 3862 1808 3919 Chri-

218 3966 285 4020 sti
326 3964 407 4020 eis
457 3964 551 4035 qui
598 3980 707 4020 non
753 3963 1079 4034 Baptismum
1128 3961 1323 4017 Christi
1367 3959 1669 4026 habebant,
1711 3955 1808 4012 sed

221 4057 463 4115 Joannis.

291 4151 382 4206 87.
414 4151 523 4205 Cur
547 4156 725 4204 autem
755 4149 848 4204 illo
877 4156 1116 4218 tempore
1147 4142 1476 4201 necessarius
1516 4141 1675 4197 fuerit
1711 4139 1808 4195 ba-

225 4243 450 4315 ptismus
477 4240 700 4298 Joannis
718 4284 734 4308 ,
770 4241 859 4312 qui
890 4255 1027 4295 nunc
1052 4240 1161 4310 jam
1188 4236 1521 4294 necessarius
1551 4249 1658 4289 non
1686 4241 1767 4290 est
1792 4273 1807 4299 ,

226 4346 278 4390 et
302 4334 429 4390 alibi
457 4333 711 4399 diximus,
737 4342 791 4387 et
820 4348 959 4387 nunc
984 4332 1050 4385 ad
1072 4346 1182 4385 rem
1209 4344 1327 4400 quae
1355 4329 1491 4382 inter
1517 4341 1614 4381 nos
1639 4324 1812 4396 agitur

227 4442 329 4483 non
387 4426 657 4499 pertinet;
712 4426 811 4479 nisi
859 4422 1228 4479 tantummodo
1274 4428 1330 4475 ut
1380 4418 1619 4473 videatur
1671 4414 1809 4486 quod

228 4518 449 4574 Joannis
498 4518 795 4588 baptismus
840 4516 976 4569 alius
1014 4514 1126 4579 luit,
1176 4512 1373 4567 Christi
1418 4519 1593 4565 autem
1636 4508 1810 4563 alius:

230 4613 366 4670 sicut
394 4612 537 4667 alius
567 4609 664 4665 fuit
692 4610 780 4663 ille
809 4609 1101 4679 baptismus
1124 4648 1140 4670 ,
1185 4607 1237 4660 in
1267 4618 1372 4675 quo
1399 4613 1575 4674 patres
1603 4609 1817 4656 nostros

231 4686 673 4775 dicit'Apostolus
700 4701 992 4771 baptizatos
1018 4698 1070 4753 in
1102 4697 1242 4752 nube
1264 4708 1316 4750 et
1346 4695 1398 4749 in
1423 4694 1579 4761 mari,
1603 4691 1817 4764 quando

229 4813 322 4869 per
346 4797 571 4869 Moysen
599 4794 837 4850 Rubrum
863 4807 1008 4847 mare
1036 4790 1358 4845 transierunt
1386 4786 1431 4858 (l
1448 4786 1565 4843 Cor.
1584 4802 1638 4851 χ,
1665 4786 1715 4851 l,
1734 4784 1815 4856 2).

232 4888 337 4946 Lex
361 4890 512 4945 enim
540 4896 596 4942 et
621 4886 902 4956 Propheta:
931 4898 1097 4955 usque
1133 4881 1200 4937 ad
1240 4881 1499 4937 Joannem
1526 4878 1818 4948 Baptistam

232 4987 569 5037 sacramenta
616 4974 884 5032 habebant
926 4972 1335 5046 praenuntiantia
1382 4986 1497 5026 rem
1545 4971 1817 5026 futuram:

229 5074 399 5129 nostri
441 5085 573 5128 vero
616 5068 874 5141 temporis
916 5067 1259 5122 Sacramenta
1290 5064 1502 5119 venisse
1533 5070 1813 5127 testantur,

232 5165 371 5237 quod
394 5165 489 5221 illa
518 5171 805 5219 venturum
826 5173 946 5216 esse
968 5156 1346 5229 praedicabant.
1377 5154 1610 5211 Joannes
1639 5153 1818 5225 itaque

230 5259 476 5313 omnium
508 5254 919 5327 praecedentium
948 5252 1226 5324 proximus
1253 5249 1450 5306 Christi
1479 5249 1822 5304 annuntiator

232 5344 351 5406 fuit.
396 5350 468 5405 Et
496 5348 624 5418 quia
652 5361 840 5401 omnes
884 5344 1216 5415 superiorum
1259 5352 1558 5412 temporum
1594 5342 1725 5413 justi
1758 5350 1822 5413 et

230 5442 514 5515 propheta:
539 5440 824 5511 cupiebant
866 5438 1048 5494 videre
1087 5436 1430 5505 completum,
1477 5435 1618 5505 quod
1667 5450 1821 5489 reve-

231 5534 378 5589 laute
406 5531 617 5602 Spiritu
656 5532 887 5585 futurum
925 5544 1044 5585 esse
1071 5527 1386 5592 cernebant;
1440 5526 1580 5581 unde
1615 5534 1670 5581 et
1708 5526 1822 5596 ipse

230 5624 500 5681 Dominus
525 5623 672 5689 dicit,
702 5624 954 5692 Quoniam
978 5622 1123 5676 multi
1138 5620 1269 5692 justi
1292 5628 1339 5675 et
1369 5619 1627 5690 propheta:
1649 5618 1825 5688 cupie-

228 5726 357 5772 runt
375 5717 547 5771 videre
570 5731 682 5783 quae
702 5714 878 5769 videtis
900 5756 914 5779 ,
941 5723 987 5767 et
1013 5730 1111 5768 non
1137 5711 1365 5767 uiderunt
1392 5727 1412 5777 ,'
1438 5719 1484 5765 et
1511 5710 1688 5764 audire
1714 5725 1829 5781 qua:

228 5809 461 5876 auditis,
510 5817 559 5862 et
606 5823 706 5861 non
758 5806 1022 5861 audierunt
1072 5803 1298 5876 (Matth.
1330 5816 1471 5869 ‘xtn,
1506 5804 1601 5873 l7)
1643 5820 1657 5856 :
1705 5818 1829 5873 pro-

228 5910 427 5978 pterea
471 5900 707 5958 Joannes
747 5899 974 5971 amplius
1015 5914 1173 5971 quam
1216 5897 1474 5971 prepheta
1505 5897 1678 5955 dictus
1720 5906 1825 5969 est,

1506 443 1710 501 LIBER
1744 440 2121 503 SECUNDUS.

3334 449 3442 506 290

1863 564 1919 611 et
1959 559 2011 611 in
2052 556 2189 613 natis
2223 555 2506 613 mulierum
2546 571 2653 614 non
2693 556 2942 615 habuisse
2977 557 3270 630 majorem;
3320 562 3445 631 quia

1865 650 2130 719 prioribus
2166 650 2323 720 justis
2360 654 2715 721 praenuntiare
2760 662 2963 709 tantum
3002 653 3278 710 Christum
3316 670 3449 712 con-

1865 754 2076 796 cessum
2102 752 2205 808 εει,
2247 741 2369 797 huic
2393 752 2567 798 autem
2590 752 2647 800 et
2671 746 3027 815 praenuntiare
3052 746 3325 802 absentem
3346 787 3361 813 ,
3392 755 3450 803 et

1865 833 2049 889 videre
2072 844 2409 904 praesentem,
2437 844 2497 891 ut
2525 835 2646 893 huic
2669 837 2966 893 inveniatur
2990 839 3223 909 patuisse
3243 840 3260 871 ί
3302 838 3446 910 quod

1869 926 1945 981 illi
1990 926 2287 997 cupierunt.
2334 927 2401 982 Et
2442 927 2562 983 ideo
2605 939 2992 985 sacramentum
3040 930 3287 1002 baptismi
3333 932 3454 1001 ejus

1870 1019 2043 1075 adhuc
2061 1019 2128 1075 ad
2154 1020 2648 1091 praenuntiationem
2671 1021 2865 1077 Christi
2894 1022 3140 1093 pertinet,
3168 1022 3262 1078 sed
3288 1022 3446 1093 plane

1872 1112 2215 1169 novissimam
2245 1130 2259 1168 :
2287 1114 2537 1185 quoniam
2566 1128 2733 1185 usque
2771 1114 2839 1169 ad
2882 1115 3032 1170 illum
3065 1114 3279 1170 fuerunt
3313 1129 3457 1185 prae-

1874 1204 2231 1259 nuntiationes
2258 1204 2410 1275 primi
2440 1204 2695 1261 adventus
2724 1206 2967 1272 Domini,
3007 1207 3156 1277 cujus
3197 1206 3458 1262 adventus

1874 1297 2035 1352 modo
2061 1298 2488 1352 annuntiationes
2524 1307 2667 1366 sunt,
2697 1299 2806 1368 jam
2830 1314 2936 1354 non
2962 1299 3455 1369 praenuntiationes.

1877 1387 1985 1444 Sed
2026 1388 2279 1444 Dominus
2319 1388 2632 1444 humilitatis
2674 1390 2811 1443 viam
2849 1389 3047 1445 docens
3075 1431 3089 1455 ,
3126 1397 3459 1445 sacramenta

1878 1495 1997 1551 qua:
2028 1480 2113 1535 hic
2142 1480 2343 1536 invenit
2362 1480 2819 1551 prmuuntiationis
2846 1497 2955 1537 suae
2980 1482 3248 1552 suscipere
3272 1482 3461 1553 digna-

1880 1578 1968 1625 tus
2002 1578 2085 1625 est
2106 1612 2121 1637 ,
2155 1584 2261 1626 non
2299 1570 2365 1624 ad
2402 1585 2512 1625 sua:
2540 1571 2870 1641 purgationis
2898 1570 3247 1640 adjutorium,
3276 1571 3368 1626 sed
3394 1569 3464 1626 ad

1880 1671 2078 1719 nostrae
2104 1662 2315 1733 pietatis
2345 1662 2646 1732 exemplum
2678 1680 2690 1715 :
2724 1670 2782 1717 ut
2804 1662 3006 1717 scilicet
3037 1662 3342 1718 ostenderet
3368 1676 3467 1716 no-

1882 1753 1966 1811 bis
1993 1762 2186 1824 quanta
2214 1753 2496 1809 devotione
2523 1754 2795 1824 suscipere
2815 1753 3073 1809 debemus
3096 1768 3158 1807 ea
3178 1768 3296 1823 quae
3317 1753 3467 1807 illum

1881 1845 1993 1917 jam
2017 1847 2229 1901 venisse
2255 1853 2513 1901 testantur
2531 1887 2546 1913 ,
2573 1844 2787 1916 quando
2808 1845 2920 1915 ipse
2950 1845 3225 1914 suscipere
3245 1858 3351 1898 non
3376 1840 3471 1897 de-

1884 1937 2132 2009 dignatus
2153 1946 2235 1993 est
2261 1953 2380 2009 qua:
2401 1938 2545 1993 illum
2566 1946 2848 1993 venturum
2877 1937 3193 2008 ﬁgurabant.
3222 1936 3291 1992 Et
3309 1935 3473 1991 Joan-

1888 2044 1986 2085 nes
2011 2044 2138 2101 ergo
2167 2030 2407 2100 quamvis
2446 2030 2719 2100 proximus
2741 2069 2757 2095 ,
2803 2038 2858 2084 et
2902 2027 3037 2083 infra
3070 2044 3234 2083 unum
3272 2043 3471 2083 annum

1889 2129 2190 2177 coaetaneus
2214 2163 2229 2189 ,
2266 2130 2441 2176 tamen
2489 2136 2608 2176 cum
2652 2120 2943 2190 baptizaret
2980 2120 3211 2175 venienti
3254 2120 3478 2190 praeibat

1890 2211 2140 2268 Christo:
2175 2222 2390 2283 propter
2429 2212 2529 2267 hoc
2562 2212 2629 2267 de
2666 2212 2755 2266 illo
2796 2212 2993 2267 dictum
3025 2222 3105 2267 est
3127 2253 3143 2280 ,
3172 2211 3304 2266 Ecce
3331 2212 3475 2266 mitto

1892 2302 2130 2375 angelum
2157 2319 2321 2357 nteant
2349 2311 2465 2357 ante
2486 2304 2669 2373 faciem
2702 2312 2872 2372 tuam,
2903 2306 2989 2374 qui
3014 2303 3318 2375 prwparubit
3343 2304 3477 2357 viam

1894 2402 2050 2448 tuam.
2082 2394 2150 2448 Et
2177 2396 2288 2464 ipse
2315 2394 2635 2465 prmdicabat
2661 2395 2865 2463 dicens,
2894 2396 3038 2451 Venit
3058 2398 3239 2469 fortior
3267 2413 3345 2451 me
3366 2405 3481 2467 post

1894 2504 1975 2543 me
2008 2487 2274 2559 (Malach.
2314 2504 2403 2554 ιιι,
2438 2490 2491 2555 1,
2518 2496 2565 2541 et
2609 2487 2773 2543 Marc.
2816 2504 2852 2554 ι,
2884 2488 2938 2555 2,
2978 2491 3067 2559 7).
3108 2489 3195 2544 Sic
3223 2504 3350 2560 ergo
3375 2490 3483 2544 cir-

1896 2578 2154 2635 cumcisio
2190 2580 2360 2633 octavi
2399 2579 2503 2633 diei
2531 2594 2650 2649 qua:
2680 2580 2916 2649 patribus
2942 2580 3063 2635 data
3090 2588 3190 2646 est,
3227 2596 3480 2651 prainun-

1898 2672 2062 2728 tiabat
2084 2672 2515 2743 justiﬁcationem
2540 2681 2802 2738 nostram,
2826 2671 2879 2726 in
2901 2673 3336 2743 exspoliationem
3362 2688 3484 2733 car-

1898 2765 2099 2820 nalium
2146 2763 2693 2834 concupiscentiarum
2737 2779 2833 2834 per
2879 2764 3325 2819 resurrectionem
3373 2764 3483 2819 Do-

1901 2856 2053 2923 mini,
2080 2872 2197 2925 qua:
2221 2866 2339 2926 post
2363 2856 2670 2926 septimum,
2702 2855 2755 2910 id
2781 2863 2863 2909 est
2881 2854 3083 2910 sabbati
3109 2855 3272 2921 diem,
3296 2864 3487 2913 octavo

1902 2951 2010 3016 die,
2038 2949 2090 3004 id
2118 2959 2201 3005 est
2235 2949 2505 3004 dominico
2536 2950 2670 3003 facta
2710 2956 2826 3016 est,
2872 2948 2962 3018 qui
3002 2948 3116 3003 dies
3155 2932 3343 3004 tertius
3368 2955 3490 3019 post

1903 3044 2227 3115 sepulturam
2267 3043 2383 3112 ejus
2421 3042 2693 3096 occurrit:
2723 3040 2965 3097 eamdem
3013 3049 3187 3096 tamen
3240 3056 3489 3111 prwnun-

1903 3138 2123 3194 tiantem
2151 3136 2609 3192 circumcisionem
2635 3135 2810 3189 carnis
2844 3134 3016 3188 infans
3053 3133 3297 3189 Christus
3332 3149 3489 3190 acce-

1904 3229 2001 3301 pit.
2046 3227 2116 3283 Et
2152 3226 2599 3297 quemadmodum
2639 3225 2842 3280 Pascha
2886 3225 3028 3296 quod
3059 3240 3087 3279 a
3113 3225 3309 3281 Judaeis
3351 3227 3491 3281 cele-

1906 3320 2159 3377 brabatur
2181 3319 2233 3373 in
2260 3317 2525 3374 occisione
2553 3317 2694 3387 agni,
2718 3316 3105 3386 prmnuntiabat
3133 3317 3342 3372 Domini
3371 3331 3490 3387 pas-

1906 3411 2112 3466 sionem
2151 3419 2205 3466 et
2249 3411 2526 3465 transitum
2568 3408 2637 3463 de
2684 3409 2784 3462 hoc
2830 3408 3028 3462 mundo
3066 3407 3132 3461 ad
3174 3408 3406 3476 Patrem,
3438 3416 3495 3464 et

1908 3500 2081 3572 ipsum
2110 3511 2282 3557 tamen
2315 3499 2516 3556 Pascha
2555 3498 2695 3570 quod
2725 3510 2840 3554 erat
2869 3500 2920 3553 in
2957 3498 3143 3555 eadem
3166 3499 3493 3569 praenuntia-

1909 3595 2076 3660 tione,
2100 3593 2238 3649 idem
2261 3594 2515 3648 Dominus
2532 3608 2650 3647 cum
2679 3591 2949 3662 discipulis
2974 3591 3263 3647 celebravit
3282 3590 3495 3661 quando

1910 3686 1960 3742 ei
1990 3695 2368 3756 suggesserunt
2393 3684 2666 3747 dicentes,
2703 3682 2799 3739 Ubi
2825 3684 2896 3737 vis
2924 3698 3157 3753 paremus
3188 3683 3276 3737 tibi
3304 3684 3496 3753 pascha

1913 3778 2125 3853 (Matth.
2154 3794 2296 3844 xxvr,
2330 3778 2451 3847 l7)?
2478 3778 2552 3830 sic
2578 3784 2633 3831 et
2651 3776 2970 3845 baptismum
2997 3775 3236 3839 Joannis,
3261 3775 3349 3844 qui
3374 3784 3492 3831 erat

1911 3871 1965 3927 in
1996 3872 2233 3941 proxima
2264 3869 2379 3939 ejus
2406 3867 2846 3937 praenuntiatioue
2868 3908 2883 3933 ,
2911 3866 3069 3920 etiam
3096 3867 3208 3936 ipse
3233 3866 3487 3938 suscepit.

1914 3960 2021 4017 Sed
2070 3962 2204 4015 sicut
2245 3958 2388 4012 aliud
2426 3966 2506 4012 est
2553 3957 2729 4011 carnis
2769 3955 3100 4010 circumcisio
3147 3954 3490 4025 Judaeorum,

1914 4053 2058 4109 aliud
2086 4062 2260 4107 autem
2289 4050 2430 4121 quod
2457 4057 2645 4107 octavo
2673 4049 2759 4104 die
2793 4048 3176 4119 baptizatorum
3217 4066 3317 4106 nos
3356 4051 3499 4108 cele-

1914 4146 2161 4210 bramus;
2212 4150 2265 4198 et
2296 4142 2438 4197 aliud
2481 4150 2559 4196 est
2601 4140 2803 4195 Pascha
2838 4140 2975 4211 quod
3005 4140 3179 4197 adhuc
3206 4142 3278 4198 illi
3302 4142 3368 4198 de
3397 4158 3500 4201 ove

1917 4237 2186 4294 celebrant
2205 4235 2304 4309 (a),
2323 4234 2463 4290 aliud
2484 4243 2658 4291 autem
2683 4234 2822 4305 quod
2846 4249 2941 4289 nos
2968 4235 3020 4289 in
3044 4250 3267 4306 oorpore
3294 4245 3348 4291 et
3373 4250 3501 4292 san-

1917 4328 2076 4400 guine
2123 4328 2333 4382 Domini
2382 4326 2715 4396 accipimus:
2758 4326 2835 4379 sic
2882 4325 3017 4381 alius
3068 4327 3164 4381 luit
3210 4327 3500 4397 baptismus

1918 4421 2139 4477 Joannis
2162 4463 2176 4488 ,
2209 4421 2344 4476 alius
2371 4428 2453 4475 est
2488 4420 2788 4490 Baptismus
2814 4418 3029 4475 Christi.
3065 4420 3168 4473 lllis
3194 4422 3335 4475 enim
3366 4435 3502 4476 ven-

1920 4522 2037 4569 tura
2068 4514 2164 4568 ista
2187 4512 2680 4583 prmnuntiabantur
2711 4530 2723 4565 :
2757 4511 2871 4566 istis
2896 4511 3156 4581 completa
3190 4513 3275 4567 illa
3311 4513 3503 4584 prmdi-

1921 4616 2128 4664 cantur.
2170 4609 2235 4662 Et
2261 4606 2500 4678 quamvis
2528 4605 2614 4660 illa
2639 4604 2883 4660 Christus
2912 4606 3208 4675 acceperit;
3245 4607 3396 4662 nobis
3426 4616 3506 4662 ta-

1921 4712 2045 4757 men
2091 4698 2389 4754 necessaria
2425 4713 2530 4752 non
2568 4706 2721 4761 sunt,
2750 4698 2869 4765 quia
2910 4696 3083 4766 ipsum
3126 4697 3215 4767 qui
3256 4713 3349 4768 per
3389 4697 3507 4756 lucc

1924 4792 2333 4847 annuntiabatur
2382 4789 2702 4859 accepimus.
2774 4788 2991 4844 Recenti
3044 4800 3243 4846 autem.
3274 4791 3505 4848 adventu

1923 4882 2133 4939 Domini
2159 4881 2399 4952 quisquis
2428 4881 2511 4934 illa
2540 4880 2849 4950 accepisset,
2873 4896 3007 4951 opus
3033 4881 3083 4937 ei
3115 4890 3232 4937 erat
3260 4893 3319 4937 ut
3345 4883 3507 4938 etiam

1925 4976 2011 5032 his
2038 4974 2362 5030 imbueretur
2391 4990 2404 5025 :
2436 4972 2675 5043 quisquis
2697 4988 2821 5027 vero
2845 4970 2926 5027 his
2948 4972 3182 5029 imbutus
3209 4982 3369 5039 esset,
3398 4988 3506 5027 non

1926 5084 2060 5140 opus
2083 5076 2197 5123 erat
2221 5075 2279 5122 ut
2304 5074 2570 5122 retrorsus
2602 5065 2653 5120 in
2682 5065 2768 5119 illa
2794 5074 3094 5136 cogeretur.

1999 5162 2088 5218 88.
2138 5160 2470 5230 Quapropter
2495 5159 2656 5214 nolite
2684 5158 2751 5215 de
2793 5157 3015 5214 Joannis
3042 5159 3303 5229 baptismo
3327 5155 3511 5226 caligi-

1928 5270 2049 5311 nem
2074 5252 2266 5318 iaeere,
2294 5251 2444 5322 cujus
2468 5265 2626 5305 causa
2651 5260 2704 5305 et
2734 5250 2869 5306 ratio
2889 5251 3002 5305 sive
3024 5251 3121 5305 ista
3142 5251 3211 5305 sit
3239 5263 3397 5318 quam
3417 5263 3514 5305 ει-

1927 5346 2101 5421 posui,
2123 5342 2233 5399 sive
2250 5343 2349 5397 alia
2372 5342 2558 5397 melior
2578 5342 2877 5412 certiorque
2891 5340 3159 5404 reddatur,
3184 5338 3310 5393 illud
3334 5348 3513 5396 tamen

1929 5438 2266 5495 manifestum
2315 5444 2416 5503 est,
2463 5435 2623 5490 alium
2676 5433 2838 5489 fuisse
2890 5432 3208 5503 baptismum
3256 5431 3508 5504 Joannis,

1996 5686 2013 5716 ι
2040 5688 2090 5730 ιιι
2115 5687 2239 5739 Μεε.,
2274 5685 2325 5729 ut
2348 5676 2459 5727 hinc
2477 5671 2743 5739 inveniatur
2761 5671 2982 5739 pontisse.

2000 5744 2074 5806 (a)
2097 5733 2406 5806 Existimabat
2442 5736 2615 5806 Pascha
2634 5747 2697 5806 ἐ-
2726 5733 2899 5806 ludatis
2932 5746 3052 5806 _per_
3071 5734 3241 5806 orbem
3282 5734 3517 5806 dispersis

1932 5794 2089 5855 adhuc
2106 5805 2211 5852 ovis
2229 5800 2551 5860 immolatione
2574 5794 2833 5853 celebrari,
2854 5804 2908 5846 ut
2932 5796 3013 5845 lib.
3035 5798 3055 5846 1
3080 5803 3281 5860 Retract.
3300 5794 3404 5860 cap.
3424 5800 3515 5849 lo:

1934 5867 2024 5917 sed
2047 5864 2260 5929 profecto
2282 5869 2412 5929 Lege
2440 5858 2645 5929 vetitum
2669 5864 2775 5929 erat
2802 5864 2944 5929 Deut.
2970 5872 3077 5929 X_Vl,
3100 5858 3159 5929 6_,
3184 5872 3250 5909 ne
3272 5858 3445 5911 Pascha
3464 5871 3519 5915 in

1935 5919 2141 5980 aliis'vel
2162 5925 2338 5975 Judaeae
2349 5919 2479 5972 locis
2496 5925 2674 5982 prater
2692 5919 2963 5972 Jerusalem
2983 5920 3332 5973 immutarem.
