  <div class='ocr_page' id='page_1' title='image "/cluster/home/n/w/nwhite01/storage/ocr_20150623/43/hvd.32044012717385/151.png"; bbox 0 0 4008 6472; ppageno 0'>
   <div class='ocr_carea' id='block_1_1' title="bbox 514 539 2083 615">
    <p class='ocr_par' dir='ltr' id='par_1_1' title="bbox 514 539 2083 615">
     <span class='ocr_line' id='line_1_1' title="bbox 514 539 2083 615; baseline -0.01 -9"><span class='ocrx_word' id='word_1_1' title='bbox 514 550 671 615; x_wconf 61' lang='lat' dir='ltr'><strong>alium</strong></span> <span class='ocrx_word' id='word_1_2' title='bbox 701 546 1026 613; x_wconf 60' lang='lat' dir='ltr'><strong>Misi</strong></span> <span class='ocrx_word' id='word_1_3' title='bbox 1062 539 2083 614; x_wconf 54' lang='lat' dir='ltr'><strong>unumunum-mw.</strong></span> 
     </span>
    </p>
   </div>
   <div class='ocr_carea' id='block_1_2' title="bbox 514 631 2099 713">
    <p class='ocr_par' dir='ltr' id='par_1_2' title="bbox 514 631 2099 713">
     <span class='ocr_line' id='line_1_2' title="bbox 514 631 2099 713; baseline 0.011 -15"><span class='ocrx_word' id='word_1_4' title='bbox 514 631 2099 713; x_wconf 59' lang='grc' dir='ltr'><strong>ιω,φαιιριειιωευοοωωεωοιωηινιιίο</strong></span> 
     </span>
    </p>
   </div>
   <div class='ocr_carea' id='block_1_3' title="bbox 513 726 2101 804">
    <p class='ocr_par' dir='ltr' id='par_1_3' title="bbox 513 726 2101 804">
     <span class='ocr_line' id='line_1_3' title="bbox 513 726 2101 804; baseline 0.001 -24"><span class='ocrx_word' id='word_1_5' title='bbox 513 734 771 804; x_wconf 58' lang='lat' dir='ltr'><strong>deem</strong></span> <span class='ocrx_word' id='word_1_6' title='bbox 796 732 1242 804; x_wconf 57' lang='grc' dir='ltr'><strong>αωῃοίμω</strong></span> <span class='ocrx_word' id='word_1_7' title='bbox 1265 729 1613 795; x_wconf 59' lang='grc' dir='ltr'><strong>θοαῖς-ωδε</strong></span> <span class='ocrx_word' id='word_1_8' title='bbox 1636 727 1961 794; x_wconf 65' lang='lat' dir='ltr'><strong>nitJudcis,</strong></span> <span class='ocrx_word' id='word_1_9' title='bbox 1988 726 2101 781; x_wconf 74' lang='lat' dir='ltr'><strong>8a-</strong></span> 
     </span>
    </p>
   </div>
   <div class='ocr_carea' id='block_1_4' title="bbox 514 818 2098 900">
    <p class='ocr_par' dir='ltr' id='par_1_4' title="bbox 514 818 2098 900">
     <span class='ocr_line' id='line_1_4' title="bbox 514 818 2098 900; baseline -0.007 -16"><span class='ocrx_word' id='word_1_10' title='bbox 514 829 728 900; x_wconf 74' lang='lat' dir='ltr'><strong>ptismus</strong></span> <span class='ocrx_word' id='word_1_11' title='bbox 753 826 969 884; x_wconf 72' lang='lat' dir='ltr'><strong>Joannis</strong></span> <span class='ocrx_word' id='word_1_12' title='bbox 996 825 1512 889; x_wconf 47' lang='lat' dir='ltr'><strong>deminutus:</strong></span> <span class='ocrx_word' id='word_1_13' title='bbox 1537 821 1824 879; x_wconf 60' lang='lat' dir='ltr'><strong>nominibus</strong></span> <span class='ocrx_word' id='word_1_14' title='bbox 1862 818 2098 889; x_wconf 67' lang='lat' dir='ltr'><strong>(Matth.</strong></span> 
     </span>
    </p>
   </div>
   <div class='ocr_carea' id='block_1_5' title="bbox 512 912 2098 993">
    <p class='ocr_par' dir='ltr' id='par_1_5' title="bbox 512 912 2098 993">
     <span class='ocr_line' id='line_1_5' title="bbox 512 912 2098 993; baseline -0.006 -15"><span class='ocrx_word' id='word_1_15' title='bbox 512 936 630 993; x_wconf 70' lang='lat' dir='ltr'><strong>xu,</strong></span> <span class='ocrx_word' id='word_1_16' title='bbox 646 918 774 991; x_wconf 68' lang='lat'><strong>~25)?</strong></span> <span class='ocrx_word' id='word_1_17' title='bbox 796 918 906 979; x_wconf 73' lang='lat' dir='ltr'><strong>hic</strong></span> <span class='ocrx_word' id='word_1_18' title='bbox 928 925 1110 976; x_wconf 66' lang='lat' dir='ltr'><strong>am</strong></span> <span class='ocrx_word' id='word_1_19' title='bbox 1131 916 1438 988; x_wconf 65' lang='lat' dir='ltr'><strong>Raptis-uis</strong></span> <span class='ocrx_word' id='word_1_20' title='bbox 1453 931 1565 972; x_wconf 78' lang='lat' dir='ltr'><strong>non</strong></span> <span class='ocrx_word' id='word_1_21' title='bbox 1589 914 1784 970; x_wconf 76' lang='lat' dir='ltr'><strong>dicitur</strong></span> <span class='ocrx_word' id='word_1_22' title='bbox 1803 912 2098 980; x_wconf 63' lang='lat' dir='ltr'><strong>Cmeiiiani,</strong></span> 
     </span>
    </p>
   </div>
   <div class='ocr_carea' id='block_1_6' title="bbox 511 1004 2102 1082">
    <p class='ocr_par' dir='ltr' id='par_1_6' title="bbox 511 1004 2102 1082">
     <span class='ocr_line' id='line_1_6' title="bbox 511 1004 2102 1082; baseline -0.006 -12"><span class='ocrx_word' id='word_1_23' title='bbox 511 1028 612 1070; x_wconf 88' lang='lat' dir='ltr'><strong>nec</strong></span> <span class='ocrx_word' id='word_1_24' title='bbox 652 1010 1005 1078; x_wconf 54' lang='lat' dir='ltr'><strong>ﬁnitimos</strong></span> <span class='ocrx_word' id='word_1_25' title='bbox 1041 1004 2102 1082; x_wconf 48' lang='lat' dir='ltr'><strong>Augustinimeeltetiliainedﬂapw</strong></span> 
     </span>
    </p>
   </div>
   <div class='ocr_carea' id='block_1_7' title="bbox 511 1098 2123 1173">
    <p class='ocr_par' dir='ltr' id='par_1_7' title="bbox 511 1098 2123 1173">
     <span class='ocr_line' id='line_1_7' title="bbox 511 1098 2123 1173; baseline 0.002 -17"><span class='ocrx_word' id='word_1_26' title='bbox 511 1118 657 1163; x_wconf 69' lang='lat' dir='ltr'><strong>sinus</strong></span> <span class='ocrx_word' id='word_1_27' title='bbox 928 1102 1128 1160; x_wconf 64' lang='grc' dir='ltr'><strong>Νωιί</strong></span> <span class='ocrx_word' id='word_1_28' title='bbox 1149 1101 1485 1173; x_wconf 73' lang='lat' dir='ltr'><strong>impudentes</strong></span> <span class='ocrx_word' id='word_1_29' title='bbox 1510 1110 1806 1172; x_wconf 79' lang='lat' dir='ltr'><strong>nospotas,</strong></span> <span class='ocrx_word' id='word_1_30' title='bbox 1827 1101 1952 1172; x_wconf 76' lang='lat' dir='ltr'><strong>quia</strong></span> <span class='ocrx_word' id='word_1_31' title='bbox 1978 1098 2123 1170; x_wconf 52' lang='lat' dir='ltr'><strong>post</strong></span> 
     </span>
    </p>
   </div>
   <div class='ocr_carea' id='block_1_8' title="bbox 510 1191 2103 1263">
    <p class='ocr_par' dir='ltr' id='par_1_8' title="bbox 510 1191 2103 1263">
     <span class='ocr_line' id='line_1_8' title="bbox 510 1191 2103 1263; baseline -0.004 -10"><span class='ocrx_word' id='word_1_32' title='bbox 510 1208 611 1253; x_wconf 78' lang='lat' dir='ltr'><strong>nos</strong></span> <span class='ocrx_word' id='word_1_33' title='bbox 630 1194 902 1253; x_wconf 64' lang='lat' dir='ltr'><strong>mea</strong></span> <span class='ocrx_word' id='word_1_34' title='bbox 924 1193 1174 1253; x_wconf 65' lang='lat' dir='ltr'><strong>volumus</strong></span> <span class='ocrx_word' id='word_1_35' title='bbox 1194 1192 1451 1263; x_wconf 80' lang='lat' dir='ltr'><strong>baptizari</strong></span> <span class='ocrx_word' id='word_1_36' title='bbox 1476 1234 1492 1260; x_wconf 92' lang='lat'><strong>,</strong></span> <span class='ocrx_word' id='word_1_37' title='bbox 1523 1206 1647 1248; x_wconf 90' lang='lat' dir='ltr'><strong>cum</strong></span> <span class='ocrx_word' id='word_1_38' title='bbox 1675 1191 1952 1255; x_wconf 64' lang='lat' dir='ltr'><strong>viles-ius</strong></span> <span class='ocrx_word' id='word_1_39' title='bbox 1976 1197 2103 1261; x_wconf 77' lang='lat' dir='ltr'><strong>post</strong></span> 
     </span>
    </p>
   </div>
   <div class='ocr_carea' id='block_1_9' title="bbox 510 1280 2100 1355">
    <p class='ocr_par' dir='ltr' id='par_1_9' title="bbox 510 1280 2100 1355">
     <span class='ocr_line' id='line_1_9' title="bbox 510 1280 2100 1355; baseline -0.004 -12"><span class='ocrx_word' id='word_1_40' title='bbox 510 1285 771 1347; x_wconf 67' lang='lat' dir='ltr'><strong>lennem</strong></span> <span class='ocrx_word' id='word_1_41' title='bbox 792 1286 963 1344; x_wconf 62' lang='lat' dir='ltr'><strong>inisse</strong></span> <span class='ocrx_word' id='word_1_42' title='bbox 988 1284 1237 1344; x_wconf 59' lang='lat' dir='ltr'><strong>homines</strong></span> <span class='ocrx_word' id='word_1_43' title='bbox 1274 1285 1572 1355; x_wconf 68' lang='lat' dir='ltr'><strong>baptizatos</strong></span> <span class='ocrx_word' id='word_1_44' title='bbox 1596 1324 1613 1352; x_wconf 90' lang='lat'><strong>,</strong></span> <span class='ocrx_word' id='word_1_45' title='bbox 1656 1284 1746 1354; x_wconf 80' lang='lat' dir='ltr'><strong>qui</strong></span> <span class='ocrx_word' id='word_1_46' title='bbox 1792 1283 1976 1354; x_wconf 75' lang='lat' dir='ltr'><strong>utique</strong></span> <span class='ocrx_word' id='word_1_47' title='bbox 2016 1280 2100 1336; x_wconf 71' lang='lat' dir='ltr'><strong>in—</strong></span> 
     </span>
    </p>
   </div>
   <div class='ocr_carea' id='block_1_10' title="bbox 510 1374 2102 1450">
    <p class='ocr_par' dir='ltr' id='par_1_10' title="bbox 510 1374 2102 1450">
     <span class='ocr_line' id='line_1_10' title="bbox 510 1374 2102 1450; baseline -0.005 -13"><span class='ocrx_word' id='word_1_48' title='bbox 510 1378 1135 1450; x_wconf 63' lang='lat' dir='ltr'><strong>comparabilth</strong></span> <span class='ocrx_word' id='word_1_49' title='bbox 1161 1386 1246 1434; x_wconf 80' lang='lat' dir='ltr'><strong>est</strong></span> <span class='ocrx_word' id='word_1_50' title='bbox 1271 1377 1453 1443; x_wconf 85' lang='lat' dir='ltr'><strong>nobis;</strong></span> <span class='ocrx_word' id='word_1_51' title='bbox 1482 1376 1740 1448; x_wconf 66' lang='lat' dir='ltr'><strong>nunquid</strong></span> <span class='ocrx_word' id='word_1_52' title='bbox 1768 1375 1911 1432; x_wconf 75' lang='lat' dir='ltr'><strong>torte</strong></span> <span class='ocrx_word' id='word_1_53' title='bbox 1937 1374 2102 1430; x_wconf 75' lang='lat' dir='ltr'><strong>Joan-</strong></span> 
     </span>
    </p>
   </div>
   <div class='ocr_carea' id='block_1_11' title="bbox 511 1469 2101 1545">
    <p class='ocr_par' dir='ltr' id='par_1_11' title="bbox 511 1469 2101 1545">
     <span class='ocr_line' id='line_1_11' title="bbox 511 1469 2101 1545; baseline -0.004 -15"><span class='ocrx_word' id='word_1_54' title='bbox 511 1486 608 1530; x_wconf 86' lang='lat' dir='ltr'><strong>nes</strong></span> <span class='ocrx_word' id='word_1_55' title='bbox 635 1479 691 1539; x_wconf 74' lang='lat' dir='ltr'><strong>et</strong></span> <span class='ocrx_word' id='word_1_56' title='bbox 725 1471 1214 1545; x_wconf 60' lang='lat' dir='ltr'><strong>Meae-les</strong></span> <span class='ocrx_word' id='word_1_57' title='bbox 1236 1471 1394 1527; x_wconf 77' lang='lat' dir='ltr'><strong>sunt?</strong></span> <span class='ocrx_word' id='word_1_58' title='bbox 1436 1469 1968 1527; x_wconf 73' lang='lat' dir='ltr'><strong>Bidiarlnntvidetor</strong></span> <span class='ocrx_word' id='word_1_59' title='bbox 1997 1485 2014 1524; x_wconf 88' lang='lat'><strong>:</strong></span> <span class='ocrx_word' id='word_1_60' title='bbox 2042 1476 2101 1532; x_wconf 82' lang='lat' dir='ltr'><strong>et</strong></span> 
     </span>
    </p>
   </div>
   <div class='ocr_carea' id='block_1_12' title="bbox 511 1563 2100 1638">
    <p class='ocr_par' dir='ltr' id='par_1_12' title="bbox 511 1563 2100 1638">
     <span class='ocr_line' id='line_1_12' title="bbox 511 1563 2100 1638; baseline -0.003 -15"><span class='ocrx_word' id='word_1_61' title='bbox 511 1574 690 1623; x_wconf 80' lang='lat' dir='ltr'><strong>tamen</strong></span> <span class='ocrx_word' id='word_1_62' title='bbox 718 1575 845 1638; x_wconf 80' lang='lat' dir='ltr'><strong>puto</strong></span> <span class='ocrx_word' id='word_1_63' title='bbox 872 1565 1017 1638; x_wconf 65' lang='lat' dir='ltr'><strong>quod</strong></span> <span class='ocrx_word' id='word_1_64' title='bbox 1042 1580 1154 1621; x_wconf 77' lang='lat' dir='ltr'><strong>non</strong></span> <span class='ocrx_word' id='word_1_65' title='bbox 1180 1579 1277 1622; x_wconf 82' lang='lat' dir='ltr'><strong>eos</strong></span> <span class='ocrx_word' id='word_1_66' title='bbox 1296 1565 1549 1637; x_wconf 64' lang='lat' dir='ltr'><strong>aquales,</strong></span> <span class='ocrx_word' id='word_1_67' title='bbox 1571 1564 1666 1621; x_wconf 86' lang='lat' dir='ltr'><strong>sed</strong></span> <span class='ocrx_word' id='word_1_68' title='bbox 1690 1563 1949 1635; x_wconf 74' lang='lat' dir='ltr'><strong>majorem</strong></span> <span class='ocrx_word' id='word_1_69' title='bbox 1976 1576 2100 1619; x_wconf 76' lang='lat' dir='ltr'><strong>cre—</strong></span> 
     </span>
    </p>
   </div>
   <div class='ocr_carea' id='block_1_13' title="bbox 511 1655 2102 1730">
    <p class='ocr_par' dir='ltr' id='par_1_13' title="bbox 511 1655 2102 1730">
     <span class='ocr_line' id='line_1_13' title="bbox 511 1655 2102 1730; baseline -0.003 -14"><span class='ocrx_word' id='word_1_70' title='bbox 511 1657 649 1716; x_wconf 76' lang='lat' dir='ltr'><strong>datis</strong></span> <span class='ocrx_word' id='word_1_71' title='bbox 664 1658 937 1730; x_wconf 71' lang='lat' dir='ltr'><strong>Optem.</strong></span> <span class='ocrx_word' id='word_1_72' title='bbox 970 1658 1098 1715; x_wconf 80' lang='lat' dir='ltr'><strong>Post</strong></span> <span class='ocrx_word' id='word_1_73' title='bbox 1119 1657 1379 1714; x_wconf 75' lang='lat' dir='ltr'><strong>Joannem</strong></span> <span class='ocrx_word' id='word_1_74' title='bbox 1403 1658 1600 1729; x_wconf 81' lang='lat' dir='ltr'><strong>quippe</strong></span> <span class='ocrx_word' id='word_1_75' title='bbox 1619 1657 1908 1729; x_wconf 74' lang='lat' dir='ltr'><strong>Apostolus</strong></span> <span class='ocrx_word' id='word_1_76' title='bbox 1924 1655 2102 1727; x_wconf 80' lang='lat' dir='ltr'><strong>bapti-</strong></span> 
     </span>
    </p>
   </div>
   <div class='ocr_carea' id='block_1_14' title="bbox 509 1747 2099 1822">
    <p class='ocr_par' dir='ltr' id='par_1_14' title="bbox 509 1747 2099 1822">
     <span class='ocr_line' id='line_1_14' title="bbox 509 1747 2099 1822; baseline 0 -17"><span class='ocrx_word' id='word_1_77' title='bbox 509 1750 668 1817; x_wconf 74' lang='lat' dir='ltr'><strong>zavit,</strong></span> <span class='ocrx_word' id='word_1_78' title='bbox 684 1765 782 1805; x_wconf 83' lang='lat' dir='ltr'><strong>vos</strong></span> <span class='ocrx_word' id='word_1_79' title='bbox 791 1748 1457 1822; x_wconf 77' lang='lat' dir='ltr'><strong>baptisarepostOptatum</strong></span> <span class='ocrx_word' id='word_1_80' title='bbox 1473 1748 1740 1805; x_wconf 75' lang='lat' dir='ltr'><strong>neminem</strong></span> <span class='ocrx_word' id='word_1_81' title='bbox 1754 1747 1983 1804; x_wconf 81' lang='lat' dir='ltr'><strong>audetis.</strong></span> <span class='ocrx_word' id='word_1_82' title='bbox 2015 1747 2099 1805; x_wconf 83' lang='lat' dir='ltr'><strong>An</strong></span> 
     </span>
    </p>
   </div>
   <div class='ocr_carea' id='block_1_15' title="bbox 509 1841 2102 1914">
    <p class='ocr_par' dir='ltr' id='par_1_15' title="bbox 509 1841 2102 1914">
     <span class='ocr_line' id='line_1_15' title="bbox 509 1841 2102 1914; baseline -0.002 -15"><span class='ocrx_word' id='word_1_83' title='bbox 509 1842 633 1914; x_wconf 77' lang='lat' dir='ltr'><strong>quia</strong></span> <span class='ocrx_word' id='word_1_84' title='bbox 648 1841 869 1913; x_wconf 73' lang='lat' dir='ltr'><strong>Optem</strong></span> <span class='ocrx_word' id='word_1_85' title='bbox 883 1845 939 1901; x_wconf 87' lang='lat' dir='ltr'><strong>in</strong></span> <span class='ocrx_word' id='word_1_86' title='bbox 955 1844 1345 1900; x_wconf 79' lang='lat' dir='ltr'><strong>unitatevestra</strong></span> <span class='ocrx_word' id='word_1_87' title='bbox 1364 1841 2102 1913; x_wconf 68' lang='lat' dir='ltr'><strong>fuitilamhocquibuspree-</strong></span> 
     </span>
    </p>
   </div>
   <div class='ocr_carea' id='block_1_16' title="bbox 509 1928 2101 2008">
    <p class='ocr_par' dir='ltr' id='par_1_16' title="bbox 509 1928 2101 2008">
     <span class='ocr_line' id='line_1_16' title="bbox 509 1928 2101 2008; baseline -0.003 -16"><span class='ocrx_word' id='word_1_88' title='bbox 509 1934 708 1992; x_wconf 79' lang='lat' dir='ltr'><strong>eordiis</strong></span> <span class='ocrx_word' id='word_1_89' title='bbox 734 1937 981 1993; x_wconf 82' lang='lat' dir='ltr'><strong>sustineri</strong></span> <span class='ocrx_word' id='word_1_90' title='bbox 1012 1938 1181 2008; x_wconf 79' lang='lat' dir='ltr'><strong>possit</strong></span> <span class='ocrx_word' id='word_1_91' title='bbox 1216 1936 1407 2007; x_wconf 80' lang='lat' dir='ltr'><strong>ignoro</strong></span> <span class='ocrx_word' id='word_1_92' title='bbox 1430 1953 1442 1989; x_wconf 77' lang='grc' dir='ltr'>ε</span> <span class='ocrx_word' id='word_1_93' title='bbox 1462 1935 1509 1990; x_wconf 83' lang='lat' dir='ltr'><strong>si</strong></span> <span class='ocrx_word' id='word_1_94' title='bbox 1534 1934 1741 1991; x_wconf 64' lang='lat' dir='ltr'><strong>ausim</strong></span> <span class='ocrx_word' id='word_1_95' title='bbox 1770 1933 1999 1990; x_wconf 78' lang='lat' dir='ltr'><strong>Comitis</strong></span> <span class='ocrx_word' id='word_1_96' title='bbox 2020 1928 2101 2008; x_wconf 63' lang='lat' dir='ltr'><strong>(at</strong></span> 
     </span>
    </p>
   </div>
   <div class='ocr_carea' id='block_1_17' title="bbox 510 2025 2103 2096">
    <p class='ocr_par' dir='ltr' id='par_1_17' title="bbox 510 2025 2103 2096">
     <span class='ocr_line' id='line_1_17' title="bbox 510 2025 2103 2096; baseline -0.004 -11"><span class='ocrx_word' id='word_1_97' title='bbox 510 2029 596 2085; x_wconf 79' lang='lat' dir='ltr'><strong>cui</strong></span> <span class='ocrx_word' id='word_1_98' title='bbox 622 2028 819 2086; x_wconf 72' lang='lat' dir='ltr'><strong>(iantes</strong></span> <span class='ocrx_word' id='word_1_99' title='bbox 842 2036 959 2085; x_wconf 88' lang='lat' dir='ltr'><strong>erat</strong></span> <span class='ocrx_word' id='word_1_100' title='bbox 980 2030 1142 2096; x_wconf 76' lang='lat' dir='ltr'><strong>ﬂens,</strong></span> <span class='ocrx_word' id='word_1_101' title='bbox 1164 2030 1220 2083; x_wconf 87' lang='lat' dir='ltr'><strong>in</strong></span> <span class='ocrx_word' id='word_1_102' title='bbox 1243 2028 1446 2083; x_wconf 81' lang='lat' dir='ltr'><strong>unitate</strong></span> <span class='ocrx_word' id='word_1_103' title='bbox 1466 2025 1631 2083; x_wconf 77' lang='lat' dir='ltr'><strong>fuisse</strong></span> <span class='ocrx_word' id='word_1_104' title='bbox 1650 2026 1863 2091; x_wconf 77' lang='lat' dir='ltr'><strong>dicitur,</strong></span> <span class='ocrx_word' id='word_1_105' title='bbox 1886 2032 1943 2083; x_wconf 84' lang='lat' dir='ltr'><strong>et</strong></span> <span class='ocrx_word' id='word_1_106' title='bbox 1965 2025 2103 2080; x_wconf 76' lang='lat' dir='ltr'><strong>anti-</strong></span> 
     </span>
    </p>
   </div>
   <div class='ocr_carea' id='block_1_18' title="bbox 510 2117 2099 2195">
    <p class='ocr_par' dir='ltr' id='par_1_18' title="bbox 510 2117 2099 2195">
     <span class='ocr_line' id='line_1_18' title="bbox 510 2117 2099 2195; baseline -0.004 -16"><span class='ocrx_word' id='word_1_107' title='bbox 510 2135 608 2179; x_wconf 76' lang='lat' dir='ltr'><strong>ens</strong></span> <span class='ocrx_word' id='word_1_108' title='bbox 637 2123 818 2195; x_wconf 85' lang='lat' dir='ltr'><strong>sponsi</strong></span> <span class='ocrx_word' id='word_1_109' title='bbox 851 2129 1043 2193; x_wconf 80' lang='lat' dir='ltr'><strong>praeter</strong></span> <span class='ocrx_word' id='word_1_110' title='bbox 1082 2121 1363 2178; x_wconf 85' lang='lat' dir='ltr'><strong>unitatem.</strong></span> <span class='ocrx_word' id='word_1_111' title='bbox 1397 2119 1551 2187; x_wconf 81' lang='lat' dir='ltr'><strong>Quod</strong></span> <span class='ocrx_word' id='word_1_112' title='bbox 1578 2119 1627 2174; x_wconf 84' lang='lat' dir='ltr'><strong>si</strong></span> <span class='ocrx_word' id='word_1_113' title='bbox 1656 2117 1890 2174; x_wconf 82' lang='lat' dir='ltr'><strong>Joannes</strong></span> <span class='ocrx_word' id='word_1_114' title='bbox 1914 2117 2099 2173; x_wconf 72' lang='lat' dir='ltr'><strong>maxi-</strong></span> 
     </span>
    </p>
   </div>
   <div class='ocr_carea' id='block_1_19' title="bbox 490 2211 2100 2288">
    <p class='ocr_par' dir='ltr' id='par_1_19' title="bbox 490 2211 2100 2288">
     <span class='ocr_line' id='line_1_19' title="bbox 490 2211 2100 2288; baseline -0.005 -13"><span class='ocrx_word' id='word_1_115' title='bbox 490 2230 602 2288; x_wconf 31' lang='lat' dir='ltr'><strong>lme</strong></span> <span class='ocrx_word' id='word_1_116' title='bbox 625 2218 681 2273; x_wconf 84' lang='lat' dir='ltr'><strong>in</strong></span> <span class='ocrx_word' id='word_1_117' title='bbox 707 2218 912 2273; x_wconf 82' lang='lat' dir='ltr'><strong>unitate</strong></span> <span class='ocrx_word' id='word_1_118' title='bbox 934 2216 1056 2282; x_wconf 78' lang='lat' dir='ltr'><strong>fuit,</strong></span> <span class='ocrx_word' id='word_1_119' title='bbox 1082 2223 1139 2271; x_wconf 89' lang='lat' dir='ltr'><strong>et</strong></span> <span class='ocrx_word' id='word_1_120' title='bbox 1162 2230 1270 2271; x_wconf 84' lang='lat' dir='ltr'><strong>non</strong></span> <span class='ocrx_word' id='word_1_121' title='bbox 1295 2214 1469 2271; x_wconf 84' lang='lat' dir='ltr'><strong>solum</strong></span> <span class='ocrx_word' id='word_1_122' title='bbox 1496 2213 1714 2284; x_wconf 84' lang='lat' dir='ltr'><strong>Optato,</strong></span> <span class='ocrx_word' id='word_1_123' title='bbox 1737 2211 1833 2268; x_wconf 88' lang='lat' dir='ltr'><strong>sed</strong></span> <span class='ocrx_word' id='word_1_124' title='bbox 1853 2211 2100 2268; x_wconf 83' lang='lat' dir='ltr'><strong>omnibus</strong></span> 
     </span>
    </p>
   </div>
   <div class='ocr_carea' id='block_1_20' title="bbox 508 2303 2103 2379">
    <p class='ocr_par' dir='ltr' id='par_1_20' title="bbox 508 2303 2103 2379">
     <span class='ocr_line' id='line_1_20' title="bbox 508 2303 2103 2379; baseline -0.006 -12"><span class='ocrx_word' id='word_1_125' title='bbox 508 2310 671 2367; x_wconf 83' lang='lat' dir='ltr'><strong>nobis</strong></span> <span class='ocrx_word' id='word_1_126' title='bbox 712 2318 769 2366; x_wconf 87' lang='lat' dir='ltr'><strong>et</strong></span> <span class='ocrx_word' id='word_1_127' title='bbox 808 2309 1060 2365; x_wconf 83' lang='lat' dir='ltr'><strong>omnibus</strong></span> <span class='ocrx_word' id='word_1_128' title='bbox 1087 2308 1241 2363; x_wconf 81' lang='lat' dir='ltr'><strong>vobis</strong></span> <span class='ocrx_word' id='word_1_129' title='bbox 1266 2307 1423 2379; x_wconf 85' lang='lat' dir='ltr'><strong>longe</strong></span> <span class='ocrx_word' id='word_1_130' title='bbox 1446 2306 1795 2362; x_wconf 77' lang='lat' dir='ltr'><strong>excellentior</strong></span> <span class='ocrx_word' id='word_1_131' title='bbox 1832 2311 1887 2361; x_wconf 86' lang='lat' dir='ltr'><strong>et</strong></span> <span class='ocrx_word' id='word_1_132' title='bbox 1927 2303 2103 2375; x_wconf 61' lang='lat' dir='ltr'><strong>maior</strong></span> 
     </span>
    </p>
   </div>
   <div class='ocr_carea' id='block_1_21' title="bbox 507 2399 2098 2473">
    <p class='ocr_par' dir='ltr' id='par_1_21' title="bbox 507 2399 2098 2473">
     <span class='ocr_line' id='line_1_21' title="bbox 507 2399 2098 2473; baseline -0.001 -16"><span class='ocrx_word' id='word_1_133' title='bbox 507 2401 638 2470; x_wconf 74' lang='lat' dir='ltr'><strong>fuit,</strong></span> <span class='ocrx_word' id='word_1_134' title='bbox 665 2410 721 2459; x_wconf 86' lang='lat' dir='ltr'><strong>et</strong></span> <span class='ocrx_word' id='word_1_135' title='bbox 749 2412 926 2458; x_wconf 81' lang='lat' dir='ltr'><strong>tamen</strong></span> <span class='ocrx_word' id='word_1_136' title='bbox 952 2410 1073 2473; x_wconf 86' lang='lat' dir='ltr'><strong>post</strong></span> <span class='ocrx_word' id='word_1_137' title='bbox 1093 2416 1215 2457; x_wconf 80' lang='lat' dir='ltr'><strong>eum</strong></span> <span class='ocrx_word' id='word_1_138' title='bbox 1240 2400 1439 2457; x_wconf 82' lang='lat' dir='ltr'><strong>Paulus</strong></span> <span class='ocrx_word' id='word_1_139' title='bbox 1461 2400 1738 2470; x_wconf 76' lang='lat' dir='ltr'><strong>apostolus</strong></span> <span class='ocrx_word' id='word_1_140' title='bbox 1763 2399 2049 2471; x_wconf 72' lang='lat' dir='ltr'><strong>baptizavit</strong></span> <span class='ocrx_word' id='word_1_141' title='bbox 2080 2417 2098 2455; x_wconf 87' lang='lat'><strong>:</strong></span> 
     </span>
    </p>
   </div>
   <div class='ocr_carea' id='block_1_22' title="bbox 506 2490 2097 2565">
    <p class='ocr_par' dir='ltr' id='par_1_22' title="bbox 506 2490 2097 2565">
     <span class='ocr_line' id='line_1_22' title="bbox 506 2490 2097 2565; baseline -0.002 -15"><span class='ocrx_word' id='word_1_142' title='bbox 506 2506 674 2565; x_wconf 82' lang='lat' dir='ltr'><strong>quare</strong></span> <span class='ocrx_word' id='word_1_143' title='bbox 698 2507 796 2550; x_wconf 84' lang='lat' dir='ltr'><strong>vos</strong></span> <span class='ocrx_word' id='word_1_144' title='bbox 823 2502 945 2565; x_wconf 90' lang='lat' dir='ltr'><strong>post</strong></span> <span class='ocrx_word' id='word_1_145' title='bbox 963 2492 1216 2565; x_wconf 82' lang='lat' dir='ltr'><strong>Optatum</strong></span> <span class='ocrx_word' id='word_1_146' title='bbox 1256 2506 1361 2548; x_wconf 84' lang='lat' dir='ltr'><strong>non</strong></span> <span class='ocrx_word' id='word_1_147' title='bbox 1385 2490 1702 2563; x_wconf 79' lang='lat' dir='ltr'><strong>baptizatis?</strong></span> <span class='ocrx_word' id='word_1_148' title='bbox 1741 2490 1852 2547; x_wconf 71' lang='lat' dir='ltr'><strong>Nisi</strong></span> <span class='ocrx_word' id='word_1_149' title='bbox 1876 2491 2014 2548; x_wconf 73' lang='lat' dir='ltr'><strong>forte</strong></span> <span class='ocrx_word' id='word_1_150' title='bbox 2042 2492 2097 2547; x_wconf 89' lang='lat' dir='ltr'><strong>in</strong></span> 
     </span>
    </p>
   </div>
   <div class='ocr_carea' id='block_1_23' title="bbox 505 2583 2096 2659">
    <p class='ocr_par' dir='ltr' id='par_1_23' title="bbox 505 2583 2096 2659">
     <span class='ocr_line' id='line_1_23' title="bbox 505 2583 2096 2659; baseline -0.001 -16"><span class='ocrx_word' id='word_1_151' title='bbox 505 2584 606 2643; x_wconf 82' lang='lat' dir='ltr'><strong>has</strong></span> <span class='ocrx_word' id='word_1_152' title='bbox 638 2586 911 2659; x_wconf 80' lang='lat' dir='ltr'><strong>angustias</strong></span> <span class='ocrx_word' id='word_1_153' title='bbox 929 2600 1025 2643; x_wconf 82' lang='lat' dir='ltr'><strong>vos</strong></span> <span class='ocrx_word' id='word_1_154' title='bbox 1049 2594 1287 2643; x_wconf 77' lang='lat' dir='ltr'><strong>coarctat</strong></span> <span class='ocrx_word' id='word_1_155' title='bbox 1311 2585 1525 2641; x_wconf 60' lang='lat' dir='ltr'><strong>caecitas</strong></span> <span class='ocrx_word' id='word_1_156' title='bbox 1552 2594 1728 2641; x_wconf 88' lang='lat' dir='ltr'><strong>vestra</strong></span> <span class='ocrx_word' id='word_1_157' title='bbox 1754 2628 1768 2655; x_wconf 94' lang='lat'><strong>,</strong></span> <span class='ocrx_word' id='word_1_158' title='bbox 1810 2594 1869 2641; x_wconf 92' lang='lat' dir='ltr'><strong>ut</strong></span> <span class='ocrx_word' id='word_1_159' title='bbox 1905 2583 2096 2641; x_wconf 75' lang='lat' dir='ltr'><strong>dicatis</strong></span> 
     </span>
    </p>
   </div>
   <div class='ocr_carea' id='block_1_24' title="bbox 503 2676 2096 2752">
    <p class='ocr_par' dir='ltr' id='par_1_24' title="bbox 503 2676 2096 2752">
     <span class='ocr_line' id='line_1_24' title="bbox 503 2676 2096 2752; baseline -0.001 -14"><span class='ocrx_word' id='word_1_160' title='bbox 503 2676 755 2752; x_wconf 76' lang='lat' dir='ltr'><strong>Optatum</strong></span> <span class='ocrx_word' id='word_1_161' title='bbox 794 2680 926 2736; x_wconf 79' lang='lat' dir='ltr'><strong>dare</strong></span> <span class='ocrx_word' id='word_1_162' title='bbox 960 2680 1198 2752; x_wconf 80' lang='lat' dir='ltr'><strong>potuisse</strong></span> <span class='ocrx_word' id='word_1_163' title='bbox 1232 2679 1495 2751; x_wconf 79' lang='lat' dir='ltr'><strong>Spiritum</strong></span> <span class='ocrx_word' id='word_1_164' title='bbox 1522 2689 1764 2736; x_wconf 84' lang='lat' dir='ltr'><strong>sanctum</strong></span> <span class='ocrx_word' id='word_1_165' title='bbox 1788 2723 1803 2747; x_wconf 92' lang='lat'><strong>,</strong></span> <span class='ocrx_word' id='word_1_166' title='bbox 1834 2679 2096 2736; x_wconf 79' lang='lat' dir='ltr'><strong>Joannem</strong></span> 
     </span>
    </p>
   </div>
   <div class='ocr_carea' id='block_1_25' title="bbox 506 2771 2095 2846">
    <p class='ocr_par' dir='ltr' id='par_1_25' title="bbox 506 2771 2095 2846">
     <span class='ocr_line' id='line_1_25' title="bbox 506 2771 2095 2846; baseline -0.001 -17"><span class='ocrx_word' id='word_1_167' title='bbox 506 2786 615 2829; x_wconf 82' lang='lat' dir='ltr'><strong>non</strong></span> <span class='ocrx_word' id='word_1_168' title='bbox 641 2772 896 2844; x_wconf 80' lang='lat' dir='ltr'><strong>potuisse.</strong></span> <span class='ocrx_word' id='word_1_169' title='bbox 929 2771 1087 2843; x_wconf 76' lang='lat' dir='ltr'><strong>Quod</strong></span> <span class='ocrx_word' id='word_1_170' title='bbox 1125 2773 1172 2830; x_wconf 87' lang='lat' dir='ltr'><strong>si</strong></span> <span class='ocrx_word' id='word_1_171' title='bbox 1211 2786 1320 2830; x_wconf 88' lang='lat' dir='ltr'><strong>non</strong></span> <span class='ocrx_word' id='word_1_172' title='bbox 1346 2772 1522 2830; x_wconf 89' lang='lat' dir='ltr'><strong>dicitis</strong></span> <span class='ocrx_word' id='word_1_173' title='bbox 1547 2816 1563 2844; x_wconf 93' lang='lat'><strong>,</strong></span> <span class='ocrx_word' id='word_1_174' title='bbox 1594 2787 1663 2829; x_wconf 86' lang='lat' dir='ltr'><strong>ne</strong></span> <span class='ocrx_word' id='word_1_175' title='bbox 1683 2773 1751 2832; x_wconf 83' lang='lat' dir='ltr'><strong>ab</strong></span> <span class='ocrx_word' id='word_1_176' title='bbox 1780 2772 1911 2846; x_wconf 84' lang='lat' dir='ltr'><strong>ipsis</strong></span> <span class='ocrx_word' id='word_1_177' title='bbox 1934 2774 2095 2829; x_wconf 84' lang='lat' dir='ltr'><strong>etiam</strong></span> 
     </span>
    </p>
   </div>
   <div class='ocr_carea' id='block_1_26' title="bbox 506 2865 2091 2941">
    <p class='ocr_par' dir='ltr' id='par_1_26' title="bbox 506 2865 2091 2941">
     <span class='ocr_line' id='line_1_26' title="bbox 506 2865 2091 2941; baseline -0.001 -18"><span class='ocrx_word' id='word_1_178' title='bbox 506 2865 709 2923; x_wconf 83' lang='lat' dir='ltr'><strong>insanis</strong></span> <span class='ocrx_word' id='word_1_179' title='bbox 730 2873 905 2923; x_wconf 82' lang='lat' dir='ltr'><strong>vestra</strong></span> <span class='ocrx_word' id='word_1_180' title='bbox 929 2866 1171 2923; x_wconf 77' lang='lat' dir='ltr'><strong>rideatur</strong></span> <span class='ocrx_word' id='word_1_181' title='bbox 1194 2866 1399 2922; x_wconf 86' lang='lat' dir='ltr'><strong>insania</strong></span> <span class='ocrx_word' id='word_1_182' title='bbox 1428 2885 1442 2923; x_wconf 91' lang='lat'><strong>:</strong></span> <span class='ocrx_word' id='word_1_183' title='bbox 1464 2865 1589 2938; x_wconf 84' lang='lat' dir='ltr'><strong>quid</strong></span> <span class='ocrx_word' id='word_1_184' title='bbox 1610 2866 1920 2938; x_wconf 78' lang='lat' dir='ltr'><strong>responsuri</strong></span> <span class='ocrx_word' id='word_1_185' title='bbox 1941 2865 2091 2941; x_wconf 80' lang='lat' dir='ltr'><strong>estis,</strong></span> 
     </span>
    </p>
   </div>
   <div class='ocr_carea' id='block_1_27' title="bbox 503 2958 2096 3031">
    <p class='ocr_par' dir='ltr' id='par_1_27' title="bbox 503 2958 2096 3031">
     <span class='ocr_line' id='line_1_27' title="bbox 503 2958 2096 3031; baseline 0 -14"><span class='ocrx_word' id='word_1_186' title='bbox 503 2973 601 3017; x_wconf 88' lang='lat' dir='ltr'><strong>cur</strong></span> <span class='ocrx_word' id='word_1_187' title='bbox 642 2968 762 3031; x_wconf 86' lang='lat' dir='ltr'><strong>post</strong></span> <span class='ocrx_word' id='word_1_188' title='bbox 796 2959 1053 3017; x_wconf 79' lang='lat' dir='ltr'><strong>Joannem</strong></span> <span class='ocrx_word' id='word_1_189' title='bbox 1083 2958 1387 3031; x_wconf 83' lang='lat' dir='ltr'><strong>baptizandi</strong></span> <span class='ocrx_word' id='word_1_190' title='bbox 1427 2960 1623 3017; x_wconf 76' lang='lat' dir='ltr'><strong>fuerint</strong></span> <span class='ocrx_word' id='word_1_191' title='bbox 1656 2961 1902 3017; x_wconf 87' lang='lat' dir='ltr'><strong>homines</strong></span> <span class='ocrx_word' id='word_1_192' title='bbox 1926 3004 1941 3029; x_wconf 93' lang='lat'><strong>,</strong></span> <span class='ocrx_word' id='word_1_193' title='bbox 1972 2969 2096 3031; x_wconf 90' lang='lat' dir='ltr'><strong>post</strong></span> 
     </span>
    </p>
   </div>
   <div class='ocr_carea' id='block_1_28' title="bbox 503 3048 2095 3122">
    <p class='ocr_par' dir='ltr' id='par_1_28' title="bbox 503 3048 2095 3122">
     <span class='ocr_line' id='line_1_28' title="bbox 503 3048 2095 3122; baseline 0.002 -18"><span class='ocrx_word' id='word_1_194' title='bbox 503 3048 756 3122; x_wconf 79' lang='lat' dir='ltr'><strong>Optatum</strong></span> <span class='ocrx_word' id='word_1_195' title='bbox 794 3059 971 3106; x_wconf 88' lang='lat' dir='ltr'><strong>autem</strong></span> <span class='ocrx_word' id='word_1_196' title='bbox 1008 3064 1168 3106; x_wconf 87' lang='lat' dir='ltr'><strong>nemo</strong></span> <span class='ocrx_word' id='word_1_197' title='bbox 1209 3050 1557 3121; x_wconf 72' lang='lat' dir='ltr'><strong>baptizandus</strong></span> <span class='ocrx_word' id='word_1_198' title='bbox 1589 3051 1678 3119; x_wconf 90' lang='lat' dir='ltr'><strong>sit,</strong></span> <span class='ocrx_word' id='word_1_199' title='bbox 1720 3051 1821 3106; x_wconf 87' lang='lat' dir='ltr'><strong>nisi</strong></span> <span class='ocrx_word' id='word_1_200' title='bbox 1858 3051 1979 3122; x_wconf 85' lang='lat' dir='ltr'><strong>quia</strong></span> <span class='ocrx_word' id='word_1_201' title='bbox 2016 3050 2095 3107; x_wconf 90' lang='lat' dir='ltr'><strong>illi</strong></span> 
     </span>
    </p>
   </div>
   <div class='ocr_carea' id='block_1_29' title="bbox 504 3142 2091 3214">
    <p class='ocr_par' dir='ltr' id='par_1_29' title="bbox 504 3142 2091 3214">
     <span class='ocr_line' id='line_1_29' title="bbox 504 3142 2091 3214; baseline -0.001 -14"><span class='ocrx_word' id='word_1_202' title='bbox 504 3142 770 3214; x_wconf 85' lang='lat' dir='ltr'><strong>baptismo</strong></span> <span class='ocrx_word' id='word_1_203' title='bbox 793 3142 1013 3200; x_wconf 80' lang='lat' dir='ltr'><strong>Joannis</strong></span> <span class='ocrx_word' id='word_1_204' title='bbox 1032 3142 1242 3199; x_wconf 77' lang='lat' dir='ltr'><strong>fuerant</strong></span> <span class='ocrx_word' id='word_1_205' title='bbox 1269 3142 1549 3214; x_wconf 84' lang='lat' dir='ltr'><strong>baptizati;</strong></span> <span class='ocrx_word' id='word_1_206' title='bbox 1573 3144 1894 3214; x_wconf 86' lang='lat' dir='ltr'><strong>quicumque</strong></span> <span class='ocrx_word' id='word_1_207' title='bbox 1914 3151 2091 3200; x_wconf 88' lang='lat' dir='ltr'><strong>autem</strong></span> 
     </span>
    </p>
   </div>
   <div class='ocr_carea' id='block_1_30' title="bbox 500 3235 2095 3317">
    <p class='ocr_par' dir='ltr' id='par_1_30' title="bbox 500 3235 2095 3317">
     <span class='ocr_line' id='line_1_30' title="bbox 500 3235 2095 3317; baseline -0.001 -24"><span class='ocrx_word' id='word_1_208' title='bbox 500 3235 701 3294; x_wconf 79' lang='lat' dir='ltr'><strong>Christi</strong></span> <span class='ocrx_word' id='word_1_209' title='bbox 725 3238 998 3309; x_wconf 87' lang='lat' dir='ltr'><strong>Baptismo</strong></span> <span class='ocrx_word' id='word_1_210' title='bbox 1024 3238 1382 3308; x_wconf 85' lang='lat' dir='ltr'><strong>baptizantur,</strong></span> <span class='ocrx_word' id='word_1_211' title='bbox 1414 3237 1529 3293; x_wconf 86' lang='lat' dir='ltr'><strong>sive</strong></span> <span class='ocrx_word' id='word_1_212' title='bbox 1547 3252 1644 3308; x_wconf 88' lang='lat' dir='ltr'><strong>per</strong></span> <span class='ocrx_word' id='word_1_213' title='bbox 1672 3236 1894 3293; x_wconf 88' lang='lat' dir='ltr'><strong>Paulum</strong></span> <span class='ocrx_word' id='word_1_214' title='bbox 1922 3236 2095 3317; x_wconf 85' lang='lat' dir='ltr'><strong>bapti-</strong></span> 
     </span>
    </p>
   </div>
   <div class='ocr_carea' id='block_1_31' title="bbox 501 3326 2090 3399">
    <p class='ocr_par' dir='ltr' id='par_1_31' title="bbox 501 3326 2090 3399">
     <span class='ocr_line' id='line_1_31' title="bbox 501 3326 2090 3399; baseline 0.001 -16"><span class='ocrx_word' id='word_1_215' title='bbox 501 3337 691 3385; x_wconf 85' lang='lat' dir='ltr'><strong>zcntur</strong></span> <span class='ocrx_word' id='word_1_216' title='bbox 715 3371 731 3398; x_wconf 91' lang='lat'><strong>,</strong></span> <span class='ocrx_word' id='word_1_217' title='bbox 771 3328 883 3385; x_wconf 83' lang='lat' dir='ltr'><strong>sive</strong></span> <span class='ocrx_word' id='word_1_218' title='bbox 926 3342 1023 3399; x_wconf 89' lang='lat' dir='ltr'><strong>per</strong></span> <span class='ocrx_word' id='word_1_219' title='bbox 1046 3326 1319 3399; x_wconf 87' lang='lat' dir='ltr'><strong>Optatum,</strong></span> <span class='ocrx_word' id='word_1_220' title='bbox 1352 3327 1488 3384; x_wconf 87' lang='lat' dir='ltr'><strong>nihil</strong></span> <span class='ocrx_word' id='word_1_221' title='bbox 1514 3327 1676 3384; x_wconf 85' lang='lat' dir='ltr'><strong>distat</strong></span> <span class='ocrx_word' id='word_1_222' title='bbox 1704 3328 1843 3384; x_wconf 91' lang='lat' dir='ltr'><strong>inter</strong></span> <span class='ocrx_word' id='word_1_223' title='bbox 1866 3329 2090 3385; x_wconf 88' lang='lat' dir='ltr'><strong>istorum</strong></span> 
     </span>
    </p>
   </div>
   <div class='ocr_carea' id='block_1_32' title="bbox 501 3420 2091 3494">
    <p class='ocr_par' dir='ltr' id='par_1_32' title="bbox 501 3420 2091 3494">
     <span class='ocr_line' id='line_1_32' title="bbox 501 3420 2091 3494; baseline -0.001 -15"><span class='ocrx_word' id='word_1_224' title='bbox 501 3430 559 3479; x_wconf 88' lang='lat' dir='ltr'><strong>et</strong></span> <span class='ocrx_word' id='word_1_225' title='bbox 585 3423 797 3479; x_wconf 90' lang='lat' dir='ltr'><strong>illorum</strong></span> <span class='ocrx_word' id='word_1_226' title='bbox 823 3422 1152 3494; x_wconf 84' lang='lat' dir='ltr'><strong>Baptismum</strong></span> <span class='ocrx_word' id='word_1_227' title='bbox 1177 3465 1193 3492; x_wconf 95' lang='lat'><strong>,</strong></span> <span class='ocrx_word' id='word_1_228' title='bbox 1224 3438 1347 3479; x_wconf 89' lang='lat' dir='ltr'><strong>cum</strong></span> <span class='ocrx_word' id='word_1_229' title='bbox 1376 3431 1581 3479; x_wconf 89' lang='lat' dir='ltr'><strong>tantum</strong></span> <span class='ocrx_word' id='word_1_230' title='bbox 1610 3423 1770 3480; x_wconf 84' lang='lat' dir='ltr'><strong>distet</strong></span> <span class='ocrx_word' id='word_1_231' title='bbox 1796 3424 1932 3479; x_wconf 84' lang='lat' dir='ltr'><strong>inter</strong></span> <span class='ocrx_word' id='word_1_232' title='bbox 1951 3420 2091 3479; x_wconf 88' lang='lat' dir='ltr'><strong>Pau-</strong></span> 
     </span>
    </p>
   </div>
   <div class='ocr_carea' id='block_1_33' title="bbox 502 3513 2090 3588">
    <p class='ocr_par' dir='ltr' id='par_1_33' title="bbox 502 3513 2090 3588">
     <span class='ocr_line' id='line_1_33' title="bbox 502 3513 2090 3588; baseline 0.003 -18"><span class='ocrx_word' id='word_1_233' title='bbox 502 3513 615 3570; x_wconf 89' lang='lat' dir='ltr'><strong>lum</strong></span> <span class='ocrx_word' id='word_1_234' title='bbox 660 3522 714 3571; x_wconf 90' lang='lat' dir='ltr'><strong>et</strong></span> <span class='ocrx_word' id='word_1_235' title='bbox 755 3514 1041 3587; x_wconf 76' lang='lat' dir='ltr'><strong>Optatum?</strong></span> <span class='ocrx_word' id='word_1_236' title='bbox 1070 3514 1258 3572; x_wconf 87' lang='lat' dir='ltr'><strong>Redite</strong></span> <span class='ocrx_word' id='word_1_237' title='bbox 1294 3530 1420 3588; x_wconf 87' lang='lat' dir='ltr'><strong>ergo</strong></span> <span class='ocrx_word' id='word_1_238' title='bbox 1444 3559 1458 3587; x_wconf 92' lang='lat'><strong>,</strong></span> <span class='ocrx_word' id='word_1_239' title='bbox 1508 3519 1971 3587; x_wconf 80' lang='lat' dir='ltr'><strong>praevaricatores,</strong></span> <span class='ocrx_word' id='word_1_240' title='bbox 2024 3517 2090 3574; x_wconf 87' lang='lat' dir='ltr'><strong>ad</strong></span> 
     </span>
    </p>
   </div>
   <div class='ocr_carea' id='block_1_34' title="bbox 500 3606 2092 3680">
    <p class='ocr_par' dir='ltr' id='par_1_34' title="bbox 500 3606 2092 3680">
     <span class='ocr_line' id='line_1_34' title="bbox 500 3606 2092 3680; baseline 0.001 -17"><span class='ocrx_word' id='word_1_241' title='bbox 500 3616 599 3663; x_wconf 86' lang='lat' dir='ltr'><strong>cor</strong></span> <span class='ocrx_word' id='word_1_242' title='bbox 625 3606 774 3680; x_wconf 86' lang='lat' dir='ltr'><strong>(Isai.</strong></span> <span class='ocrx_word' id='word_1_243' title='bbox 802 3623 943 3673; x_wconf 78' lang='lat' dir='ltr'><strong>m1,</strong></span> <span class='ocrx_word' id='word_1_244' title='bbox 974 3607 1049 3679; x_wconf 89' lang='lat'><strong>8),</strong></span> <span class='ocrx_word' id='word_1_245' title='bbox 1075 3616 1127 3664; x_wconf 90' lang='lat' dir='ltr'><strong>et</strong></span> <span class='ocrx_word' id='word_1_246' title='bbox 1156 3607 1322 3665; x_wconf 86' lang='lat' dir='ltr'><strong>nolite</strong></span> <span class='ocrx_word' id='word_1_247' title='bbox 1358 3623 1424 3665; x_wconf 83' lang='lat' dir='ltr'><strong>ex</strong></span> <span class='ocrx_word' id='word_1_248' title='bbox 1466 3608 1740 3665; x_wconf 83' lang='lat' dir='ltr'><strong>hominum</strong></span> <span class='ocrx_word' id='word_1_249' title='bbox 1771 3610 2009 3666; x_wconf 89' lang='lat' dir='ltr'><strong>moribus</strong></span> <span class='ocrx_word' id='word_1_250' title='bbox 2037 3618 2092 3665; x_wconf 87' lang='lat' dir='ltr'><strong>et</strong></span> 
     </span>
    </p>
   </div>
   <div class='ocr_carea' id='block_1_35' title="bbox 499 3697 2089 3772">
    <p class='ocr_par' dir='ltr' id='par_1_35' title="bbox 499 3697 2089 3772">
     <span class='ocr_line' id='line_1_35' title="bbox 499 3697 2089 3772; baseline 0.001 -17"><span class='ocrx_word' id='word_1_251' title='bbox 499 3697 657 3756; x_wconf 80' lang='lat' dir='ltr'><strong>factis</strong></span> <span class='ocrx_word' id='word_1_252' title='bbox 682 3699 860 3755; x_wconf 90' lang='lat' dir='ltr'><strong>divina</strong></span> <span class='ocrx_word' id='word_1_253' title='bbox 898 3698 1244 3757; x_wconf 83' lang='lat' dir='ltr'><strong>Sacramenta</strong></span> <span class='ocrx_word' id='word_1_254' title='bbox 1278 3714 1525 3772; x_wconf 79' lang='lat' dir='ltr'><strong>pensare.</strong></span> <span class='ocrx_word' id='word_1_255' title='bbox 1561 3701 1654 3757; x_wconf 89' lang='lat' dir='ltr'><strong>illa</strong></span> <span class='ocrx_word' id='word_1_256' title='bbox 1675 3702 1818 3757; x_wconf 90' lang='lat' dir='ltr'><strong>enim</strong></span> <span class='ocrx_word' id='word_1_257' title='bbox 1846 3716 1942 3772; x_wconf 88' lang='lat' dir='ltr'><strong>per</strong></span> <span class='ocrx_word' id='word_1_258' title='bbox 1966 3716 2089 3757; x_wconf 90' lang='lat' dir='ltr'><strong>eum</strong></span> 
     </span>
    </p>
   </div>
   <div class='ocr_carea' id='block_1_36' title="bbox 497 3792 2092 3866">
    <p class='ocr_par' dir='ltr' id='par_1_36' title="bbox 497 3792 2092 3866">
     <span class='ocr_line' id='line_1_36' title="bbox 497 3792 2092 3866; baseline -0.001 -15"><span class='ocrx_word' id='word_1_259' title='bbox 497 3800 685 3851; x_wconf 81' lang='lat' dir='ltr'><strong>saneta</strong></span> <span class='ocrx_word' id='word_1_260' title='bbox 723 3801 848 3850; x_wconf 87' lang='lat' dir='ltr'><strong>sunt</strong></span> <span class='ocrx_word' id='word_1_261' title='bbox 886 3792 1038 3865; x_wconf 86' lang='lat' dir='ltr'><strong>cujus</strong></span> <span class='ocrx_word' id='word_1_262' title='bbox 1067 3802 1194 3850; x_wconf 81' lang='lat' dir='ltr'><strong>sunt</strong></span> <span class='ocrx_word' id='word_1_263' title='bbox 1216 3795 1233 3826; x_wconf 78' lang='grc' dir='ltr'>ι</span> <span class='ocrx_word' id='word_1_264' title='bbox 1268 3811 1282 3851; x_wconf 90' lang='lat'><strong>:</strong></span> <span class='ocrx_word' id='word_1_265' title='bbox 1309 3792 1404 3849; x_wconf 89' lang='lat' dir='ltr'><strong>sed</strong></span> <span class='ocrx_word' id='word_1_266' title='bbox 1430 3794 1590 3866; x_wconf 83' lang='lat' dir='ltr'><strong>digne</strong></span> <span class='ocrx_word' id='word_1_267' title='bbox 1617 3802 1839 3850; x_wconf 89' lang='lat' dir='ltr'><strong>tractata</strong></span> <span class='ocrx_word' id='word_1_268' title='bbox 1859 3792 2092 3850; x_wconf 80' lang='lat' dir='ltr'><strong>afferunt</strong></span> 
     </span>
    </p>
   </div>
   <div class='ocr_carea' id='block_1_37' title="bbox 497 3884 2091 3961">
    <p class='ocr_par' dir='ltr' id='par_1_37' title="bbox 497 3884 2091 3961">
     <span class='ocr_line' id='line_1_37' title="bbox 497 3884 2091 3961; baseline 0.003 -19"><span class='ocrx_word' id='word_1_269' title='bbox 497 3888 824 3961; x_wconf 71' lang='lat' dir='ltr'><strong>pmmium;</strong></span> <span class='ocrx_word' id='word_1_270' title='bbox 872 3884 1090 3961; x_wconf 78' lang='lat' dir='ltr'><strong>indigne</strong></span> <span class='ocrx_word' id='word_1_271' title='bbox 1140 3896 1317 3945; x_wconf 88' lang='lat' dir='ltr'><strong>autem</strong></span> <span class='ocrx_word' id='word_1_272' title='bbox 1366 3897 1587 3945; x_wconf 87' lang='lat' dir='ltr'><strong>tractata</strong></span> <span class='ocrx_word' id='word_1_273' title='bbox 1612 3932 1627 3958; x_wconf 94' lang='lat'><strong>,</strong></span> <span class='ocrx_word' id='word_1_274' title='bbox 1679 3889 1959 3961; x_wconf 82' lang='lat' dir='ltr'><strong>judicium.</strong></span> <span class='ocrx_word' id='word_1_275' title='bbox 2022 3889 2091 3946; x_wconf 87' lang='lat' dir='ltr'><strong>Et</strong></span> 
     </span>
    </p>
   </div>
   <div class='ocr_carea' id='block_1_38' title="bbox 498 3984 2091 4059">
    <p class='ocr_par' dir='ltr' id='par_1_38' title="bbox 498 3984 2091 4059">
     <span class='ocr_line' id='line_1_38' title="bbox 498 3984 2091 4059; baseline 0.001 -20"><span class='ocrx_word' id='word_1_276' title='bbox 498 3984 739 4053; x_wconf 84' lang='lat' dir='ltr'><strong>quamvis</strong></span> <span class='ocrx_word' id='word_1_277' title='bbox 759 3999 927 4040; x_wconf 89' lang='lat' dir='ltr'><strong>unum</strong></span> <span class='ocrx_word' id='word_1_278' title='bbox 948 3998 1053 4041; x_wconf 91' lang='lat' dir='ltr'><strong>non</strong></span> <span class='ocrx_word' id='word_1_279' title='bbox 1076 3985 1180 4040; x_wconf 86' lang='lat' dir='ltr'><strong>sint</strong></span> <span class='ocrx_word' id='word_1_280' title='bbox 1200 3985 1291 4059; x_wconf 87' lang='lat' dir='ltr'><strong>qui</strong></span> <span class='ocrx_word' id='word_1_281' title='bbox 1310 3985 1404 4041; x_wconf 91' lang='lat' dir='ltr'><strong>Dei</strong></span> <span class='ocrx_word' id='word_1_282' title='bbox 1426 3984 1833 4042; x_wconf 89' lang='lat' dir='ltr'><strong>Sacramentum</strong></span> <span class='ocrx_word' id='word_1_283' title='bbox 1854 3984 2014 4057; x_wconf 88' lang='lat' dir='ltr'><strong>digne</strong></span> <span class='ocrx_word' id='word_1_284' title='bbox 2035 3992 2091 4043; x_wconf 88' lang='lat' dir='ltr'><strong>et</strong></span> 
     </span>
    </p>
   </div>
   <div class='ocr_carea' id='block_1_39' title="bbox 499 4070 2087 4149">
    <p class='ocr_par' dir='ltr' id='par_1_39' title="bbox 499 4070 2087 4149">
     <span class='ocr_line' id='line_1_39' title="bbox 499 4070 2087 4149; baseline 0.003 -18"><span class='ocrx_word' id='word_1_285' title='bbox 499 4074 591 4147; x_wconf 85' lang='lat' dir='ltr'><strong>qui</strong></span> <span class='ocrx_word' id='word_1_286' title='bbox 625 4070 844 4149; x_wconf 78' lang='lat' dir='ltr'><strong>indigne</strong></span> <span class='ocrx_word' id='word_1_287' title='bbox 877 4079 1222 4135; x_wconf 87' lang='lat' dir='ltr'><strong>tractaverint</strong></span> <span class='ocrx_word' id='word_1_288' title='bbox 1256 4095 1269 4131; x_wconf 88' lang='lat'><strong>:</strong></span> <span class='ocrx_word' id='word_1_289' title='bbox 1303 4094 1465 4134; x_wconf 86' lang='lat' dir='ltr'><strong>unum</strong></span> <span class='ocrx_word' id='word_1_290' title='bbox 1498 4074 1785 4137; x_wconf 70' lang='lat' dir='ltr'><strong>esttamen</strong></span> <span class='ocrx_word' id='word_1_291' title='bbox 1815 4077 1944 4134; x_wconf 90' lang='lat' dir='ltr'><strong>illud</strong></span> <span class='ocrx_word' id='word_1_292' title='bbox 1971 4079 2087 4135; x_wconf 87' lang='lat' dir='ltr'><strong>sive</strong></span> 
     </span>
    </p>
   </div>
   <div class='ocr_carea' id='block_1_40' title="bbox 498 4164 2087 4241">
    <p class='ocr_par' dir='ltr' id='par_1_40' title="bbox 498 4164 2087 4241">
     <span class='ocr_line' id='line_1_40' title="bbox 498 4164 2087 4241; baseline 0.003 -19"><span class='ocrx_word' id='word_1_293' title='bbox 498 4164 658 4238; x_wconf 84' lang='lat' dir='ltr'><strong>digne</strong></span> <span class='ocrx_word' id='word_1_294' title='bbox 681 4168 795 4224; x_wconf 87' lang='lat' dir='ltr'><strong>sive</strong></span> <span class='ocrx_word' id='word_1_295' title='bbox 820 4168 1034 4241; x_wconf 80' lang='lat' dir='ltr'><strong>indigne</strong></span> <span class='ocrx_word' id='word_1_296' title='bbox 1062 4177 1346 4236; x_wconf 84' lang='lat' dir='ltr'><strong>tractetur;</strong></span> <span class='ocrx_word' id='word_1_297' title='bbox 1372 4185 1480 4226; x_wconf 89' lang='lat' dir='ltr'><strong>non</strong></span> <span class='ocrx_word' id='word_1_298' title='bbox 1506 4179 1566 4225; x_wconf 90' lang='lat' dir='ltr'><strong>ut</strong></span> <span class='ocrx_word' id='word_1_299' title='bbox 1592 4172 1765 4241; x_wconf 89' lang='lat' dir='ltr'><strong>ipsum</strong></span> <span class='ocrx_word' id='word_1_300' title='bbox 1792 4171 1984 4228; x_wconf 87' lang='lat' dir='ltr'><strong>melius</strong></span> <span class='ocrx_word' id='word_1_301' title='bbox 2001 4170 2087 4227; x_wconf 91' lang='lat' dir='ltr'><strong>vel</strong></span> 
     </span>
    </p>
   </div>
   <div class='ocr_carea' id='block_1_41' title="bbox 500 4258 2082 4329">
    <p class='ocr_par' dir='ltr' id='par_1_41' title="bbox 500 4258 2082 4329">
     <span class='ocr_line' id='line_1_41' title="bbox 500 4258 2082 4329; baseline 0.003 -16"><span class='ocrx_word' id='word_1_302' title='bbox 500 4258 737 4315; x_wconf 87' lang='lat' dir='ltr'><strong>deterius</strong></span> <span class='ocrx_word' id='word_1_303' title='bbox 775 4258 905 4329; x_wconf 81' lang='lat' dir='ltr'><strong>ﬂat,</strong></span> <span class='ocrx_word' id='word_1_304' title='bbox 946 4260 1043 4317; x_wconf 88' lang='lat' dir='ltr'><strong>sed</strong></span> <span class='ocrx_word' id='word_1_305' title='bbox 1083 4261 1151 4316; x_wconf 86' lang='lat' dir='ltr'><strong>ad</strong></span> <span class='ocrx_word' id='word_1_306' title='bbox 1175 4262 1338 4316; x_wconf 89' lang='lat' dir='ltr'><strong>vitam</strong></span> <span class='ocrx_word' id='word_1_307' title='bbox 1383 4268 1679 4317; x_wconf 82' lang='lat' dir='ltr'><strong>mortemve</strong></span> <span class='ocrx_word' id='word_1_308' title='bbox 1716 4262 2082 4318; x_wconf 83' lang='lat' dir='ltr'><strong>tractantium.</strong></span> 
     </span>
    </p>
   </div>
   <div class='ocr_carea' id='block_1_42' title="bbox 500 4348 2089 4426">
    <p class='ocr_par' dir='ltr' id='par_1_42' title="bbox 500 4348 2089 4426">
     <span class='ocr_line' id='line_1_42' title="bbox 500 4348 2089 4426; baseline 0.003 -18"><span class='ocrx_word' id='word_1_309' title='bbox 500 4348 635 4408; x_wconf 83' lang='lat' dir='ltr'><strong>Illud</strong></span> <span class='ocrx_word' id='word_1_310' title='bbox 661 4364 790 4407; x_wconf 89' lang='lat' dir='ltr'><strong>sane</strong></span> <span class='ocrx_word' id='word_1_311' title='bbox 809 4351 951 4422; x_wconf 91' lang='lat' dir='ltr'><strong>quod</strong></span> <span class='ocrx_word' id='word_1_312' title='bbox 973 4351 1172 4420; x_wconf 80' lang='lat' dir='ltr'><strong>dixisti,</strong></span> <span class='ocrx_word' id='word_1_313' title='bbox 1198 4353 1316 4423; x_wconf 87' lang='lat' dir='ltr'><strong>quia</strong></span> <span class='ocrx_word' id='word_1_314' title='bbox 1338 4353 1391 4407; x_wconf 88' lang='lat' dir='ltr'><strong>in</strong></span> <span class='ocrx_word' id='word_1_315' title='bbox 1414 4353 1519 4408; x_wconf 80' lang='lat' dir='ltr'><strong>illis</strong></span> <span class='ocrx_word' id='word_1_316' title='bbox 1536 4370 1659 4422; x_wconf 89' lang='lat' dir='ltr'><strong>quos</strong></span> <span class='ocrx_word' id='word_1_317' title='bbox 1679 4353 1949 4426; x_wconf 78' lang='lat' dir='ltr'><strong>baptizavit</strong></span> <span class='ocrx_word' id='word_1_318' title='bbox 1975 4363 2089 4424; x_wconf 82' lang='lat' dir='ltr'><strong>post</strong></span> 
     </span>
    </p>
   </div>
   <div class='ocr_carea' id='block_1_43' title="bbox 498 4440 2086 4517">
    <p class='ocr_par' dir='ltr' id='par_1_43' title="bbox 498 4440 2086 4517">
     <span class='ocr_line' id='line_1_43' title="bbox 498 4440 2086 4517; baseline 0.003 -20"><span class='ocrx_word' id='word_1_319' title='bbox 498 4440 754 4498; x_wconf 79' lang='lat' dir='ltr'><strong>Joannem</strong></span> <span class='ocrx_word' id='word_1_320' title='bbox 782 4440 999 4509; x_wconf 87' lang='lat' dir='ltr'><strong>Paulus,</strong></span> <span class='ocrx_word' id='word_1_321' title='bbox 1024 4444 1158 4512; x_wconf 85' lang='lat' dir='ltr'><strong>quod</strong></span> <span class='ocrx_word' id='word_1_322' title='bbox 1176 4443 1293 4514; x_wconf 86' lang='lat' dir='ltr'><strong>jam</strong></span> <span class='ocrx_word' id='word_1_323' title='bbox 1312 4447 1477 4515; x_wconf 82' lang='lat' dir='ltr'><strong>fuerat</strong></span> <span class='ocrx_word' id='word_1_324' title='bbox 1499 4444 1686 4509; x_wconf 87' lang='lat' dir='ltr'><strong>abluit;</strong></span> <span class='ocrx_word' id='word_1_325' title='bbox 1719 4445 1957 4517; x_wconf 83' lang='lat' dir='ltr'><strong>profecto</strong></span> <span class='ocrx_word' id='word_1_326' title='bbox 1979 4461 2086 4502; x_wconf 86' lang='lat' dir='ltr'><strong>non</strong></span> 
     </span>
    </p>
   </div>
   <div class='ocr_carea' id='block_1_44' title="bbox 498 4534 2086 4613">
    <p class='ocr_par' dir='ltr' id='par_1_44' title="bbox 498 4534 2086 4613">
     <span class='ocr_line' id='line_1_44' title="bbox 498 4534 2086 4613; baseline 0.002 -23"><span class='ocrx_word' id='word_1_327' title='bbox 498 4534 743 4603; x_wconf 88' lang='lat' dir='ltr'><strong>diceres,</strong></span> <span class='ocrx_word' id='word_1_328' title='bbox 775 4534 821 4591; x_wconf 88' lang='lat' dir='ltr'><strong>si</strong></span> <span class='ocrx_word' id='word_1_329' title='bbox 859 4535 1187 4605; x_wconf 88' lang='lat' dir='ltr'><strong>aliquantum</strong></span> <span class='ocrx_word' id='word_1_330' title='bbox 1213 4535 1582 4592; x_wconf 86' lang='lat' dir='ltr'><strong>considerares</strong></span> <span class='ocrx_word' id='word_1_331' title='bbox 1608 4537 1731 4613; x_wconf 87' lang='lat' dir='ltr'><strong>quid</strong></span> <span class='ocrx_word' id='word_1_332' title='bbox 1756 4537 1985 4594; x_wconf 87' lang='lat' dir='ltr'><strong>diceres.</strong></span> <span class='ocrx_word' id='word_1_333' title='bbox 2029 4537 2086 4594; x_wconf 88' lang='lat' dir='ltr'><strong>Si</strong></span> 
     </span>
    </p>
   </div>
   <div class='ocr_carea' id='block_1_45' title="bbox 500 4625 2087 4703">
    <p class='ocr_par' dir='ltr' id='par_1_45' title="bbox 500 4625 2087 4703">
     <span class='ocr_line' id='line_1_45' title="bbox 500 4625 2087 4703; baseline 0.004 -22"><span class='ocrx_word' id='word_1_334' title='bbox 500 4625 645 4682; x_wconf 86' lang='lat' dir='ltr'><strong>enim</strong></span> <span class='ocrx_word' id='word_1_335' title='bbox 668 4626 961 4684; x_wconf 88' lang='lat' dir='ltr'><strong>abluendus</strong></span> <span class='ocrx_word' id='word_1_336' title='bbox 985 4627 1084 4683; x_wconf 80' lang='lat' dir='ltr'><strong>fuit</strong></span> <span class='ocrx_word' id='word_1_337' title='bbox 1109 4627 1403 4699; x_wconf 89' lang='lat' dir='ltr'><strong>baptismus</strong></span> <span class='ocrx_word' id='word_1_338' title='bbox 1425 4626 1648 4685; x_wconf 81' lang='lat' dir='ltr'><strong>Joannis</strong></span> <span class='ocrx_word' id='word_1_339' title='bbox 1667 4672 1682 4698; x_wconf 93' lang='lat'><strong>,</strong></span> <span class='ocrx_word' id='word_1_340' title='bbox 1711 4631 1897 4703; x_wconf 87' lang='lat' dir='ltr'><strong>procul</strong></span> <span class='ocrx_word' id='word_1_341' title='bbox 1924 4630 2087 4688; x_wconf 85' lang='lat' dir='ltr'><strong>dubio</strong></span> 
     </span>
    </p>
   </div>
   <div class='ocr_carea' id='block_1_46' title="bbox 499 4706 2089 4794">
    <p class='ocr_par' dir='ltr' id='par_1_46' title="bbox 499 4706 2089 4794">
     <span class='ocr_line' id='line_1_46' title="bbox 499 4706 2089 4794; baseline 0.004 -21"><span class='ocrx_word' id='word_1_342' title='bbox 499 4716 750 4775; x_wconf 86' lang='lat' dir='ltr'><strong>sordidus</strong></span> <span class='ocrx_word' id='word_1_343' title='bbox 786 4718 905 4776; x_wconf 82' lang='lat' dir='ltr'><strong>fuit.</strong></span> <span class='ocrx_word' id='word_1_344' title='bbox 940 4719 1077 4790; x_wconf 85' lang='lat' dir='ltr'><strong>Quid</strong></span> <span class='ocrx_word' id='word_1_345' title='bbox 1103 4735 1231 4794; x_wconf 85' lang='lat' dir='ltr'><strong>ergo</strong></span> <span class='ocrx_word' id='word_1_346' title='bbox 1250 4720 1363 4792; x_wconf 84' lang='lat' dir='ltr'><strong>jam</strong></span> <span class='ocrx_word' id='word_1_347' title='bbox 1383 4730 1436 4778; x_wconf 91' lang='lat' dir='ltr'><strong>te</strong></span> <span class='ocrx_word' id='word_1_348' title='bbox 1462 4737 1676 4794; x_wconf 79' lang='lat' dir='ltr'><strong>urgeam</strong></span> <span class='ocrx_word' id='word_1_349' title='bbox 1693 4706 1727 4777; x_wconf 62' lang='grc' dir='ltr'><strong><em>τ</em></strong></span> <span class='ocrx_word' id='word_1_350' title='bbox 1762 4720 1960 4780; x_wconf 81' lang='lat' dir='ltr'><strong>Recole</strong></span> <span class='ocrx_word' id='word_1_351' title='bbox 1997 4732 2089 4780; x_wconf 90' lang='lat' dir='ltr'><strong>aut</strong></span> 
     </span>
    </p>
   </div>
   <div class='ocr_carea' id='block_1_47' title="bbox 500 4810 2089 4893">
    <p class='ocr_par' dir='ltr' id='par_1_47' title="bbox 500 4810 2089 4893">
     <span class='ocr_line' id='line_1_47' title="bbox 500 4810 2089 4893; baseline 0.007 -27"><span class='ocrx_word' id='word_1_352' title='bbox 500 4810 640 4883; x_wconf 82' lang='lat' dir='ltr'><strong>lege,</strong></span> <span class='ocrx_word' id='word_1_353' title='bbox 666 4818 722 4867; x_wconf 87' lang='lat' dir='ltr'><strong>et</strong></span> <span class='ocrx_word' id='word_1_354' title='bbox 747 4810 870 4868; x_wconf 88' lang='lat' dir='ltr'><strong>vide</strong></span> <span class='ocrx_word' id='word_1_355' title='bbox 907 4813 1050 4870; x_wconf 91' lang='lat' dir='ltr'><strong>unde</strong></span> <span class='ocrx_word' id='word_1_356' title='bbox 1089 4811 1191 4869; x_wconf 87' lang='lat' dir='ltr'><strong>hoc</strong></span> <span class='ocrx_word' id='word_1_357' title='bbox 1223 4812 1459 4869; x_wconf 82' lang='lat' dir='ltr'><strong>Joannes</strong></span> <span class='ocrx_word' id='word_1_358' title='bbox 1499 4816 1769 4893; x_wconf 88' lang='lat' dir='ltr'><strong>acceperit</strong></span> <span class='ocrx_word' id='word_1_359' title='bbox 1802 4835 1817 4870; x_wconf 88' lang='lat'><strong><em>:</em></strong></span> <span class='ocrx_word' id='word_1_360' title='bbox 1846 4816 2089 4888; x_wconf 87' lang='lat' dir='ltr'><strong>reperies</strong></span> 
     </span>
    </p>
   </div>
   <div class='ocr_carea' id='block_1_48' title="bbox 501 4900 2087 4987">
    <p class='ocr_par' dir='ltr' id='par_1_48' title="bbox 501 4900 2087 4987">
     <span class='ocr_line' id='line_1_48' title="bbox 501 4900 2087 4987; baseline 0.009 -30"><span class='ocrx_word' id='word_1_361' title='bbox 501 4901 558 4958; x_wconf 87' lang='lat' dir='ltr'><strong>in</strong></span> <span class='ocrx_word' id='word_1_362' title='bbox 607 4917 766 4973; x_wconf 87' lang='lat' dir='ltr'><strong>quem</strong></span> <span class='ocrx_word' id='word_1_363' title='bbox 807 4900 1061 4961; x_wconf 76' lang='lat' dir='ltr'><strong>effuderis</strong></span> <span class='ocrx_word' id='word_1_364' title='bbox 1110 4905 1265 4973; x_wconf 87' lang='lat' dir='ltr'><strong>istam</strong></span> <span class='ocrx_word' id='word_1_365' title='bbox 1312 4904 1727 4977; x_wconf 86' lang='lat' dir='ltr'><strong>blasphemiam;</strong></span> <span class='ocrx_word' id='word_1_366' title='bbox 1775 4909 1918 4987; x_wconf 86' lang='lat' dir='ltr'><strong>quod</strong></span> <span class='ocrx_word' id='word_1_367' title='bbox 1966 4925 2087 4971; x_wconf 87' lang='lat' dir='ltr'><strong>cum</strong></span> 
     </span>
    </p>
   </div>
   <div class='ocr_carea' id='block_1_49' title="bbox 499 4994 2087 5083">
    <p class='ocr_par' dir='ltr' id='par_1_49' title="bbox 499 4994 2087 5083">
     <span class='ocr_line' id='line_1_49' title="bbox 499 4994 2087 5083; baseline 0.006 -32"><span class='ocrx_word' id='word_1_368' title='bbox 499 4994 784 5067; x_wconf 87' lang='lat' dir='ltr'><strong>repererls,</strong></span> <span class='ocrx_word' id='word_1_369' title='bbox 807 4997 998 5054; x_wconf 87' lang='lat' dir='ltr'><strong>saltem</strong></span> <span class='ocrx_word' id='word_1_370' title='bbox 1021 5006 1206 5077; x_wconf 88' lang='lat' dir='ltr'><strong>pectus</strong></span> <span class='ocrx_word' id='word_1_371' title='bbox 1231 4998 1515 5070; x_wconf 88' lang='lat' dir='ltr'><strong>tundatur,</strong></span> <span class='ocrx_word' id='word_1_372' title='bbox 1548 5001 1593 5057; x_wconf 91' lang='lat' dir='ltr'><strong>si</strong></span> <span class='ocrx_word' id='word_1_373' title='bbox 1621 5001 1798 5083; x_wconf 80' lang='lat' dir='ltr'><strong>lingua</strong></span> <span class='ocrx_word' id='word_1_374' title='bbox 1836 5018 1945 5060; x_wconf 91' lang='lat' dir='ltr'><strong>non</strong></span> <span class='ocrx_word' id='word_1_375' title='bbox 1979 5005 2087 5061; x_wconf 83' lang='lat' dir='ltr'><strong>fre-</strong></span> 
     </span>
    </p>
   </div>
   <div class='ocr_carea' id='block_1_50' title="bbox 500 5099 1633 5147">
    <p class='ocr_par' dir='ltr' id='par_1_50' title="bbox 500 5099 1633 5147">
     <span class='ocr_line' id='line_1_50' title="bbox 500 5099 1633 5147; baseline 0 -1"><span class='ocrx_word' id='word_1_376' title='bbox 500 5099 676 5147; x_wconf 89' lang='lat' dir='ltr'><strong>natur.</strong></span> <span class='ocrx_word' id='word_1_377' title='bbox 1630 5102 1633 5105; x_wconf 59' lang='grc'>’</span> 
     </span>
    </p>
   </div>
   <div class='ocr_carea' id='block_1_51' title="bbox 570 5182 2083 5267">
    <p class='ocr_par' dir='ltr' id='par_1_51' title="bbox 570 5182 2083 5267">
     <span class='ocr_line' id='line_1_51' title="bbox 570 5182 2083 5267; baseline 0.004 -26"><span class='ocrx_word' id='word_1_378' title='bbox 570 5182 660 5241; x_wconf 70' lang='lat' dir='ltr'><strong>O9.</strong></span> <span class='ocrx_word' id='word_1_379' title='bbox 687 5183 804 5242; x_wconf 83' lang='lat' dir='ltr'><strong>Jam</strong></span> <span class='ocrx_word' id='word_1_380' title='bbox 825 5201 956 5244; x_wconf 85' lang='lat' dir='ltr'><strong>vero</strong></span> <span class='ocrx_word' id='word_1_381' title='bbox 977 5187 1119 5263; x_wconf 88' lang='lat' dir='ltr'><strong>quod</strong></span> <span class='ocrx_word' id='word_1_382' title='bbox 1148 5188 1417 5263; x_wconf 87' lang='lat' dir='ltr'><strong>eleganter</strong></span> <span class='ocrx_word' id='word_1_383' title='bbox 1440 5190 1589 5247; x_wconf 86' lang='lat' dir='ltr'><strong>vobis</strong></span> <span class='ocrx_word' id='word_1_384' title='bbox 1614 5190 1793 5250; x_wconf 87' lang='lat' dir='ltr'><strong>dicere</strong></span> <span class='ocrx_word' id='word_1_385' title='bbox 1808 5192 2083 5267; x_wconf 86' lang='lat' dir='ltr'><strong>videmini,</strong></span> 
     </span>
    </p>
   </div>
   <div class='ocr_carea' id='block_1_52' title="bbox 501 5275 2088 5357">
    <p class='ocr_par' dir='ltr' id='par_1_52' title="bbox 501 5275 2088 5357">
     <span class='ocr_line' id='line_1_52' title="bbox 501 5275 2088 5357; baseline 0.003 -24"><span class='ocrx_word' id='word_1_386' title='bbox 501 5275 569 5333; x_wconf 79' lang='lat' dir='ltr'><strong>Si</strong></span> <span class='ocrx_word' id='word_1_387' title='bbox 592 5278 723 5333; x_wconf 85' lang='lat' dir='ltr'><strong>male</strong></span> <span class='ocrx_word' id='word_1_388' title='bbox 745 5278 839 5335; x_wconf 84' lang='lat' dir='ltr'><strong>Itoc</strong></span> <span class='ocrx_word' id='word_1_389' title='bbox 867 5279 1100 5351; x_wconf 77' lang='lat' dir='ltr'><strong>facimus,</strong></span> <span class='ocrx_word' id='word_1_390' title='bbox 1133 5298 1291 5355; x_wconf 84' lang='lat' dir='ltr'><strong>quare</strong></span> <span class='ocrx_word' id='word_1_391' title='bbox 1329 5299 1420 5339; x_wconf 86' lang='lat' dir='ltr'><strong>nos</strong></span> <span class='ocrx_word' id='word_1_392' title='bbox 1463 5284 1723 5357; x_wconf 59' lang='lat' dir='ltr'><strong>queritis?</strong></span> <span class='ocrx_word' id='word_1_393' title='bbox 1766 5299 1943 5341; x_wconf 86' lang='lat' dir='ltr'><strong>nonne</strong></span> <span class='ocrx_word' id='word_1_394' title='bbox 1985 5284 2088 5339; x_wconf 70' lang='lat' dir='ltr'><strong>alio</strong></span> 
     </span>
    </p>
   </div>
   <div class='ocr_carea' id='block_1_53' title="bbox 500 5360 2086 5455">
    <p class='ocr_par' dir='ltr' id='par_1_53' title="bbox 500 5360 2086 5455">
     <span class='ocr_line' id='line_1_53' title="bbox 500 5360 2086 5455; baseline 0.004 -32"><span class='ocrx_word' id='word_1_395' title='bbox 500 5360 712 5438; x_wconf 78' lang='lat' dir='ltr'><strong>quando</strong></span> <span class='ocrx_word' id='word_1_396' title='bbox 755 5370 1147 5441; x_wconf 87' lang='lat' dir='ltr'><strong>recordamini,</strong></span> <span class='ocrx_word' id='word_1_397' title='bbox 1190 5373 1312 5453; x_wconf 87' lang='lat' dir='ltr'><strong>quia</strong></span> <span class='ocrx_word' id='word_1_398' title='bbox 1356 5390 1462 5431; x_wconf 90' lang='lat' dir='ltr'><strong>non</strong></span> <span class='ocrx_word' id='word_1_399' title='bbox 1505 5386 1816 5451; x_wconf 63' lang='lat' dir='ltr'><strong>quaeruntur</strong></span> <span class='ocrx_word' id='word_1_400' title='bbox 1850 5374 1953 5437; x_wconf 88' lang='lat' dir='ltr'><strong>nisi</strong></span> <span class='ocrx_word' id='word_1_401' title='bbox 1996 5375 2086 5455; x_wconf 87' lang='lat' dir='ltr'><strong>qui</strong></span> 
     </span>
    </p>
   </div>
   <div class='ocr_carea' id='block_1_54' title="bbox 499 5459 2083 5540">
    <p class='ocr_par' dir='ltr' id='par_1_54' title="bbox 499 5459 2083 5540">
     <span class='ocr_line' id='line_1_54' title="bbox 499 5459 2083 5540; baseline 0.004 -26"><span class='ocrx_word' id='word_1_402' title='bbox 499 5459 810 5531; x_wconf 80' lang='lat' dir='ltr'><strong>perierunt?</strong></span> <span class='ocrx_word' id='word_1_403' title='bbox 837 5462 919 5519; x_wconf 83' lang='lat' dir='ltr'><strong>An</strong></span> <span class='ocrx_word' id='word_1_404' title='bbox 949 5471 1002 5519; x_wconf 92' lang='lat' dir='ltr'><strong>et</strong></span> <span class='ocrx_word' id='word_1_405' title='bbox 1031 5463 1133 5522; x_wconf 87' lang='lat' dir='ltr'><strong>hoc</strong></span> <span class='ocrx_word' id='word_1_406' title='bbox 1158 5482 1264 5521; x_wconf 92' lang='lat' dir='ltr'><strong>non</strong></span> <span class='ocrx_word' id='word_1_407' title='bbox 1294 5466 1497 5533; x_wconf 90' lang='lat' dir='ltr'><strong>videre,</strong></span> <span class='ocrx_word' id='word_1_408' title='bbox 1528 5467 1595 5523; x_wconf 92' lang='lat' dir='ltr'><strong>ad</strong></span> <span class='ocrx_word' id='word_1_409' title='bbox 1625 5468 1794 5540; x_wconf 90' lang='lat' dir='ltr'><strong>ipsam</strong></span> <span class='ocrx_word' id='word_1_410' title='bbox 1823 5465 2083 5540; x_wconf 88' lang='lat' dir='ltr'><strong>perditio-</strong></span> 
     </span>
    </p>
   </div>
   <div class='ocr_carea' id='block_1_55' title="bbox 502 5559 2087 5630">
    <p class='ocr_par' dir='ltr' id='par_1_55' title="bbox 502 5559 2087 5630">
     <span class='ocr_line' id='line_1_55' title="bbox 502 5559 2087 5630; baseline 0.004 -18"><span class='ocrx_word' id='word_1_411' title='bbox 502 5572 624 5613; x_wconf 90' lang='lat' dir='ltr'><strong>nem</strong></span> <span class='ocrx_word' id='word_1_412' title='bbox 663 5559 926 5630; x_wconf 80' lang='lat' dir='ltr'><strong>pertinet?</strong></span> <span class='ocrx_word' id='word_1_413' title='bbox 965 5561 1158 5619; x_wconf 88' lang='lat' dir='ltr'><strong>Posset</strong></span> <span class='ocrx_word' id='word_1_414' title='bbox 1194 5562 1339 5619; x_wconf 92' lang='lat' dir='ltr'><strong>enim</strong></span> <span class='ocrx_word' id='word_1_415' title='bbox 1364 5573 1419 5619; x_wconf 89' lang='lat' dir='ltr'><strong>et</strong></span> <span class='ocrx_word' id='word_1_416' title='bbox 1445 5563 1533 5618; x_wconf 90' lang='lat' dir='ltr'><strong>illa</strong></span> <span class='ocrx_word' id='word_1_417' title='bbox 1563 5564 1678 5620; x_wconf 88' lang='lat' dir='ltr'><strong>ovis</strong></span> <span class='ocrx_word' id='word_1_418' title='bbox 1717 5572 1824 5619; x_wconf 90' lang='lat' dir='ltr'><strong>tam</strong></span> <span class='ocrx_word' id='word_1_419' title='bbox 1855 5562 2087 5619; x_wconf 89' lang='lat' dir='ltr'><strong>absurde</strong></span> 
     </span>
    </p>
   </div>
   <div class='ocr_carea' id='block_1_56' title="bbox 501 5651 2083 5728">
    <p class='ocr_par' dir='ltr' id='par_1_56' title="bbox 501 5651 2083 5728">
     <span class='ocr_line' id='line_1_56' title="bbox 501 5651 2083 5728; baseline 0.012 -23"><span class='ocrx_word' id='word_1_420' title='bbox 501 5651 702 5724; x_wconf 86' lang='lat' dir='ltr'><strong>pastori</strong></span> <span class='ocrx_word' id='word_1_421' title='bbox 748 5651 945 5719; x_wconf 88' lang='lat' dir='ltr'><strong>dicere,</strong></span> <span class='ocrx_word' id='word_1_422' title='bbox 975 5654 1033 5712; x_wconf 88' lang='lat' dir='ltr'><strong>Si</strong></span> <span class='ocrx_word' id='word_1_423' title='bbox 1068 5656 1215 5718; x_wconf 75' lang='lat' dir='ltr'><strong>male</strong></span> <span class='ocrx_word' id='word_1_424' title='bbox 1247 5655 1403 5714; x_wconf 80' lang='lat' dir='ltr'><strong>iacio</strong></span> <span class='ocrx_word' id='word_1_425' title='bbox 1422 5654 1566 5728; x_wconf 85' lang='lat' dir='ltr'><strong>quod</strong></span> <span class='ocrx_word' id='word_1_426' title='bbox 1607 5670 1643 5711; x_wconf 77' lang='grc' dir='ltr'>ι</span> <span class='ocrx_word' id='word_1_427' title='bbox 1673 5670 1835 5728; x_wconf 71' lang='lat' dir='ltr'><strong>grege</strong></span> <span class='ocrx_word' id='word_1_428' title='bbox 1869 5654 2083 5724; x_wconf 61' lang='lat' dir='ltr'><strong>Ibem,</strong></span> 
     </span>
    </p>
   </div>
   <div class='ocr_carea' id='block_1_57' title="bbox 562 5873 959 6003">
    <p class='ocr_par' dir='ltr' id='par_1_57' title="bbox 562 5873 959 6003">
     <span class='ocr_line' id='line_1_57' title="bbox 562 5873 959 6003; baseline 0.008 -15"><span class='ocrx_word' id='word_1_429' title='bbox 562 5873 959 6003; x_wconf 48' lang='lat' dir='ltr'><strong>araneae</strong></span> 
     </span>
    </p>
   </div>
   <div class='ocr_carea' id='block_1_58' title="bbox 993 5879 1876 6006">
    <p class='ocr_par' dir='ltr' id='par_1_58' title="bbox 993 5879 1876 6006">
     <span class='ocr_line' id='line_1_58' title="bbox 993 5879 1876 6006; baseline 0.006 -65"><span class='ocrx_word' id='word_1_430' title='bbox 993 5879 1416 6006; x_wconf 42' lang='grc' dir='ltr'><strong>’ἔτψέψὲ</strong></span> <span class='ocrx_word' id='word_1_431' title='bbox 1439 5893 1506 5945; x_wconf 78' lang='lat' dir='ltr'><strong>ex</strong></span> <span class='ocrx_word' id='word_1_432' title='bbox 1523 5884 1876 5958; x_wconf 61' lang='grc' dir='ltr'><strong>ωωωωριιι</strong></span> 
     </span>
    </p>
   </div>
   <div class='ocr_carea' id='block_1_59' title="bbox 1365 418 2921 493">
    <p class='ocr_par' dir='ltr' id='par_1_59' title="bbox 1365 418 2921 493">
     <span class='ocr_line' id='line_1_59' title="bbox 1365 418 2921 493; baseline 0.005 -8"><span class='ocrx_word' id='word_1_433' title='bbox 1365 420 1642 485; x_wconf 80' lang='lat' dir='ltr'><strong>CONTRA</strong></span> <span class='ocrx_word' id='word_1_434' title='bbox 1677 418 2017 487; x_wconf 61' lang='lat' dir='ltr'><strong>LITTEBAC</strong></span> <span class='ocrx_word' id='word_1_435' title='bbox 2045 418 2412 493; x_wconf 65' lang='lat' dir='ltr'><strong>mm</strong></span> <span class='ocrx_word' id='word_1_436' title='bbox 2446 426 2511 486; x_wconf 70' lang='lat'><strong>8.</strong></span> <span class='ocrx_word' id='word_1_437' title='bbox 2552 428 2921 493; x_wconf 78' lang='lat' dir='ltr'><strong>AUGUSTINI</strong></span> 
     </span>
    </p>
   </div>
   <div class='ocr_carea' id='block_1_60' title="bbox 2208 549 3798 628">
    <p class='ocr_par' dir='ltr' id='par_1_60' title="bbox 2208 549 3798 628">
     <span class='ocr_line' id='line_1_60' title="bbox 2208 549 3798 628; baseline 0.01 -28"><span class='ocrx_word' id='word_1_438' title='bbox 2208 549 2745 617; x_wconf 58' lang='lat' dir='ltr'><strong>quemquamst</strong></span> <span class='ocrx_word' id='word_1_439' title='bbox 2779 549 3798 628; x_wconf 63' lang='lat' dir='ltr'><strong>quumsepmatnon</strong></span> 
     </span>
    </p>
   </div>
   <div class='ocr_carea' id='block_1_61' title="bbox 2207 641 3801 725">
    <p class='ocr_par' dir='ltr' id='par_1_61' title="bbox 2207 641 3801 725">
     <span class='ocr_line' id='line_1_61' title="bbox 2207 641 3801 725; baseline 0.011 -33"><span class='ocrx_word' id='word_1_440' title='bbox 2207 651 2327 693; x_wconf 80' lang='lat' dir='ltr'><strong>esse</strong></span> <span class='ocrx_word' id='word_1_441' title='bbox 2341 641 2708 709; x_wconf 49' lang='lat' dir='ltr'><strong>minuendam,</strong></span> <span class='ocrx_word' id='word_1_442' title='bbox 2730 643 2871 702; x_wconf 70' lang='lat' dir='ltr'><strong>hanc</strong></span> <span class='ocrx_word' id='word_1_443' title='bbox 2888 654 3010 704; x_wconf 78' lang='lat' dir='ltr'><strong>esse</strong></span> <span class='ocrx_word' id='word_1_444' title='bbox 3028 656 3193 704; x_wconf 70' lang='lat' dir='ltr'><strong>unam</strong></span> <span class='ocrx_word' id='word_1_445' title='bbox 3218 650 3434 705; x_wconf 78' lang='lat' dir='ltr'><strong>causam</strong></span> <span class='ocrx_word' id='word_1_446' title='bbox 3454 666 3626 724; x_wconf 84' lang='lat' dir='ltr'><strong>quare</strong></span> <span class='ocrx_word' id='word_1_447' title='bbox 3648 668 3801 725; x_wconf 78' lang='lat' dir='ltr'><strong>quac-</strong></span> 
     </span>
    </p>
   </div>
   <div class='ocr_carea' id='block_1_62' title="bbox 2207 732 3802 821">
    <p class='ocr_par' dir='ltr' id='par_1_62' title="bbox 2207 732 3802 821">
     <span class='ocr_line' id='line_1_62' title="bbox 2207 732 3802 821; baseline 0.013 -35"><span class='ocrx_word' id='word_1_448' title='bbox 2207 739 2375 787; x_wconf 71' lang='lat' dir='ltr'><strong>ratur.</strong></span> <span class='ocrx_word' id='word_1_449' title='bbox 2424 732 2554 802; x_wconf 79' lang='lat' dir='ltr'><strong>Quis</strong></span> <span class='ocrx_word' id='word_1_450' title='bbox 2589 745 2768 794; x_wconf 76' lang='lat' dir='ltr'><strong>autem</strong></span> <span class='ocrx_word' id='word_1_451' title='bbox 2804 753 2902 796; x_wconf 79' lang='lat' dir='ltr'><strong>vos</strong></span> <span class='ocrx_word' id='word_1_452' title='bbox 2949 742 3159 813; x_wconf 78' lang='lat' dir='ltr'><strong>quaerit,</strong></span> <span class='ocrx_word' id='word_1_453' title='bbox 3194 744 3313 801; x_wconf 83' lang='lat' dir='ltr'><strong>sive</strong></span> <span class='ocrx_word' id='word_1_454' title='bbox 3353 744 3452 817; x_wconf 84' lang='lat' dir='ltr'><strong>per</strong></span> <span class='ocrx_word' id='word_1_455' title='bbox 3486 744 3802 821; x_wconf 77' lang='lat' dir='ltr'><strong>Scripturas</strong></span> 
     </span>
    </p>
   </div>
   <div class='ocr_carea' id='block_1_63' title="bbox 2206 826 3803 913">
    <p class='ocr_par' dir='ltr' id='par_1_63' title="bbox 2206 826 3803 913">
     <span class='ocr_line' id='line_1_63' title="bbox 2206 826 3803 913; baseline 0.012 -33"><span class='ocrx_word' id='word_1_456' title='bbox 2206 837 2351 894; x_wconf 83' lang='lat' dir='ltr'><strong>suas,</strong></span> <span class='ocrx_word' id='word_1_457' title='bbox 2374 826 2608 899; x_wconf 78' lang='lat' dir='ltr'><strong>siveper</strong></span> <span class='ocrx_word' id='word_1_458' title='bbox 2624 830 2837 903; x_wconf 78' lang='lat' dir='ltr'><strong>linguas</strong></span> <span class='ocrx_word' id='word_1_459' title='bbox 2863 834 3152 892; x_wconf 80' lang='lat' dir='ltr'><strong>catholicas</strong></span> <span class='ocrx_word' id='word_1_460' title='bbox 3178 845 3234 893; x_wconf 86' lang='lat' dir='ltr'><strong>et</strong></span> <span class='ocrx_word' id='word_1_461' title='bbox 3260 837 3529 909; x_wconf 70' lang='lat' dir='ltr'><strong>pacificans,</strong></span> <span class='ocrx_word' id='word_1_462' title='bbox 3558 838 3677 898; x_wconf 85' lang='lat' dir='ltr'><strong>sive</strong></span> <span class='ocrx_word' id='word_1_463' title='bbox 3706 856 3803 913; x_wconf 90' lang='lat' dir='ltr'><strong>per</strong></span> 
     </span>
    </p>
   </div>
   <div class='ocr_carea' id='block_1_64' title="bbox 2207 914 3799 1003">
    <p class='ocr_par' dir='ltr' id='par_1_64' title="bbox 2207 914 3799 1003">
     <span class='ocr_line' id='line_1_64' title="bbox 2207 914 3799 1003; baseline 0.013 -34"><span class='ocrx_word' id='word_1_464' title='bbox 2207 914 2411 988; x_wconf 77' lang='lat' dir='ltr'><strong>ﬂagella</strong></span> <span class='ocrx_word' id='word_1_465' title='bbox 2434 922 2807 991; x_wconf 73' lang='lat' dir='ltr'><strong>temporalium</strong></span> <span class='ocrx_word' id='word_1_466' title='bbox 2832 925 3254 995; x_wconf 78' lang='lat' dir='ltr'><strong>tribulationum,</strong></span> <span class='ocrx_word' id='word_1_467' title='bbox 3279 928 3378 986; x_wconf 88' lang='lat' dir='ltr'><strong>nisi</strong></span> <span class='ocrx_word' id='word_1_468' title='bbox 3400 929 3490 987; x_wconf 84' lang='lat' dir='ltr'><strong>ille</strong></span> <span class='ocrx_word' id='word_1_469' title='bbox 3516 930 3608 1003; x_wconf 87' lang='lat' dir='ltr'><strong>qui</strong></span> <span class='ocrx_word' id='word_1_470' title='bbox 3635 931 3799 989; x_wconf 87' lang='lat' dir='ltr'><strong>istam</strong></span> 
     </span>
    </p>
   </div>
   <div class='ocr_carea' id='block_1_65' title="bbox 2206 1004 3799 1092">
    <p class='ocr_par' dir='ltr' id='par_1_65' title="bbox 2206 1004 3799 1092">
     <span class='ocr_line' id='line_1_65' title="bbox 2206 1004 3799 1092; baseline 0.011 -28"><span class='ocrx_word' id='word_1_471' title='bbox 2206 1004 2626 1068; x_wconf 59' lang='lat' dir='ltr'><strong>niserieordiam</strong></span> <span class='ocrx_word' id='word_1_472' title='bbox 2646 1016 2797 1073; x_wconf 81' lang='lat' dir='ltr'><strong>vobis</strong></span> <span class='ocrx_word' id='word_1_473' title='bbox 2815 1016 3087 1089; x_wconf 81' lang='lat' dir='ltr'><strong>dispensat</strong></span> <span class='ocrx_word' id='word_1_474' title='bbox 3108 1020 3166 1075; x_wconf 88' lang='lat' dir='ltr'><strong>in</strong></span> <span class='ocrx_word' id='word_1_475' title='bbox 3184 1020 3468 1078; x_wconf 71' lang='lat' dir='ltr'><strong>omnibus?</strong></span> <span class='ocrx_word' id='word_1_476' title='bbox 3490 1020 3799 1092; x_wconf 67' lang='lat' dir='ltr'><strong>Qumrimus</strong></span> 
     </span>
    </p>
   </div>
   <div class='ocr_carea' id='block_1_66' title="bbox 2201 1106 3797 1189">
    <p class='ocr_par' dir='ltr' id='par_1_66' title="bbox 2201 1106 3797 1189">
     <span class='ocr_line' id='line_1_66' title="bbox 2201 1106 3797 1189; baseline 0.012 -34"><span class='ocrx_word' id='word_1_477' title='bbox 2201 1112 2336 1171; x_wconf 83' lang='lat' dir='ltr'><strong>ergo</strong></span> <span class='ocrx_word' id='word_1_478' title='bbox 2362 1115 2481 1172; x_wconf 86' lang='lat' dir='ltr'><strong>vos,</strong></span> <span class='ocrx_word' id='word_1_479' title='bbox 2504 1112 2569 1161; x_wconf 85' lang='lat' dir='ltr'><strong>ut</strong></span> <span class='ocrx_word' id='word_1_480' title='bbox 2588 1106 2923 1167; x_wconf 60' lang='lat' dir='ltr'><strong>muniamus</strong></span> <span class='ocrx_word' id='word_1_481' title='bbox 2952 1128 2968 1165; x_wconf 89' lang='lat'><strong>:</strong></span> <span class='ocrx_word' id='word_1_482' title='bbox 2998 1120 3206 1169; x_wconf 83' lang='lat' dir='ltr'><strong>tantum</strong></span> <span class='ocrx_word' id='word_1_483' title='bbox 3234 1114 3377 1171; x_wconf 87' lang='lat' dir='ltr'><strong>enim</strong></span> <span class='ocrx_word' id='word_1_484' title='bbox 3396 1126 3492 1172; x_wconf 88' lang='lat' dir='ltr'><strong>vos</strong></span> <span class='ocrx_word' id='word_1_485' title='bbox 3521 1115 3797 1189; x_wconf 82' lang='lat' dir='ltr'><strong>diligimus</strong></span> 
     </span>
    </p>
   </div>
   <div class='ocr_carea' id='block_1_67' title="bbox 2206 1194 3793 1277">
    <p class='ocr_par' dir='ltr' id='par_1_67' title="bbox 2206 1194 3793 1277">
     <span class='ocr_line' id='line_1_67' title="bbox 2206 1194 3793 1277; baseline 0.011 -29"><span class='ocrx_word' id='word_1_486' title='bbox 2206 1202 2264 1248; x_wconf 88' lang='lat' dir='ltr'><strong>ut</strong></span> <span class='ocrx_word' id='word_1_487' title='bbox 2287 1194 2476 1252; x_wconf 79' lang='lat' dir='ltr'><strong>vivatis</strong></span> <span class='ocrx_word' id='word_1_488' title='bbox 2495 1237 2512 1265; x_wconf 91' lang='lat'><strong>,</strong></span> <span class='ocrx_word' id='word_1_489' title='bbox 2551 1208 2807 1270; x_wconf 79' lang='lat' dir='ltr'><strong>quantum</strong></span> <span class='ocrx_word' id='word_1_490' title='bbox 2838 1209 3075 1260; x_wconf 79' lang='lat' dir='ltr'><strong>vestrum</strong></span> <span class='ocrx_word' id='word_1_491' title='bbox 3102 1219 3339 1263; x_wconf 88' lang='lat' dir='ltr'><strong>errorem</strong></span> <span class='ocrx_word' id='word_1_492' title='bbox 3365 1205 3595 1277; x_wconf 80' lang='lat' dir='ltr'><strong>odimus,</strong></span> <span class='ocrx_word' id='word_1_493' title='bbox 3619 1216 3684 1264; x_wconf 91' lang='lat' dir='ltr'><strong>ut</strong></span> <span class='ocrx_word' id='word_1_494' title='bbox 3708 1209 3793 1265; x_wconf 85' lang='lat' dir='ltr'><strong>in-</strong></span> 
     </span>
    </p>
   </div>
   <div class='ocr_carea' id='block_1_68' title="bbox 2204 1290 3791 1373">
    <p class='ocr_par' dir='ltr' id='par_1_68' title="bbox 2204 1290 3791 1373">
     <span class='ocr_line' id='line_1_68' title="bbox 2204 1290 3791 1373; baseline 0.011 -32"><span class='ocrx_word' id='word_1_495' title='bbox 2204 1293 2374 1343; x_wconf 82' lang='lat' dir='ltr'><strong>tereat</strong></span> <span class='ocrx_word' id='word_1_496' title='bbox 2395 1290 2484 1360; x_wconf 75' lang='lat' dir='ltr'><strong>qui</strong></span> <span class='ocrx_word' id='word_1_497' title='bbox 2505 1304 2600 1348; x_wconf 81' lang='lat' dir='ltr'><strong>vos</strong></span> <span class='ocrx_word' id='word_1_498' title='bbox 2624 1292 2814 1364; x_wconf 79' lang='lat' dir='ltr'><strong>perdit,</strong></span> <span class='ocrx_word' id='word_1_499' title='bbox 2840 1295 3093 1367; x_wconf 78' lang='lat' dir='ltr'><strong>quamdiu</strong></span> <span class='ocrx_word' id='word_1_500' title='bbox 3127 1298 3243 1371; x_wconf 88' lang='lat' dir='ltr'><strong>ipse</strong></span> <span class='ocrx_word' id='word_1_501' title='bbox 3279 1314 3386 1355; x_wconf 90' lang='lat' dir='ltr'><strong>non</strong></span> <span class='ocrx_word' id='word_1_502' title='bbox 3421 1301 3580 1371; x_wconf 89' lang='lat' dir='ltr'><strong>perit.</strong></span> <span class='ocrx_word' id='word_1_503' title='bbox 3612 1302 3791 1373; x_wconf 86' lang='lat' dir='ltr'><strong>Atque</strong></span> 
     </span>
    </p>
   </div>
   <div class='ocr_carea' id='block_1_69' title="bbox 2204 1381 3794 1462">
    <p class='ocr_par' dir='ltr' id='par_1_69' title="bbox 2204 1381 3794 1462">
     <span class='ocr_line' id='line_1_69' title="bbox 2204 1381 3794 1462; baseline 0.011 -27"><span class='ocrx_word' id='word_1_504' title='bbox 2204 1381 2406 1437; x_wconf 82' lang='lat' dir='ltr'><strong>utinam</strong></span> <span class='ocrx_word' id='word_1_505' title='bbox 2429 1383 2507 1440; x_wconf 87' lang='lat' dir='ltr'><strong>sic</strong></span> <span class='ocrx_word' id='word_1_506' title='bbox 2530 1394 2629 1442; x_wconf 83' lang='lat' dir='ltr'><strong>vos</strong></span> <span class='ocrx_word' id='word_1_507' title='bbox 2652 1394 2975 1458; x_wconf 75' lang='lat' dir='ltr'><strong>quaeramus,</strong></span> <span class='ocrx_word' id='word_1_508' title='bbox 3000 1399 3062 1447; x_wconf 88' lang='lat' dir='ltr'><strong>ut</strong></span> <span class='ocrx_word' id='word_1_509' title='bbox 3080 1391 3239 1448; x_wconf 86' lang='lat' dir='ltr'><strong>etiam</strong></span> <span class='ocrx_word' id='word_1_510' title='bbox 3264 1391 3619 1462; x_wconf 79' lang='lat' dir='ltr'><strong>inveniamus,</strong></span> <span class='ocrx_word' id='word_1_511' title='bbox 3643 1403 3701 1451; x_wconf 85' lang='lat' dir='ltr'><strong>et</strong></span> <span class='ocrx_word' id='word_1_512' title='bbox 3728 1393 3794 1453; x_wconf 88' lang='lat' dir='ltr'><strong>de</strong></span> 
     </span>
    </p>
   </div>
   <div class='ocr_carea' id='block_1_70' title="bbox 2205 1478 3888 1559">
    <p class='ocr_par' dir='ltr' id='par_1_70' title="bbox 2205 1478 3888 1559">
     <span class='ocr_line' id='line_1_70' title="bbox 2205 1478 3888 1559; baseline 0.011 -31"><span class='ocrx_word' id='word_1_513' title='bbox 2205 1484 2528 1547; x_wconf 81' lang='lat' dir='ltr'><strong>unoquoque</strong></span> <span class='ocrx_word' id='word_1_514' title='bbox 2580 1488 2821 1538; x_wconf 82' lang='lat' dir='ltr'><strong>vestrum</strong></span> <span class='ocrx_word' id='word_1_515' title='bbox 2870 1482 3166 1555; x_wconf 86' lang='lat' dir='ltr'><strong>gaudenter</strong></span> <span class='ocrx_word' id='word_1_516' title='bbox 3218 1480 3456 1544; x_wconf 81' lang='lat' dir='ltr'><strong>dicamus</strong></span> <span class='ocrx_word' id='word_1_517' title='bbox 3480 1528 3497 1556; x_wconf 89' lang='lat'><strong>,</strong></span> <span class='ocrx_word' id='word_1_518' title='bbox 3550 1478 3794 1549; x_wconf 67' lang='lat' dir='ltr'><strong>Mortuus</strong></span> <span class='ocrx_word' id='word_1_519' title='bbox 3884 1556 3888 1559; x_wconf 17' lang='grc' dir='ltr'><strong>γ</strong></span> 
     </span>
    </p>
   </div>
   <div class='ocr_carea' id='block_1_71' title="bbox 2203 1570 3792 1657">
    <p class='ocr_par' dir='ltr' id='par_1_71' title="bbox 2203 1570 3792 1657">
     <span class='ocr_line' id='line_1_71' title="bbox 2203 1570 3792 1657; baseline 0.012 -39"><span class='ocrx_word' id='word_1_520' title='bbox 2203 1573 2329 1631; x_wconf 84' lang='lat' dir='ltr'><strong>erat,</strong></span> <span class='ocrx_word' id='word_1_521' title='bbox 2365 1576 2412 1622; x_wconf 83' lang='lat' dir='ltr'><strong>et</strong></span> <span class='ocrx_word' id='word_1_522' title='bbox 2433 1570 2645 1636; x_wconf 73' lang='lat' dir='ltr'><strong>revixit;</strong></span> <span class='ocrx_word' id='word_1_523' title='bbox 2670 1575 2906 1644; x_wconf 85' lang='lat' dir='ltr'><strong>perierat,</strong></span> <span class='ocrx_word' id='word_1_524' title='bbox 2938 1584 2986 1630; x_wconf 92' lang='lat' dir='ltr'><strong>et</strong></span> <span class='ocrx_word' id='word_1_525' title='bbox 3013 1577 3241 1633; x_wconf 80' lang='lat' dir='ltr'><strong>inventus</strong></span> <span class='ocrx_word' id='word_1_526' title='bbox 3267 1585 3341 1634; x_wconf 87' lang='lat' dir='ltr'><strong>est</strong></span> <span class='ocrx_word' id='word_1_527' title='bbox 3369 1577 3522 1650; x_wconf 81' lang='lat' dir='ltr'><strong>(Luc.</strong></span> <span class='ocrx_word' id='word_1_528' title='bbox 3548 1594 3645 1649; x_wconf 75' lang='lat' dir='ltr'><strong>xv,</strong></span> <span class='ocrx_word' id='word_1_529' title='bbox 3674 1580 3792 1657; x_wconf 57' lang='grc' dir='ltr'><strong>δεμ</strong></span> 
     </span>
    </p>
   </div>
   <div class='ocr_carea' id='block_1_72' title="bbox 2270 1657 3796 1735">
    <p class='ocr_par' dir='ltr' id='par_1_72' title="bbox 2270 1657 3796 1735">
     <span class='ocr_line' id='line_1_72' title="bbox 2270 1657 3796 1735; baseline 0.011 -23"><span class='ocrx_word' id='word_1_530' title='bbox 2270 1657 2502 1716; x_wconf 72' lang='lat' dir='ltr'><strong>CAPUT</strong></span> <span class='ocrx_word' id='word_1_531' title='bbox 2528 1658 2819 1720; x_wconf 65' lang='lat' dir='ltr'><strong>XXXVI“.</strong></span> <span class='ocrx_word' id='word_1_532' title='bbox 2837 1662 3012 1725; x_wconf 86' lang='lat'><strong>-—90.</strong></span> <span class='ocrx_word' id='word_1_533' title='bbox 3038 1666 3222 1725; x_wconf 78' lang='grc' dir='ltr'><strong>Ρετιι..</strong></span> <span class='ocrx_word' id='word_1_534' title='bbox 3248 1669 3412 1727; x_wconf 82' lang='lat' dir='ltr'><strong>dixit:</strong></span> <span class='ocrx_word' id='word_1_535' title='bbox 3434 1670 3496 1733; x_wconf 78' lang='lat' dir='ltr'><strong>Si</strong></span> <span class='ocrx_word' id='word_1_536' title='bbox 3516 1686 3601 1727; x_wconf 86' lang='lat' dir='ltr'><strong>vos</strong></span> <span class='ocrx_word' id='word_1_537' title='bbox 3626 1681 3796 1735; x_wconf 85' lang='lat' dir='ltr'><strong>tenere</strong></span> 
     </span>
    </p>
   </div>
   <div class='ocr_carea' id='block_1_73' title="bbox 2205 1747 3796 1843">
    <p class='ocr_par' dir='ltr' id='par_1_73' title="bbox 2205 1747 3796 1843">
     <span class='ocr_line' id='line_1_73' title="bbox 2205 1747 3796 1843; baseline 0.012 -40"><span class='ocrx_word' id='word_1_538' title='bbox 2205 1747 2518 1808; x_wconf 81' lang='lat' dir='ltr'><strong>Catholicam</strong></span> <span class='ocrx_word' id='word_1_539' title='bbox 2542 1754 2731 1825; x_wconf 77' lang='lat' dir='ltr'><strong>dicitis,</strong></span> <span class='ocrx_word' id='word_1_540' title='bbox 2763 1752 3034 1816; x_wconf 75' lang='lat' dir='ltr'><strong>catltolicos</strong></span> <span class='ocrx_word' id='word_1_541' title='bbox 3062 1760 3195 1817; x_wconf 80' lang='lat' dir='ltr'><strong>illud</strong></span> <span class='ocrx_word' id='word_1_542' title='bbox 3221 1773 3291 1820; x_wconf 82' lang='lat' dir='ltr'><strong>est</strong></span> <span class='ocrx_word' id='word_1_543' title='bbox 3316 1763 3452 1843; x_wconf 83' lang='lat' dir='ltr'><strong>quod</strong></span> <span class='ocrx_word' id='word_1_544' title='bbox 3474 1781 3637 1841; x_wconf 69' lang='lat' dir='ltr'><strong>grates</strong></span> <span class='ocrx_word' id='word_1_545' title='bbox 3664 1764 3796 1822; x_wconf 82' lang='lat' dir='ltr'><strong>dici-</strong></span> 
     </span>
    </p>
   </div>
   <div class='ocr_carea' id='block_1_74' title="bbox 2205 1843 3793 1931">
    <p class='ocr_par' dir='ltr' id='par_1_74' title="bbox 2205 1843 3793 1931">
     <span class='ocr_line' id='line_1_74' title="bbox 2205 1843 3793 1931; baseline 0.012 -35"><span class='ocrx_word' id='word_1_546' title='bbox 2205 1849 2287 1895; x_wconf 76' lang='lat' dir='ltr'><strong>tur</strong></span> <span class='ocrx_word' id='word_1_547' title='bbox 2308 1843 2513 1900; x_wconf 86' lang='lat' dir='ltr'><strong>unicum</strong></span> <span class='ocrx_word' id='word_1_548' title='bbox 2537 1848 2641 1903; x_wconf 83' lang='lat' dir='ltr'><strong>sive</strong></span> <span class='ocrx_word' id='word_1_549' title='bbox 2664 1857 2839 1905; x_wconf 87' lang='lat' dir='ltr'><strong>totunt.</strong></span> <span class='ocrx_word' id='word_1_550' title='bbox 2871 1850 3005 1908; x_wconf 84' lang='lat' dir='ltr'><strong>Ecce</strong></span> <span class='ocrx_word' id='word_1_551' title='bbox 3030 1854 3083 1909; x_wconf 87' lang='lat' dir='ltr'><strong>in</strong></span> <span class='ocrx_word' id='word_1_552' title='bbox 3111 1863 3213 1911; x_wconf 89' lang='lat' dir='ltr'><strong>toto</strong></span> <span class='ocrx_word' id='word_1_553' title='bbox 3239 1872 3341 1911; x_wconf 85' lang='lat' dir='ltr'><strong>non</strong></span> <span class='ocrx_word' id='word_1_554' title='bbox 3376 1858 3495 1913; x_wconf 84' lang='lat' dir='ltr'><strong>estis</strong></span> <span class='ocrx_word' id='word_1_555' title='bbox 3516 1900 3533 1929; x_wconf 87' lang='lat'><strong>,</strong></span> <span class='ocrx_word' id='word_1_556' title='bbox 3579 1858 3701 1931; x_wconf 78' lang='lat' dir='ltr'><strong>quia</strong></span> <span class='ocrx_word' id='word_1_557' title='bbox 3740 1858 3793 1915; x_wconf 81' lang='lat' dir='ltr'><strong>in</strong></span> 
     </span>
    </p>
   </div>
   <div class='ocr_carea' id='block_1_75' title="bbox 2205 1938 2652 2004">
    <p class='ocr_par' dir='ltr' id='par_1_75' title="bbox 2205 1938 2652 2004">
     <span class='ocr_line' id='line_1_75' title="bbox 2205 1938 2652 2004; baseline 0.02 -17"><span class='ocrx_word' id='word_1_558' title='bbox 2205 1942 2399 2004; x_wconf 80' lang='lat' dir='ltr'><strong>partem</strong></span> <span class='ocrx_word' id='word_1_559' title='bbox 2418 1938 2652 1996; x_wconf 81' lang='lat' dir='ltr'><strong>cessistis.</strong></span> 
     </span>
    </p>
   </div>
   <div class='ocr_carea' id='block_1_76' title="bbox 2273 2027 3793 2121">
    <p class='ocr_par' dir='ltr' id='par_1_76' title="bbox 2273 2027 3793 2121">
     <span class='ocr_line' id='line_1_76' title="bbox 2273 2027 3793 2121; baseline 0.013 -36"><span class='ocrx_word' id='word_1_560' title='bbox 2273 2027 2363 2085; x_wconf 79' lang='lat' dir='ltr'><strong>9i.</strong></span> <span class='ocrx_word' id='word_1_561' title='bbox 2397 2030 2529 2090; x_wconf 77' lang='lat' dir='ltr'><strong>Anc.</strong></span> <span class='ocrx_word' id='word_1_562' title='bbox 2559 2035 2833 2106; x_wconf 86' lang='lat' dir='ltr'><strong>respondit</strong></span> <span class='ocrx_word' id='word_1_563' title='bbox 2865 2053 2879 2093; x_wconf 89' lang='lat'><strong>:</strong></span> <span class='ocrx_word' id='word_1_564' title='bbox 2911 2045 2965 2095; x_wconf 88' lang='lat' dir='ltr'><strong>et</strong></span> <span class='ocrx_word' id='word_1_565' title='bbox 2998 2037 3114 2113; x_wconf 83' lang='lat' dir='ltr'><strong>Ego</strong></span> <span class='ocrx_word' id='word_1_566' title='bbox 3143 2041 3359 2117; x_wconf 88' lang='lat' dir='ltr'><strong>quidem</strong></span> <span class='ocrx_word' id='word_1_567' title='bbox 3381 2058 3572 2117; x_wconf 63' lang='lat' dir='ltr'><strong>grtecaa</strong></span> <span class='ocrx_word' id='word_1_568' title='bbox 3596 2038 3793 2121; x_wconf 71' lang='lat' dir='ltr'><strong>lingua:</strong></span> 
     </span>
    </p>
   </div>
   <div class='ocr_carea' id='block_1_77' title="bbox 2202 2134 3793 2207">
    <p class='ocr_par' dir='ltr' id='par_1_77' title="bbox 2202 2134 3793 2207">
     <span class='ocr_line' id='line_1_77' title="bbox 2202 2134 3793 2207; baseline 0.014 -31"><span class='ocrx_word' id='word_1_569' title='bbox 2202 2134 2487 2192; x_wconf 87' lang='lat' dir='ltr'><strong>perparum</strong></span> <span class='ocrx_word' id='word_1_570' title='bbox 2517 2134 2788 2186; x_wconf 89' lang='lat' dir='ltr'><strong>assecutus</strong></span> <span class='ocrx_word' id='word_1_571' title='bbox 2820 2144 2959 2201; x_wconf 88' lang='lat' dir='ltr'><strong>sum,</strong></span> <span class='ocrx_word' id='word_1_572' title='bbox 2991 2141 3045 2191; x_wconf 89' lang='lat' dir='ltr'><strong>et</strong></span> <span class='ocrx_word' id='word_1_573' title='bbox 3070 2149 3235 2207; x_wconf 90' lang='lat' dir='ltr'><strong>prope</strong></span> <span class='ocrx_word' id='word_1_574' title='bbox 3261 2135 3393 2194; x_wconf 90' lang='lat' dir='ltr'><strong>nihil</strong></span> <span class='ocrx_word' id='word_1_575' title='bbox 3425 2156 3438 2192; x_wconf 89' lang='lat'><strong>:</strong></span> <span class='ocrx_word' id='word_1_576' title='bbox 3469 2155 3576 2195; x_wconf 91' lang='lat' dir='ltr'><strong>non</strong></span> <span class='ocrx_word' id='word_1_577' title='bbox 3611 2150 3793 2205; x_wconf 85' lang='lat' dir='ltr'><strong>tamen</strong></span> 
     </span>
    </p>
   </div>
   <div class='ocr_carea' id='block_1_78' title="bbox 2203 2216 3793 2304">
    <p class='ocr_par' dir='ltr' id='par_1_78' title="bbox 2203 2216 3793 2304">
     <span class='ocr_line' id='line_1_78' title="bbox 2203 2216 3793 2304; baseline 0.015 -33"><span class='ocrx_word' id='word_1_578' title='bbox 2203 2216 2540 2289; x_wconf 83' lang='lat' dir='ltr'><strong>impudenter</strong></span> <span class='ocrx_word' id='word_1_579' title='bbox 2568 2221 2707 2291; x_wconf 88' lang='lat' dir='ltr'><strong>dico,</strong></span> <span class='ocrx_word' id='word_1_580' title='bbox 2738 2242 2825 2283; x_wconf 90' lang='lat' dir='ltr'><strong>me</strong></span> <span class='ocrx_word' id='word_1_581' title='bbox 2846 2243 3006 2285; x_wconf 89' lang='lat' dir='ltr'><strong>nosse</strong></span> <span class='ocrx_word' id='word_1_582' title='bbox 3034 2237 3159 2300; x_wconf 78' lang='grc' dir='ltr'><strong>ὅλσν,</strong></span> <span class='ocrx_word' id='word_1_583' title='bbox 3187 2246 3293 2287; x_wconf 89' lang='lat' dir='ltr'><strong>non</strong></span> <span class='ocrx_word' id='word_1_584' title='bbox 3321 2247 3441 2289; x_wconf 88' lang='lat' dir='ltr'><strong>esse</strong></span> <span class='ocrx_word' id='word_1_585' title='bbox 3468 2249 3631 2290; x_wconf 90' lang='lat' dir='ltr'><strong>unum</strong></span> <span class='ocrx_word' id='word_1_586' title='bbox 3649 2276 3667 2304; x_wconf 89' lang='lat'><strong>,</strong></span> <span class='ocrx_word' id='word_1_587' title='bbox 3697 2235 3793 2294; x_wconf 87' lang='lat' dir='ltr'><strong>sed</strong></span> 
     </span>
    </p>
   </div>
   <div class='ocr_carea' id='block_1_79' title="bbox 2203 2315 3792 2392">
    <p class='ocr_par' dir='ltr' id='par_1_79' title="bbox 2203 2315 3792 2392">
     <span class='ocr_line' id='line_1_79' title="bbox 2203 2315 3792 2392; baseline 0.014 -30"><span class='ocrx_word' id='word_1_588' title='bbox 2203 2316 2404 2377; x_wconf 89' lang='lat' dir='ltr'><strong>totum;</strong></span> <span class='ocrx_word' id='word_1_589' title='bbox 2446 2321 2502 2370; x_wconf 90' lang='lat' dir='ltr'><strong>ct</strong></span> <span class='ocrx_word' id='word_1_590' title='bbox 2525 2315 2751 2384; x_wconf 76' lang='grc' dir='ltr'><strong>καθ’ὅλον,</strong></span> <span class='ocrx_word' id='word_1_591' title='bbox 2784 2320 3078 2379; x_wconf 87' lang='lat' dir='ltr'><strong>secundum</strong></span> <span class='ocrx_word' id='word_1_592' title='bbox 3108 2330 3304 2392; x_wconf 88' lang='lat' dir='ltr'><strong>totum;</strong></span> <span class='ocrx_word' id='word_1_593' title='bbox 3342 2325 3483 2382; x_wconf 91' lang='lat' dir='ltr'><strong>unde</strong></span> <span class='ocrx_word' id='word_1_594' title='bbox 3512 2324 3792 2384; x_wconf 81' lang='lat' dir='ltr'><strong>Catholica</strong></span> 
     </span>
    </p>
   </div>
   <div class='ocr_carea' id='block_1_80' title="bbox 2202 2406 3795 2483">
    <p class='ocr_par' dir='ltr' id='par_1_80' title="bbox 2202 2406 3795 2483">
     <span class='ocr_line' id='line_1_80' title="bbox 2202 2406 3795 2483; baseline 0.011 -27"><span class='ocrx_word' id='word_1_595' title='bbox 2202 2415 2396 2459; x_wconf 87' lang='lat' dir='ltr'><strong>nomen</strong></span> <span class='ocrx_word' id='word_1_596' title='bbox 2424 2406 2650 2477; x_wconf 89' lang='lat' dir='ltr'><strong>accepit,</strong></span> <span class='ocrx_word' id='word_1_597' title='bbox 2669 2407 2879 2467; x_wconf 87' lang='lat' dir='ltr'><strong>dicente</strong></span> <span class='ocrx_word' id='word_1_598' title='bbox 2907 2412 3023 2483; x_wconf 90' lang='lat' dir='ltr'><strong>ipso</strong></span> <span class='ocrx_word' id='word_1_599' title='bbox 3053 2413 3302 2483; x_wconf 86' lang='lat' dir='ltr'><strong>Domino,</strong></span> <span class='ocrx_word' id='word_1_600' title='bbox 3325 2414 3449 2471; x_wconf 87' lang='lat' dir='ltr'><strong>Non</strong></span> <span class='ocrx_word' id='word_1_601' title='bbox 3475 2426 3547 2473; x_wconf 90' lang='lat' dir='ltr'><strong>est</strong></span> <span class='ocrx_word' id='word_1_602' title='bbox 3571 2427 3795 2478; x_wconf 80' lang='lat' dir='ltr'><strong>vestrum</strong></span> 
     </span>
    </p>
   </div>
   <div class='ocr_carea' id='block_1_81' title="bbox 2200 2497 3797 2585">
    <p class='ocr_par' dir='ltr' id='par_1_81' title="bbox 2200 2497 3797 2585">
     <span class='ocr_line' id='line_1_81' title="bbox 2200 2497 3797 2585; baseline 0.011 -35"><span class='ocrx_word' id='word_1_603' title='bbox 2200 2497 2329 2557; x_wconf 80' lang='lat' dir='ltr'><strong>scire</strong></span> <span class='ocrx_word' id='word_1_604' title='bbox 2353 2506 2599 2569; x_wconf 86' lang='lat' dir='ltr'><strong>tempora,</strong></span> <span class='ocrx_word' id='word_1_605' title='bbox 2630 2519 2745 2574; x_wconf 80' lang='lat' dir='ltr'><strong>qua:</strong></span> <span class='ocrx_word' id='word_1_606' title='bbox 2776 2503 2932 2560; x_wconf 87' lang='lat' dir='ltr'><strong>Pater</strong></span> <span class='ocrx_word' id='word_1_607' title='bbox 2969 2508 3137 2576; x_wconf 80' lang='lat' dir='ltr'><strong>posuit</strong></span> <span class='ocrx_word' id='word_1_608' title='bbox 3173 2508 3228 2562; x_wconf 86' lang='lat' dir='ltr'><strong>in</strong></span> <span class='ocrx_word' id='word_1_609' title='bbox 3259 2525 3355 2564; x_wconf 88' lang='lat' dir='ltr'><strong>sua</strong></span> <span class='ocrx_word' id='word_1_610' title='bbox 3386 2518 3630 2585; x_wconf 78' lang='lat' dir='ltr'><strong>potestate</strong></span> <span class='ocrx_word' id='word_1_611' title='bbox 3660 2527 3681 2565; x_wconf 91' lang='lat'><strong><em>:</em></strong></span> <span class='ocrx_word' id='word_1_612' title='bbox 3705 2510 3797 2573; x_wconf 69' lang='lat' dir='ltr'><strong>sed</strong></span> 
     </span>
    </p>
   </div>
   <div class='ocr_carea' id='block_1_82' title="bbox 2200 2588 3794 2673">
    <p class='ocr_par' dir='ltr' id='par_1_82' title="bbox 2200 2588 3794 2673">
     <span class='ocr_line' id='line_1_82' title="bbox 2200 2588 3794 2673; baseline 0.011 -32"><span class='ocrx_word' id='word_1_613' title='bbox 2200 2588 2455 2659; x_wconf 81' lang='lat' dir='ltr'><strong>accipietis</strong></span> <span class='ocrx_word' id='word_1_614' title='bbox 2477 2592 2707 2648; x_wconf 81' lang='lat' dir='ltr'><strong>virtutem</strong></span> <span class='ocrx_word' id='word_1_615' title='bbox 2727 2593 2951 2665; x_wconf 79' lang='lat' dir='ltr'><strong>Spiritus</strong></span> <span class='ocrx_word' id='word_1_616' title='bbox 2970 2599 3133 2654; x_wconf 86' lang='lat' dir='ltr'><strong>sancti</strong></span> <span class='ocrx_word' id='word_1_617' title='bbox 3154 2600 3579 2673; x_wconf 76' lang='lat' dir='ltr'><strong>supervenientem</strong></span> <span class='ocrx_word' id='word_1_618' title='bbox 3601 2596 3654 2656; x_wconf 80' lang='lat' dir='ltr'><strong>in</strong></span> <span class='ocrx_word' id='word_1_619' title='bbox 3683 2618 3794 2673; x_wconf 82' lang='lat' dir='ltr'><strong>vos,</strong></span> 
     </span>
    </p>
   </div>
   <div class='ocr_carea' id='block_1_83' title="bbox 2199 2682 3797 2759">
    <p class='ocr_par' dir='ltr' id='par_1_83' title="bbox 2199 2682 3797 2759">
     <span class='ocr_line' id='line_1_83' title="bbox 2199 2682 3797 2759; baseline 0.011 -26"><span class='ocrx_word' id='word_1_620' title='bbox 2199 2689 2247 2734; x_wconf 89' lang='lat' dir='ltr'><strong>et</strong></span> <span class='ocrx_word' id='word_1_621' title='bbox 2289 2682 2428 2735; x_wconf 84' lang='lat' dir='ltr'><strong>eritis</strong></span> <span class='ocrx_word' id='word_1_622' title='bbox 2460 2683 2589 2738; x_wconf 83' lang='lat' dir='ltr'><strong>mihi</strong></span> <span class='ocrx_word' id='word_1_623' title='bbox 2616 2692 2758 2741; x_wconf 84' lang='lat' dir='ltr'><strong>testes</strong></span> <span class='ocrx_word' id='word_1_624' title='bbox 2786 2688 2841 2741; x_wconf 84' lang='lat' dir='ltr'><strong>in</strong></span> <span class='ocrx_word' id='word_1_625' title='bbox 2867 2687 3172 2759; x_wconf 75' lang='lat' dir='ltr'><strong>Jerusalem,</strong></span> <span class='ocrx_word' id='word_1_626' title='bbox 3196 2701 3241 2746; x_wconf 89' lang='lat' dir='ltr'><strong>et</strong></span> <span class='ocrx_word' id='word_1_627' title='bbox 3276 2692 3331 2747; x_wconf 81' lang='lat' dir='ltr'><strong>in</strong></span> <span class='ocrx_word' id='word_1_628' title='bbox 3369 2699 3525 2747; x_wconf 87' lang='lat' dir='ltr'><strong>totam</strong></span> <span class='ocrx_word' id='word_1_629' title='bbox 3546 2690 3797 2753; x_wconf 68' lang='lat' dir='ltr'><strong>Iudaeam</strong></span> 
     </span>
    </p>
   </div>
   <div class='ocr_carea' id='block_1_84' title="bbox 2198 2776 3795 2860">
    <p class='ocr_par' dir='ltr' id='par_1_84' title="bbox 2198 2776 3795 2860">
     <span class='ocr_line' id='line_1_84' title="bbox 2198 2776 3795 2860; baseline 0.008 -28"><span class='ocrx_word' id='word_1_630' title='bbox 2198 2784 2247 2832; x_wconf 84' lang='lat' dir='ltr'><strong>et</strong></span> <span class='ocrx_word' id='word_1_631' title='bbox 2273 2776 2585 2846; x_wconf 83' lang='lat' dir='ltr'><strong>Samariam,</strong></span> <span class='ocrx_word' id='word_1_632' title='bbox 2616 2788 2662 2833; x_wconf 90' lang='lat' dir='ltr'><strong>et</strong></span> <span class='ocrx_word' id='word_1_633' title='bbox 2688 2796 2846 2857; x_wconf 84' lang='lat' dir='ltr'><strong>usque</strong></span> <span class='ocrx_word' id='word_1_634' title='bbox 2870 2783 2922 2837; x_wconf 88' lang='lat' dir='ltr'><strong>in</strong></span> <span class='ocrx_word' id='word_1_635' title='bbox 2952 2792 3106 2840; x_wconf 87' lang='lat' dir='ltr'><strong>totam</strong></span> <span class='ocrx_word' id='word_1_636' title='bbox 3132 2794 3317 2843; x_wconf 79' lang='lat' dir='ltr'><strong>terram</strong></span> <span class='ocrx_word' id='word_1_637' title='bbox 3344 2786 3363 2858; x_wconf 97' lang='lat'><strong>(</strong></span> <span class='ocrx_word' id='word_1_638' title='bbox 3386 2786 3502 2842; x_wconf 81' lang='lat' dir='ltr'><strong>Act.</strong></span> <span class='ocrx_word' id='word_1_639' title='bbox 3532 2803 3572 2859; x_wconf 85' lang='grc' dir='ltr'><strong>ι,</strong></span> <span class='ocrx_word' id='word_1_640' title='bbox 3605 2787 3660 2855; x_wconf 87' lang='lat'><strong>7,</strong></span> <span class='ocrx_word' id='word_1_641' title='bbox 3689 2784 3724 2847; x_wconf 85' lang='lat'><strong><em>8</em></strong></span> <span class='ocrx_word' id='word_1_642' title='bbox 3746 2778 3795 2860; x_wconf 25' lang='grc'><strong>).“</strong></span> 
     </span>
    </p>
   </div>
   <div class='ocr_carea' id='block_1_85' title="bbox 2198 2863 3795 2945">
    <p class='ocr_par' dir='ltr' id='par_1_85' title="bbox 2198 2863 3795 2945">
     <span class='ocr_line' id='line_1_85' title="bbox 2198 2863 3795 2945; baseline 0.009 -21"><span class='ocrx_word' id='word_1_643' title='bbox 2198 2863 2340 2925; x_wconf 84' lang='lat' dir='ltr'><strong>Ecce</strong></span> <span class='ocrx_word' id='word_1_644' title='bbox 2384 2868 2526 2927; x_wconf 90' lang='lat' dir='ltr'><strong>unde</strong></span> <span class='ocrx_word' id='word_1_645' title='bbox 2567 2868 2839 2931; x_wconf 84' lang='lat' dir='ltr'><strong>Catholica</strong></span> <span class='ocrx_word' id='word_1_646' title='bbox 2870 2883 3105 2935; x_wconf 81' lang='lat' dir='ltr'><strong>vocatur.</strong></span> <span class='ocrx_word' id='word_1_647' title='bbox 3152 2875 3261 2941; x_wconf 81' lang='lat' dir='ltr'><strong>Sed</strong></span> <span class='ocrx_word' id='word_1_648' title='bbox 3300 2877 3373 2935; x_wconf 90' lang='lat' dir='ltr'><strong>ita</strong></span> <span class='ocrx_word' id='word_1_649' title='bbox 3401 2872 3596 2935; x_wconf 82' lang='lat' dir='ltr'><strong>clausis</strong></span> <span class='ocrx_word' id='word_1_650' title='bbox 3619 2882 3795 2945; x_wconf 71' lang='lat' dir='ltr'><strong>oculis</strong></span> 
     </span>
    </p>
   </div>
   <div class='ocr_carea' id='block_1_86' title="bbox 2198 2961 3799 3051">
    <p class='ocr_par' dir='ltr' id='par_1_86' title="bbox 2198 2961 3799 3051">
     <span class='ocr_line' id='line_1_86' title="bbox 2198 2961 3799 3051; baseline 0.014 -34"><span class='ocrx_word' id='word_1_651' title='bbox 2198 2961 2465 3020; x_wconf 81' lang='lat' dir='ltr'><strong>offenditis</strong></span> <span class='ocrx_word' id='word_1_652' title='bbox 2491 2964 2544 3021; x_wconf 89' lang='lat' dir='ltr'><strong>in</strong></span> <span class='ocrx_word' id='word_1_653' title='bbox 2570 2975 2809 3025; x_wconf 88' lang='lat' dir='ltr'><strong>montem</strong></span> <span class='ocrx_word' id='word_1_654' title='bbox 2830 3012 2846 3041; x_wconf 94' lang='lat'><strong>,</strong></span> <span class='ocrx_word' id='word_1_655' title='bbox 2870 2971 2960 3043; x_wconf 87' lang='lat' dir='ltr'><strong>qui</strong></span> <span class='ocrx_word' id='word_1_656' title='bbox 2984 2987 3048 3029; x_wconf 86' lang='lat' dir='ltr'><strong>ex</strong></span> <span class='ocrx_word' id='word_1_657' title='bbox 3073 2986 3239 3045; x_wconf 81' lang='lat' dir='ltr'><strong>parvo</strong></span> <span class='ocrx_word' id='word_1_658' title='bbox 3264 2970 3463 3051; x_wconf 75' lang='lat' dir='ltr'><strong>lapide.</strong></span> <span class='ocrx_word' id='word_1_659' title='bbox 3490 2975 3799 3039; x_wconf 73' lang='lat' dir='ltr'><strong>secundum</strong></span> 
     </span>
    </p>
   </div>
   <div class='ocr_carea' id='block_1_87' title="bbox 2197 3056 3795 3138">
    <p class='ocr_par' dir='ltr' id='par_1_87' title="bbox 2197 3056 3795 3138">
     <span class='ocr_line' id='line_1_87' title="bbox 2197 3056 3795 3138; baseline 0.012 -29"><span class='ocrx_word' id='word_1_660' title='bbox 2197 3056 2532 3127; x_wconf 84' lang='lat' dir='ltr'><strong>prophetiam</strong></span> <span class='ocrx_word' id='word_1_661' title='bbox 2584 3057 2847 3126; x_wconf 85' lang='lat' dir='ltr'><strong>Danieiis,</strong></span> <span class='ocrx_word' id='word_1_662' title='bbox 2894 3063 3064 3119; x_wconf 88' lang='lat' dir='ltr'><strong>crevit</strong></span> <span class='ocrx_word' id='word_1_663' title='bbox 3100 3073 3156 3125; x_wconf 90' lang='lat' dir='ltr'><strong>et</strong></span> <span class='ocrx_word' id='word_1_664' title='bbox 3197 3066 3436 3138; x_wconf 76' lang='lat' dir='ltr'><strong>implevit</strong></span> <span class='ocrx_word' id='word_1_665' title='bbox 3478 3065 3795 3134; x_wconf 66' lang='lat' dir='ltr'><strong>univetsam</strong></span> 
     </span>
    </p>
   </div>
   <div class='ocr_carea' id='block_1_88' title="bbox 2196 3146 3793 3235">
    <p class='ocr_par' dir='ltr' id='par_1_88' title="bbox 2196 3146 3793 3235">
     <span class='ocr_line' id='line_1_88' title="bbox 2196 3146 3793 3235; baseline 0.011 -34"><span class='ocrx_word' id='word_1_666' title='bbox 2196 3150 2394 3209; x_wconf 83' lang='lat' dir='ltr'><strong>terram</strong></span> <span class='ocrx_word' id='word_1_667' title='bbox 2425 3146 2587 3221; x_wconf 89' lang='lat' dir='ltr'><strong>(Dan.</strong></span> <span class='ocrx_word' id='word_1_668' title='bbox 2613 3165 2670 3220; x_wconf 84' lang='grc' dir='ltr'><strong>ιι,</strong></span> <span class='ocrx_word' id='word_1_669' title='bbox 2694 3151 2809 3225; x_wconf 80' lang='grc'><strong>55),</strong></span> <span class='ocrx_word' id='word_1_670' title='bbox 2838 3161 2895 3208; x_wconf 89' lang='lat' dir='ltr'><strong>ut</strong></span> <span class='ocrx_word' id='word_1_671' title='bbox 2922 3153 3075 3211; x_wconf 88' lang='lat' dir='ltr'><strong>nobis</strong></span> <span class='ocrx_word' id='word_1_672' title='bbox 3095 3155 3305 3233; x_wconf 85' lang='lat' dir='ltr'><strong>dicatis,</strong></span> <span class='ocrx_word' id='word_1_673' title='bbox 3332 3158 3473 3232; x_wconf 81' lang='lat' dir='ltr'><strong>quod</strong></span> <span class='ocrx_word' id='word_1_674' title='bbox 3498 3161 3551 3222; x_wconf 82' lang='lat' dir='ltr'><strong>in</strong></span> <span class='ocrx_word' id='word_1_675' title='bbox 3577 3170 3793 3235; x_wconf 83' lang='lat' dir='ltr'><strong>partem</strong></span> 
     </span>
    </p>
   </div>
   <div class='ocr_carea' id='block_1_89' title="bbox 2196 3240 3790 3323">
    <p class='ocr_par' dir='ltr' id='par_1_89' title="bbox 2196 3240 3790 3323">
     <span class='ocr_line' id='line_1_89' title="bbox 2196 3240 3790 3323; baseline 0.017 -31"><span class='ocrx_word' id='word_1_676' title='bbox 2196 3240 2537 3307; x_wconf 87' lang='lat' dir='ltr'><strong>cesserimus,</strong></span> <span class='ocrx_word' id='word_1_677' title='bbox 2565 3249 2619 3298; x_wconf 89' lang='lat' dir='ltr'><strong>et</strong></span> <span class='ocrx_word' id='word_1_678' title='bbox 2647 3242 2698 3297; x_wconf 89' lang='lat' dir='ltr'><strong>in</strong></span> <span class='ocrx_word' id='word_1_679' title='bbox 2730 3251 2843 3300; x_wconf 90' lang='lat' dir='ltr'><strong>toto</strong></span> <span class='ocrx_word' id='word_1_680' title='bbox 2871 3261 2976 3303; x_wconf 91' lang='lat' dir='ltr'><strong>non</strong></span> <span class='ocrx_word' id='word_1_681' title='bbox 3002 3247 3189 3315; x_wconf 90' lang='lat' dir='ltr'><strong>simus,</strong></span> <span class='ocrx_word' id='word_1_682' title='bbox 3220 3266 3445 3323; x_wconf 82' lang='lat' dir='ltr'><strong>quorum</strong></span> <span class='ocrx_word' id='word_1_683' title='bbox 3474 3254 3790 3319; x_wconf 78' lang='lat' dir='ltr'><strong>communio</strong></span> 
     </span>
    </p>
   </div>
   <div class='ocr_carea' id='block_1_90' title="bbox 2197 3331 3790 3413">
    <p class='ocr_par' dir='ltr' id='par_1_90' title="bbox 2197 3331 3790 3413">
     <span class='ocr_line' id='line_1_90' title="bbox 2197 3331 3790 3413; baseline 0.015 -29"><span class='ocrx_word' id='word_1_684' title='bbox 2197 3331 2446 3393; x_wconf 85' lang='lat' dir='ltr'><strong>universo</strong></span> <span class='ocrx_word' id='word_1_685' title='bbox 2471 3332 2601 3390; x_wconf 91' lang='lat' dir='ltr'><strong>orbe</strong></span> <span class='ocrx_word' id='word_1_686' title='bbox 2622 3333 2951 3393; x_wconf 70' lang='lat' dir='ltr'><strong>diﬂunditur.</strong></span> <span class='ocrx_word' id='word_1_687' title='bbox 2976 3338 3083 3397; x_wconf 87' lang='lat' dir='ltr'><strong>Sed</strong></span> <span class='ocrx_word' id='word_1_688' title='bbox 3108 3340 3558 3413; x_wconf 85' lang='lat' dir='ltr'><strong>quemadmodum</strong></span> <span class='ocrx_word' id='word_1_689' title='bbox 3580 3344 3630 3407; x_wconf 77' lang='lat' dir='ltr'><strong>si</strong></span> <span class='ocrx_word' id='word_1_690' title='bbox 3649 3346 3790 3409; x_wconf 82' lang='lat' dir='ltr'><strong>mihi</strong></span> 
     </span>
    </p>
   </div>
   <div class='ocr_carea' id='block_1_91' title="bbox 2195 3421 3795 3505">
    <p class='ocr_par' dir='ltr' id='par_1_91' title="bbox 2195 3421 3795 3505">
     <span class='ocr_line' id='line_1_91' title="bbox 2195 3421 3795 3505; baseline 0.014 -28"><span class='ocrx_word' id='word_1_691' title='bbox 2195 3421 2403 3487; x_wconf 85' lang='lat' dir='ltr'><strong>diceres</strong></span> <span class='ocrx_word' id='word_1_692' title='bbox 2448 3425 2592 3501; x_wconf 90' lang='lat' dir='ltr'><strong>quod</strong></span> <span class='ocrx_word' id='word_1_693' title='bbox 2647 3443 2746 3505; x_wconf 85' lang='lat' dir='ltr'><strong>ego</strong></span> <span class='ocrx_word' id='word_1_694' title='bbox 2802 3426 2902 3485; x_wconf 84' lang='lat' dir='ltr'><strong>sim</strong></span> <span class='ocrx_word' id='word_1_695' title='bbox 2949 3430 3239 3491; x_wconf 82' lang='lat' dir='ltr'><strong>Petilianus</strong></span> <span class='ocrx_word' id='word_1_696' title='bbox 3266 3477 3281 3504; x_wconf 89' lang='lat'><strong>,</strong></span> <span class='ocrx_word' id='word_1_697' title='bbox 3332 3451 3440 3497; x_wconf 88' lang='lat' dir='ltr'><strong>non</strong></span> <span class='ocrx_word' id='word_1_698' title='bbox 3488 3438 3795 3505; x_wconf 77' lang='lat' dir='ltr'><strong>invenirem</strong></span> 
     </span>
    </p>
   </div>
   <div class='ocr_carea' id='block_1_92' title="bbox 2194 3517 3793 3602">
    <p class='ocr_par' dir='ltr' id='par_1_92' title="bbox 2194 3517 3793 3602">
     <span class='ocr_line' id='line_1_92' title="bbox 2194 3517 3793 3602; baseline 0.015 -30"><span class='ocrx_word' id='word_1_699' title='bbox 2194 3517 2642 3591; x_wconf 81' lang='lat' dir='ltr'><strong>quemadmodum</strong></span> <span class='ocrx_word' id='word_1_700' title='bbox 2672 3530 2725 3577; x_wconf 90' lang='lat' dir='ltr'><strong>te</strong></span> <span class='ocrx_word' id='word_1_701' title='bbox 2754 3518 3055 3585; x_wconf 77' lang='lat' dir='ltr'><strong>refellerent</strong></span> <span class='ocrx_word' id='word_1_702' title='bbox 3080 3568 3097 3599; x_wconf 94' lang='lat'><strong>,</strong></span> <span class='ocrx_word' id='word_1_703' title='bbox 3142 3528 3246 3589; x_wconf 83' lang='lat' dir='ltr'><strong>nisi</strong></span> <span class='ocrx_word' id='word_1_704' title='bbox 3290 3538 3347 3593; x_wconf 83' lang='grc' dir='ltr'><strong>ιιι</strong></span> <span class='ocrx_word' id='word_1_705' title='bbox 3387 3540 3481 3593; x_wconf 78' lang='lat' dir='ltr'><strong>aut</strong></span> <span class='ocrx_word' id='word_1_706' title='bbox 3510 3531 3793 3602; x_wconf 81' lang='lat' dir='ltr'><strong>iocantem</strong></span> 
     </span>
    </p>
   </div>
   <div class='ocr_carea' id='block_1_93' title="bbox 2193 3608 3791 3690">
    <p class='ocr_par' dir='ltr' id='par_1_93' title="bbox 2193 3608 3791 3690">
     <span class='ocr_line' id='line_1_93' title="bbox 2193 3608 3791 3690; baseline 0.013 -27"><span class='ocrx_word' id='word_1_707' title='bbox 2193 3608 2449 3678; x_wconf 85' lang='lat' dir='ltr'><strong>riderem,</strong></span> <span class='ocrx_word' id='word_1_708' title='bbox 2477 3622 2568 3668; x_wconf 89' lang='lat' dir='ltr'><strong>aut</strong></span> <span class='ocrx_word' id='word_1_709' title='bbox 2609 3614 2962 3674; x_wconf 86' lang='lat' dir='ltr'><strong>insanientem</strong></span> <span class='ocrx_word' id='word_1_710' title='bbox 3006 3617 3285 3688; x_wconf 85' lang='lat' dir='ltr'><strong>dolerem;</strong></span> <span class='ocrx_word' id='word_1_711' title='bbox 3324 3621 3430 3687; x_wconf 69' lang='lat' dir='ltr'><strong>hoc</strong></span> <span class='ocrx_word' id='word_1_712' title='bbox 3468 3623 3601 3681; x_wconf 83' lang='lat' dir='ltr'><strong>mihi</strong></span> <span class='ocrx_word' id='word_1_713' title='bbox 3638 3640 3791 3690; x_wconf 79' lang='lat' dir='ltr'><strong>nunc</strong></span> 
     </span>
    </p>
   </div>
   <div class='ocr_carea' id='block_1_94' title="bbox 2193 3697 3790 3795">
    <p class='ocr_par' dir='ltr' id='par_1_94' title="bbox 2193 3697 3790 3795">
     <span class='ocr_line' id='line_1_94' title="bbox 2193 3697 3790 3795; baseline 0.015 -40"><span class='ocrx_word' id='word_1_714' title='bbox 2193 3697 2491 3795; x_wconf 69' lang='lat' dir='ltr'><strong>faciendum</strong></span> <span class='ocrx_word' id='word_1_715' title='bbox 2520 3719 2641 3762; x_wconf 88' lang='lat' dir='ltr'><strong>esse</strong></span> <span class='ocrx_word' id='word_1_716' title='bbox 2668 3706 2823 3764; x_wconf 89' lang='lat' dir='ltr'><strong>video</strong></span> <span class='ocrx_word' id='word_1_717' title='bbox 2848 3726 2861 3763; x_wconf 89' lang='lat'><strong>:</strong></span> <span class='ocrx_word' id='word_1_718' title='bbox 2889 3708 2986 3767; x_wconf 88' lang='lat' dir='ltr'><strong>sed</strong></span> <span class='ocrx_word' id='word_1_719' title='bbox 3013 3711 3137 3787; x_wconf 83' lang='lat' dir='ltr'><strong>quia</strong></span> <span class='ocrx_word' id='word_1_720' title='bbox 3166 3710 3340 3791; x_wconf 80' lang='lat' dir='ltr'><strong>jocari</strong></span> <span class='ocrx_word' id='word_1_721' title='bbox 3369 3723 3428 3780; x_wconf 80' lang='lat' dir='ltr'><strong>te</strong></span> <span class='ocrx_word' id='word_1_722' title='bbox 3455 3730 3565 3779; x_wconf 85' lang='lat' dir='ltr'><strong>non</strong></span> <span class='ocrx_word' id='word_1_723' title='bbox 3595 3717 3790 3795; x_wconf 80' lang='lat' dir='ltr'><strong>credo,</strong></span> 
     </span>
    </p>
   </div>
   <div class='ocr_carea' id='block_1_95' title="bbox 2192 3793 3787 3866">
    <p class='ocr_par' dir='ltr' id='par_1_95' title="bbox 2192 3793 3787 3866">
     <span class='ocr_line' id='line_1_95' title="bbox 2192 3793 3787 3866; baseline 0.011 -18"><span class='ocrx_word' id='word_1_724' title='bbox 2192 3793 2343 3851; x_wconf 87' lang='lat' dir='ltr'><strong>vides</strong></span> <span class='ocrx_word' id='word_1_725' title='bbox 2368 3794 2494 3866; x_wconf 89' lang='lat' dir='ltr'><strong>quid</strong></span> <span class='ocrx_word' id='word_1_726' title='bbox 2524 3807 2709 3859; x_wconf 70' lang='lat' dir='ltr'><strong>restet.</strong></span> <span class='ocrx_word' id='word_1_727' title='bbox 3650 3796 3661 3801; x_wconf 55' lang='grc'><strong><em>’</em></strong></span> <span class='ocrx_word' id='word_1_728' title='bbox 3698 3795 3729 3802; x_wconf 57' lang='grc'><em>”</em></span> <span class='ocrx_word' id='word_1_729' title='bbox 3778 3798 3787 3799; x_wconf 23' lang='grc' dir='ltr'>ί</span> 
     </span>
    </p>
   </div>
   <div class='ocr_carea' id='block_1_96' title="bbox 2262 3888 3794 3969">
    <p class='ocr_par' dir='ltr' id='par_1_96' title="bbox 2262 3888 3794 3969">
     <span class='ocr_line' id='line_1_96' title="bbox 2262 3888 3794 3969; baseline 0.012 -24"><span class='ocrx_word' id='word_1_730' title='bbox 2262 3888 2490 3947; x_wconf 87' lang='lat' dir='ltr'><strong>CAPUT</strong></span> <span class='ocrx_word' id='word_1_731' title='bbox 2535 3888 2779 3953; x_wconf 80' lang='lat' dir='ltr'><strong>XXXIX.</strong></span> <span class='ocrx_word' id='word_1_732' title='bbox 2805 3925 2876 3937; x_wconf 89' lang='lat'><strong><em>—</em></strong></span> <span class='ocrx_word' id='word_1_733' title='bbox 2914 3896 3001 3955; x_wconf 77' lang='lat'><strong>92.</strong></span> <span class='ocrx_word' id='word_1_734' title='bbox 3025 3897 3209 3961; x_wconf 72' lang='lat' dir='ltr'><strong>PBTIL.</strong></span> <span class='ocrx_word' id='word_1_735' title='bbox 3233 3899 3371 3969; x_wconf 76' lang='lat' dir='ltr'><strong>dixit</strong></span> <span class='ocrx_word' id='word_1_736' title='bbox 3400 3919 3415 3962; x_wconf 86' lang='lat'><strong>:</strong></span> <span class='ocrx_word' id='word_1_737' title='bbox 3448 3899 3555 3964; x_wconf 72' lang='lat' dir='ltr'><strong>Sed</strong></span> <span class='ocrx_word' id='word_1_738' title='bbox 3577 3919 3682 3965; x_wconf 80' lang='lat' dir='ltr'><strong>non</strong></span> <span class='ocrx_word' id='word_1_739' title='bbox 3710 3913 3794 3963; x_wconf 80' lang='lat' dir='ltr'><strong>est</strong></span> 
     </span>
    </p>
   </div>
   <div class='ocr_carea' id='block_1_97' title="bbox 2194 3984 3793 4068">
    <p class='ocr_par' dir='ltr' id='par_1_97' title="bbox 2194 3984 3793 4068">
     <span class='ocr_line' id='line_1_97' title="bbox 2194 3984 3793 4068; baseline 0.012 -29"><span class='ocrx_word' id='word_1_740' title='bbox 2194 4002 2314 4057; x_wconf 82' lang='lat' dir='ltr'><strong>pars</strong></span> <span class='ocrx_word' id='word_1_741' title='bbox 2356 3984 2672 4044; x_wconf 81' lang='lat' dir='ltr'><strong>tenebrarum</strong></span> <span class='ocrx_word' id='word_1_742' title='bbox 2712 3999 2886 4046; x_wconf 89' lang='lat' dir='ltr'><strong>contra</strong></span> <span class='ocrx_word' id='word_1_743' title='bbox 2925 3991 3088 4048; x_wconf 84' lang='lat' dir='ltr'><strong>lucem</strong></span> <span class='ocrx_word' id='word_1_744' title='bbox 3107 4036 3123 4061; x_wconf 89' lang='lat'><strong>,</strong></span> <span class='ocrx_word' id='word_1_745' title='bbox 3169 4011 3260 4051; x_wconf 87' lang='lat' dir='ltr'><strong>nec</strong></span> <span class='ocrx_word' id='word_1_746' title='bbox 3286 4012 3405 4068; x_wconf 85' lang='lat' dir='ltr'><strong>pars</strong></span> 
     </span>
    </p>
   </div>
   <div class='ocr_carea' id='block_1_98' title="bbox 2192 4080 3791 4167">
    <p class='ocr_par' dir='ltr' id='par_1_98' title="bbox 2192 4080 3791 4167">
     <span class='ocr_line' id='line_1_98' title="bbox 2192 4080 3791 4167; baseline 0.011 -34"><span class='ocrx_word' id='word_1_747' title='bbox 2192 4093 2306 4139; x_wconf 88' lang='lat' dir='ltr'><strong>cum</strong></span> <span class='ocrx_word' id='word_1_748' title='bbox 2331 4080 2479 4137; x_wconf 86' lang='lat' dir='ltr'><strong>melle</strong></span> <span class='ocrx_word' id='word_1_749' title='bbox 2510 4097 2529 4136; x_wconf 89' lang='lat'><strong><em>:</em></strong></span> <span class='ocrx_word' id='word_1_750' title='bbox 2552 4098 2653 4138; x_wconf 88' lang='lat' dir='ltr'><strong>non</strong></span> <span class='ocrx_word' id='word_1_751' title='bbox 2680 4092 2754 4139; x_wconf 87' lang='lat' dir='ltr'><strong>est</strong></span> <span class='ocrx_word' id='word_1_752' title='bbox 2777 4101 2898 4156; x_wconf 81' lang='lat' dir='ltr'><strong>pars</strong></span> <span class='ocrx_word' id='word_1_753' title='bbox 2924 4086 3037 4147; x_wconf 66' lang='lat' dir='ltr'><strong>vitae</strong></span> <span class='ocrx_word' id='word_1_754' title='bbox 3053 4103 3169 4149; x_wconf 70' lang='lat' dir='ltr'><strong>Cum</strong></span> <span class='ocrx_word' id='word_1_755' title='bbox 3190 4099 3350 4151; x_wconf 77' lang='lat' dir='ltr'><strong>morte</strong></span> <span class='ocrx_word' id='word_1_756' title='bbox 3366 4132 3383 4163; x_wconf 89' lang='lat'><strong>,</strong></span> <span class='ocrx_word' id='word_1_757' title='bbox 3432 4108 3537 4149; x_wconf 87' lang='lat' dir='ltr'><strong>non</strong></span> <span class='ocrx_word' id='word_1_758' title='bbox 3561 4102 3636 4148; x_wconf 82' lang='lat' dir='ltr'><strong>est</strong></span> <span class='ocrx_word' id='word_1_759' title='bbox 3662 4109 3791 4167; x_wconf 73' lang='lat' dir='ltr'><strong>pars</strong></span> 
     </span>
    </p>
   </div>
   <div class='ocr_carea' id='block_1_99' title="bbox 2191 4171 3791 4262">
    <p class='ocr_par' dir='ltr' id='par_1_99' title="bbox 2191 4171 3791 4262">
     <span class='ocr_line' id='line_1_99' title="bbox 2191 4171 3791 4262; baseline 0.014 -36"><span class='ocrx_word' id='word_1_760' title='bbox 2191 4171 2491 4230; x_wconf 78' lang='lat' dir='ltr'><strong>innocentia:</strong></span> <span class='ocrx_word' id='word_1_761' title='bbox 2514 4192 2629 4231; x_wconf 88' lang='lat' dir='ltr'><strong>cum</strong></span> <span class='ocrx_word' id='word_1_762' title='bbox 2653 4188 2815 4247; x_wconf 86' lang='lat' dir='ltr'><strong>reatu,</strong></span> <span class='ocrx_word' id='word_1_763' title='bbox 2846 4197 2946 4237; x_wconf 88' lang='lat' dir='ltr'><strong>non</strong></span> <span class='ocrx_word' id='word_1_764' title='bbox 2971 4190 3043 4241; x_wconf 82' lang='lat' dir='ltr'><strong>est</strong></span> <span class='ocrx_word' id='word_1_765' title='bbox 3062 4199 3181 4255; x_wconf 82' lang='lat' dir='ltr'><strong>pars</strong></span> <span class='ocrx_word' id='word_1_766' title='bbox 3200 4200 3346 4256; x_wconf 68' lang='lat' dir='ltr'><strong>aqua&#39;</strong></span> <span class='ocrx_word' id='word_1_767' title='bbox 3363 4201 3476 4245; x_wconf 68' lang='lat' dir='ltr'><strong>eum</strong></span> <span class='ocrx_word' id='word_1_768' title='bbox 3496 4187 3791 4262; x_wconf 69' lang='lat' dir='ltr'><strong>sanguine;</strong></span> 
     </span>
    </p>
   </div>
   <div class='ocr_carea' id='block_1_100' title="bbox 2192 4272 3791 4351">
    <p class='ocr_par' dir='ltr' id='par_1_100' title="bbox 2192 4272 3791 4351">
     <span class='ocr_line' id='line_1_100' title="bbox 2192 4272 3791 4351; baseline 0.013 -31"><span class='ocrx_word' id='word_1_769' title='bbox 2192 4282 2281 4331; x_wconf 80' lang='lat' dir='ltr'><strong>nec</strong></span> <span class='ocrx_word' id='word_1_770' title='bbox 2299 4283 2519 4323; x_wconf 65' lang='lat' dir='ltr'><strong>amurcae</strong></span> <span class='ocrx_word' id='word_1_771' title='bbox 2544 4285 2658 4325; x_wconf 88' lang='lat' dir='ltr'><strong>cum</strong></span> <span class='ocrx_word' id='word_1_772' title='bbox 2688 4272 2795 4326; x_wconf 89' lang='lat' dir='ltr'><strong>oleo</strong></span> <span class='ocrx_word' id='word_1_773' title='bbox 2827 4289 2964 4342; x_wconf 74' lang='lat' dir='ltr'><strong>pars,</strong></span> <span class='ocrx_word' id='word_1_774' title='bbox 2996 4274 3110 4333; x_wconf 85' lang='lat' dir='ltr'><strong>licet</strong></span> <span class='ocrx_word' id='word_1_775' title='bbox 3128 4275 3192 4333; x_wconf 84' lang='lat' dir='ltr'><strong>sit</strong></span> <span class='ocrx_word' id='word_1_776' title='bbox 3218 4278 3483 4347; x_wconf 63' lang='lat' dir='ltr'><strong>[aculeata</strong></span> <span class='ocrx_word' id='word_1_777' title='bbox 3510 4281 3791 4351; x_wconf 71' lang='lat' dir='ltr'><strong>cognatio;</strong></span> 
     </span>
    </p>
   </div>
   <div class='ocr_carea' id='block_1_101' title="bbox 2191 4357 3789 4446">
    <p class='ocr_par' dir='ltr' id='par_1_101' title="bbox 2191 4357 3789 4446">
     <span class='ocr_line' id='line_1_101' title="bbox 2191 4357 3789 4446; baseline 0.013 -35"><span class='ocrx_word' id='word_1_778' title='bbox 2191 4357 2281 4412; x_wconf 87' lang='lat' dir='ltr'><strong>sed</strong></span> <span class='ocrx_word' id='word_1_779' title='bbox 2303 4366 2481 4412; x_wconf 85' lang='lat' dir='ltr'><strong>cuncta</strong></span> <span class='ocrx_word' id='word_1_780' title='bbox 2504 4361 2717 4435; x_wconf 78' lang='lat' dir='ltr'><strong>reprobo</strong></span> <span class='ocrx_word' id='word_1_781' title='bbox 2741 4363 2984 4434; x_wconf 76' lang='lat' dir='ltr'><strong>deﬂuant.</strong></span> <span class='ocrx_word' id='word_1_782' title='bbox 3032 4365 3157 4440; x_wconf 86' lang='lat' dir='ltr'><strong>Ipsa</strong></span> <span class='ocrx_word' id='word_1_783' title='bbox 3186 4377 3258 4425; x_wconf 83' lang='lat' dir='ltr'><strong>est</strong></span> <span class='ocrx_word' id='word_1_784' title='bbox 3291 4370 3490 4429; x_wconf 75' lang='lat' dir='ltr'><strong>sentina</strong></span> <span class='ocrx_word' id='word_1_785' title='bbox 3521 4371 3789 4446; x_wconf 76' lang='lat' dir='ltr'><strong>vitiarunt,</strong></span> 
     </span>
    </p>
   </div>
   <div class='ocr_carea' id='block_1_102' title="bbox 2192 4447 3793 4532">
    <p class='ocr_par' dir='ltr' id='par_1_102' title="bbox 2192 4447 3793 4532">
     <span class='ocr_line' id='line_1_102' title="bbox 2192 4447 3793 4532; baseline 0.014 -30"><span class='ocrx_word' id='word_1_786' title='bbox 2192 4447 2384 4505; x_wconf 87' lang='lat' dir='ltr'><strong>dicente</strong></span> <span class='ocrx_word' id='word_1_787' title='bbox 2418 4447 2620 4509; x_wconf 82' lang='lat' dir='ltr'><strong>Joanne</strong></span> <span class='ocrx_word' id='word_1_788' title='bbox 2639 4494 2655 4521; x_wconf 89' lang='lat'><strong>,</strong></span> <span class='ocrx_word' id='word_1_789' title='bbox 2706 4471 2725 4505; x_wconf 75' lang='grc' dir='ltr'>ι</span> <span class='ocrx_word' id='word_1_790' title='bbox 2762 4454 2843 4513; x_wconf 81' lang='lat' dir='ltr'><strong>Ea:</strong></span> <span class='ocrx_word' id='word_1_791' title='bbox 2865 4456 3005 4515; x_wconf 75' lang='lat' dir='ltr'><strong>nobis</strong></span> <span class='ocrx_word' id='word_1_792' title='bbox 3031 4459 3291 4532; x_wconf 55' lang='lat' dir='ltr'><strong>exierunt,</strong></span> <span class='ocrx_word' id='word_1_793' title='bbox 3331 4463 3419 4519; x_wconf 82' lang='lat' dir='ltr'><strong>sed</strong></span> <span class='ocrx_word' id='word_1_794' title='bbox 3446 4478 3549 4520; x_wconf 86' lang='lat' dir='ltr'><strong>non</strong></span> <span class='ocrx_word' id='word_1_795' title='bbox 3581 4474 3704 4521; x_wconf 80' lang='lat' dir='ltr'><strong>sunt</strong></span> <span class='ocrx_word' id='word_1_796' title='bbox 3724 4466 3793 4524; x_wconf 78' lang='lat' dir='ltr'><strong>ds</strong></span> 
     </span>
    </p>
   </div>
   <div class='ocr_carea' id='block_1_103' title="bbox 2192 4543 3791 4633">
    <p class='ocr_par' dir='ltr' id='par_1_103' title="bbox 2192 4543 3791 4633">
     <span class='ocr_line' id='line_1_103' title="bbox 2192 4543 3791 4633; baseline 0.013 -37"><span class='ocrx_word' id='word_1_797' title='bbox 2192 4543 2334 4605; x_wconf 79' lang='lat' dir='ltr'><strong>nobis</strong></span> <span class='ocrx_word' id='word_1_798' title='bbox 2358 4561 2377 4598; x_wconf 90' lang='lat'><strong><em>:</em></strong></span> <span class='ocrx_word' id='word_1_799' title='bbox 2402 4561 2520 4600; x_wconf 84' lang='lat' dir='ltr'><strong>nam</strong></span> <span class='ocrx_word' id='word_1_800' title='bbox 2558 4547 2603 4603; x_wconf 85' lang='lat' dir='ltr'><strong>si</strong></span> <span class='ocrx_word' id='word_1_801' title='bbox 2644 4558 2806 4609; x_wconf 85' lang='lat' dir='ltr'><strong>essent</strong></span> <span class='ocrx_word' id='word_1_802' title='bbox 2847 4550 2910 4604; x_wconf 89' lang='lat' dir='ltr'><strong>de</strong></span> <span class='ocrx_word' id='word_1_803' title='bbox 2944 4552 3085 4609; x_wconf 84' lang='lat' dir='ltr'><strong>nobis</strong></span> <span class='ocrx_word' id='word_1_804' title='bbox 3106 4596 3123 4623; x_wconf 88' lang='lat'><strong>,</strong></span> <span class='ocrx_word' id='word_1_805' title='bbox 3181 4556 3573 4627; x_wconf 65' lang='lat' dir='ltr'><strong>pertimuissem</strong></span> <span class='ocrx_word' id='word_1_806' title='bbox 3610 4559 3791 4633; x_wconf 74' lang='lat' dir='ltr'><strong>utique</strong></span> 
     </span>
    </p>
   </div>
   <div class='ocr_carea' id='block_1_104' title="bbox 2193 4635 3788 4717">
    <p class='ocr_par' dir='ltr' id='par_1_104' title="bbox 2193 4635 3788 4717">
     <span class='ocr_line' id='line_1_104' title="bbox 2193 4635 3788 4717; baseline 0.011 -27"><span class='ocrx_word' id='word_1_807' title='bbox 2193 4635 2451 4693; x_wconf 86' lang='lat' dir='ltr'><strong>nobiscum</strong></span> <span class='ocrx_word' id='word_1_808' title='bbox 2483 4656 2503 4690; x_wconf 75' lang='grc' dir='ltr'><strong><em>ι</em></strong></span> <span class='ocrx_word' id='word_1_809' title='bbox 2534 4638 2575 4711; x_wconf 86' lang='grc' dir='ltr'><strong>(Ι</strong></span> <span class='ocrx_word' id='word_1_810' title='bbox 2605 4638 2763 4696; x_wconf 89' lang='lat' dir='ltr'><strong>Joan.</strong></span> <span class='ocrx_word' id='word_1_811' title='bbox 2792 4658 2829 4703; x_wconf 83' lang='lat' dir='ltr'><strong>tt</strong></span> <span class='ocrx_word' id='word_1_812' title='bbox 2854 4685 2870 4711; x_wconf 91' lang='lat'><strong>,</strong></span> <span class='ocrx_word' id='word_1_813' title='bbox 2895 4642 3007 4717; x_wconf 77' lang='lat' dir='ltr'><strong>i9).</strong></span> <span class='ocrx_word' id='word_1_814' title='bbox 3038 4643 3163 4703; x_wconf 90' lang='lat' dir='ltr'><strong>Non</strong></span> <span class='ocrx_word' id='word_1_815' title='bbox 3183 4655 3586 4707; x_wconf 78' lang='lat' dir='ltr'><strong>estaurutttcutn</strong></span> <span class='ocrx_word' id='word_1_816' title='bbox 3613 4652 3788 4709; x_wconf 79' lang='lat' dir='ltr'><strong>sordi-</strong></span> 
     </span>
    </p>
   </div>
   <div class='ocr_carea' id='block_1_105' title="bbox 2193 4726 3793 4813">
    <p class='ocr_par' dir='ltr' id='par_1_105' title="bbox 2193 4726 3793 4813">
     <span class='ocr_line' id='line_1_105' title="bbox 2193 4726 3793 4813; baseline 0.015 -32"><span class='ocrx_word' id='word_1_817' title='bbox 2193 4726 2284 4787; x_wconf 79' lang='lat' dir='ltr'><strong>bus</strong></span> <span class='ocrx_word' id='word_1_818' title='bbox 2309 4730 2415 4786; x_wconf 85' lang='lat' dir='ltr'><strong>suis</strong></span> <span class='ocrx_word' id='word_1_819' title='bbox 2446 4746 2465 4784; x_wconf 91' lang='lat'><strong><em>:</em></strong></span> <span class='ocrx_word' id='word_1_820' title='bbox 2494 4732 2664 4787; x_wconf 84' lang='lat' dir='ltr'><strong>omnia</strong></span> <span class='ocrx_word' id='word_1_821' title='bbox 2683 4734 2900 4805; x_wconf 76' lang='lat' dir='ltr'><strong>pretiosa</strong></span> <span class='ocrx_word' id='word_1_822' title='bbox 2921 4745 3222 4809; x_wconf 78' lang='lat' dir='ltr'><strong>purgantur.</strong></span> <span class='ocrx_word' id='word_1_823' title='bbox 3252 4738 3513 4813; x_wconf 73' lang='lat' dir='ltr'><strong>Scriptum</strong></span> <span class='ocrx_word' id='word_1_824' title='bbox 3533 4750 3610 4803; x_wconf 71' lang='lat' dir='ltr'><strong>est</strong></span> <span class='ocrx_word' id='word_1_825' title='bbox 3628 4730 3793 4803; x_wconf 54' lang='lat' dir='ltr'><strong>itan»</strong></span> 
     </span>
    </p>
   </div>
   <div class='ocr_carea' id='block_1_106' title="bbox 2193 4821 3792 4907">
    <p class='ocr_par' dir='ltr' id='par_1_106' title="bbox 2193 4821 3792 4907">
     <span class='ocr_line' id='line_1_106' title="bbox 2193 4821 3792 4907; baseline 0.013 -34"><span class='ocrx_word' id='word_1_826' title='bbox 2193 4836 2288 4893; x_wconf 87' lang='lat' dir='ltr'><strong>que</strong></span> <span class='ocrx_word' id='word_1_827' title='bbox 2317 4836 2335 4875; x_wconf 90' lang='lat'><strong><em>:</em></strong></span> <span class='ocrx_word' id='word_1_828' title='bbox 2369 4840 2389 4879; x_wconf 70' lang='grc' dir='ltr'><strong><em>ι</em></strong></span> <span class='ocrx_word' id='word_1_829' title='bbox 2421 4821 2567 4885; x_wconf 80' lang='lat' dir='ltr'><strong>Sicut</strong></span> <span class='ocrx_word' id='word_1_830' title='bbox 2590 4839 2771 4882; x_wconf 85' lang='lat' dir='ltr'><strong>aurum</strong></span> <span class='ocrx_word' id='word_1_831' title='bbox 2794 4828 2970 4897; x_wconf 81' lang='lat' dir='ltr'><strong>probat</strong></span> <span class='ocrx_word' id='word_1_832' title='bbox 2990 4831 3196 4902; x_wconf 71' lang='lat' dir='ltr'><strong>form,</strong></span> <span class='ocrx_word' id='word_1_833' title='bbox 3226 4831 3298 4889; x_wconf 82' lang='lat' dir='ltr'><strong>ita</strong></span> <span class='ocrx_word' id='word_1_834' title='bbox 3323 4832 3557 4907; x_wconf 76' lang='lat' dir='ltr'><strong>etjustos</strong></span> <span class='ocrx_word' id='word_1_835' title='bbox 3581 4836 3792 4897; x_wconf 66' lang='lat' dir='ltr'><strong>vexatio</strong></span> 
     </span>
    </p>
   </div>
   <div class='ocr_carea' id='block_1_107' title="bbox 2194 4913 3792 4997">
    <p class='ocr_par' dir='ltr' id='par_1_107' title="bbox 2194 4913 3792 4997">
     <span class='ocr_line' id='line_1_107' title="bbox 2194 4913 3792 4997; baseline 0.016 -30"><span class='ocrx_word' id='word_1_836' title='bbox 2194 4913 2531 4979; x_wconf 76' lang='lat' dir='ltr'><strong>tribulationis</strong></span> <span class='ocrx_word' id='word_1_837' title='bbox 2559 4934 2579 4973; x_wconf 71' lang='grc' dir='ltr'><strong><em>ι</em></strong></span> <span class='ocrx_word' id='word_1_838' title='bbox 2630 4915 2783 4990; x_wconf 79' lang='lat' dir='ltr'><strong>(Sep.</strong></span> <span class='ocrx_word' id='word_1_839' title='bbox 2812 4934 2905 4985; x_wconf 82' lang='lat' dir='ltr'><strong>ut,</strong></span> <span class='ocrx_word' id='word_1_840' title='bbox 2936 4919 3011 4997; x_wconf 78' lang='lat'><strong>6).</strong></span> <span class='ocrx_word' id='word_1_841' title='bbox 3062 4919 3187 4983; x_wconf 83' lang='lat' dir='ltr'><strong>Non</strong></span> <span class='ocrx_word' id='word_1_842' title='bbox 3220 4931 3297 4981; x_wconf 86' lang='lat' dir='ltr'><strong>est</strong></span> <span class='ocrx_word' id='word_1_843' title='bbox 3337 4940 3459 4997; x_wconf 76' lang='lat' dir='ltr'><strong>pars</strong></span> <span class='ocrx_word' id='word_1_844' title='bbox 3504 4926 3792 4991; x_wconf 69' lang='lat' dir='ltr'><strong>crudelitas</strong></span> 
     </span>
    </p>
   </div>
   <div class='ocr_carea' id='block_1_108' title="bbox 2193 5000 3795 5092">
    <p class='ocr_par' dir='ltr' id='par_1_108' title="bbox 2193 5000 3795 5092">
     <span class='ocr_line' id='line_1_108' title="bbox 2193 5000 3795 5092; baseline 0.012 -31"><span class='ocrx_word' id='word_1_845' title='bbox 2193 5007 2595 5069; x_wconf 81' lang='lat' dir='ltr'><strong>mansuetudinis</strong></span> <span class='ocrx_word' id='word_1_846' title='bbox 2612 5051 2628 5080; x_wconf 92' lang='lat'><strong>,</strong></span> <span class='ocrx_word' id='word_1_847' title='bbox 2672 5027 2762 5073; x_wconf 83' lang='lat' dir='ltr'><strong>nec</strong></span> <span class='ocrx_word' id='word_1_848' title='bbox 2786 5013 2963 5087; x_wconf 77' lang='lat' dir='ltr'><strong>religio</strong></span> <span class='ocrx_word' id='word_1_849' title='bbox 2989 5000 3277 5092; x_wconf 68' lang='lat' dir='ltr'><strong>sacrilegii.</strong></span> <span class='ocrx_word' id='word_1_850' title='bbox 3298 5032 3388 5075; x_wconf 83' lang='lat' dir='ltr'><strong>nec</strong></span> <span class='ocrx_word' id='word_1_851' title='bbox 3410 5034 3535 5090; x_wconf 81' lang='lat' dir='ltr'><strong>pars</strong></span> <span class='ocrx_word' id='word_1_852' title='bbox 3562 5018 3795 5080; x_wconf 70' lang='lat' dir='ltr'><strong>Macarii</strong></span> 
     </span>
    </p>
   </div>
   <div class='ocr_carea' id='block_1_109' title="bbox 2081 5101 3785 5183">
    <p class='ocr_par' dir='ltr' id='par_1_109' title="bbox 2081 5101 3785 5183">
     <span class='ocr_line' id='line_1_109' title="bbox 2081 5101 3785 5183; baseline 0.013 -30"><span class='ocrx_word' id='word_1_853' title='bbox 2081 5149 2085 5152; x_wconf 79' lang='grc'>.</span> <span class='ocrx_word' id='word_1_854' title='bbox 2194 5101 2392 5171; x_wconf 68' lang='lat' dir='ltr'><strong>penitus</strong></span> <span class='ocrx_word' id='word_1_855' title='bbox 2419 5110 2576 5177; x_wconf 83' lang='lat' dir='ltr'><strong>potest</strong></span> <span class='ocrx_word' id='word_1_856' title='bbox 2596 5119 2703 5165; x_wconf 74' lang='lat' dir='ltr'><strong>esse</strong></span> <span class='ocrx_word' id='word_1_857' title='bbox 2726 5113 2901 5165; x_wconf 77' lang='lat' dir='ltr'><strong>nostra</strong></span> <span class='ocrx_word' id='word_1_858' title='bbox 2929 5107 2970 5173; x_wconf 74' lang='grc' dir='ltr'><strong>ί.</strong></span> <span class='ocrx_word' id='word_1_859' title='bbox 2995 5107 3116 5183; x_wconf 77' lang='lat' dir='ltr'><strong>quia</strong></span> <span class='ocrx_word' id='word_1_860' title='bbox 3142 5108 3269 5169; x_wconf 83' lang='lat' dir='ltr'><strong>ritus</strong></span> <span class='ocrx_word' id='word_1_861' title='bbox 3293 5110 3455 5174; x_wconf 71' lang='lat' dir='ltr'><strong>neuti</strong></span> <span class='ocrx_word' id='word_1_862' title='bbox 3471 5111 3785 5175; x_wconf 55' lang='lat' dir='ltr'><strong>initiandi-</strong></span> 
     </span>
    </p>
   </div>
   <div class='ocr_carea' id='block_1_110' title="bbox 2194 5193 3791 5278">
    <p class='ocr_par' dir='ltr' id='par_1_110' title="bbox 2194 5193 3791 5278">
     <span class='ocr_line' id='line_1_110' title="bbox 2194 5193 3791 5278; baseline 0.009 -30"><span class='ocrx_word' id='word_1_863' title='bbox 2194 5207 2308 5253; x_wconf 83' lang='lat' dir='ltr'><strong>nem</strong></span> <span class='ocrx_word' id='word_1_864' title='bbox 2332 5193 2575 5255; x_wconf 81' lang='lat' dir='ltr'><strong>maculat.</strong></span> <span class='ocrx_word' id='word_1_865' title='bbox 2601 5193 2747 5257; x_wconf 77' lang='lat' dir='ltr'><strong>Acies</strong></span> <span class='ocrx_word' id='word_1_866' title='bbox 2783 5211 2999 5269; x_wconf 76' lang='lat' dir='ltr'><strong>uanique</strong></span> <span class='ocrx_word' id='word_1_867' title='bbox 3019 5199 3231 5259; x_wconf 80' lang='lat' dir='ltr'><strong>inimica</strong></span> <span class='ocrx_word' id='word_1_868' title='bbox 3251 5217 3356 5264; x_wconf 82' lang='lat' dir='ltr'><strong>non</strong></span> <span class='ocrx_word' id='word_1_869' title='bbox 3383 5219 3505 5277; x_wconf 79' lang='lat' dir='ltr'><strong>pars</strong></span> <span class='ocrx_word' id='word_1_870' title='bbox 3531 5211 3606 5261; x_wconf 80' lang='lat' dir='ltr'><strong>est</strong></span> <span class='ocrx_word' id='word_1_871' title='bbox 3627 5244 3646 5273; x_wconf 87' lang='lat'><strong>,</strong></span> <span class='ocrx_word' id='word_1_872' title='bbox 3671 5220 3791 5278; x_wconf 62' lang='lat' dir='ltr'><strong>qua</strong></span> 
     </span>
    </p>
   </div>
   <div class='ocr_carea' id='block_1_111' title="bbox 2194 5283 3794 5367">
    <p class='ocr_par' dir='ltr' id='par_1_111' title="bbox 2194 5283 3794 5367">
     <span class='ocr_line' id='line_1_111' title="bbox 2194 5283 3794 5367; baseline 0.011 -23"><span class='ocrx_word' id='word_1_873' title='bbox 2194 5283 2366 5355; x_wconf 82' lang='lat' dir='ltr'><strong>implet</strong></span> <span class='ocrx_word' id='word_1_874' title='bbox 2398 5300 2578 5347; x_wconf 80' lang='lat' dir='ltr'><strong>nomen</strong></span> <span class='ocrx_word' id='word_1_875' title='bbox 2606 5288 2787 5349; x_wconf 77' lang='lat' dir='ltr'><strong>hostile</strong></span> <span class='ocrx_word' id='word_1_876' title='bbox 2813 5305 2965 5363; x_wconf 77' lang='lat' dir='ltr'><strong>:qtue</strong></span> <span class='ocrx_word' id='word_1_877' title='bbox 2988 5292 3036 5353; x_wconf 85' lang='lat' dir='ltr'><strong>si</strong></span> <span class='ocrx_word' id='word_1_878' title='bbox 3066 5307 3179 5358; x_wconf 76' lang='lat' dir='ltr'><strong>vere</strong></span> <span class='ocrx_word' id='word_1_879' title='bbox 3214 5311 3337 5367; x_wconf 80' lang='lat' dir='ltr'><strong>pars</strong></span> <span class='ocrx_word' id='word_1_880' title='bbox 3355 5296 3562 5366; x_wconf 71' lang='lat' dir='ltr'><strong>dicitur.</strong></span> <span class='ocrx_word' id='word_1_881' title='bbox 3583 5309 3794 5363; x_wconf 55' lang='lat' dir='ltr'><strong>lentae</strong></span> 
     </span>
    </p>
   </div>
   <div class='ocr_carea' id='block_1_112' title="bbox 2138 5375 3793 5463">
    <p class='ocr_par' dir='ltr' id='par_1_112' title="bbox 2138 5375 3793 5463">
     <span class='ocr_line' id='line_1_112' title="bbox 2138 5375 3793 5463; baseline 0.018 -33"><span class='ocrx_word' id='word_1_882' title='bbox 2138 5444 2147 5452; x_wconf 34' lang='lat'><strong>.</strong></span> <span class='ocrx_word' id='word_1_883' title='bbox 2194 5375 2317 5435; x_wconf 74' lang='lat' dir='ltr'><strong>tiam</strong></span> <span class='ocrx_word' id='word_1_884' title='bbox 2340 5393 2614 5457; x_wconf 77' lang='lat' dir='ltr'><strong>congruam</strong></span> <span class='ocrx_word' id='word_1_885' title='bbox 2639 5381 2930 5445; x_wconf 80' lang='lat' dir='ltr'><strong>Salomonis</strong></span> <span class='ocrx_word' id='word_1_886' title='bbox 2954 5385 3196 5456; x_wconf 70' lang='lat' dir='ltr'><strong>incurret,</strong></span> <span class='ocrx_word' id='word_1_887' title='bbox 3230 5405 3255 5453; x_wconf 11' lang='lat' dir='ltr'><strong>to</strong></span> <span class='ocrx_word' id='word_1_888' title='bbox 3274 5387 3793 5463; x_wconf 53' lang='lat' dir='ltr'><strong>Parmam”</strong></span> 
     </span>
    </p>
   </div>
   <div class='ocr_carea' id='block_1_113' title="bbox 2193 5467 2930 5555">
    <p class='ocr_par' dir='ltr' id='par_1_113' title="bbox 2193 5467 2930 5555">
     <span class='ocr_line' id='line_1_113' title="bbox 2193 5467 2930 5555; baseline 0.012 -26"><span class='ocrx_word' id='word_1_889' title='bbox 2193 5467 2257 5529; x_wconf 76' lang='lat' dir='ltr'><strong>de</strong></span> <span class='ocrx_word' id='word_1_890' title='bbox 2280 5477 2413 5531; x_wconf 69' lang='lat' dir='ltr'><strong>terra</strong></span> <span class='ocrx_word' id='word_1_891' title='bbox 2444 5490 2464 5529; x_wconf 72' lang='grc' dir='ltr'><strong><em>ι</em></strong></span> <span class='ocrx_word' id='word_1_892' title='bbox 2498 5471 2680 5549; x_wconf 88' lang='lat' dir='ltr'><strong>(Prov.</strong></span> <span class='ocrx_word' id='word_1_893' title='bbox 2710 5490 2785 5545; x_wconf 83' lang='lat' dir='ltr'><strong>li.</strong></span> <span class='ocrx_word' id='word_1_894' title='bbox 2812 5477 2930 5555; x_wconf 71' lang='grc'><strong>22).</strong></span> 
     </span>
    </p>
   </div>
   <div class='ocr_carea' id='block_1_114' title="bbox 2267 5561 3791 5649">
    <p class='ocr_par' dir='ltr' id='par_1_114' title="bbox 2267 5561 3791 5649">
     <span class='ocr_line' id='line_1_114' title="bbox 2267 5561 3791 5649; baseline 0.01 -24"><span class='ocrx_word' id='word_1_895' title='bbox 2267 5561 2359 5625; x_wconf 81' lang='lat'><strong>9&#39;5.</strong></span> <span class='ocrx_word' id='word_1_896' title='bbox 2403 5566 2539 5627; x_wconf 78' lang='lat' dir='ltr'><strong>Avo.</strong></span> <span class='ocrx_word' id='word_1_897' title='bbox 2581 5569 2858 5640; x_wconf 85' lang='lat' dir='ltr'><strong>respondit</strong></span> <span class='ocrx_word' id='word_1_898' title='bbox 2888 5588 2901 5627; x_wconf 91' lang='lat'><strong>:</strong></span> <span class='ocrx_word' id='word_1_899' title='bbox 2930 5571 3056 5633; x_wconf 66' lang='lat' dir='ltr'><strong>Haec</strong></span> <span class='ocrx_word' id='word_1_900' title='bbox 3103 5573 3266 5633; x_wconf 85' lang='lat' dir='ltr'><strong>verba</strong></span> <span class='ocrx_word' id='word_1_901' title='bbox 3306 5575 3510 5649; x_wconf 73' lang='lat' dir='ltr'><strong>jactare</strong></span> <span class='ocrx_word' id='word_1_902' title='bbox 3556 5585 3615 5637; x_wconf 80' lang='lat' dir='ltr'><strong>et</strong></span> <span class='ocrx_word' id='word_1_903' title='bbox 3653 5577 3791 5641; x_wconf 66' lang='lat' dir='ltr'><strong>nihil</strong></span> 
     </span>
    </p>
   </div>
   <div class='ocr_carea' id='block_1_115' title="bbox 2194 5658 3793 5742">
    <p class='ocr_par' dir='ltr' id='par_1_115' title="bbox 2194 5658 3793 5742">
     <span class='ocr_line' id='line_1_115' title="bbox 2194 5658 3793 5742; baseline 0.012 -25"><span class='ocrx_word' id='word_1_904' title='bbox 2194 5658 2445 5733; x_wconf 81' lang='lat' dir='ltr'><strong>probare,</strong></span> <span class='ocrx_word' id='word_1_905' title='bbox 2471 5660 2599 5737; x_wconf 80' lang='lat' dir='ltr'><strong>quid</strong></span> <span class='ocrx_word' id='word_1_906' title='bbox 2626 5669 2711 5721; x_wconf 84' lang='lat' dir='ltr'><strong>est</strong></span> <span class='ocrx_word' id='word_1_907' title='bbox 2734 5663 2839 5721; x_wconf 82' lang='lat' dir='ltr'><strong>nisi</strong></span> <span class='ocrx_word' id='word_1_908' title='bbox 2863 5660 3138 5731; x_wconf 80' lang='lat' dir='ltr'><strong>delirare?</strong></span> <span class='ocrx_word' id='word_1_909' title='bbox 3180 5667 3429 5733; x_wconf 65' lang='lat' dir='ltr'><strong>Mundi:</strong></span> <span class='ocrx_word' id='word_1_910' title='bbox 3455 5669 3661 5734; x_wconf 69' lang='lat' dir='ltr'><strong>sinitis</strong></span> <span class='ocrx_word' id='word_1_911' title='bbox 3692 5685 3793 5742; x_wconf 68' lang='lat' dir='ltr'><strong>ne!</strong></span> 
     </span>
    </p>
   </div>
   <div class='ocr_carea' id='block_1_116' title="bbox 2256 5885 3791 5955">
    <p class='ocr_par' dir='ltr' id='par_1_116' title="bbox 2256 5885 3791 5955">
     <span class='ocr_line' id='line_1_116' title="bbox 2256 5885 3791 5955; baseline 0.007 -18"><span class='ocrx_word' id='word_1_912' title='bbox 2256 5885 3601 5955; x_wconf 47' lang='grc' dir='ltr'><strong>ίιτιαιιωωηοοειπριιωφθαμοωεηοαωφηιὴθ</strong></span> <span class='ocrx_word' id='word_1_913' title='bbox 3643 5889 3791 5955; x_wconf 78' lang='lat' dir='ltr'><strong>loco.</strong></span> 
     </span>
    </p>
   </div>
   <div class='ocr_carea' id='block_1_117' title="bbox 2193 5949 3515 6019">
    <p class='ocr_par' dir='ltr' id='par_1_117' title="bbox 2193 5949 3515 6019">
     <span class='ocr_line' id='line_1_117' title="bbox 2193 5949 3515 6019; baseline 0.004 -19"><span class='ocrx_word' id='word_1_914' title='bbox 2193 5949 2438 6013; x_wconf 80' lang='lat' dir='ltr'><strong>maculat;</strong></span> <span class='ocrx_word' id='word_1_915' title='bbox 2461 5963 2570 6001; x_wconf 90' lang='lat' dir='ltr'><strong>cum</strong></span> <span class='ocrx_word' id='word_1_916' title='bbox 2590 5949 2932 6016; x_wconf 72' lang='lat' dir='ltr'><strong>Cygirann&#39;ensi</strong></span> <span class='ocrx_word' id='word_1_917' title='bbox 2956 5949 3043 6004; x_wconf 64' lang='lat' dir='ltr'><strong>iis.</strong></span> <span class='ocrx_word' id='word_1_918' title='bbox 3065 5954 3230 6019; x_wconf 87' lang='lat' dir='ltr'><strong>habet,</strong></span> <span class='ocrx_word' id='word_1_919' title='bbox 3255 5953 3515 6008; x_wconf 72' lang='lat' dir='ltr'><strong>maculam.</strong></span> 
     </span>
    </p>
   </div>
  </div>
