4008 6486
485 572 646 636 cisse,
674 567 965 626 Petilianus
992 564 1160 631 dixit;
1188 563 1280 619 ubi
1304 562 1490 619 debuit
1517 561 1715 629 facere,
1744 560 2073 633 Augustinus

488 656 782 733 respondit.
821 658 925 716 Sed
946 656 1101 713 video
1128 655 1256 727 quid
1275 656 1449 726 egeris
1481 671 1494 708 :
1524 652 1676 725 quasi
1701 666 2077 724 praeoccupare

487 753 737 819 voluisti,
766 766 835 808 ne
859 763 957 806 nos
984 749 1086 804 ista
1115 747 1436 804 diceremus.
1464 746 1571 803 Sed
1600 745 1727 817 quid
1755 744 1948 813 fecisti,
1973 745 2077 801 nisi

490 853 552 900 ut
584 844 668 900 bis
706 839 989 898 dicantur?
1039 837 1095 895 Si
1125 854 1253 911 ergo
1280 838 1361 893 sic
1387 848 1439 893 te
1475 836 1708 893 delectat
1734 835 1921 891 audire
1954 850 2078 907 quae

490 944 616 993 sunt
643 934 898 989 adversus
918 946 1015 987 vos
1033 973 1049 999 ,
1077 940 1137 987 ut
1160 945 1223 987 ea
1249 930 1532 995 dicantur;
1578 928 1705 984 audi
1726 927 1816 983 illa
1836 969 1852 995 ,
1876 935 2020 999 peto,
2046 941 2079 983 a

489 1045 606 1093 me,
636 1027 893 1083 Petiliane
926 1042 939 1079 :
970 1024 1237 1095 Numquid
1261 1023 1464 1079 divisus
1491 1031 1575 1080 est
1597 1020 1863 1088 Christus,
1895 1029 1955 1077 ut
1982 1034 2079 1077 vos

489 1119 557 1174 ab
581 1118 815 1174 Ecclesia
848 1116 1204 1173 scinderetis?

559 1208 786 1265 CAPUT
825 1207 1006 1263 XLIII.
1029 1238 1099 1248 —
1126 1207 1247 1263 101.
1275 1207 1462 1263 PETIL.
1490 1205 1626 1262 dixit
1652 1224 1666 1261 :
1700 1204 1965 1276 Numquid
1987 1221 2081 1277 pro

488 1300 627 1356 vobis
664 1300 844 1369 laqueo
868 1315 961 1354 suo
985 1297 1151 1353 Iudas
1180 1300 1395 1354 traditor
1435 1306 1661 1352 mortuus
1690 1306 1800 1363 est,
1845 1304 1932 1349 aut
1971 1296 2081 1366 ejus

489 1398 579 1450 vos
607 1394 827 1449 moribus
854 1393 1045 1464 tingitis
1064 1434 1079 1458 ,
1125 1392 1273 1462 cujus
1314 1392 1450 1462 facta
1489 1399 1736 1445 sectantes
1765 1390 1929 1459 raptis
1964 1388 2077 1443 the-

490 1486 656 1541 sauris
685 1485 930 1541 Ecclesia:
966 1500 1060 1539 nos
1087 1481 1274 1540 Christi
1306 1482 1530 1538 hceredes
1558 1480 1881 1552 potestatibus
1909 1478 2083 1535 steculi

468 1610 473 1617 ι
490 1579 807 1635 venumdatis
825 1578 851 1631 ?

567 1671 692 1729 102.
724 1672 859 1727 Auo.
889 1668 1164 1740 respondit
1193 1685 1208 1722 :
1234 1667 1351 1723 Non
1401 1681 1499 1737 pro
1540 1666 1696 1723 nobis
1733 1664 1932 1732 ludas,
1985 1662 2083 1721 sed

491 1762 737 1819 Christus
782 1770 1027 1817 mortuus
1075 1770 1196 1827 est,
1243 1760 1327 1814 cui
1359 1758 1490 1813 dicit
1518 1757 1759 1813 Ecclesia
1802 1764 1913 1810 toto
1954 1754 2086 1809 orbe

496 1858 709 1922 dimisa,
742 1855 1099 1926 Respondeam
1119 1851 1533 1923 exprobrantibus
1561 1850 1685 1904 mihi
1710 1849 1932 1915 verbum,
1958 1864 2087 1917 quo-

493 1950 634 2004 niam
658 1949 711 2002 in
732 1947 877 2002 verba
906 1956 993 2001 tua
1015 1945 1209 2017 speravi
1239 1942 1416 2013 (Psal.
1443 1958 1626 2006 cxvm,
1653 1938 1767 2013 42).
1798 1938 1929 1995 Cum
1956 1952 2086 2009 ergo

497 2042 709 2097 audiam
740 2040 901 2095 verba
945 2038 1153 2094 Domini
1181 2035 1438 2100 dicentis,
1487 2033 1641 2087 Erilis
1687 2032 1811 2085 mihi
1848 2040 1991 2085 testes
2032 2030 2087 2084 in

504 2132 809 2198 Jerusalem,
840 2140 886 2185 et
914 2131 967 2184 in
993 2139 1146 2183 totam
1173 2127 1409 2181 Judaeum
1437 2134 1483 2179 et
1513 2123 1835 2192 Samariam,L
1859 2131 1905 2176 et
1930 2136 2086 2191 usque

509 2225 565 2277 in
611 2233 767 2277 totam
807 2231 993 2276 terram
1022 2221 1152 2293 (Act.
1184 2234 1223 2283 1,
1256 2216 1343 2290 8);
1391 2225 1444 2272 et
1487 2230 1582 2286 per
1623 2214 1971 2285 prophetam,
2019 2210 2088 2266 In

498 2332 699 2371 omnem
725 2324 911 2369 terram
935 2314 1087 2369 exivit
1106 2328 1260 2367 sonus
1276 2326 1469 2378 eorum,
1498 2318 1543 2363 et
1566 2308 1617 2362 in
1640 2308 1766 2377 ﬁnes
1786 2306 1921 2361 orbis
1942 2314 2090 2360 terra:

496 2406 648 2463 uerba
693 2423 865 2461 eorum
910 2403 1084 2475 (Psal.
1128 2418 1290 2470 xvm,
1341 2401 1399 2473 5)
1426 2419 1439 2456 :
1470 2400 1733 2455 malorum
1781 2397 2089 2454 commixtio

498 2497 791 2569 corporalis
817 2513 903 2553 me
923 2497 1061 2551 nulla
1083 2494 1377 2566 perturbat,
1403 2494 1447 2547 si
1469 2494 1485 2524 ¹
1507 2493 1626 2547 novi
1643 2492 1841 2559 dicere,
1869 2490 2089 2562 Suscipe

500 2606 697 2645 servum
726 2599 867 2644 tuum
892 2590 945 2644 in
971 2590 1193 2656 bonum;
1222 2605 1322 2642 non
1343 2587 1711 2641 calumnientur
1738 2587 1862 2640 mihi
1887 2586 2092 2655 superbi

506 2682 681 2755 (Psal.
713 2686 876 2738 cxvln
896 2724 912 2750 ,
943 2681 1089 2753 122).
1122 2682 1235 2737 Non
1270 2695 1399 2752 ergo
1425 2695 1555 2735 curo
1576 2694 1769 2733 vanum
1797 2678 2090 2734 calumnia-

508 2782 681 2829 torem
700 2816 716 2842 ,
769 2775 891 2845 quia
922 2773 1171 2829 idoneum
1203 2783 1359 2829 teneo
1388 2772 1789 2842 promissorem.
1837 2769 1891 2826 Si
1913 2778 2092 2826 autem

506 2864 577 2920 de
607 2864 769 2921 rebus
794 2864 879 2919 vel
905 2864 1037 2920 locis
1066 2863 1441 2919 ecclesiasticis
1468 2879 1587 2935 quae
1624 2862 1884 2919 tenebatis
1908 2873 1963 2917 et
1985 2876 2091 2918 non

507 2956 702 3010 tenetis
732 2952 1056 3025 querimini,
1104 2962 1328 3023 possunt
1356 2962 1409 3007 et
1434 2952 1602 3007 Judaei
1636 2968 1694 3008 se
1715 2953 1889 3022 justos
1913 2951 2095 3008 dicere

507 3056 564 3103 et
587 3046 917 3117 iniquitatem
938 3044 1095 3101 nobis
1114 3044 1366 3114 obiicere,
1389 3044 1511 3112 quia
1538 3044 1713 3098 locum
1730 3044 1783 3098 in
1806 3060 1912 3115 quo
1934 3044 2097 3114 impie

508 3148 865 3212 regnaverunt
889 3182 904 3206 ,
954 3138 1114 3195 modo
1146 3137 1433 3194 Christiani
1464 3136 1757 3206 possident.
1804 3136 1940 3203 Quid
1969 3151 2096 3207 ergo

505 3231 820 3303 indignum,
861 3230 905 3286 si
935 3245 998 3286 ea
1040 3246 1160 3301 quae
1204 3228 1458 3285 tenebant
1485 3227 1749 3294 haeretici,
1803 3226 2094 3282 secundum

508 3336 693 3394 parem
715 3320 929 3377 Domini
949 3321 1277 3375 voluntatem
1292 3318 1551 3375 Catholici
1568 3317 1787 3373 tenent?
1812 3316 1893 3372 Ad
1911 3330 2097 3372 omnes

509 3413 653 3468 enim
679 3411 884 3467 similes
909 3450 925 3476 ,
955 3410 1007 3465 id
1036 3420 1150 3475 est,
1178 3410 1243 3465 ad
1265 3425 1454 3464 omnes
1482 3409 1674 3479 impios
1701 3417 1754 3464 et
1774 3408 1981 3478 iniquos
2006 3406 2098 3461 illa

508 3518 616 3560 vox
646 3503 855 3559 Domini
889 3503 1030 3558 valet
1059 3521 1071 3556 :
1102 3502 1372 3573 Auferetur
1407 3518 1439 3554 a
1472 3501 1608 3556 vobis
1642 3517 1849 3571 regnum
1878 3499 2010 3566 Dei,
2050 3508 2099 3555 et

510 3597 715 3652 dabitur
762 3597 900 3668 genti
939 3595 1143 3667 facienti
1174 3593 1426 3667 justitiam
1472 3592 1679 3666 (Matth.
1708 3609 1830 3658 ut,
1861 3593 1975 3663 45).
2016 3592 2098 3647 An

506 3687 705 3745 frustra
748 3688 1005 3758 scriptum
1054 3695 1170 3754 est,
1223 3683 1444 3739 Labores
1491 3684 1763 3753 impiorum
1795 3683 1924 3754 justi
1951 3682 2099 3737 edent

513 3779 688 3854 (Psal.
716 3795 841 3846 ειν,
886 3779 1015 3849 ll)?
1058 3776 1392 3848 Quapropter
1432 3774 1600 3845 magis
1641 3773 1823 3829 mirari
1859 3772 2095 3841 debetis,

508 3873 649 3944 quod
676 3872 850 3927 adhuc
880 3869 1073 3927 tenetis
1102 3869 1295 3939 aliquid
1317 3908 1333 3934 ,
1376 3883 1534 3939 quam
1571 3866 1712 3937 quod
1741 3864 1941 3937 aliquid
1965 3864 2099 3920 ami-

509 3964 676 4021 sistis.
710 3962 815 4019 Sed
840 3977 1014 4033 ncque
1035 3961 1138 4016 hoc
1170 3958 1435 4015 miremini
1462 3976 1474 4013 :
1505 3958 1761 4029 paulatim
1792 3959 1931 4013 enim
1957 3957 2099 4012 cadit

509 4058 687 4130 paries
712 4056 1012 4113 dealbatus.
1037 4054 1304 4124 Respicite
1332 4063 1505 4108 tamen
1522 4052 2096 4122 Maximianistas,qure

518 4150 635 4205 loca
668 4148 954 4214 tenebant;
984 4156 1039 4202 et
1061 4146 1253 4217 quibus
1279 4145 1401 4200 inde
1416 4145 1694 4216 agentibus
1718 4152 1772 4199 et
1799 4156 2098 4212 expugnan-

510 4241 651 4297 tibus
676 4240 813 4310 pulsi
838 4240 963 4294 sint.
1004 4238 1071 4292 Et
1113 4237 1157 4292 si
1192 4235 1309 4291 hare
1338 4237 1440 4305 pati
1465 4235 1669 4305 justitia
1699 4242 1812 4295 est,
1844 4238 1898 4285 et
1920 4230 2097 4286 facere

512 4330 799 4401 iniquitas,
831 4328 967 4383 aude
992 4327 1136 4397 loqui
1162 4327 1206 4381 si
1232 4336 1405 4397 potes.
1449 4326 1658 4388 Primo,
1691 4322 1812 4392 quia
1840 4336 1934 4377 vos
1964 4320 2095 4376 feci-

513 4422 611 4478 stis
629 4463 644 4489 ,
670 4420 750 4476 illi
779 4419 921 4490 passi
950 4425 1092 4472 sunt.
1140 4416 1363 4481 Deinde,
1394 4416 1512 4486 quia
1538 4413 1828 4468 secundum
1858 4413 2095 4483 regulam

508 4513 727 4585 justitia:
758 4510 915 4582 hujus
938 4551 954 4579 ,
986 4518 1045 4566 tu
1066 4509 1286 4565 inferior
1314 4507 1585 4563 inveniris.
1613 4505 1693 4559 Illi
1724 4505 1869 4560 enim
1894 4521 1987 4575 per
2010 4505 2095 4575 ju-

513 4605 661 4661 dices
680 4620 711 4659 a
736 4602 1014 4660 catholicis
1055 4600 1459 4673 imperatoribus
1488 4598 1694 4669 expulsi
1729 4604 1856 4652 sunt
1874 4612 1940 4652 ex
1964 4596 2095 4653 locis

511 4696 785 4767 antiquis:
820 4704 874 4751 tu
919 4705 1098 4751 autem
1148 4708 1246 4748 nec
1297 4708 1391 4763 per
1437 4691 1669 4760 ipsorum
1714 4691 2094 4762 imperatorum

509 4789 660 4861 jussa
688 4788 758 4844 de
779 4788 1011 4844 basilicis
1036 4785 1321 4856 expelleris
1344 4782 1577 4839 unitatis.
1627 4784 1808 4851 Unde,
1846 4784 1948 4841 nisi
1971 4785 2094 4857 quia

513 4881 739 4938 minoris
765 4882 937 4937 meriti
969 4895 1049 4947 es,
1073 4894 1180 4934 non
1200 4877 1370 4934 solum
1389 4876 1597 4932 caeteris
1616 4877 1833 4949 collegis
1854 4880 1979 4948 tuis,
1999 4877 2093 4935 sed

512 4974 677 5030 etiam
697 4973 813 5030 istis
836 4973 984 5044 ipsis,
1010 4986 1144 5043 quos
1168 4979 1314 5027 certe
1334 4978 1392 5025 ut
1418 4969 1709 5042 sacrilegos
1732 4970 1954 5042 plenarii
1974 4986 2095 5029 con-

510 5066 617 5124 cilii
643 5066 803 5123 vestri
827 5082 920 5121 ore
946 5063 1276 5120 damnastis?

582 5158 808 5216 CAPUT
846 5158 1028 5215 XLIV.
1053 5188 1125 5198 —
1154 5157 1275 5213 105.
1301 5156 1488 5211 PETIL.
1510 5156 1645 5211 dixit
1671 5174 1684 5212 :
1720 5156 1831 5212 Nos
1856 5157 2007 5223 enim,
2038 5164 2097 5211 ut

510 5252 759 5322 scriptum
784 5260 895 5318 est,
927 5249 1189 5321 Baptismo
1216 5257 1389 5303 nostro
1413 5246 1667 5303 Christum
1703 5247 1961 5302 induimus
1989 5258 2094 5303 tra-

512 5345 670 5399 ditum
698 5344 892 5415 (Galat.
921 5359 1017 5410 ιιι,
1047 5342 1141 5414 27)
1166 5384 1183 5410 ,
1208 5357 1297 5397 vos
1324 5349 1487 5397 vestro
1526 5340 1759 5412 contagio
1785 5338 1981 5395 Iudam
2016 5340 2094 5393 in-

513 5438 665 5494 duitis
694 5439 1007 5494 traditorem.

585 5530 707 5584 104.
740 5530 875 5587 Auc.
915 5527 1193 5600 respondit
1231 5544 1245 5584 :
1278 5526 1499 5583 Possem
1534 5535 1588 5582 et
1612 5540 1712 5596 ego
1741 5523 1919 5580 dicere
1940 5565 1954 5590 ,
1987 5522 2096 5580 Vos

514 5627 692 5675 vestro
715 5620 957 5690 contagio
992 5620 1242 5689 Optatum
1278 5618 1498 5673 induitis
1523 5617 1851 5688 proditorem
1871 5657 1886 5684 ,
1910 5624 2092 5687 rapto-

512 5726 649 5779 rem,
680 5726 1074 5782 opprcssorem,
1098 5721 1462 5783 separatorem
1497 5729 1511 5766 :
1539 5710 1634 5767 sed
1653 5710 1792 5767 absit
1811 5718 1868 5765 ut
1888 5710 2093 5781 cupidi-

511 5809 595 5860 tas
622 5800 878 5858 reddendi
907 5802 1173 5857 maledicti
1204 5818 1291 5859 me
1316 5802 1383 5859 ad
1408 5802 1639 5876 aliquam
1668 5811 1925 5876 provocet
1950 5802 2095 5860 falsi-

580 5939 599 5976 ι
621 5944 689 5992 ita
706 5943 813 5989 uss.
840 5944 897 5991 At
919 5936 1054 6002 editi,
1076 5937 1181 5990 sed.

1340 443 1617 505 CONTRA
1655 441 1997 502 LITTERAS
2031 438 2399 511 PETILIANI,
2435 438 2496 497 S.
2538 437 2904 499 AUGUSTINI

3662 437 3771 500 296

2182 567 2347 615 tatem
2386 576 2402 615 :
2439 572 2539 614 nec
2558 573 2654 614 vos
2686 559 2829 614 enim
2858 556 3005 614 illum
3031 556 3249 615 induitis
3269 598 3286 625 ,
3316 569 3416 615 nec
3438 568 3542 614 nos
3577 556 3768 613 istum.

2184 650 2367 722 Itaque
2389 650 2433 706 si
2463 650 2688 722 quisque
2710 650 2778 705 ad
2804 664 2902 707 nos
2928 650 3147 706 veniens
3171 651 3225 705 in
3262 651 3479 706 nomine
3502 649 3686 720 Optati
3712 664 3773 706 se

2184 742 2505 814 baptizatum
2525 757 2645 800 esse
2663 742 3001 813 respondeat,
3023 751 3080 801 et
3098 741 3453 813 baptizabitur
3471 746 3529 799 in
3548 743 3773 798 nomine

2184 834 2413 901 Christi;
2438 845 2491 891 et
2506 850 2601 891 vos
2626 844 2885 907 quotquot
2907 850 2937 889 a
2958 834 3112 891 nobis
3134 835 3410 891 venientes
3437 834 3773 906 baptizastis,

2185 929 2230 984 si
2259 929 2311 984 in
2346 930 2560 985 nomine
2587 929 2738 985 Iudae
2765 929 3035 985 traditoris
3068 944 3129 986 se
3162 928 3456 1000 baptizatos
3478 928 3734 985 dixerant
3757 968 3775 995 ,

2186 1036 2295 1078 non
2316 1022 2756 1093 reprehendimus
2777 1023 2919 1095 quod
2941 1022 3143 1079 fecistis
3168 1040 3183 1078 :
3212 1022 3259 1078 si
3288 1030 3465 1078 autem
3491 1022 3547 1078 in
3570 1018 3775 1078 Christi

2189 1114 2406 1170 nomine
2450 1114 2701 1186 baptizati
2738 1124 2930 1181 erant,
2970 1130 3077 1171 non
3119 1115 3313 1172 videtis
3348 1124 3549 1187 quanto
3585 1130 3775 1171 errore

2186 1205 2518 1261 arbitremini
2572 1207 2830 1263 varietate
2881 1206 3236 1263 humanorum
3285 1206 3538 1263 vitiorum
3590 1206 3776 1263 divina

2189 1294 2532 1353 Sacramenta
2570 1298 2803 1367 variari,
2843 1308 2937 1355 aut
2974 1299 3101 1355 vita:
3126 1300 3144 1332 ⁸
3170 1298 3483 1371 cujusquam
3520 1298 3776 1357 sordibus

2189 1388 2390 1459 pollui?

2258 1481 2483 1540 CAPUT
2520 1482 2683 1539 XLV.
2708 1512 2781 1526 —
2816 1484 2941 1541 105.
2982 1484 3171 1541 Ρετιι..
3211 1483 3348 1540 dixit
3388 1502 3401 1540 :
3444 1483 3554 1541 Sed
3583 1485 3629 1540 si
3665 1484 3777 1541 ista

2188 1584 2306 1630 sunt
2325 1584 2513 1647 partes,
2544 1578 2675 1633 nihil
2695 1578 2839 1633 nobis
2867 1576 3208 1649 prcjudicant
3234 1577 3442 1633 nomina
3476 1578 3774 1649 compertis.

2189 1663 2323 1721 Duas
2357 1683 2571 1738 namque
2597 1668 2691 1722 uia:
2714 1678 2828 1723 sunt
2868 1685 2887 1723 :
2928 1684 3032 1723 una
3067 1668 3311 1740 angusta,
3339 1685 3439 1739 qua
3478 1669 3779 1741 pergimus;

2190 1760 2351 1814 altera
2378 1770 2450 1814 est
2473 1761 2643 1832 impiis
2665 1802 2680 1827 ,
2711 1778 2815 1831 qua
2848 1762 3079 1832 peribunt
3106 1777 3127 1818 :
3150 1770 3198 1815 et
3221 1769 3387 1816 tamen
3414 1761 3564 1831 longe
3588 1761 3781 1816 discer-

2191 1851 2329 1905 nitur
2356 1851 2585 1907 vocabuli
2612 1854 2877 1923 wqualitas
2898 1894 2915 1920 ,
2944 1870 3009 1909 ne
3041 1853 3123 1908 via
3150 1854 3369 1927 justitite
3394 1854 3651 1910 consortio
3688 1871 3781 1910 no-

2192 1942 2341 1996 minis
2366 1943 2667 1997 maculetur.

2267 2035 2389 2091 106.
2422 2037 2558 2094 Auc.
2592 2039 2865 2109 respondit
2895 2057 2908 2094 :
2936 2039 3180 2095 Timuisti
3210 2048 3574 2111 comparatam
3595 2039 3782 2095 multi-

2194 2127 2362 2185 tudini
2403 2139 2594 2186 vestrze
2637 2132 3027 2187 multitudinem
3070 2131 3219 2187 orbis
3264 2141 3524 2188 terrarum
3552 2174 3568 2199 ,
3615 2141 3674 2188 et
3714 2132 3784 2189 ad

2194 2222 2474 2293 paucitatis
2503 2222 2711 2279 laudem
2742 2239 2837 2294 per
2860 2236 3136 2296 angustam
3174 2225 3313 2279 viam
3352 2225 3685 2297 gradientem
3724 2233 3779 2281 te

2195 2315 2439 2371 conferre
2459 2316 2692 2371 voluisti.
2734 2316 2941 2373 Utinam
2970 2331 3075 2372 non
3101 2316 3167 2372 ad
3188 2317 3305 2388 ejus
3331 2317 3564 2384 laudem,
3585 2316 3686 2373 sed
3713 2316 3783 2373 ad

2197 2412 2365 2482 ipsam
2389 2411 2527 2467 viam
2552 2420 2603 2467 te
2630 2411 2948 2467 contulisses
2972 2430 2986 2466 :
3012 2411 3251 2481 profecto
3270 2411 3605 2482 perspiceres
3628 2426 3785 2468 eam-

2197 2502 2318 2558 dem
2348 2503 2666 2573 paucitatem
2699 2502 2753 2556 in
2792 2501 3029 2557 Ecclesia
3068 2516 3188 2557 esse
3224 2502 3461 2558 omnium
3499 2501 3744 2572 gentium
3769 2543 3787 2568 ,

2197 2598 2292 2654 sed
2339 2611 2534 2667 paucos
2576 2595 2678 2651 dici
2727 2596 2901 2666 justos
2946 2595 2998 2651 in
3045 2596 3442 2666 comparatione
3493 2595 3790 2651 multorum

2199 2689 2506 2761 iniquorum
2562 2705 2575 2741 :
2620 2688 2759 2744 sicut
2807 2688 2860 2743 in
2903 2688 3302 2758 comparatione
3348 2687 3516 2758 paleae
3562 2695 3793 2757 possunt

2198 2795 2365 2852 pauca
2388 2794 2551 2851 grana
2576 2778 2681 2834 dici
2702 2778 2985 2834 uberrimae
3010 2779 3225 2848 segetis,
3252 2794 3371 2850 quae
3402 2787 3582 2834 tamen
3607 2793 3709 2849 per
3732 2792 3795 2835 se

2201 2872 2314 2942 ipsa
2343 2872 2394 2927 in
2424 2885 2653 2926 massam
2681 2869 2896 2926 redacta
2928 2870 3153 2940 implent
3185 2871 3458 2927 horreum.
3490 2870 3622 2926 Nam
3648 2870 3793 2926 sicut

2202 2961 2254 3017 in
2286 2960 2721 3017 tribulationibus
2758 2961 3078 3016 amissorum
3117 2960 3353 3016 locorum
3376 3003 3393 3028 ,
3435 2962 3514 3016 sic
3540 2961 3707 3016 etiam
3738 2960 3795 3017 in

2201 3056 2488 3127 paucitate,
2522 3054 2568 3110 si
2590 3056 2644 3109 in
2675 3054 2760 3109 his
2784 3061 2939 3123 putas
2968 3068 3087 3109 esse
3108 3051 3387 3125 justitiam,
3417 3062 3471 3109 te
3498 3053 3598 3124 ipsi
3621 3052 3799 3108 Maxi-

2202 3149 2465 3205 mianista:
2490 3147 2837 3218 superabunt.

2272 3240 2500 3297 CAPUT
2538 3239 2731 3295 XLVI.
2748 3270 2819 3281 -—
2838 3240 2962 3297 107.
2985 3239 3168 3297 Ρετιι..
3191 3240 3324 3297 dixit
3348 3260 3363 3297 :
3389 3240 3569 3297 Primo
3592 3242 3796 3311 psalmo

2203 3332 2374 3387 David
2403 3334 2570 3387 beatos
2597 3340 2647 3387 et
2672 3332 2855 3403 impios
2893 3342 3134 3403 separat,
3164 3349 3265 3387 non
3294 3342 3461 3403 partes
3488 3334 3681 3388 scilicet
3713 3335 3797 3405 fa-

2204 3427 2338 3481 ciens
2361 3467 2376 3494 ,
2425 3426 2513 3480 sed
2564 3425 2628 3479 ab
2671 3424 2899 3479 omnibus
2944 3424 3113 3495 impiis
3159 3440 3403 3495 separans
3449 3426 3793 3481 sanctitatem.

2211 3540 2229 3573 ι
2263 3520 2450 3576 Beatus
2477 3519 2552 3574 vir
2572 3519 2659 3591 qui
2685 3535 2788 3573 non
2822 3517 2947 3572 abiit
2982 3519 3037 3571 in
3074 3517 3288 3572 concilio
3323 3518 3595 3587 impiorum
3619 3559 3634 3584 ,
3665 3518 3795 3573 etin

2205 3615 2285 3669 uia
2311 3622 2629 3686 peccatorum
2666 3630 2769 3667 non
2806 3614 2959 3667 stetit.
2993 3628 3013 3664 s
3044 3610 3124 3666 Ad
3160 3611 3292 3664 uiam
3322 3610 3540 3681 justitia:
3576 3611 3793 3680 redeat,

2205 3706 2291 3776 qui
2315 3712 2566 3761 erraverat
2589 3713 2645 3759 ut
2674 3704 2878 3775 periret.
2916 3722 2936 3757 ε
2963 3701 3033 3759 Et
3057 3718 3211 3773 super
3232 3703 3523 3757 cathedram
3551 3704 3797 3773 pestilen-

2207 3798 2291 3852 tia:
2326 3814 2427 3853 non
2451 3798 2601 3853 sedit.
2636 3815 2655 3850 ι
2691 3796 2821 3852 Cum
2856 3798 2929 3851 ita
2963 3805 3277 3851 commoneat
3300 3837 3314 3861 ,
3354 3811 3384 3849 ο
3420 3795 3592 3849 miseri
3615 3836 3631 3861 ,
3668 3795 3797 3865 quid

2205 3891 2429 3947 sedetis?
2459 3910 2479 3944 ‹
2517 3890 2624 3947 Sed
2652 3892 2706 3945 in
2734 3891 2840 3962 lege
2867 3889 3070 3944 Domini
3094 3889 3326 3944 voluntas
3350 3889 3459 3961 ejus
3480 3929 3496 3955 ,
3527 3898 3574 3942 et
3600 3889 3656 3942 in
3683 3888 3795 3960 lege

2207 3981 2413 4037 Domini
2440 3982 2765 4037 meditabitur
2802 3982 2885 4037 die
2906 3999 2967 4037 ac
2992 3992 3155 4037 nocte.
3196 3981 3264 4035 Et
3291 3982 3385 4036 erit
3423 3982 3559 4035 velut
3594 3982 3795 4053 lignum

2204 4074 2338 4142 quod
2360 4074 2645 4143 plantatum
2673 4081 2746 4128 est
2774 4074 2911 4127 circa
2936 4074 3180 4128 decursus
3206 4088 3486 4143 aquarum,
3516 4072 3655 4139 quod
3681 4075 3796 4144 fru-

2204 4173 2340 4218 ctum
2364 4180 2511 4219 suum
2547 4163 2687 4218 dabit
2723 4165 2777 4217 in
2814 4173 3037 4234 tempore
3063 4180 3175 4218 suo.
3217 4162 3284 4217 Et
3321 4162 3503 4235 {alium
3540 4162 3652 4234 ejus
3691 4178 3796 4217 non

2204 4255 2399 4310 decidet
2423 4297 2438 4322 ,
2465 4266 2511 4312 et
2540 4256 2710 4310 omnia
2746 4271 3071 4327 quaecumque
3094 4255 3266 4326 fecerit
3290 4297 3306 4322 ,
3337 4271 3582 4326 prospera
3614 4270 3769 4325 proce

2204 4347 2343 4402 dent.
2377 4347 2500 4403 Non
2526 4348 2597 4403 sic
2622 4348 2789 4418 impii,
2816 4364 2917 4402 non
2945 4348 3052 4415 sic;
3079 4350 3168 4403 sed
3189 4359 3428 4419 tanquam
3453 4349 3620 4420 puluis
3644 4366 3796 4420 quem

2203 4442 2407 4515 projicit
2431 4448 2605 4497 uentus
2629 4457 2661 4494 a
2681 4440 2813 4513 facie
2837 4449 3002 4496 terras.
3041 4460 3060 4495 ι
3086 4440 3278 4511 Implet
3302 4442 3475 4496 oculos
3497 4483 3514 4509 ,
3544 4452 3603 4495 ut
3630 4458 3797 4498 arca-

2203 4546 2297 4590 cet.
2326 4553 2345 4587 ‹
2375 4533 2657 4605 Pr0pterea
2681 4549 2784 4587 non
2805 4543 3075 4606 exsurgens
3105 4533 3251 4603 impii
3286 4534 3340 4587 in
3368 4534 3568 4606 judicio
3588 4576 3605 4601 ,
3634 4552 3797 4606 neque

2203 4635 2488 4699 peccatores
2512 4624 2566 4678 in
2591 4624 2810 4679 concilio
2831 4627 3108 4696 justorum.
3145 4625 3401 4693 Quoniam
3420 4626 3514 4680 scit
3534 4624 3796 4682 Dominus

2200 4718 2308 4773 uias
2323 4718 2602 4787 justorum,
2629 4726 2676 4772 et
2703 4718 2800 4772 iter
2826 4718 3102 4788 impiorum
3129 4719 3286 4789 periet
3320 4738 3341 4771 ι
3374 4718 3552 4792 (Psal.
3580 4723 3644 4791 ι).

2273 4810 2399 4867 108.
2421 4810 2556 4868 Aac.
2581 4810 2891 4880 respondit:
2914 4809 3046 4878 Quis
3066 4826 3173 4867 non
3194 4812 3246 4868 in
3271 4813 3561 4884 Scripturis
3580 4814 3796 4875 discer-

2202 4914 2296 4962 nat
2318 4904 2435 4960 htec
2462 4904 2569 4961 duo
2593 4919 2788 4977 genera
2819 4903 3132 4961 hominum?
3169 4905 3275 4963 Sed
3316 4922 3412 4963 vos
3450 4908 3702 4965 maledici
3732 4915 3792 4978 ι,

2202 4999 2370 5073 paleae
2393 4998 2617 5054 crimina
2643 5000 2802 5054 etiam
2829 4995 3110 5053 frumentis
3135 4997 3395 5068 objicitis;
3433 5006 3490 5055 et
3523 5012 3648 5056 cum
3675 5003 3796 5060 sola

2201 5094 2354 5164 palea
2375 5091 2491 5148 sitis
2512 5131 2529 5159 ,
2555 5090 2729 5146 solum
2759 5087 3084 5145 frumentum
3110 5103 3205 5144 vos
3231 5103 3351 5146 esse
3368 5088 3606 5159 jactatis.
3653 5094 3788 5151 Pro-

2200 5184 2378 5256 phetae
2405 5192 2594 5240 autem
2612 5181 2831 5239 veridici
2856 5190 3142 5253 utrumque
3169 5182 3274 5238 hoc
3301 5197 3468 5254 genus
3496 5193 3624 5241 ante
3652 5201 3758 5243 ven

2201 5277 2496 5332 tilationem
2516 5317 2531 5342 ,
2556 5290 2675 5347 qua:
2697 5275 2750 5330 in
2788 5273 2876 5330 die
2900 5274 3086 5346 judicii
3114 5273 3289 5332 futura
3314 5285 3397 5333 cst
3418 5319 3434 5345 ,
3463 5277 3793 5348 permixtum

2201 5384 2321 5427 esse
2358 5368 2543 5425 dicunt
2578 5383 2675 5441 per
2712 5377 2880 5425 totum
2920 5367 3176 5425 mundum
3201 5409 3216 5435 ,
3256 5369 3313 5425 id
3350 5379 3435 5427 est
3473 5386 3571 5443 per
3615 5380 3794 5430 totum

2200 5480 2387 5537 agrum
2418 5464 2651 5521 Domini.
2680 5462 3061 5520 Verumtamen
3088 5462 3353 5520 admoneo
3380 5474 3439 5519 ut
3474 5465 3634 5520 istum
3672 5466 3793 5538 pri-

2201 5572 2347 5614 mum
2369 5557 2629 5627 psalmum
2655 5572 2831 5628 grazce
2861 5554 3008 5626 legas
3037 5571 3051 5609 :
3084 5555 3155 5610 ita
3184 5570 3290 5611 non
3310 5554 3530 5612 audebis
3556 5570 3657 5627 pro
3682 5556 3795 5613 cri-

2203 5648 2348 5704 mine
2386 5646 2621 5718 objicere
2661 5647 2780 5703 orbi
2819 5654 3083 5702 terrarum
3122 5654 3331 5718 partem
3365 5645 3619 5715 Macarii;
3661 5646 3792 5719 quis

2264 5876 2283 5909 ι
2304 5874 2458 5941 editi,
2497 5880 2581 5927 aut
2600 5876 2663 5941 in
2685 5881 2749 5941 te,
2790 5876 3090 5941 castigantur
3111 5887 3179 5929 ex
3200 5874 3557 5939 manuscriptts.

2264 5941 2286 5972 ι
2308 5945 2360 5989 ιιι
2383 5938 2545 6001 editis,
2564 5938 2810 5991 maledicti
2837 5950 2856 5989 .-
2875 5938 3120 6003 corrupte.
