4008 6526
212 445 311 505 297

215 560 344 613 forte
368 552 643 624 intelliges
667 551 820 623 cujus
841 547 1057 606 Macarii
1082 546 1152 603 sit
1173 559 1299 617 pars
1320 543 1375 600 in
1396 540 1643 599 omnibus
1668 554 1794 595 san-

215 651 307 707 ctis
330 689 345 714 ,
378 663 503 718 qum
536 662 631 717 per
656 659 841 700 omnes
869 652 1052 714 gentes
1087 638 1469 697 benedicuntur
1506 635 1559 689 in
1590 633 1794 688 semine

217 740 462 799 Abrahae.
494 738 649 808 Quod
678 738 820 793 enim
848 737 1104 807 scriptum
1138 741 1220 789 est
1248 732 1409 787 latine
1428 770 1443 797 ,
1469 726 1658 783 Beatus
1687 725 1797 791 vir;

218 847 386 906 graece
417 832 603 897 habet,
630 836 881 901 Μακάριος
910 830 1049 899 ἀνήρ.
1087 825 1183 881 Ille
1219 834 1397 880 autem
1426 820 1685 876 Macarius
1709 816 1800 888 qui

218 924 367 979 vobis
403 922 692 992 displicet,
722 921 768 976 si
797 919 970 975 malus
1000 918 1097 973 fuit
1116 958 1133 984 ,
1164 930 1265 972 nec
1294 915 1347 969 in
1377 913 1476 968 hac
1500 919 1649 967 sorte
1677 918 1759 962 est
1783 948 1799 973 ,

220 1031 316 1073 nec
352 1017 481 1071 huic
521 1014 655 1070 sorti
694 1012 867 1069 obest.
905 1010 965 1068 Si
1005 1020 1183 1066 autem
1221 1008 1393 1064 bonus
1416 1045 1432 1073 ,
1475 1017 1610 1075 opus
1648 1015 1804 1057 suum

222 1108 427 1181 probet,
459 1107 593 1162 utin
625 1118 686 1162 se
709 1105 826 1176 ipso
852 1104 1044 1160 habeat
1068 1102 1313 1174 gloriam,
1342 1109 1396 1155 et
1422 1097 1604 1153 nonin
1635 1094 1805 1149 altero

222 1198 416 1270 (Colat.
444 1213 501 1253 vr
518 1238 535 1264 ,
559 1197 643 1266 4).

287 1290 521 1348 CAPUT
558 1288 768 1346 XLVII.
788 1317 861 1329 —-
880 1288 1003 1345 109.
1029 1286 1215 1343 Ρετιι..
1239 1284 1407 1339 dixit:
1439 1279 1617 1336 Nostri
1637 1286 1807 1333 autem

223 1381 560 1453 Baptismatis
609 1379 786 1435 laudes
832 1379 967 1433 idem
1024 1375 1444 1448 psalmographus
1498 1369 1804 1426 decantauit.

230 1491 248 1525 ι
284 1471 539 1527 Dominus
583 1472 743 1544 pascit
781 1487 861 1524 me
883 1511 899 1535 ,
944 1478 990 1524 et
1034 1468 1163 1522 nihil
1206 1467 1331 1521 mihi
1370 1465 1563 1531 deerit;
1606 1463 1660 1517 in
1701 1461 1810 1516 loco

228 1580 428 1637 pascua
450 1564 522 1618 ibi
548 1581 629 1619 me
656 1564 939 1619 collocavit.
967 1561 1136 1632 Super
1163 1576 1347 1631 aquam
1372 1556 1662 1629 refectionis
1687 1555 1815 1609 edu-

227 1657 355 1710 cavit
391 1671 472 1709 me
495 1696 511 1719 ,
541 1655 767 1709 animam
792 1670 955 1707 meam
993 1651 1252 1707 conuertit.
1292 1648 1516 1703 Deduzit
1552 1663 1632 1702 me
1664 1660 1815 1717 super

226 1749 427 1805 semitas
443 1747 666 1815 justitite
698 1754 902 1817 propter
931 1760 1112 1798 nomen
1135 1759 1305 1797 suum.
1329 1740 1468 1795 Nam
1495 1748 1542 1795 et
1566 1740 1609 1795 si
1632 1738 1815 1793 ambu-

228 1837 391 1893 lavero
415 1839 470 1891 in
491 1838 659 1892 medio
678 1840 868 1891 umbrat
885 1837 1080 1901 mortis,
1120 1853 1140 1887 ι
1170 1834 1214 1889 si
1237 1849 1335 1900 me,
1358 1833 1540 1900 inquit,
1572 1846 1815 1900 persecu-

226 1939 300 1984 tor
324 1931 532 1985 occidat
549 1971 565 1997 ,
603 1947 622 1981 ‹
650 1946 752 1984 ηοη
776 1928 955 1982 timebo
975 1927 1112 1980 mala
1135 1942 1151 1992 ;
1182 1926 1422 1998 quoniam
1446 1934 1501 1978 tu
1521 1938 1713 1977 mecum
1742 1938 1813 1990 es,

226 2021 465 2076 Domine.
515 2021 669 2092 Virga
697 2030 784 2075 tua
815 2030 860 2074 et
885 2018 1091 2073 baculus
1128 2027 1243 2072 tuus
1275 2018 1391 2087 ipsa
1418 2015 1678 2070 consolata
1702 2022 1819 2067 sunt

226 2130 322 2168 me.
357 2133 379 2167 ι
410 2113 551 2168 Inde
574 2113 691 2167 uicit
717 2111 916 2167 Goliam
940 2112 1049 2165 oleo
1077 2110 1362 2164 chrismatis
1392 2108 1627 2162 loricata.
1656 2124 1674 2158 ‹
1706 2105 1817 2159 Ρα-

227 2207 351 2260 rasti
371 2206 430 2259 in
450 2213 728 2275 conspectu
750 2220 859 2257 meo
886 2218 1132 2265 mensam,
1160 2200 1399 2254 adversus
1429 2215 1513 2253 eos
1542 2198 1629 2269 qui
1655 2196 1819 2251 tribu-

228 2296 335 2350 lant
358 2313 461 2351 me.
491 2294 839 2365 Impinguasti
864 2293 973 2347 oleo
1009 2300 1161 2363 caput
1196 2308 1363 2346 meum
1386 2332 1400 2356 ,
1443 2300 1489 2345 et
1526 2291 1663 2344 calix
1702 2298 1819 2343 tuus

230 2386 486 2441 inebrians
508 2401 753 2455 perquam
775 2384 1015 2454 optimus.
1047 2383 1116 2437 Et
1154 2382 1497 2437 misericordia
1526 2391 1613 2437 tua
1643 2379 1819 2435 subse-

230 2489 410 2549 quatur
438 2493 524 2532 me
546 2492 719 2531 omnes
747 2476 853 2530 dies
876 2477 990 2530 vita
1023 2490 1144 2529 mete
1169 2490 1187 2528 :
1213 2482 1266 2527 ut
1293 2472 1567 2527 inhabitem
1592 2473 1647 2526 in
1668 2472 1821 2526 domo

232 2568 463 2635 Domini,
493 2571 550 2623 in
571 2568 936 2641 longitudinem
962 2566 1157 2621 dierum
1191 2586 1211 2619 ι
1245 2565 1416 2637 (Psal.
1450 2565 1605 2637 xm).

301 2660 432 2715 110.
455 2661 599 2715 Anc.
627 2658 907 2728 respondit
936 2675 950 2709 :
976 2657 1080 2713 Iste
1105 2656 1342 2727 psalmus
1364 2655 1433 2711 de
1453 2654 1538 2711 his
1563 2655 1819 2726 loquitur,

231 2754 321 2823 qui
364 2752 510 2809 bene
552 2752 847 2820 suscipiunt
892 2751 1259 2821 Baptismum,
1306 2757 1360 2804 et
1405 2757 1592 2803 Sancto
1639 2756 1823 2804 sancte

234 2853 476 2900 utuntur.
524 2843 645 2899 Non
684 2846 825 2899 enim
877 2844 1041 2899 verba
1084 2842 1189 2897 ista
1228 2842 1389 2897 etiam
1432 2841 1500 2896 ad
1546 2840 1823 2897 Simonem

236 2935 446 3006 Magum
472 2936 782 3007 pertinent,
814 2935 902 3005 qui
943 2944 1120 2989 tamen
1163 2933 1413 2989 eumdem
1452 2943 1696 2989 sanctum
1720 2934 1823 2987 Ba-

240 3028 491 3099 ptismum
521 3030 733 3099 accepit
764 3047 778 3083 :
805 3037 859 3084 et
894 3028 1017 3099 quia
1055 3043 1120 3083 eo
1148 3036 1333 3082 sancte
1372 3027 1446 3081 uti
1478 3028 1685 3095 noluit,
1716 3041 1827 3083 non

237 3119 362 3175 ideo
383 3120 538 3175 illum
566 3119 883 3190 inquinavit,
913 3127 1004 3173 aut
1030 3118 1378 3188 repetendum
1401 3118 1594 3174 talibus
1623 3118 1823 3175 docuit.

239 3212 347 3269 Sed
386 3214 513 3284 quia
544 3212 712 3268 Goliae
756 3211 1316 3267 commemorationem
1358 3210 1529 3267 fecisti
1555 3252 1571 3279 ,
1613 3211 1828 3267 attende

238 3305 388 3361 illum
408 3305 479 3361 de
509 3305 630 3374 ipso
655 3303 806 3359 Golia
838 3303 1098 3373 psalmum
1122 3344 1137 3369 ,
1168 3311 1223 3357 et
1245 3302 1367 3358 vide
1390 3304 1513 3373 quia
1543 3302 1598 3357 in
1621 3304 1827 3358 cantico

237 3413 379 3454 novo
403 3396 653 3467 depictus
680 3404 764 3451 est
790 3396 808 3427 ί
834 3412 847 3449 :
878 3394 951 3450 ibi
976 3395 1119 3451 enim
1144 3394 1357 3463 dicitur,
1388 3394 1547 3462 Deus,
1576 3396 1828 3450 canticum

238 3507 431 3545 novum
474 3490 686 3542 cantabo
737 3488 869 3552 tibi;
916 3488 971 3542 in
1020 3487 1258 3557 psalterio
1307 3488 1477 3543 decem
1524 3488 1831 3543 chordarum

240 3583 469 3655 psallam
499 3581 588 3635 tibi
616 3580 783 3655 (Psal.
810 3597 977 3638 cxuu
997 3622 1013 3648 ,
1045 3580 1124 3653 9).
1165 3581 1233 3636 Et
1260 3581 1381 3637 vide
1407 3591 1584 3637 utrum
1623 3581 1690 3636 ad
1728 3581 1832 3636 hoc

244 3676 519 3732 canticum
551 3674 831 3744 pertineat.
859 3674 949 3745 qui
969 3674 1085 3729 orbi
1111 3682 1371 3728 terrarum
1394 3689 1499 3728 non
1530 3674 1831 3728 communi-

245 3776 347 3821 cat.
380 3766 523 3820 Alibi
550 3766 693 3819 enim
711 3765 907 3819 dicitur
935 3782 949 3818 :
977 3762 1188 3819 Cantate
1219 3763 1435 3818 Domino
1462 3766 1712 3819 canticum
1738 3782 1833 3819 no.

249 3873 408 3919 cum;
456 3864 657 3909 cantate
700 3855 950 3921 Domino,
996 3857 1157 3910 omnis
1204 3866 1337 3909 terra
1377 3855 1546 3926 (Psal.
1586 3872 1717 3924 xcv,
1755 3857 1829 3927 1).

250 3949 438 4006 Omnis
460 3965 590 4020 ergo
622 3962 763 4005 terra
788 3991 803 4015 ,
835 3951 887 4004 in
918 3950 1071 4019 cujus
1100 3950 1301 4004 unitate
1328 3964 1433 4003 non
1461 3948 1591 4003 estis
1613 3991 1629 4016 ,
1655 3957 1835 4004 cantat

251 4043 515 4096 canticum
547 4056 767 4095 novum.
796 4042 864 4096 Et
890 4043 1065 4095 omnis
1093 4049 1250 4095 terra:
1281 4050 1403 4095 sunt
1432 4039 1594 4094 verba
1624 4054 1836 4109 quoque

253 4135 348 4190 ista
374 4153 387 4188 :
418 4135 673 4189 Dominus
701 4136 859 4205 pascit
880 4151 977 4195 me.
1001 4143 1046 4188 et
1067 4134 1195 4187 nihil
1222 4134 1345 4186 mihi
1388 4132 1563 4197 deerit,
1588 4143 1691 4188 etc.
1719 4132 1835 4187 Non

254 4236 372 4281 sunt
390 4226 507 4280 haec
527 4226 688 4283 verba
708 4226 1053 4292 zizaniorum,
1069 4225 1311 4294 quamvis
1330 4239 1495 4294 usque
1510 4223 1577 4279 ad
1603 4239 1836 4279 messem

256 4316 306 4372 in
332 4334 439 4373 una
467 4328 653 4384 segete
679 4318 979 4372 tolerentur
1008 4334 1022 4369 :
1058 4332 1163 4370 non
1195 4326 1319 4371 sunt
1340 4317 1498 4371 verba
1523 4318 1712 4386 paleae,
1740 4316 1835 4373 sed

260 4408 443 4472 tritici;
482 4408 732 4478 quamvis
766 4408 950 4462 eadem
992 4408 1165 4476 pluvia
1195 4408 1459 4477 simulque
1495 4410 1796 4463 nutriantur
1818 4450 1833 4475 ,

259 4499 439 4554 eadem
486 4512 617 4552 area
661 4497 924 4566 simulque
972 4498 1283 4551 triturentur
1325 4499 1345 4528 ³
1371 4539 1387 4565 ,
1432 4498 1605 4553 donec
1649 4498 1835 4553 ultimo

259 4590 556 4645 ventilabro
590 4588 658 4643 ab
693 4588 924 4643 invicem
953 4598 1336 4658 segregentur:
1365 4606 1483 4659 qua:
1513 4590 1617 4644 duo
1648 4591 1831 4661 utique

260 4682 615 4736 communiter
640 4695 805 4735 unum
834 4680 1029 4735 habent
1059 4681 1385 4750 Baptismum
1409 4723 1422 4746 ,
1461 4684 1704 4751 quamvis
1733 4699 1839 4737 non

259 4766 358 4820 sint
384 4781 577 4821 unum.
607 4763 713 4820 Sed
738 4776 791 4820 et
816 4766 860 4819 si
888 4780 1010 4834 pars
1038 4777 1213 4820 vestra
1253 4776 1395 4821 esset
1438 4767 1677 4822 Ecclesia
1708 4768 1798 4823 Dei
1826 4809 1841 4834 ,

261 4858 399 4907 certe
432 4850 684 4905 fatereris
711 4849 870 4903 istum
912 4850 1173 4919 psalmum
1216 4865 1323 4906 non
1362 4851 1433 4905 ibi
1476 4853 1747 4921 pertinere
1777 4854 1845 4907 ad

273 4941 503 4998 iuriosas
535 4953 777 4998 catervas
798 4943 1322 5000 Circumcellionum.
1346 4947 1451 5003 Aut
1471 4947 1515 5000 si
1545 4955 1601 5002 et
1625 4948 1723 5017 ipsi
1750 4964 1847 5017 per

260 5033 720 5102 semitasjustitize
746 5032 1112 5099 deducuntur,
1144 5049 1309 5104 quare
1341 5036 1547 5105 negatis
1572 5051 1665 5091 eos
1695 5051 1845 5091 com-

260 5121 360 5177 ites
386 5133 603 5179 vestros
643 5137 763 5179 esse
786 5164 801 5187 ,
847 5139 968 5178 cum
1007 5125 1160 5180 vobis
1199 5126 1523 5195 objiciuntur
1546 5168 1562 5193 ,
1605 5130 1848 5197 quamvis

256 5208 579 5282 plerumque
609 5213 929 5282 paucitatem
955 5215 1277 5271 concisionis
1302 5226 1495 5272 vestrae
1514 5258 1529 5283 ,
1570 5234 1672 5274 non
1701 5220 1849 5291 virga

256 5314 320 5358 et
344 5305 566 5361 baculus
595 5305 711 5369 Dei,
741 5306 835 5360 sed
863 5306 1030 5361 fustes
1059 5322 1246 5362 eorum
1271 5310 1633 5374 consolentur,
1657 5312 1850 5381 quibus

257 5410 361 5448 vos
380 5406 432 5450 et
452 5397 713 5451 adversus
732 5397 876 5467 leges
895 5397 1165 5453 Romanas
1188 5408 1329 5455 tutos
1350 5415 1466 5455 esse
1488 5402 1849 5460 arbitramini:

254 5485 320 5541 in
362 5503 492 5559 quos
521 5490 795 5543 incurrere
834 5488 960 5559 quid
1003 5499 1087 5545 est
1123 5489 1265 5544 aliud
1295 5506 1452 5559 quam
1482 5493 1759 5549 ambulare
1790 5497 1845 5550 in

254 5579 445 5633 medio
472 5579 678 5633 umbra:
708 5580 933 5633 mortis?
961 5579 1066 5636 Sed
1103 5597 1209 5636 non
1244 5582 1393 5635 timet
1420 5584 1557 5637 mala
1585 5598 1706 5639 cum
1743 5602 1851 5656 quo

230 5669 530 5726 'Dominus
557 5681 657 5727 est.
686 5670 844 5728 Certe
872 5681 1048 5730 tamen
1079 5689 1187 5732 non
1210 5675 1432 5733 audebis
1459 5674 1662 5747 dicere,
1690 5679 1850 5737 etiam

332 5800 356 5863 ξ
382 5809 480 5851 sm.
499 5810 554 5853 et
575 5811 703 5863 uss,
730 5803 942 5858 devictus
964 5812 1051 5859 est.

330 5861 359 5893 ²
382 5867 429 5914 In
454 5872 581 5926 Mss,
606 5861 908 5918 tribulentur.

551 5968 780 6033 Sanc'r.
825 5974 1104 6038 Aecus'r.
1149 5974 1265 6038 1X.

1543 418 1745 481 LIBER
1786 414 2165 477 SECUNDUS.

3382 422 3488 485 2οὸ

1914 536 2138 593 istorum
2180 535 2503 595 furiosorum
2544 551 2665 596 esse
2702 536 2866 595 verba
2905 552 3022 610 quae
3061 538 3114 595 in
3152 535 3255 596 hoc
3284 540 3491 610 psalmo

1906 637 2188 684 cantantur
2220 648 2233 683 ε
2265 639 2318 685 et
2343 640 2517 687 tamen
2548 631 2749 689 habere
2767 647 2862 689 eos
2885 634 3237 703 Baptismum,
3264 650 3370 691 non
3401 650 3493 691 so-

1907 719 2018 774 lum
2046 720 2413 789 conﬁtemini,
2444 721 2540 777 sed
2569 722 2728 778 etiam
2768 724 3112 795 proﬁtemini.
3151 724 3270 783 Non
3307 726 3496 785 dicunt

1909 825 2038 883 ergo
2063 813 2185 881 ista,
2216 813 2318 868 nisi
2346 815 2435 885 qui
2471 831 2607 886 aqua
2632 825 2816 872 sancta
2842 816 3175 886 reﬁciuntur,
3206 818 3346 877 sicut
3372 836 3493 876 om-

1912 918 2008 959 nes
2032 904 2161 975 justi
2192 905 2287 960 Dei
2311 924 2325 971 ;
2357 922 2462 961 non
2489 908 2578 976 qui
2604 922 2668 963 ea
2695 909 2835 967 male
2862 910 3063 966 utendo
3087 912 3492 980 subvertuntur,

1912 996 2051 1051 sicut
2076 1011 2261 1068 magus
2287 998 2378 1053 ille
2402 1013 2431 1052 a
2460 998 2705 1069 Philippo
2731 1000 3067 1071 baptizatus:
3095 1010 3152 1058 et
3174 1011 3352 1059 tamen
3379 1004 3495 1075 ipsa

1914 1088 1969 1143 in
1994 1089 2233 1159 utrisque
2254 1104 2361 1144 una
2379 1098 2540 1158 atque
2564 1100 2745 1145 sancta
2771 1102 2875 1147 est.
2907 1092 3023 1148 Non
3051 1093 3237 1151 dicunt
3262 1095 3363 1150 ista
3393 1096 3500 1152 nisi

1913 1181 2004 1250 qui
2035 1180 2101 1235 ad
2133 1179 2408 1235 dexteram
2435 1182 2776 1251 pertinebunt
2807 1202 2822 1238 :
2848 1183 2946 1240 sed
2977 1193 3159 1242 tamen
3185 1186 3375 1244 eadem
3399 1202 3500 1258 pa-

1916 1285 2039 1327 scua
2068 1272 2168 1327 sub
2187 1287 2294 1328 uno
2316 1282 2529 1344 pastore
2548 1283 2603 1330 et
2621 1290 2749 1332 oves
2769 1287 2824 1331 et
2844 1275 2975 1332 hirci
2996 1289 3306 1349 pascuntur,
3325 1278 3502 1335 donec

1918 1374 1975 1419 ut
2002 1364 2181 1421 debita
2214 1366 2496 1436 recipiant,
2528 1380 2895 1440 segregentur.
2922 1370 3039 1427 Non
3063 1371 3247 1428 dicunt
3270 1373 3372 1428 ista
3399 1373 3505 1429 nisi

1916 1456 2009 1527 qui
2040 1456 2108 1513 de
2137 1472 2323 1515 mensa
2353 1460 2563 1515 Domini
2602 1461 2766 1517 vitam
2801 1473 3057 1533 sumunt,
3097 1466 3236 1522 sicut
3271 1465 3502 1533 Petrus;

1918 1563 2026 1604 non
2042 1549 2321 1629 judicium,
2354 1551 2493 1607 sicut
2515 1552 2680 1609 Judas
2706 1571 2720 1606 :
2748 1565 2804 1609 et
2828 1564 3005 1611 tamen
3030 1557 3144 1627 ipsa
3166 1557 3381 1629 utrique
3400 1558 3505 1614 fuit

1920 1656 2047 1709 una,
2077 1643 2172 1699 sed
2201 1659 2309 1699 non
2347 1645 2562 1717 utrique
2600 1647 2766 1703 valuit
2793 1648 2862 1704 ad
2890 1665 3057 1705 unum
3076 1690 3093 1718 ,
3121 1651 3243 1721 quia
3271 1652 3370 1721 ipsi
3397 1668 3508 1709 non

1921 1746 2073 1791 erant
2094 1753 2281 1793 unum.
2302 1738 2419 1794 Non
2439 1739 2623 1796 dicunt
2645 1741 2744 1797 ista
2766 1743 2866 1797 nisi
2888 1743 2980 1814 qui
3000 1743 3121 1799 oleo
3140 1753 3327 1800 sancto
3345 1746 3511 1801 etiam

1920 1825 1974 1881 in
1998 1828 2189 1897 spiritu
2215 1829 2586 1887 beatiﬁcantur
2608 1874 2624 1899 ,
2656 1834 2794 1889 sicut
2822 1833 3022 1899 David;
3050 1850 3159 1891 non
3187 1838 3279 1907 qui
3308 1836 3363 1891 in
3392 1838 3510 1893 solo

1920 1934 2145 1990 corpore
2163 1932 2568 1993 consecrantur,
2582 1926 2720 1981 sicut
2740 1926 2868 1982 Sanl
2892 1945 2904 1981 :
2924 1936 2976 1983 et
3000 1937 3179 1984 tamen
3202 1944 3325 1984 cum
3347 1930 3509 1987 ambo

1922 2025 2086 2066 unum
2110 2014 2485 2084 sumpsissent,
2520 2030 2624 2070 non
2656 2017 2735 2071 eis
2761 2017 2931 2087 impar
2956 2018 3384 2087 Sacramentum,
3412 2020 3512 2077 sed

1923 2101 2096 2172 impar
2123 2105 2371 2160 meritum
2402 2106 2517 2161 fuit.
2544 2106 2664 2163 Non
2690 2108 2874 2164 dicunt
2902 2111 3003 2165 ista
3028 2112 3132 2167 nisi
3160 2114 3251 2184 qui
3272 2113 3514 2193 icalicem

1924 2190 2136 2247 Domini
2166 2194 2220 2248 in
2260 2195 2421 2249 vitam
2448 2204 2703 2261 aeternam
2729 2207 2930 2253 mutata
2960 2209 3141 2257 mente
3169 2190 3513 2274 suscipiunt;

1923 2302 2030 2341 non
2080 2288 2170 2358 qui
2204 2288 2462 2359 judicium
2504 2292 2603 2346 sibi
2648 2293 2971 2349 manducant
3017 2303 3074 2352 et
3117 2296 3326 2365 bibunt,
3374 2297 3518 2354 sicut

1924 2378 2211 2446 Apostolus
2238 2381 2311 2435 ait
2338 2380 2396 2453 (ι
2425 2380 2545 2437 Cor.
2574 2399 2629 2437 χι
2650 2425 2665 2450 ,
2696 2383 2820 2453 29);
2849 2395 2906 2440 et
2933 2393 3112 2443 tamen
3140 2388 3379 2459 utrisque
3404 2404 3518 2445 non

1926 2470 2045 2523 unis
2071 2471 2210 2525 calix
2238 2472 2329 2527 ille
2353 2488 2490 2529 unus
2514 2484 2615 2541 est,
2646 2475 2917 2531 inebrians
2942 2477 3011 2533 ad
3037 2480 3365 2549 capessenda
3396 2495 3514 2537 cte-

1925 2558 2078 2615 lestia
2101 2570 2383 2633 martyres,
2408 2579 2513 2619 non
2534 2564 2601 2619 ad
2624 2564 2939 2622 funestanda
2962 2571 3251 2639 prmcipitia
3274 2572 3516 2627 Circum-

1927 2650 2200 2707 celliones.
2226 2652 2495 2709 Memento
2520 2671 2648 2726 ergo
2668 2656 3029 2714 Sacramentis
3052 2660 3144 2716 Dei
3171 2662 3302 2716 nihil
3322 2662 3517 2720 obesse

1927 2757 2107 2799 mores
2134 2744 2395 2799 malorum
2426 2745 2703 2802 hominum
2723 2789 2737 2813 ,
2765 2764 2873 2819 quo
2904 2751 2992 2804 illa
3029 2752 3112 2805 vel
3151 2754 3369 2807 omnino
3407 2768 3518 2809 non

1928 2834 2056 2900 sint,
2075 2836 2159 2891 vel
2187 2837 2363 2892 minus
2379 2850 2559 2894 sancta
2576 2839 2714 2908 sint;
2734 2841 2828 2897 sed
2855 2842 2985 2912 ipsis
3011 2844 3166 2899 malis
3190 2844 3516 2914 hominibus,

1929 2935 1988 2981 ut
2015 2926 2129 2982 haec
2158 2927 2386 2984 habeant
2409 2930 2474 2985 ad
2503 2933 2863 2988 testimonium
2893 2935 3273 3005 damnationis,
3300 2955 3407 2994 non
3447 2940 3518 2995 ad

1930 3021 2249 3091 adjutorium
2276 3025 2539 3079 sanitatis.
2568 3024 2766 3082 Saltem
2788 3030 2987 3099 quippe
3011 3031 3122 3100 ipsa
3147 3031 3305 3087 verba
3332 3032 3523 3088 ultima
3606 3026 3627 3037 ’

1931 3115 2121 3181 psalmi
2149 3115 2305 3186 hujus
2334 3117 2677 3175 considerare
2704 3119 2951 3187 debuisti,
2987 3132 3042 3177 et
3069 3133 3287 3194 propter
3315 3140 3409 3181 eos
3430 3127 3523 3196 qui

1931 3204 2203 3274 Baptismo
2232 3216 2450 3278 accepto
2477 3219 2780 3279 apostatant
2812 3212 3138 3283 intelligere,
3170 3231 3278 3271 non
3307 3217 3375 3272 ab
3403 3233 3523 3273 om-

1932 3296 2089 3351 nibus
2119 3299 2206 3367 qui
2239 3310 2482 3355 sanctum
2512 3302 2780 3371 Baptisma
2812 3306 3081 3375 accipiunt
3111 3322 3268 3377 posse
3294 3308 3421 3375 dici,
3451 3307 3524 3365 Ut

1932 3386 2206 3442 inhabilem
2245 3391 2300 3444 in
2337 3391 2487 3445 domo
2526 3393 2733 3448 Domini
2768 3396 2822 3449 in
2862 3397 3229 3468 longitudinem
3267 3402 3465 3457 dierum
3506 3418 3527 3457 :

1934 3487 1989 3534 et
2027 3488 2203 3534 tamen
2242 3483 2353 3537 sive
2391 3487 2829 3553 permanentibus
2852 3531 2868 3557 ,
2897 3489 3012 3546 sive
3036 3492 3201 3562 lapsis
3225 3535 3241 3561 ,
3272 3509 3394 3551 cum
3426 3495 3530 3566 ipsi

1935 3584 2043 3625 non
2066 3571 2173 3625 sint
2200 3588 2386 3642 unum,
2416 3576 2719 3646 Baptismus
2750 3596 2887 3637 unus
2916 3593 3028 3651 est;
3064 3596 3119 3640 et
3143 3603 3263 3642 cum
3293 3590 3390 3659 ipsi
3419 3605 3527 3644 non

1936 3665 2149 3736 utrique
2190 3669 2361 3722 sancti
2408 3670 2532 3734 sint,
2582 3671 2886 3740 Baptismus
2932 3676 2985 3730 in
3039 3679 3276 3748 utrisque
3314 3692 3530 3738 sanctus

1938 3763 2021 3808 est
2050 3774 2062 3808 :
2091 3757 2211 3824 quia
2240 3767 2291 3811 et
2319 3768 2575 3829 apostatm
2597 3762 2641 3814 si
2662 3763 2904 3829 redeant,
2933 3782 3037 3819 non
3068 3768 3219 3835 quasi
3240 3784 3361 3823 eum
3393 3773 3531 3827 ami-

1939 3846 2107 3901 serint
2143 3848 2507 3917 baptizantur,
2538 3851 2631 3905 sed
2660 3853 2801 3922 quod
2845 3855 2898 3910 in
2927 3871 2986 3911 se
3012 3863 3351 3927 permanenti
3382 3862 3526 3932 inju-

1939 3937 2073 3990 riam
2102 3936 2327 3993 fecerint
2352 3939 2716 3997 humiliantur.

2012 4028 2234 4083 CAPUT
2263 4029 2492 4088 XLVIII.
2523 4061 2595 4071 —
2626 4034 2748 4087 111.
2789 4034 2975 4092 Ρκτιι..
3017 4037 3190 4095 dixit:
3231 4043 3296 4096 At
3342 4061 3403 4099 ne
3445 4060 3533 4101 vos

1941 4126 2137 4172 sanctos
2166 4134 2271 4173 esse
2294 4120 2497 4187 dicatis;
2523 4122 2739 4192 primum
2758 4125 2813 4178 id
2838 4143 3028 4195 assero,
3053 4132 3172 4201 quia
3195 4138 3281 4203 qui
3300 4152 3400 4190 non
3422 4140 3535 4208 fue-

1941 4210 2009 4262 rit
2028 4210 2264 4265 innocens
2288 4254 2301 4279 ,
2336 4228 2434 4265 non
2456 4214 2603 4268 habet
2626 4218 2960 4273 sanctitatem.

2016 4301 2138 4356 112.
2182 4304 2318 4360 Anc.
2360 4306 2677 4374 respondit:
2710 4308 2944 4366 Ostende
2993 4313 3146 4369 nobis
3178 4316 3402 4373 tribunal
3444 4322 3536 4376 ubi

1945 4392 2161 4458 sedisti,
2194 4402 2252 4447 ut
2295 4405 2416 4451 ante
2446 4405 2499 4451 te
2535 4406 2699 4454 staret
2728 4401 2872 4457 orbis
2903 4412 3200 4472 terrarum;
3246 4419 3299 4464 et
3342 4412 3536 4481 quibus

1946 4486 2114 4539 oculis
2133 4526 2148 4553 ,
2191 4502 2295 4541 non
2327 4488 2447 4544 dico
2476 4491 2827 4547 conscientias
2851 4496 3085 4550 omnium
3110 4540 3123 4561 ,
3154 4499 3246 4554 sed
3278 4504 3359 4556 vel
3387 4514 3538 4561 actus

1949 4578 2224 4648 inspexisti
2255 4590 2307 4635 et
2346 4581 2673 4651 discussisti,
2717 4592 2776 4639 ut
2799 4601 2918 4641 eum
2948 4590 3243 4657 perdidisse
3284 4595 3541 4655 innocen-

1951 4672 2076 4726 tiam
2121 4673 2406 4742 judicares.
2452 4676 2543 4731 llle
2581 4678 2668 4747 qui
2704 4687 2885 4749 raptus
2920 4692 3194 4756 estusque
3238 4688 3288 4742 in
3323 4692 3537 4749 tertium

1951 4766 2166 4833 malum,
2200 4766 2346 4832 dicit,
2379 4767 2484 4823 Sed
2514 4785 2670 4852 neque
2699 4788 2788 4842 ego
2810 4789 2888 4827 me
2908 4775 3073 4844 ipsum
3095 4779 3320 4848 dijudico
3348 4784 3388 4851 (Ι
3418 4784 3537 4840 Cor.

1951 4874 2022 4923 ιν,
2052 4860 2105 4923 5)
2144 4877 2157 4914 :
2190 4870 2242 4915 et
2264 4870 2317 4914 tu
2348 4860 2415 4917 de
2440 4863 2683 4918 universa
2708 4873 2869 4932 terra,
2901 4883 3003 4938 qua
3038 4869 3317 4929 hmreditas
3343 4875 3541 4934 Christi

1953 4950 2220 5014 dilatatur,
2248 4952 2414 5006 audes
2442 4952 2583 5008 ferre
2610 4958 2963 5013 sententiain!
2995 4960 3198 5018 Deinde
3227 4967 3270 5020 si
3298 4970 3428 5021 satis
3449 4972 3541 5024 ab-

1952 5040 2182 5094 solutum
2211 5040 2303 5095 tibi
2332 5040 2539 5097 videtur
2561 5045 2702 5114 quod
2742 5047 2917 5103 dixisti
2943 5092 2957 5115 ,
2994 5050 3093 5119 Qui
3120 5072 3221 5109 non
3265 5060 3416 5127 fuerit
3459 5060 3542 5114 in-

1954 5148 2169 5198 nocens,
2193 5149 2292 5186 non
2317 5133 2463 5188 habet
2482 5137 2833 5207 sanctitatem;
2853 5156 3037 5211 quaero
3056 5186 3071 5211 ,
3103 5146 3146 5200 si
3183 5162 3284 5199 non
3315 5146 3547 5205 habebat

1954 5224 2081 5281 Sail]
2108 5228 2423 5281 sacramenti
2451 5231 2821 5299 sanctitatem,
2849 5235 2973 5305 quid
3010 5235 3063 5291 in
3099 5252 3163 5291 eo
3196 5237 3356 5291 David
3383 5256 3548 5299 vene-

1958 5318 2209 5372 rabatur?
2236 5318 2293 5373 Si
2312 5328 2488 5375 autem
2518 5321 2745 5378 habebat
2777 5326 3130 5381 innocentiam
3149 5370 3163 5392 ,
3190 5344 3355 5396 quare
3384 5331 3545 5389 inno-

1959 5421 2166 5465 centem
2207 5413 2659 5481 persequebatur?
2688 5416 2977 5472 Nam‘eum
3024 5427 3241 5487 prepter
3266 5436 3548 5480 sacrosan-

1960 5509 2096 5555 ctam
2125 5504 2425 5559 unctionem
2448 5516 2503 5559 et
2534 5507 2811 5562 honoravit
2838 5509 3037 5573 vivum,
3068 5517 3122 5563 et
3151 5509 3441 5571 vindicavit
3464 5532 3551 5574 oc-

1961 5592 2127 5648 cisum
2162 5612 2174 5648 :
2202 5602 2256 5649 et
2285 5597 2405 5665 quia
2431 5597 2512 5651 vel
2553 5599 2889 5666 panniculum
2926 5614 2992 5653 ex
3020 5601 3135 5669 ejus
3168 5614 3319 5661 veste
3360 5612 3551 5677 princi-

1962 5685 2072 5751 dit,
2107 5702 2358 5757 percusso
2386 5690 2547 5745 corde
2576 5689 2875 5759 trepidavit.
2908 5691 3045 5748 Ecce
3069 5692 3195 5751 Saul
3228 5713 3335 5752 non
3378 5701 3548 5759 habe-

1962 5775 2055 5833 bat
2090 5779 2442 5835 innocentiam
2465 5822 2477 5845 ,
2502 5791 2555 5835 et
2583 5789 2757 5834 tamen
2788 5779 3016 5840 habebat
3039 5790 3407 5862 sanctitatem,
3439 5811 3549 5852 non

1962 5871 2086 5928 vitae
2110 5886 2219 5929 sua:
2244 5874 2386 5944 (nam
2415 5871 2516 5927 hoc
2542 5870 2657 5925 sine
2685 5871 2986 5935 innocentia
3010 5897 3168 5938 nemo
3206 5888 3429 5959 potest),
3456 5889 3553 5946 sed

3041 5996 3271 6077 (ωας.)
3526 6035 3551 6069 τ

3570 2200 3595 2207 ,ν
