4008 6468
398 642 427 687 ll

461 460 570 521 599

391 559 422 630 ’ἲ
469 570 788 630 sacramenti
814 550 930 639 Dei,
960 568 1098 641 qudd
1128 575 1179 623 et
1206 567 1256 623 in
1289 566 1441 624 malis
1475 552 1776 625 hominibus
1805 573 2048 624 sanctum

470 660 570 719 est.

1321 456 1591 515 CONTRA
1628 452 1966 513 urrsnss
2004 449 2365 521 PETlLlANl,
2405 424 2466 508 ὲ.
2506 448 2875 510 AUGUSTINI

3623 448 3731 507 300

2226 561 2450 623 CAPUT
2478 548 2640 620 1....
2657 564 2780 621 us.
2803 562 2989 619 Ρετιι..
3016 550 3149 618 dixit
3176 578 3190 617 ε
3227 558 3335 618 Sed
3364 569 3419 617 ut
3445 572 3610 619 uestra
3635 565 3742 621 siu-

2155 657 2277 730 gula
2300 655 2635 726 deut-uanius,
2666 657 2713 714 si
2739 656 3020 712 sacerdotes
3046 670 3133 710 vos
3156 655 3341 721 dicitis,
3364 656 3438 713 sic
3457 673 3490 711 a
3518 654 3742 712 Domino

540 736 767 813 carui
793 734 979 809 itm.
1011 734 1229 823 -143,
1269 744 1457 807 Ρετιι..
1497 732 1671 827 dixit:
1702 746 1841 803 Nam
1883 748 1926 803 si
1954 744 2052 802 Le-

2189 747 2267 805 leo
2294 750 2481 805 dictum
2508 757 2580 827 est
2605 765 2694 821 per
2732 748 3027 820 prophetam
3052 763 3073 804 ε
3106 766 3126 803 ι
3163 746 3302 805 Ultio
3341 742 3550 804 Domini
3587 764 3743 818 super

472 865 584 922 gem
625 830 807 920 perfidi
840 843 1034 908 nostis;
1062 840 1171 899 sine
1197 828 1387 914 injuria
1416 842 1577 913 ipsius
1602 825 1749 912 Legis
1784 841 1880 896 hoc
1915 841 2055 896 diate-

472 942 603 1009 rim,
648 930 777 994 hanc
812 944 859 992 et
899 926 1131 993 diabolus
1159 935 1311 991 novit.
1345 933 1582 1006 Namque
1608 932 1830 989 Domino
1872 934 1979 989 Deo
2002 935 2056 988 in

472 1049 627 1117 causa
648 1026 748 1086 Job
756 1016 890 1104 justi
906 1071 924 1100 ,
952 1028 1095 1100 quasi
1108 1028 1280 1115 justus
1298 1026 1372 1080 ita
1390 1024 1454 1080 de
1471 1024 1607 1097 Lege
1624 1024 1904 1109 respondit,
1926 1025 2057 1079 sicut

473 1114 718 1197 scriptum
757 1116 831 1178 'e'st
856 1137 877 1177 :
920 1140 940 1175 ι
988 1118 1132 1176 Dixit
1156 1114 1402 1175 Dominus
1426 1116 1660 1184 diabolo,
1686 1114 1977 1197 Respexisti
2003 1116 2058 1171 in

474 1194 685 1291 puerum
723 1204 886 1271 meum
924 1206 1055 1283 Job,
1092 1210 1213 1284 quia
1248 1229 1350 1291 non
1378 1221 1448 1267 est
1473 1210 1650 1266 similis
1686 1194 1764 1264 illi
1799 1208 1853 1262 in
1889 1217 2056 1276 terra,

475 1287 623 1364 liomo
658 1306 768 1363 sine
810 1304 1033 1370 malitia,
1069 1302 1214 1358 uerus
1255 1287 1352 1357 Dei
1389 1300 1578 1370 cultor,
1618 1297 1871 1355 abstinens
1906 1314 1960 1354 se
1995 1297 2058 1352 ab

474 1400 611 1456 anni
655 1394 790 1452 malo
811 1439 828 1465 ,
872 1412 1196 1469 perseverans
1224 1395 1279 1450 in
1296 1378 1658 1466 simplicitate;
1684 1402 1739 1446 tu
1782 1400 1947 1446 autem
1972 1406 2061 1462 pe-

474 1492 579 1548 tisti
599 1498 650 1546 ut
666 1492 869 1546 omnem
888 1506 995 1544 rem
1018 1490 1156 1544 illius
1183 1474 1416 1560 perderes
1442 1489 1550 1543 sine
1572 1503 1744 1543 causa.
1768 1484 1834 1540 Et
1853 1501 2061 1557 respon-

474 1583 548 1638 dit
579 1583 845 1647 diabolus,
889 1572 938 1637 et
964 1580 1094 1636 dixit
1132 1578 1356 1637 Domino
1381 1596 1400 1637 :
1426 1580 1633 1636 Corium
1672 1595 1764 1651 pro
1802 1578 1974 1644 corio,
2014 1585 2062 1634 et

474 1692 622 1732 omne
639 1674 987 1749 quodcumque
1010 1670 1239 1728 habuerit
1259 1672 1407 1727 homo
1434 1688 1528 1744 pro
1555 1658 1726 1726 anima
1751 1687 1845 1726 sua
1864 1669 2003 1724 dabit
2034 1686 2055 1721 ι

475 1766 597 1843 (Job
640 1783 716 1837 ιι,
745 1762 815 1834 3,
836 1762 917 1839 ι).
943 1756 1076 1822 Ecce
1105 1764 1331 1837 legaliter
1356 1764 1608 1835 loquitur,
1629 1763 1715 1834 qui
1735 1748 1912 1816 nititur
1942 1777 2064 1816 con-

476 1872 557 1917 ινα
580 1858 784 1933 Legem.
826 1856 894 1913 Et
924 1858 1106 1914 iterum
1148 1855 1426 1911 Dominum
1469 1854 1723 1910 Christum
1752 1851 2064 1908 sermonibus

474 1956 580 2011 suis
606 1952 680 2010 sic
712 1956 866 2007 ausus
901 1957 973 2007 est
1017 1956 1260 2004 attentare
1280 1991 1294 2016 ,
1325 1948 1453 2003 sicut
1480 1946 1725 2026 scriptum
1762 1955 1833 2000 est
1859 1960 1878 1999 :
1912 1962 1933 1997 ι
1967 1943 2063 1998 As-

474 2046 688 2118 sumpsit
713 2042 944 2100 diabolus
961 2034 1000 2098 Ι
1002 2058 1141 2098 esum
1162 2041 1217 2095 in
1246 2048 1473 2095 sanctam
1497 2039 1746 2094 civitatem
1766 2078 1781 2103 ,
1814 2046 1860 2091 et
1888 2035 2065 2090 statuit

475 2140 589 2197 eum
615 2140 766 2210 super
789 2136 998 2208 pinnam
1025 2128 1219 2206 templi,
1247 2142 1293 2188 et
1319 2132 1447 2187 dixit
1467 2134 1532 2200 ei,
1560 2129 1707 2185 Mitte
1733 2140 1779 2184 te
1805 2128 2063 2194 deorsum;

477 2232 723 2304 scriptum
748 2238 820 2285 est
840 2229 994 2296 enim,
1026 2226 1160 2295 Quia
1186 2225 1393 2297 Angelis
1411 2225 1516 2280 suis
1542 2222 1801 2278 mandavit
1822 2221 1884 2275 de
1912 2230 1980 2289 te,
2008 2227 2065 2275 ut

476 2312 709 2378 manibus
729 2318 909 2377 tollant
932 2322 980 2375 te
1004 2360 1019 2387 ,
1047 2334 1109 2372 ne
1139 2320 1270 2390 forte
1292 2313 1522 2383 olfendas
1550 2312 1618 2368 ad
1644 2310 1864 2383 lapidem
1890 2309 2067 2382 pedem

477 2428 639 2474 tuum.
666 2415 751 2471 Ait
776 2396 930 2470 Iesus
969 2428 989 2468 :
1020 2411 1216 2467 lterum
1259 2410 1501 2479 scriptum
1537 2416 1648 2472 est,
1693 2398 1816 2459 Non
1857 2402 2068 2459 tentabis

477 2509 756 2565 Dominum
789 2492 954 2562 Deum
994 2517 1134 2559 tuum
1171 2522 1191 2556 ι
1229 2496 1439 2574 (Matth.
1464 2515 1539 2568 1v,
1568 2497 1715 2569 5-7).
1742 2495 1919 2552 Nostis
1938 2537 1954 2565 ,
1981 2496 2065 2550 in-

477 2620 650 2674 quam,
672 2602 801 2657 sicut
827 2598 1081 2666 diabolus,
1108 2596 1295 2671 Legem
1313 2636 1329 2664 ,
1356 2582 1518 2667 quiin
1546 2592 1651 2649 suis
1670 2590 1931 2647 conatibus
1951 2590 2065 2645 vin-

478 2698 638 2767 citur,
669 2696 791 2753 etin
816 2695 1007 2751 actibus
1033 2692 1299 2749 erubescit.

549 2778 674 2849 114.
703 2792 839 2847 Anc.
870 2785 1146 2859 respondit
1176 2783 1433 2839 :Possem
1458 2780 1673 2852 quidem
1702 2792 1944 2850 quaerere
1970 2776 2069 2833 abs

481 2888 535 2946 t'e
551 2928 568 2957 ,
592 2872 647 2943 in
676 2900 780 2957 qua
800 2874 948 2955 Lege
976 2881 1175 2951 scripta
1195 2864 1303 2933 sint
1326 2874 1488 2931 verba
1512 2889 1629 2944 quae
1649 2871 1889 2929 diabolus
1914 2870 2066 2938 dixit,

483 2995 606 3038 cum
634 2984 876 3034 sanctum
903 2974 1080 3028 virum
1103 2968 1204 3025 Job
1231 2966 1371 3039 apud
1400 2967 1567 3021 Deum
1588 2963 1995 3027 criminaretur;
2024 2964 2071 3017 si

486 3073 589 3130 hoc
608 3068 739 3126 mihi
761 3074 904 3125 esset
924 3063 1256 3137 prepositum
1276 3046 1666 3127 demonstrare,
1692 3056 1887 3128 Legem
1911 3069 2072 3127 quam

484 3164 620 3222 dicis
647 3148 915 3221 diabolum
950 3170 1113 3225 nosse
1133 3198 1148 3223 ,
1182 3162 1232 3210 te
1258 3154 1431 3225 ipsum
1460 3166 1567 3208 non
1593 3164 1752 3205 nosse
1781 3167 1794 3203 :
1824 3146 1919 3203 sed
1947 3146 2073 3219 quia

486 3273 595 3314 non
620 3240 744 3312 inde
770 3246 908 3309 inter
930 3264 1030 3307 nos
1057 3247 1281 3320 quaestio
1304 3254 1388 3303 est
1410 3287 1427 3313 ,
1459 3244 1561 3300 hoc
1583 3240 1951 3314 praetermitto.
1982 3238 2073 3294 Sic

488 3359 667 3408 autem
691 3353 912 3404 conatus
938 3358 997 3400 es
1031 3338 1313 3397 ostendere
1340 3337 1608 3394 diabolum
1634 3334 1791 3406 Legis
1818 3332 2070 3407 peritum,

489 3441 639 3516 quasi
675 3432 773 3495 nos
802 3435 1039 3492 dicamus
1078 3446 1265 3488 omnes
1301 3429 1391 3500 qui
1433 3427 1598 3482 verba
1625 3420 1783 3497 Legis
1811 3430 2077 3480 noverunt

488 3514 659 3607 iustos
696 3526 836 3588 esse.
881 3527 1015 3596 Quid
1058 3541 1185 3596 ergo
1215 3531 1267 3580 te
1303 3522 1520 3591 adjuvet
1561 3514 1707 3591 quod
1748 3518 1815 3573 de
1861 3515 2075 3572 ἀίεὼοιο
2119 3551 2142 3563 κ

492 3606 911 3686 commemorare
936 3618 1175 3686 voluisti,
1200 3631 1306 3671 non
1331 3616 1481 3670 video
1505 3631 1517 3666 :
1548 3610 1652 3667 nisi
1672 3608 1810 3666 forte
1836 3616 1895 3663 ut
1919 3606 2077 3664 nobis

491 3720 698 3779 veniret
748 3717 803 3773 in
845 3720 1115 3779 mentem,
1160 3706 1428 3782 quomodo
1456 3705 1631 3777 ipsum
1660 3699 1930 3756 diabolum
1977 3712 2077 3754 vos

491 3808 795 3870 imitemini.
825 3807 972 3864 Sicut
1001 3803 1144 3861 enim
1169 3801 1257 3856 ille
1285 3806 1471 3855 contra
1496 3796 1722 3851 latorem
1762 3793 1918 3864 Legis
1956 3806 2080 3863 pro-

492 3904 696 3962 ferebat
714 3900 876 3960 verba
902 3886 1076 3970 Legis,
1100 3896 1177 3952 sic
1193 3901 1249 3950 et
1271 3908 1368 3949 vos
1391 3906 1424 3948 e
1442 3888 1620 3945 verbis
1640 3888 1798 3958 chis
1819 3887 2080 3943 accusatis

493 3997 738 4054 homines
764 4007 900 4067 quos
926 3988 1179 4062 ignoratis
1201 4028 1218 4054 ,
1239 3994 1299 4040 ut
1326 3984 1420 4039 Dei
1440 3981 1716 4052 promissis
1738 3994 1856 4050 quae
1882 3980 1934 4034 in
1965 3977 2079 4049 ipsa

495 4090 641 4164 Lege
681 4085 981 4155 conscripta
1006 4087 1131 4138 sunt
1156 4076 1437 4135 resistatis.
1476 4073 1676 4128 Deinde
1711 4071 1907 4127 vellem
1946 4070 2081 4126 mihi

504 4162 725 4249 diceres,
749 4179 1092 4236 Conlessores
1120 4171 1197 4227 illi
1220 4167 1418 4235 vestri,
1448 4163 1663 4237 quando
1690 4178 1750 4219 se
1775 4162 1919 4231 ipsos
1938 4177 2078 4231 prte-

500 4276 750 4349 cipitant,
777 4270 861 4328 cui
891 4268 1092 4323 ducunt
1120 4260 1433 4334 martyrium
1455 4257 1513 4311 "l
1550 4265 1729 4312 utrum
1754 4253 1968 4310 Christo
1991 4252 2080 4322 qui

499 4345 630 4427 talia
655 4368 1024 4436 suggerentem
1063 4354 1338 4413 diabolum
1383 4350 1611 4421 repulit,
1656 4364 1724 4404 an
1762 4347 1939 4417 potius
1980 4345 2083 4416 ipsi

503 4457 715 4518 diabolo
740 4497 758 4525 ,
803 4453 896 4527 qui
942 4450 1068 4507 talia
1111 4447 1326 4506 Christo
1363 4442 1604 4500 facienda
1630 4440 1929 4512 suggessit?
1955 4441 2082 4495 Duae

502 4563 628 4616 sunt
650 4549 882 4611 maxime
908 4546 1040 4603 viles
1064 4554 1222 4615 atque
1244 4540 1453 4596 usitatae
1479 4543 1680 4593 mortes
1704 4550 1889 4591 eorum
1910 4533 2000 4604 qui
2025 4546 2084 4589 se

504 4652 650 4723 ipsos
676 4643 1025 4710 interimunt,
1069 4638 1289 4708 laqueus
1315 4640 1371 4690 et
1410 4629 1777 4703 praecipitium.
1819 4626 1898 4682 Tu
1940 4632 2087 4681 certe

506 4718 685 4798 dixisti
711 4735 768 4794 in
794 4733 977 4808 primis
1003 4728 1243 4803 partibus
1269 4724 1427 4797 hujus
1445 4721 1685 4793 epistolae
1709 4763 1724 4789 ,
1752 4718 1957 4790 Laqueo
1982 4726 2087 4770 tra-

505 4833 642 4888 άίιοτ
680 4816 864 4903 periit,
909 4825 1141 4898 laqueum
1181 4819 1363 4875 talibus
1411 4815 1674 4886 dereliquit
1704 4830 1717 4868 ε
1746 4811 1851 4866 hoc
1876 4808 1943 4864 ad
1988 4822 2087 4863 nos

505 4901 726 4985 omnino
754 4935 861 4983 non
888 4917 1137 4991 pertinet.
1163 4912 1346 4985 Neque
1366 4909 1508 4966 enim
1534 4920 1853 4963 veneramur
1872 4901 2089 4958 nomine

506 5025 798 5083 martyrum
826 5026 920 5070 eos
944 5008 1033 5083 qui
1058 5006 1159 5064 sibi
1186 5004 1381 5062 collum
1410 5002 1727 5074 ligaverunt.
1750 4999 1959 5066 Quanto
1994 5010 2090 5051 au-

507 5120 617 5167 tem
643 5122 743 5166 nos
765 5103 1089 5178 probabilius
1114 5101 1169 5156 in
1188 5113 1287 5155 vos
1304 5097 1534 5153 dicimus
1551 5134 1567 5162 ,
1592 5092 1839 5162 Magister
1862 5089 2088 5146 tradito-

507 5202 585 5260 ris
623 5198 865 5257 diabolus
905 5193 1256 5267 przecipitium
1297 5188 1510 5245 Christo
1538 5183 1766 5240 suadere
1806 5182 2006 5246 voluit,
2036 5186 2091 5234 et

508 5288 754 5366 repulsus
780 5287 902 5352 est?
920 5285 1059 5356 Quid
1081 5297 1209 5355 ergo
1229 5279 1439 5337 dicendi
1458 5286 1601 5344 sunt,
1629 5276 1818 5347 quibus
1843 5272 1947 5366 hoc
1971 5286 2093 5325 sua-

508 5364 589 5443 sit
619 5392 676 5442 et
711 5381 920 5438 auditus
960 5377 1078 5434 est?
1105 5373 1243 5445 Quid
1266 5372 1409 5430 enim
1430 5412 1445 5439 ,
1484 5369 1584 5426 nisi
1615 5367 1813 5424 inimici
1854 5364 2089 5431 Christi,

512 5476 672 5535 amici
714 5483 891 5531 autem
920 5470 1147 5538 diaboli;
1188 5466 1432 5538 discipuli
1462 5462 1758 5520 seductoris
1781 5499 1796 5527 ,
1829 5458 2097 5514 condisci-

513 5570 626 5642 puli
659 5565 964 5625 traditoris?
1001 5562 1332 5635 Spontaneas
1359 5558 1502 5615 enim
1528 5562 1729 5610 mortes
1755 5553 1823 5608 ab
1847 5567 1953 5607 uno
1976 5566 2096 5607 ma-

515 5662 683 5733 gistro
707 5659 916 5728 utrique
936 5656 1268 5717 didicerunt;
1300 5651 1390 5707 ille
1417 5650 1665 5719 laqueum
1685 5687 1700 5715 ,
1729 5645 1815 5701 isti
1854 5643 2097 5715 praecipi-

517 5754 673 5808 tium.

586 5866 604 5898 ι
630 5870 704 5915 Er.
736 5871 790 5923 et
809 5869 942 5924 ιλιι,
964 5860 1127 5913 dicant
1475 5863 1537 5924 at
1678 5862 1731 5905 et
1749 5857 1879 5924 item,

518 5911 1057 5990 mriy'rtdr‘nﬂm’rssis
1079 5930 1158 5972 est
1178 5911 1427 5984 Augustini
1461 5917 1575 5968 alibi
1609 5918 1660 5968 in
1695 5915 1906 5977 antiquis
1928 5911 2103 5963 codici-
2166 5922 2169 5923 ί

520 5991 617 6041 bus
642 5993 893 6052 irequens.

2160 843 2318 914 falsos
2344 844 2646 900 sacerdotes.
2683 861 2704 895 ι

2232 934 2355 991 116.
2386 935 2520 1005 Anc,
2547 933 2855 1003 respondit:
2878 932 3071 1007 quaere
3097 931 3271 1002 potius
3295 930 3421 1003 quid
3446 946 3634 988 verum
3661 930 3744 987 di-

2160 1034 2252 1081 cas
2273 1066 2290 1093 ,
2317 1040 2424 1099 non
2452 1025 2592 1083 unde
2627 1025 2942 1091 maledicas;
2966 1033 3020 1081 et
3046 1024 3172 1096 quid
3197 1024 3387 1081 doceas
3404 1064 3421 1091 ,
3466 1040 3575 1081 non
3618 1022 3747 1095 quid

2164 1118 2403 1190 obiicias.

2232 1235 2457 1292 CAPUT
2482 1234 2568 1293 LI.
2590 1264 2662 1277 —-
2686 1235 2810 1291 117.
2836 1233 3022 1291 Ριπι..
3052 1232 3221 1289 dixit:
3249 1232 3315 1289 3i
3339 1232 3636 1288 cathedram
3659 1244 3748 1288 vo-

2165 1330 2240 1385 bis
2261 1329 2430 1384 miseri
2452 1327 2719 1383 vindicatis
2735 1367 2753 1394 ,
2776 1336 2831 1381 ut
2848 1328 3079 1400 superius
3102 1326 3358 1393 discimus;
3389 1326 3581 1381 ltabetis
3602 1327 3749 1381 illam

2166 1424 2389 1494 profecto
2420 1436 2573 1490 quam
2592 1418 2761 1473 David
2784 1419 3031 1490 propheta
3062 1419 3483 1490 psalmographus
3506 1419 3749 1489 pestilen-

2166 1511 2560 1568 ticcatlsedmu
2604 1511 2944 1583 pronuntiauit
2981 1509 3156 1581 (Psal.
3196 1526 3247 1578 ι,
3286 1508 3344 1583 1)
3388 1525 3409 1565 :
3440 1510 3578 1565 vobis
3618 1511 3754 1565 enim

2155 1606 2300 1677 juste
2319 1606 2497 1662 relicta
2519 1611 2595 1660 est
2612 1642 2629 1673 ,
2658 1604 2779 1675 quia
2802 1619 2913 1658 eam
2936 1603 3098 1658 sancti
3114 1602 3286 1658 sederis
3320 1618 3425 1657 non
3444 1611 3676 1674 possunt.

2238 1698 2363 1755 118.
2394 1698 2527 1754 Ana.
2557 1696 2838 1768 respondit
2868 1713 2881 1749 :
2908 1695 2979 1750 Et
2999 1694 3117 1749 hmo
3136 1709 3242 1750 non
3264 1693 3411 1749 vides
3437 1708 3543 1748 non
3574 1694 3750 1763 aliqua

2168 1805 2288 1847 esse
2318 1790 2637 1846 documenta
2654 1830 2671 1857 ,
2695 1788 2792 1844 sed
2820 1802 2954 1842 vana
2979 1786 3239 1842 convicia.
3270 1785 3386 1841 Hoc
3408 1785 3553 1840 enim
3580 1792 3664 1839 est
3690 1785 3756 1839 il-

2166 1881 2260 1940 lud
2280 1881 2422 1953 quod
2451 1881 2607 1952 paulo
2634 1887 2758 1936 ante
2780 1879 2923 1947 dixi,
2957 1878 3128 1934 Verba
3156 1878 3313 1948 Legis
3328 1876 3508 1932 dicitis
3525 1917 3540 1944 ,
3568 1875 3668 1931 sed
3697 1876 3754 1931 in

2168 1990 2302 2046 quos
2329 1973 2518 2029 dicatis
2542 1986 2651 2028 non
2677 1970 2950 2028 attenditis
2982 1987 3000 2023 :
3028 1970 3164 2025 sicut
3189 1969 3434 2025 diabolus
3461 1968 3625 2023 verba
3650 1968 3765 2024 Le—

2169 2067 2250 2139 gis
2274 2065 2518 2133 dicebat,
2556 2064 2654 2121 sed
2689 2063 2777 2120 cui
2798 2063 2999 2120 diceret
3022 2077 3132 2117 non
3160 2060 3501 2133 agnoscebat.
3532 2058 3625 2115 ille
3662 2073 3758 2115 ca-

2170 2166 2266 2228 put
2306 2164 2546 2212 nostrnm
2584 2168 2795 2211 sursum
2835 2167 3179 2210 escensurum
3198 2194 3215 2219 ,
3257 2152 3511 2208 deorsum
3541 2150 3759 2207 volebat

2171 2249 2445 2320 dejicere:
2485 2260 2581 2304 vos
2621 2255 2798 2303 autem
2833 2259 3027 2316 corpus
3054 2244 3297 2316 ejusdem
3341 2242 3563 2314 capitis,
3606 2242 3757 2314 quod

2171 2356 2269 2412 per
2307 2349 2476 2396 totam
2508 2347 2704 2395 terram
2739 2335 2989 2394 diﬁ‘usum
3014 2346 3132 2405 est,
3170 2336 3242 2391 ad
3268 2336 3515 2406 exiguam
3545 2345 3762 2405 partem

2172 2434 2335 2490 vultis
2354 2433 2616 2504 redigere.
2636 2430 2793 2488 Certe
2820 2431 2934 2501 ipse
2970 2429 3128 2500 paulo
3146 2428 3269 2484 ante
3293 2428 3508 2494 dixisti,
3534 2443 3627 2481 nos
3654 2426 3767 2481 Le-

2173 2545 2286 2601 gem
2310 2544 2454 2584 nosse
2476 2537 2525 2582 et
2557 2525 2785 2598 legaliter
2820 2525 2993 2597 loqui,
3029 2525 3118 2579 sed
3144 2524 3203 2578 in
3224 2520 3421 2579 actibus
3448 2522 3763 2576 erubescere.

2176 2621 2317 2676 Dicis
2341 2618 2556 2690 quidem
2583 2619 2683 2673 ista
2707 2616 2838 2672 nihil
2874 2616 3105 2686 probans
3126 2656 3141 2681 ,
3171 2615 3269 2671 sed
3301 2623 3357 2669 et
3376 2614 3425 2668 si
3463 2612 3531 2669 de
3567 2613 3767 2684 aliqui-

2175 2712 2275 2768 bus
2298 2711 2588 2784 probares,
2627 2710 2695 2766 de
2733 2709 2818 2767 his
2855 2708 3066 2764 caeteris
3093 2716 3200 2763 non
3230 2707 3628 2777 prescriberes.
3653 2705 3773 2761 Ve-

2176 2806 2472 2863 rumtamen
2511 2805 2555 2859 si
2593 2814 2780 2858 omnes
2822 2814 2919 2871 per
2946 2808 3132 2861 iratum
3178 2799 3361 2855 orbem
3402 2798 3541 2855 tales
3578 2806 3772 2854 essent

2176 2897 2361 2969 quales
2383 2895 2670 2951 vanissime
2707 2892 3006 2947 criminaris
3023 2932 3039 2957 ,
3066 2890 3336 2945 Catlicdra
3362 2889 3455 2945 tibi
3485 2889 3611 2960 quid
3631 2889 3771 2945 fecit

2179 2991 2433 3047 Ecclesia:
2462 2989 2737 3052 Romanas,
2760 2987 2816 3040 in
2842 3001 2944 3056 qua
2965 2985 3153 3039 Petrus
3180 2984 3338 3051 sedit,
3365 2991 3420 3039 et
3447 2984 3499 3039 iu
3528 2996 3631 3054 qua
3660 2983 3771 3038 ho-

2178 3083 2266 3139 die
2302 3081 2616 3137 Anastasius
2642 3078 2795 3135 sedet
2821 3095 2837 3132 :
2867 3079 2951 3133 vel
2980 3077 3230 3132 Ecclesia:
3267 3074 3766 3146 Jerosolymitame,

2180 3178 2359 3247 inqua
2384 3172 2612 3230 Jacobus
2639 3171 2810 3237 sedit,
2839 3177 2894 3226 et
2941 3171 2995 3223 in
3020 3180 3121 3240 qna
3148 3168 3307 3223 hodie
3330 3167 3562 3222 Joannes
3587 3160 3768 3232 sedet,

2179 3267 2370 3341 quibus
2391 3280 2488 3321 nos
2512 3266 2565 3321 in
2591 3263 2850 3321 catholica
2872 3262 3073 3317 unitate
3096 3258 3463 3315 connectimur
3478 3297 3495 3325 ,
3518 3265 3571 3312 et
3595 3272 3626 3310 a
3656 3258 3777 3328 qui-

2179 3364 2280 3419 bus
2323 3374 2421 3416 vos
2464 3357 2668 3413 nefario
2707 3354 2888 3411 furore
2938 3351 3266 3424 separastis?
3304 3351 3483 3419 Quare
3524 3347 3778 3419 appellas

2182 3454 2474 3511 cathedram
2502 3450 2799 3523 pestilentiae
2816 3446 3131 3503 Cathedram
3161 3441 3543 3513 apostolicam?
3560 3440 3617 3496 Si
3641 3452 3778 3510 pro-

2183 3557 2301 3621 pter
2328 3547 2574 3602 homines
2592 3558 2726 3614 quos
2756 3550 2913 3613 putas
2932 3537 3135 3610 Legem
3160 3536 3304 3606 loqui
3334 3544 3389 3589 et
3414 3547 3520 3587 non
3549 3531 3770 3600 facere,

2183 3640 2437 3713 numquid
2464 3638 2719 3694 Dominus
2735 3634 2891 3691 Jesus
2906 3630 3155 3690 Christus
3183 3636 3402 3701 propter
3428 3626 3737 3681 Pharisieos
3754 3662 3772 3690 ,

2184 3737 2252 3793 de
2270 3735 2463 3807 quibus
2488 3731 2581 3796 ait,
2610 3728 2795 3784 Dicunt
2813 3727 2945 3782 enim
2972 3724 3140 3779 etnon
3160 3722 3386 3807 faciunt,
3415 3716 3691 3773 cathedra:
3719 3716 3775 3770 in

2184 3806 2295 3900 qua
2317 3824 2574 3883 sedebant
2596 3821 2759 3877 ullam
2796 3818 2926 3875 fecit
2948 3815 3237 3887 iniuriam?
3279 3806 3465 3866 Nonne
3502 3810 3650 3863 illam
3683 3820 3779 3863 ca-

2188 3899 2429 3977 thedram
2464 3915 2631 3987 Moysi
2658 3908 3049 3969 commendavit
3066 3946 3082 3974 ,
3108 3914 3163 3961 et
3200 3904 3318 3958 illos
3345 3908 3559 3957 servato
3585 3899 3778 3955 cathez

2186 4012 2298 4068 drae
2336 4010 2540 4064 honoro
2575 4002 2881 4073 redarguit?
2920 3999 3009 4054 Ait
3048 3996 3189 4052 enim
3223 4010 3237 4048 :
3269 3991 3571 4048 Cathedrant
3600 3988 3781 4060 Moysi

2185 4104 2376 4159 sedent.
2415 4100 2542 4165 Quae
2568 4092 2772 4161 dicunt,
2808 4091 2990 4165 facile;
3016 4102 3129 4161 quae
3154 4094 3319 4140 autem
3342 4084 3538 4156 faciunt
3559 4124 3575 4146 ,
3607 4086 3779 4152 facere

2188 4196 2343 4252 nolite
2366 4209 2386 4247 :
2406 4192 2577 4245 dicunt
2605 4188 2738 4244 enim
2757 4227 2772 4251 ,
2806 4192 2851 4238 et
2887 4198 2989 4236 non
3018 4179 3211 4251 faciunt
3253 4176 3465 4246 (Matth.
3494 4188 3628 4229 xxiii
3648 4215 3665 4240 ,
3698 4174 3737 4228 2
3758 4208 3775 4237 ,

2188 4288 2263 4361 5).
2286 4287 2415 4342 Haec
2439 4284 2487 4339 si
2511 4277 2839 4353 cogitaretis,
2870 4288 2976 4329 non
3015 4280 3232 4342 propter
3256 4268 3502 4324 homines
3532 4278 3672 4337 quos
3694 4265 3782 4319 in-

2187 4358 2403 4436 famatis
2440 4368 2877 4443 blasphemaretis
2904 4363 3223 4421 Cathedram
3263 4359 3645 4432 apostolicam,
3689 4358 3779 4412 cui

2188 4487 2295 4529 non
2333 4462 2755 4526 communicatis.
2794 4458 2901 4515 Sed
2925 4457 3050 4529 quid
3075 4465 3159 4511 est
3180 4452 3322 4509 aliud
3361 4464 3521 4523 quam
3563 4448 3785 4505 nescire

2190 4564 2316 4636 quid
2342 4561 2552 4623 dicere,
2582 4563 2637 4613 et
2659 4563 2833 4610 tamen
2862 4565 2966 4606 non
2993 4562 3153 4620 posse
3180 4544 3285 4601 nisi
3313 4541 3673 4598 maledicere?

2263 4651 2486 4710 CAPUT
2516 4649 2621 4704 LII.
2649 4674 2716 4687 ——
2744 4645 2865 4701 119.
2907 4642 3090 4698 P'srtL.
3121 4639 3257 4695 dixit
3282 4657 3298 4692 :
3331 4636 3393 4692 Si
3412 4634 3670 4701 sacriﬁcia
3692 4647 3785 4687 uos

2195 4750 2360 4821 facere
2392 4741 2637 4815 judicatis
2656 4780 2671 4807 ,
2707 4738 2768 4792 de
2792 4736 2927 4790 vobis
2952 4735 3136 4804 quippe
3161 4724 3473 4801 aequissimis
3503 4723 3645 4779 Deus
3671 4725 3789 4795 ipse

2192 4815 2267 4894 sic
2286 4836 2405 4891 dicit
2430 4852 2450 4890 :
2477 4852 2497 4885 ι
2526 4831 2887 4892 Facinorosus,
2920 4845 2939 4880 ι
2971 4824 3165 4896 inquit,
3202 4840 3222 4875 ι
3254 4817 3339 4891 qui
3367 4817 3623 4886 sacriﬁcat
3652 4815 3789 4869 mihi

2194 4931 2424 4996 uitulum,
2445 4925 2590 4997 quasi
2617 4936 2790 4977 canem
2810 4918 3034 4983 occidat;
3060 4924 3105 4970 et
3130 4914 3214 4985 qui
3232 4911 3370 4984 ponit
3397 4906 3743 4978 similaginem
3766 4948 3784 4974 ,

2197 5025 2342 5095 quasi
2378 5018 2672 5089 sanguinem
2712 5010 2973 5085 percinum
3012 5006 3194 5080 [undat
3240 5006 3263 5058 ι
3311 5001 3462 5075 (lsai.
3502 5015 3667 5095 vat,
3700 4999 3786 5072 3).

2200 5114 2393 5173 Scitote
2417 5119 2632 5166 vestrum
2675 5106 3009 5175 sacriﬁcium,
3049 5098 3135 5170 qui
3170 5094 3446 5152 humanum
3482 5086 3791 5165 sanguinem

2190 5210 2306 5283 jam
2328 5205 2547 5277 fudistis.
2573 5199 2641 5255 Et
2666 5200 2847 5253 iterum
2872 5212 2889 5250 :
2916 5214 2935 5248 ι
2966 5192 3237 5263 Sacriﬁcia
3260 5194 3430 5245 eorum
3457 5186 3607 5259 quasi
3637 5183 3794 5256 panis

2202 5277 2406 5363 luctus;
2446 5294 2609 5351 omnis
2650 5291 2737 5364 qui
2785 5286 3104 5345 mahducabit
3130 5298 3194 5341 ea:
3219 5282 3349 5349 illo,
3376 5277 3731 5351 inquinabitur
3766 5294 3789 5329 ι

2204 5390 2353 5463 (Osce
2377 5403 2436 5446 ιι
2456 5431 2471 5458 ,
2501 5386 2579 5459 4).

2275 5488 2398 5547 120.
2442 5488 2575 5544 Auc.
2606 5481 2881 5555 respondit
2910 5478 3053 5537 :Nos
3087 5476 3311 5534 dicimus
3343 5472 3448 5530 tale
3478 5473 3675 5541 cuique
3706 5483 3800 5525 sa-

2206 5582 2462 5640 criﬁcium
2487 5578 2599 5634 ﬁeri
2618 5619 2631 5645 ,
2664 5576 2836 5650 qualis
2856 5572 3062 5629 accedit
3088 5568 3389 5632 utoli‘erat,
3410 5572 3465 5621 et
3498 5560 3674 5635 qualis
3706 5574 3802 5615 ac-

2208 5676 2350 5734 cedit
2374 5683 2430 5729 ut
2449 5680 2640 5738 sumat;
2664 5679 2717 5725 et
2735 5682 2829 5724 eos
2852 5665 2922 5722 de
2947 5661 3222 5720 sacriliciis
3243 5660 3423 5715 talium
3446 5652 3800 5715 manducare,

2209 5770 2300 5843 qui
2325 5767 2392 5823 ad
2417 5767 2505 5821 illa
2526 5766 2658 5820 tales
2683 5759 2946 5817 accedunt
2968 5757 3150 5829 quales
3172 5763 3229 5811 et
3250 5753 3328 5809 illi
3354 5757 3478 5808 sunt
3503 5766 3518 5805 :
3546 5748 3734 5843 itaque
3755 5744 3805 5798 si

2213 5838 2403 5920 oﬂ‘erat
2426 5861 2535 5916 Deo
2562 5855 2751 5922 malus,
2782 5862 2839 5910 et
2858 5851 3082 5922 accipiat
3104 5847 3228 5906 inde
3256 5845 3449 5914 bonus,
3474 5842 3578 5898 tale
3602 5838 3808 5909 cuique

2216 5972 2336 6015 esse
2360 5954 2529 6025 qualis
2552 5951 2774 6021 quisque
2802 5944 2993 6015 fuerit;
3016 5945 3138 6019 quia
3165 5942 3220 6003 et
3239 5938 3366 6000 illud
3390 5935 3644 6009 scriptum
3676 5940 3809 6000 est,
