4008 6512
214 440 300 500 3m
1499 428 1706 488 LIBER
1741 424 2121 488 SECUdDUS.

212 550 377 612 Omnia
400 547 596 603 munda
618 545 822 604 mundis
846 544 971 618 (Tit.
997 560 1049 615 ι,
1079 544 1196 619 15).
1240 543 1345 603 Per
1383 544 1522 602 hanc
1556 552 1774 601 senten-

208 650 317 704 tiam
344 642 634 699 veridicam
658 649 710 696 et
746 640 1063 696 catholicam
1090 640 1249 696 etiam
1280 653 1376 695 vos
1404 637 1583 709 Optati
1611 636 1776 693 sacri-

206 743 311 800 ﬁcio
336 755 442 795 non
468 738 598 794 estis
623 736 829 808 polluti,
849 736 895 794 si
923 735 1059 793 facta
1084 734 1199 807 ejus
1224 732 1575 807 displicebant
1601 730 1772 787 vobis.

203 834 317 892 Nam
340 834 523 904 utique
565 831 715 904 panis
740 831 881 887 illius
922 830 1074 901 panis
1105 830 1279 886 luctus
1307 836 1455 895 erat,
1495 826 1594 883 sub
1621 824 1775 896 cujus

201 924 546 998 iniquitatibus
584 924 762 985 Africa
794 931 900 978 tota
942 923 1156 993 lugebat
1188 940 1202 977 :
1234 920 1328 977 sed
1369 934 1562 991 panem
1601 917 1775 977 luctus

199 1019 427 1093 omnibus
466 1018 620 1075 vobis
664 1032 1004 1076 communem
1048 1031 1201 1083 esse,
1253 1015 1492 1071 omnium
1536 1020 1775 1070 vestrum

199 1114 373 1170 malum
407 1111 717 1169 schismatis
740 1108 868 1168 facit
895 1113 936 1165 ί.
970 1109 1102 1167 Nam
1123 1108 1415 1167 secundum
1445 1106 1654 1164 concilii
1678 1120 1774 1162 ve-

197 1208 278 1265 stri
302 1206 627 1265 sententiam
653 1204 952 1265 Felicianus
981 1204 1296 1262 Mustitanus
1326 1202 1615 1258 humanum
1659 1215 1776 1256 san-

197 1302 394 1373 guinem
440 1298 600 1355 fudit.
644 1298 869 1355 Dixistis
898 1299 1041 1354 enim
1072 1296 1163 1370 (In
1198 1296 1412 1353 concilio
1439 1293 1731 1366 Bagaiensi)
1756 1333 1772 1361 ,

197 1410 298 1452 cum
334 1409 436 1450 eos
481 1394 809 1451 damnat-etis
829 1435 847 1461 ,
897 1392 1103 1449 Veloces
1134 1391 1285 1463 pedes
1312 1406 1488 1446 eorum
1514 1389 1581 1442 ad
1607 1386 1774 1454 e/fun-

197 1487 399 1542 dendum
416 1487 719 1559 sanguinem
744 1485 915 1557 (Psal.
944 1502 1058 1551 xm,
1081 1486 1161 1557 5).
1192 1483 1325 1539 Vide
1353 1498 1482 1554 ergo
1504 1480 1663 1552 quale
1690 1495 1775 1535 sa-

197 1580 437 1636 criﬁcium
462 1578 674 1645 offerat,
698 1594 857 1651 quem
881 1577 1215 1635 sacerdotem
1244 1575 1472 1641 habetis,
1500 1588 1624 1629 cum
1653 1589 1773 1628 eum

195 1671 498 1743 sacrilegum
526 1670 909 1729 damnaveritis
937 1688 953 1725 :
979 1678 1036 1726 et
1065 1669 1111 1725 si
1131 1669 1233 1725 hoc
1253 1669 1406 1724 vobis
1429 1668 1562 1723 nihil
1584 1668 1775 1722 obease

196 1762 544 1830 arbitramini,
586 1777 717 1835 rogo
758 1777 886 1827 vos,
918 1761 1126 1817 vanitas
1152 1759 1536 1817 calumniarum
1565 1765 1774 1815 vestra-

196 1869 291 1909 rum
310 1852 446 1925 quid
475 1853 651 1909 oberit
670 1854 789 1909 orhi
817 1853 1118 1908 terrarum?

248 1944 477 2003 CAPUT
505 1930 637 2001 Llll.
668 1944 885 1999 -121.
916 1945 1103 2001 Ρετιι..
1133 1943 1272 1999 dixit
1304 1962 1317 1998 :
1348 1942 1408 1999 Si
1440 1958 1638 2015 precem
1662 1939 1766 1995 Do~

195 2037 307 2094 utine
332 2037 513 2112 facitis
530 2081 548 2109 ,
568 2046 659 2093 aut
678 2037 893 2111 {auditis
923 2037 1203 2093 orationem
1222 2078 1238 2105 ,
1262 2035 1391 2090 nihil
1414 2035 1551 2090 vobis
1580 2033 1777 2105 penitus

197 2129 403 2201 prodest.
442 2127 647 2185 Vestras
678 2130 813 2184 enim
838 2128 1023 2184 debiles
1045 2144 1215 2200 preces
1240 2135 1446 2183 cruenta
1465 2134 1626 2181 vestra
1646 2140 1777 2180 con-

196 2223 385 2277 scientia
415 2231 601 2277 vacuat
629 2238 649 2278 :
677 2224 797 2295 quia
819 2222 1070 2278 Dominus
1098 2220 1239 2278 Deus
1267 2237 1449 2295 puram
1475 2219 1637 2292 magis
1655 2234 1777 2275 con-

194 2314 436 2369 scientiam
475 2330 630 2385 quam
677 2331 849 2384 preces
894 2315 1135 2383 exaudit,
1188 2313 1407 2369 Domino
1448 2312 1646 2369 Christo
1692 2311 1776 2367 di-

196 2414 347 2473 cente,
383 2424 405 2458 c
454 2404 582 2461 Non
610 2406 772 2461 onmis
797 2408 882 2478 qui
908 2406 1029 2461 dicit
1056 2407 1199 2475 mihi,
1228 2406 1445 2461 Domine
1467 2448 1481 2473 ,
1523 2404 1775 2473 Domine,

196 2495 380 2551 intrabit
410 2496 465 2552 in
494 2515 704 2568 regnum
730 2499 1001 2566 actorum;
1031 2499 1119 2554 sed
1146 2501 1188 2553 is
1212 2499 1297 2570 qui
1324 2498 1447 2569 facit
1474 2498 1778 2552 voluntatem

198 2585 350 2644 Patris
378 2589 481 2644 mei
504 2590 592 2664 qui
624 2580 676 2645 in
715 2590 853 2646 caelis
878 2598 952 2647 est
985 2608 1006 2644 ι
1039 2590 1268 2661 (Matth.
1301 2605 1370 2645 vu
1393 2631 1408 2656 ,
1443 2589 1556 2661 21).
1595 2588 1780 2644 Volun-

199 2688 261 2736 tas
281 2680 374 2736 Dei
394 2682 568 2753 utique
598 2685 728 2738 bona
757 2692 829 2738 est
860 2700 880 2738 :
907 2700 1024 2738 nam
1050 2683 1162 2737 ideo
1188 2683 1241 2737 in
1268 2699 1417 2738 sacra
1445 2681 1687 2737 Oratione
1708 2683 1781 2737 sic

197 2774 429 2845 petimus,
464 2792 483 2827 ι
520 2773 642 2829 Fiat
671 2774 904 2830 voluntas
930 2785 1017 2830 tua
1040 2775 1094 2831 in
1122 2775 1245 2829 catlo
1272 2784 1317 2830 et
1346 2774 1399 2828 in
1440 2782 1573 2827 terra
1603 2792 1621 2825 ι
1665 2772 1775 2844 (Id.

198 2879 243 2921 Vt
260 2906 274 2932 ,
300 2865 385 2939 11)
405 2882 420 2934 ;
452 2877 507 2920 ut
529 2866 651 2938 quia
690 2866 820 2922 bona
849 2868 959 2939 ejus
978 2866 1213 2921 voluntas
1232 2874 1325 2933 est,
1352 2856 1494 2920 nobis
1513 2880 1626 2936 qua:
1650 2864 1781 2920 bona

197 2967 305 3011 sunt
343 2959 607 3031 largiatur.
655 2954 760 3014 Vos
797 2975 917 3030 ergo
952 2958 1262 3014 voluntatem
1298 2955 1397 3013 Dei
1426 2973 1528 3013 non
1570 2958 1738 3029 facitis
1760 2997 1777 3025 ,

199 3051 306 3120 quia
332 3049 462 3105 mala
488 3050 713 3122 quotidie
747 3049 1064 3122 perpetratis.

262 3141 375 3199 122.
422 3143 561 3202 Anc.
590 3142 906 3215 respondit:
937 3142 1041 3199 Ista
1081 3143 1261 3198 omnia
1291 3140 1337 3197 si
1363 3149 1418 3198 et
1465 3156 1561 3196 nos
1605 3141 1657 3196 in
1685 3155 1782 3198 vos

198 3233 419 3292 dicamus
438 3280 455 3307 ,
486 3253 667 3293 nonne
692 3238 783 3308 qui
812 3251 911 3293 nos
935 3236 1183 3303 audierit,
1218 3235 1432 3291 insanos
1460 3234 1637 3306 potius
1678 3233 1781 3289 liti-

196 3338 391 3399 gatores
415 3344 577 3402 quam
608 3330 928 3386 christianos
961 3329 1319 3401 disputatores
1338 3370 1354 3397 ,
1396 3328 1439 3383 si
1470 3328 1582 3398 ipse
1619 3340 1782 3382 sanus

197 3432 300 3487 est,
342 3420 642 3493 iudicabit?
679 3420 800 3477 Non
838 3437 966 3494 ergo
992 3421 1267 3477 reddimus
1310 3420 1653 3476 maledictum
1684 3435 1781 3491 pro

196 3511 500 3569 maledicto.
530 3514 753 3570 Servum
782 3514 927 3571 enim
950 3510 1159 3570 Domini
1180 3528 1286 3569 non
1314 3522 1521 3584 Oportet
1549 3512 1777 3584 litigare,

197 3604 283 3661 sed
316 3621 439 3662 esse
477 3606 657 3663 mitem
696 3606 766 3662 ad
796 3621 985 3663 omnes
1006 3647 1023 3675 ,
1051 3604 1334 3663 docibilem
1356 3648 1371 3672 ,
1517 3603 1780 3661 modestia

200 3701 562 3773 corripientem
604 3699 815 3758 diversa
849 3701 1141 3759 sentientes
1169 3700 1237 3774 (ll
1265 3699 1397 3755 Tim.
1426 3714 1497 3768 ιι,
1525 3694 1629 3765 21,
1663 3697 1776 3769 25).

200 3788 254 3847 Si
285 3808 404 3863 ergo
433 3794 585 3849 vobis
612 3793 926 3865 objiciamus
954 3808 1050 3849 eos
1071 3791 1163 3864 qui
1190 3791 1333 3847 mala
1354 3788 1497 3864 apud
1525 3804 1621 3845 vos
1656 3804 1783 3860 quo-

202 3878 323 3939 tidie
346 3895 668 3957 perpetrant,
699 3886 877 3957 inepte
900 3885 1167 3957 litigamus
1185 3925 1202 3952 ,
1234 3883 1369 3939 alios
1391 3899 1456 3940 ex
1483 3882 1602 3937 aliis
1625 3896 1783 3938 accu-

202 3985 387 4033 santes.
412 3965 467 4035 Si
486 3964 668 4035 autem
697 3994 794 4035 vos
820 3978 1173 4034 admonemus
1193 4018 1210 4045 ,
1252 3986 1311 4032 ut
1338 3966 1476 4033 sicut
1512 3975 1601 4032 illa
1630 3974 1781 4032 vobis

204 4084 300 4126 non
322 4072 473 4128 vultis
500 4064 699 4143 objici,
728 4072 808 4128 sic
845 4071 1001 4127 nobis
1037 4087 1143 4127 non
1182 4070 1446 4142 ohjiciatis
1481 4056 1689 4139 aliena,
1726 4070 1781 4127 in

205 4166 441 4223 modestia
482 4181 581 4223 vos
622 4166 941 4238 corripimus
964 4207 980 4236 ,
1023 4165 1120 4223 sed
1157 4166 1202 4223 si
1227 4163 1513 4237 aliquando
1544 4164 1779 4235 ’resipi-

206 4258 366 4313 scalis.

267 4342 481 4411 CAPUT
532 4348 669 4409 LlV.
698 4352 914 4409 -125.
946 4352 1131 4409 Ρετιι..
1181 4351 1347 4409 dixit:
1379 4351 1442 4409 Si
1471 4369 1586 4409 vero
1627 4353 1776 4424 forte,

208 4445 327 4515 quod
360 4448 546 4516 nescio,
592 4447 845 4503 daemonia
869 4448 1079 4521 pellitis,
1111 4464 1202 4503 nec
1229 4448 1284 4503 in
1332 4448 1469 4503 vobis
1509 4448 1781 4519 proderit:

207 4539 314 4607 quia
335 4556 415 4594 nec
442 4540 565 4610 ﬁdei
593 4549 789 4611 vestrm,
816 4557 907 4596 nec
932 4540 1123 4597 meritis
1147 4539 1328 4595 cedunt
1353 4542 1468 4612 ipsa
1505 4540 1777 4609 (immania,

209 4632 288 4685 sed
310 4632 357 4687 in
375 4634 576 4689 nomine
600 4631 811 4689 Domini
836 4631 866 4689 J
875 4650 963 4689 esu
990 4631 1178 4689 Christi
1202 4632 1474 4706 pelluntur.

178 4746 183 4750 ’
274 4724 383 4781 121.
421 4731 559 4785 Anc.
601 4725 877 4798 respondit
911 4744 926 4783 :
959 4725 1169 4784 Gratias
1214 4727 1346 4793 Deo,
1393 4727 1516 4799 quia
1564 4725 1783 4783 tandem

213 4818 462 4876 confessus
486 4835 548 4877 es
578 4833 739 4891 posse
777 4819 956 4876 valere
1001 4819 1305 4876 invocatum
1348 4834 1545 4875 nomen
1586 4818 1783 4874 Christi

212 4911 272 4967 ad
293 4913 504 4971 aliorum
532 4913 783 4980 salutem,
812 4914 1067 4971 etiamsia
1085 4912 1457 4985 peccatoribus
1483 4913 1779 4970 invocetur.

214 5000 333 5062 Hinc
352 5022 475 5080 ergo
496 5006 758 5079 intellige,
780 5022 903 5065 cum
920 5006 1120 5063 Christi
1147 5020 1345 5063 nomen
1360 5004 1784 5073 invocatur,-non

212 5094 382 5157 obesse
407 5101 638 5158 aliorum
656 5099 815 5158 saluti
832 5100 1273 5173 alienapeccata.
1304 5098 1415 5155 Nos
1436 5106 1617 5155 autem
1645 5114 1782 5170 quo-

211 5193 353 5253 modo
386 5196 698 5255 invocemus
722 5210 921 5253 nomen
947 5195 1165 5262 Christi,
1212 5209 1321 5250 non
1351 5202 1442 5251 tuo
1460 5191 1664 5265 judicio
1686 5206 1784 5249 no-

208 5281 281 5342 bis
301 5302 429 5361 opus
465 5298 574 5359 est,
604 5288 702 5347 sed
745 5288 913 5362 ipsius
954 5288 1043 5362 qui
1068 5288 1350 5345 invocatur
1370 5304 1405 5343 a
1428 5286 1603 5344 nobis.
1629 5284 1785 5342 Solus

209 5379 339 5437 enim
364 5392 542 5455 potest
566 5396 728 5439 nosse
765 5396 872 5454 quo
912 5381 1078 5439 corde
1120 5380 1417 5436 invocetur.
1451 5379 1533 5435 Ex
1558 5377 1675 5449 ejus
1701 5384 1783 5433 ta-

206 5486 320 5531 men
365 5475 541 5533 verbis
583 5475 717 5532 certi
764 5490 970 5540 sumus,
1010 5473 1081 5530 ab
1108 5472 1358 5529 omnibus
1382 5471 1633 5542 gentibus
1658 5486 1785 5527 eum

205 5566 474 5627 salubriter
521 5568 763 5628 invocari
784 5609 802 5637 ,
854 5583 974 5640 qua:
1026 5564 1417 5625 benedicuntur
1466 5565 1525 5621 in
1568 5564 1786 5623 semine

203 5661 442 5722 Abram.

257 5847 275 5873 ³
303 5832 502 5904 musa,
551 5840 639 5891 sed
685 5853 859 5904 panem
895 5838 1050 5904 luctus
1091 5837 1307 5904 oneribus
1345 5836 1503 5901 vobis,
1531 5849 1782 5889 commune

200 5901 404 5953 malisan
424 5900 638 5966 vestrum
658 5900 841 5966 malum
861 5901 1131 5955 schismalis
1161 5900 1295 5966 facit.

257 5964 607 6033 'uliti,siqui
636 5961 1284 6032 aliquando;ch

1957 544 2183 602 CAPUT
2221 544 2330 603 LV.
2369 574 2444 589 —
2470 545 2594 605 125.
2645 548 3012 606 Ριτίιρᾱίκὶι
3054 566 3068 604 :
3120 549 3229 604 Etsi
3263 568 3474 621 prorsus

1881 638 2088 693 virtutes
2107 648 2153 693 et
2181 640 2430 696 mirabilia
2457 642 2681 711 faciatis,
2712 653 2915 716 propter
2940 652 3153 699 vestram
3191 646 3467 715 nequitiam

1881 746 1974 784 nec
1992 730 2065 785 sic
2082 746 2169 786 vos
2185 726 2435 788 Dominus
2456 736 2613 801 novit,
2632 732 2855 790 Domino
2870 736 2981 807 ipso
3002 734 3197 791 dicente
3221 752 3241 792 :
3266 755 3285 789 ι
3317 735 3370 790 Η
3378 737 3471 792 ulti

1882 822 2046 877 dicent
2066 823 2191 878 milii
2222 825 2275 879 in
2305 823 2396 880 illo
2425 826 2525 895 die,
2552 824 2785 895 Domine,
2820 824 3054 898 Domine,
3084 829 3137 883 in
3163 828 3363 884 nomine
3388 839 3474 884 tua

1884 918 2307 991 praphetavimus,
2340 918 2463 976 etin
2495 932 2579 977 tuo
2603 921 2805 978 nomine
2834 921 3085 979 daemonia
3127 924 3387 997 ejecimus,
3426 930 3476 978 et

1881 1011 1936 1067 in
1960 1020 2045 1067 tuo
2066 1014 2268 1068 nomine
2287 1015 2495 1071 virtutes
2519 1017 2704 1072 multas
2723 1017 2951 1089 fecimus.
2979 1010 3127 1072 Tunc
3150 1017 3319 1072 dicam
3344 1017 3471 1086 illis,

1881 1104 2119 1174 quoniam
2142 1123 2242 1161 non
2271 1107 2387 1162 novi
2404 1123 2523 1176 vos;
2548 1108 2789 1165 discedite
2809 1127 2844 1164 a
2872 1126 2970 1179 me,
2991 1109 3213 1183 operarii
3230 1109 3473 1182 iniquita-

1881 1196 1947 1251 tis
1974 1216 1993 1250 s
2028 1196 2243 1268 (Matt/2.
2277 1216 2366 1269 vn,
2388 1200 2480 1270 22,
2498 1201 2616 1274 25).
3456 1274 3461 1279 ,

1954 1288 2077 1344 126.
2118 1290 2253 1348 Anc.
2303 1293 2579 1363 respondit
2609 1313 2620 1348 :
2657 1295 3012 1367 Agnoscimus
3040 1295 3202 1353 verba
3233 1295 3466 1353 Domini.

1836 1448 1855 1461 κ
1884 1378 2018 1437 Hinc
2046 1392 2100 1437 et
2134 1384 2422 1455 Apostolus
2452 1388 2559 1443 ait:
2586 1388 2649 1444 Si
2685 1390 2837 1460 ﬁdem
2864 1389 3075 1446 habeam
3108 1391 3180 1447 ita
3202 1404 3259 1448 ut
3280 1401 3473 1451 montes

1883 1478 2207 1543 transferam,
2239 1476 2535 1535 charitatem
2578 1490 2747 1536 autem
2774 1498 2876 1537 non
2912 1483 3144 1552 habeam,
3190 1484 3319 1540 nihil
3356 1501 3476 1540 sum

1884 1563 1927 1638 (l
1949 1565 2066 1622 Cor.
2094 1583 2207 1637 xm,
2240 1569 2321 1642 2).
2352 1570 2450 1628 Hic
2474 1588 2603 1645 ergo
2646 1576 2994 1646 qumrendum
3021 1586 3105 1633 est
3131 1578 3251 1650 quis
3280 1560 3478 1634 habeat

1882 1658 2196 1717 charitatem
2231 1680 2246 1718 :
2291 1663 2531 1722 invenies
2558 1683 2665 1723 non
2693 1682 2815 1726 esse
2843 1669 2945 1725 nisi
2995 1683 3089 1726 eos
3118 1669 3210 1742 qui
3245 1660 3477 1743 diligunt

1883 1753 2158 1811 unitatem.
2198 1754 2332 1812 Nam
2362 1756 2431 1815 de
2480 1759 2789 1817 exclusione
2824 1760 3155 1828 dicmonum,
3183 1769 3240 1818 et
3264 1761 3332 1818 de
3375 1777 3468 1831 po-

1883 1846 2045 1902 tentia
2077 1847 2477 1919 miraculorum,
2515 1852 2768 1923 quoniam
2806 1853 3047 1925 plerique
3078 1854 3203 1909 talia
3243 1867 3350 1909 non
3394 1850 3473 1907 l'ao

1881 1940 2028 1996 ciunt
2050 1948 2111 1996 et
2132 1948 2310 1999 tamen
2336 1942 2403 1998 ad
2429 1959 2654 2016 regnum
2682 1945 2778 2001 Dei
2809 1946 3098 2018 pertinent,
3126 1946 3370 2018 plerique
3390 1960 3478 2001 au-

1883 2038 1990 2086 tem
2020 2029 2224 2089 faciunt
2251 2043 2306 2089 et
2332 2050 2439 2091 non
2470 2036 2762 2108 pertinent,
2809 2052 2911 2094 uec
2951 2038 3120 2093 nostri
3168 2053 3267 2095 nec
3313 2039 3479 2094 vestri

1882 2120 2080 2180 debent
2102 2124 2343 2195 gloriari,
2376 2126 2421 2181 si
2447 2128 2536 2198 qui
2562 2125 2702 2183 forte
2726 2125 2830 2184 ista
2860 2136 3117 2199 possunt:
3141 2129 3478 2201 quandoqui-

1883 2214 2007 2272 dem
2037 2232 2138 2273 nec
2158 2217 2465 2288 Apostolos,
2496 2220 2586 2291 qui
2616 2236 2738 2276 vere
2766 2222 2866 2277 ista
2893 2221 3182 2277 salubriter
3200 2232 3361 2294 atque
3375 2224 3477 2278 uti-

1883 2304 2010 2365 liter
2044 2318 2315 2383 poterant,
2358 2310 2525 2367 voluit
2569 2312 2828 2370 Dominus
2871 2312 3105 2385 gaudere
3141 2314 3209 2372 de
3261 2315 3473 2384 talibus,

1883 2399 2098 2470 quando
2125 2399 2206 2457 eis
2231 2401 2341 2457 ait:
2372 2399 2549 2458 Nolite
2581 2402 2637 2459 in
2678 2403 2773 2460 hoc
2808 2405 3036 2479 gaudere
3050 2404 3196 2475 quod
3221 2406 3477 2461 daemonia

1883 2489 2019 2546 vobis
2038 2491 2265 2565 subjecta
2287 2493 2410 2561 sint,
2446 2495 2662 2567 gaudete
2696 2506 2865 2552 autent
2899 2496 3036 2570 quod
3074 2497 3282 2554 nomina
3310 2506 3477 2556 vestra

1884 2582 2073 2653 scripta
2094 2592 2213 2639 sunt
2237 2585 2290 2639 in
2317 2585 2444 2641 caelo
2475 2584 2624 2657 (Luc.
2651 2603 2710 2655 ι,
2739 2587 2854 2663 20).
2872 2588 3208 2662 Quapropter
3231 2592 3334 2648 ista
3354 2607 3477 2663 quae

1884 2690 1952 2730 ex
1981 2674 2272 2747 Evangelio
2297 2679 2543 2749 posuisti,
2565 2690 2619 2736 et
2647 2696 2748 2755 ego
2777 2682 2869 2739 tibi
2889 2698 3105 2754 possem
3129 2683 3333 2758 dicere,
3362 2683 3410 2743 si
3426 2694 3478 2745 te

1886 2769 2120 2826 viderem
2147 2772 2422 2843 signorum
2454 2774 2683 2832 virtutes
2710 2785 3057 2848 operantem;
3085 2787 3142 2834 et
3164 2788 3221 2837 tu
3246 2777 3404 2847 mihi,
3431 2779 3481 2834 si

1887 2863 2012 2919 talia
2056 2880 2146 2921 me
2189 2866 2475 2925 iacientem
2502 2869 2732 2926 videres.
2777 2870 2898 2927 Non
2944 2888 3072 2945 ergo
3113 2873 3306 2930 nobis‘
3336 2874 3482 2931 dica-

1885 2972 2006 3013 mus
2031 2974 2150 3030 quae
2176 2970 2402 3030 possunt
2417 2971 2474 3019 et
2501 2977 2569 3017 ex
2594 2962 2697 3017 alia
2726 2972 2874 3034 parte
2890 2963 3026 3031 dici;
3054 2974 3109 3021 et
3126 2967 3348 3022 remotis
3368 2982 3483 3023 am-

1883 3046 2128 3119 bagibus,
2161 3051 2413 3121 quoniam
2448 3052 2537 3107 ubi
2562 3055 2637 3109 sit
2668 3054 2908 3110 Ecclesia
2935 3051 3135 3112 Christi
3164 3058 3477 3129 quaerimus,

1888 3140 2063 3212 ipsum
2100 3145 2192 3215 qui
2231 3159 2352 3201 eam
2391 3159 2490 3201 suo
2512 3146 2776 3217 sanguine
2803 3148 3052 3222 redemit,
3098 3150 3379 3224 audiamus
3400 3151 3484 3206 di-

1887 3246 2121 3305 centem,
2150 3236 2315 3295 Eritis
2333 3240 2456 3295 mihi
2476 3250 2624 3297 testes
2649 3243 2703 3297 in
2721 3241 3027 3311 Jerusalem,
3052 3254 3103 3301 et
3129 3247 3182 3301 in
3202 3255 3357 3302 totam
3376 3246 3480 3303 Ju-

1885 3329 2051 3385 dazam
2068 3339 2117 3386 et
2137 3330 2450 3402 Samariam,
2472 3343 2521 3390 et
2541 3350 2701 3405 usque
2716 3335 2772 3391 in
2787 3344 2946 3391 totam
2962 3346 3151 3393 terram
3178 3337 3316 3413 (Act.
3335 3356 3375 3408 ι,
3393 3339 3476 3410 8).

1886 3422 2024 3480 Huic
2052 3423 2332 3493 Ecclesiae,
2373 3442 2498 3498 quas
2537 3442 2636 3499 per
2676 3434 2845 3485 totam
2893 3438 3095 3486 terram
3144 3430 3479 3500 diﬂ‘tmditur,

1886 3516 2132 3588 quisquis
2154 3532 2261 3575 non
2281 3519 2662 3586 communicat,
2682 3522 2772 3578 cui
2798 3536 2906 3579 non
2928 3524 3293 3583 communicet
3308 3525 3479 3596 vides,

1886 3610 1932 3665 si
1960 3612 2116 3681 cujus
2142 3612 2242 3669 ista
2270 3613 2435 3670 verba
2452 3613 2562 3671 sint
2584 3615 2759 3672 audis.
2780 3616 2920 3686 Quid
2944 3626 3029 3674 est
3052 3628 3233 3676 autem
3244 3618 3481 3676 damna

1887 3700 2026 3772 tius,
2074 3719 2236 3776 quam
2290 3705 2651 3764 Saos-amentis
2692 3708 2907 3765 Domini
2958 3712 3379 3781 communicare,
3425 3720 3484 3768 et

1886 3799 2068 3857 verbis
2112 3801 2322 3857 Domini
2365 3818 2475 3859 non
2518 3804 3047 3860 communica-renti
3074 3806 3255 3875 utique
3282 3805 3478 3860 dicturi

1886 3890 2032 3961 sunt,
2061 3893 2119 3950 In
2148 3895 2367 3952 nomine
2407 3904 2502 3952 tuo
2542 3896 3087 3953 manducavinnset
3132 3897 3393 3966 bibimus;
3422 3906 3481 3954 et

1885 3984 2143 4054 audituri,
2176 3985 2300 4043 Non
2332 3989 2451 4044 novi
2491 3986 2936 4062 aculeatam,
2987 3989 3118 4062 22):
3144 3990 3238 4060 φῖ
3278 4004 3479 4061 corpus

1885 4082 2086 4152 eiuset
2111 4082 2423 4154 sanguinem
2470 4082 2525 4137 in
2565 4082 2912 4138 Sacramenta
2938 4082 3267 4139 manducsnt
3296 4092 3355 4139 et
3390 4083 3478 4139 bi~

1887 4174 2038 4241 bunt,
2072 4184 2129 4230 et
2150 4174 2393 4230 membra
2421 4174 2539 4247 ejus
2558 4182 2672 4231 toto
2694 4175 2829 4231 orbe
2850 4175 3068 4245 diﬂ'usa,
3100 4177 3156 4233 in
3187 4175 3479 4250 Evangctio

1887 4284 1994 4326 non
2017 4280 2330 4343 agnoscunt,
2350 4280 2407 4329 et
2436 4270 2557 4328 ideo
2582 4272 2637 4328 in
2662 4271 2746 4327 eis
2768 4273 2789 4304 '
2815 4272 2869 4327 in
2893 4270 3098 4343 judicio
3120 4284 3227 4328 non
3244 4285 3475 4345 contpuc

1887 4373 2087 4422 tantur.

1959 4460 2187 4518 CAPUT
2222 4459 2358 4517 LVI.
2389 4458 2613 4517 ~‘127.
2643 4460 2828 4517 PE'ﬂL.
2875 4459 3044 4515 dixit:
3069 4459 3222 4527 Quod
3247 4469 3296 4516 α
3331 4461 3396 4528 si,
3420 4469 3480 4517 ut

1886 4555 1987 4628 ipsi
2012 4556 2223 4628 putatis,
2257 4553 2468 4609 Domini
2496 4553 2656 4627 legent
2680 4569 2809 4624 pure
2831 4553 3121 4624 sequimini,
3148 4554 3212 4610 de
3226 4554 3344 4625 ipsa
3368 4553 3478 4626 lege

1887 4650 2205 4705 sanctissima
2229 4648 2456 4720 legaliter
2476 4646 2812 4718 disputemus.
2835 4642 2975 4701 Dicit
3021 4646 3282 4717 apostolus
3333 4645 3477 4701 Pau-

1889 4744 1989 4809 lus,
2017 4760 2037 4795 ι
2065 4741 2211 4797 Bona
2238 4751 2310 4796 est
2336 4742 2437 4808 lex,
2468 4741 2513 4795 si
2538 4740 2649 4811 quis
2676 4754 2737 4794 ea
2764 4738 2983 4812 legitime
3010 4748 3181 4794 utatur
3216 4759 3236 4792 ι
3266 4738 3312 4815 (1
3340 4738 3475 4797 Tim.

1888 4851 1926 4900 ι,
1951 4836 2030 4909 8).
2054 4834 2162 4890 Lex
2180 4849 2298 4906 ergo
2324 4831 2445 4905 quid
2469 4831 2633 4886 dicit?
2662 4849 2682 4883 ι
2713 4829 2833 4886 Νοη
2852 4831 3072 4887 occides.
3095 4850 3115 4883 α
3147 4827 3296 4901 Quod
3323 4831 3479 4888 ωυιωί

1890 4930 2009 5002 fecit
2038 4927 2161 4983 Cain
2187 4924 2463 4997 parricida,
2488 4938 2578 4979 vos
2597 4922 2782 4995 fratres
2802 4925 2988 4996 saepius
3014 4925 3285 4981 occidistis.

1960 5017 2087 5075 128.
2129 5018 2264 5074 Anc.
2296 5014 2611 5087 respondit:
2639 5013 2856 5072 Similes
2884 5015 3034 5072 vobis
3063 5030 3185 5073 esse
3207 5016 3471 5071 nolimus:

1889 5126 2012 5168 nam
2038 5125 2145 5166 non
2172 5108 2368 5165 desrmt
2392 5117 2513 5179 quae
2538 5106 2809 5175 dicantur,
2836 5106 2975 5164 sicut
3014 5117 3071 5165 et
3107 5116 3164 5164 tu
3186 5108 3289 5163 ista
3317 5105 3475 5174 dicis,

1890 5211 1945 5260 et
1974 5214 2093 5274 qua:
2131 5200 2388 5269 sciantur,
2436 5213 2558 5254 nam
2600 5199 2700 5255 ista
2730 5206 2787 5254 tu
2817 5199 3022 5266 nescis;
3052 5208 3110 5255 et
3147 5210 3265 5270 quae
3290 5206 3478 5251 osten-

1890 5297 2104 5362 dantur,
2134 5303 2259 5351 nam
2284 5305 2341 5349 tu
2367 5292 2469 5350 ista
2490 5306 2599 5349 non
2629 5292 2888 5350 ostendis.

1962 5387 2188 5445 CAPUT
2250 5385 2405 5443 LVII.
2434 5386 2659 5444 -129.
2700 5385 2889 5465 Ρετιι..
2943 5384 3109 5441 dixit:
3135 5381 3338 5438 Dictum
3380 5394 3476 5452 est,

1897 5498 1920 5535 ι
1956 5480 2075 5537 Νοη
2101 5480 2446 5536 mwclzaberis.
2476 5497 2497 5533 ι
2527 5477 2884 5550 Unusquisque
2900 5483 3117 5530 vestram
3140 5475 3183 5530 si
3204 5477 3482 5533 carnaliter

1892 5585 2060 5632 castus
2085 5576 2171 5643 sit,
2201 5573 2531 5647 spiritualiter
2547 5572 2769 5627 machus
2792 5578 2883 5636 est,
2929 5570 3048 5641 quia
3078 5569 3330 5625 adulterat
3354 5588 3479 5627 san-

1893 5670 2130 5724 ctitatem.

1967 5763 2091 5819 l50.
2135 5764 2272 5818 Anc.
2321 5757 2597 5830 rCSpondit
2634 5774 2647 5810 :
2687 5755 2923 5811 Possunt
2962 5755 3076 5814 haec
3122 5758 3176 5815 in
3222 5759 3482 5832 quosdam

1910 5861 1915 5865 ἑ
1956 5898 1974 5929 ι
2000 5898 2072 5948 sic
2086 5903 2194 5947 Mss.
2221 5901 2276 5945 At.
2300 5892 2436 5953 editi,
2457 5887 2605 5953 vobis.

1957 5961 1978 5993 ³
2005 5966 2080 6009 Er.
2108 5966 2161 6009 et
2191 5964 2324 6013 Lov.,
2344 5952 2456 6005 tam
2468 5952 2555 6004 eis.
2579 5958 2685 6003 Arn.
2712 5957 2765 6002 et
2785 5957 2914 6018 uss,
2933 5952 3096 6009 meis.

3370 437 3477 495 502
3534 458 3561 470 -
