4008 6478
480 451 592 510 505

483 566 752 629 veraciter
790 563 918 632 dici,
946 569 1004 620 et
1029 560 1242 618 nostros
1281 563 1337 611 et
1374 547 1733 619 vestroszqui
1759 546 1808 603 si
1834 542 2076 612 utrisque

489 673 732 722 nostrum
756 658 1059 730 displicent,
1091 665 1194 708 nec
1240 646 1411 704 nostri
1452 658 1553 700 nec
1593 640 1760 698 vestri
1791 646 1937 695 sunt.
1968 632 2078 691 Sed

488 767 570 826 tu,
601 754 745 828 quod
783 728 859 808 ini
879 747 1135 821 quosdam
1159 743 1317 808 dicis,
1347 748 1405 796 et
1442 751 1543 794 nec
1587 735 1643 790 in
1687 731 1820 806 ipsis
1860 728 2082 801 probas,

489 822 593 924 pro
619 822 688 906 eo
719 847 796 902 vis
834 841 1004 914 accipi
1049 855 1113 896 ac
1143 838 1190 895 si
1219 832 1554 908 probaveris,
1583 843 1691 886 non
1734 828 1788 882 in
1820 822 2088 893 aliquibus

496 918 588 1016 qui
605 943 928 1011 degenerant
947 951 976 990 a
993 935 1202 990 semine
1218 928 1470 992 Abralne,
1490 922 1582 981 sed
1609 923 1666 978 in
1687 918 1934 976 omnibus
1951 929 2086 986 gen-

497 1013 638 1091 tibus
662 1046 780 1102 qure
809 1026 1196 1085 benedicuntur
1224 1024 1277 1077 in
1314 1018 1519 1076 semine
1547 1013 1801 1070 Abrahre.

569 1101 796 1182 CAPUT
834 1117 1016 1177 LVIII.
1045 1147 1118 1159 -
1155 1116 1278 1171 151.
1319 1113 1507 1168 Ρετιι..
1539 1107 1673 1162 dixit
1701 1122 1716 1159 :
1747 1101 1955 1157 Dictum
1995 1104 2087 1161 est,

507 1238 529 1272 ι
557 1217 776 1273 Falsum
805 1212 1145 1272 testimonium
1186 1225 1288 1264 non
1323 1205 1526 1261 reddes.
1557 1221 1577 1255 ι
1621 1198 1748 1255 Cum
1773 1195 1972 1268 regibus
2001 1205 2092 1246 sa:-

501 1311 608 1368 culi
648 1326 742 1366 nos
770 1309 789 1341 ⁸
822 1315 990 1364 vestra
1028 1314 1194 1360 tenere
1237 1297 1518 1355 mentimim
1536 1336 1552 1363 ,
1596 1306 1764 1348 nonne
1806 1287 1939 1360 falsa
1976 1300 2099 1339 con-

441 1391 458 1414 τ
499 1403 675 1476 ﬂetis?

578 1497 702 1553 152.
724 1495 861 1552 Auc.
886 1488 1197 1562 respondit:
1222 1485 1280 1544 Si
1306 1499 1413 1540 non
1435 1487 1559 1538 sunt
1575 1483 1758 1534 nostra
1774 1476 1795 1507 '
1809 1488 1927 1544 qua:
1952 1478 2102 1525 tene-

507 1593 617 1660 tis,
671 1603 773 1644 nec
803 1587 893 1642 illa
917 1593 1073 1641 erant
1094 1589 1273 1637 vestra
1300 1592 1420 1648 quae
1449 1590 1480 1630 a
1523 1567 1930 1628 Maximianistis
1951 1577 2102 1619 rece-

507 1651 684 1755 piatis.
714 1678 871 1749 Quod
895 1677 942 1733 si
971 1681 1255 1747 propterea
1298 1669 1389 1724 illa
1434 1671 1617 1722 vestra
1652 1667 1826 1722 erant,
1859 1655 1983 1755 quia
2027 1651 2104 1755 illi

509 1773 827 1844 sacrilegum
845 1768 1076 1826 schisma
1095 1766 1355 1827 fecerunt,
1375 1773 1481 1812 non
1499 1746 1945 1812 communicando
1963 1742 2104 1816 parti

508 1835 738 1922 Donativ:
771 1858 987 1916 attende
1013 1872 1132 1928 quae
1156 1854 1278 1909 loca
1308 1848 1554 1914 teneatis,
1596 1853 1651 1901 et
1694 1840 1850 1911 cujus
1873 1835 2106 1892 Incredi-

511 1956 610 2012 tati
633 1970 742 2010 non
770 1947 1210 2013 communicetis;
1240 1951 1295 2000 et
1318 1941 1570 2012 cogitate,
1609 1951 1716 1991 non
1756 1933 1974 2003 regibus
2002 1943 2108 1983 sae-

511 2047 640 2115 culi,
669 2044 764 2101 sed
806 2043 921 2115 regi
967 2039 1184 2097 Christo
1231 2035 1359 2107 quid
1389 2028 1718 2102 respondere
1759 2024 1996 2096 possitis.
2030 2020 2110 2076 De

515 2141 612 2198 illo
632 2140 831 2197 dictum
853 2146 956 2204 est,
979 2131 1336 2189 Dominabitur
1358 2145 1389 2182 a
1420 2125 1549 2181 mari
1577 2138 1733 2194 usque
1770 2118 1840 2173 ad
1876 2132 2037 2181 mare,
2065 2121 2114 2168 et

514 2252 548 2289 a
574 2235 783 2307 ﬂumine
803 2245 964 2303 usque
978 2228 1045 2282 ad
1069 2226 1306 2281 terminos
1326 2223 1460 2278 orbis
1479 2231 1731 2274 terrarum
1754 2211 1926 2286 (Psal.
1953 2224 2111 2274 LXXI,

518 2297 596 2398 8)..
629 2324 748 2394 Quo
773 2297 957 2391 utique
977 2318 1216 2379 ﬂumine,
1251 2314 1354 2370 nisi
1376 2311 1462 2367 ubi
1489 2308 1789 2380 baptizatus
1815 2314 1917 2368 est,
1946 2311 2000 2358 et
2021 2297 2114 2356 ubi

518 2395 684 2491 super
712 2431 836 2473 eum
865 2411 1116 2470 columba
1143 2406 1440 2469 descendit,
1465 2417 1719 2474 magnum
1755 2395 2037 2453 cliaritatis
2061 2401 2118 2448 et

518 2510 739 2566 unitatis
760 2503 1054 2563 indicium?
1092 2501 1202 2557 Vos
1230 2509 1410 2556 autem
1437 2496 1562 2550 huic
1592 2491 1782 2548 unitati
1828 2503 1934 2544 non
1963 2499 2116 2541 com-

521 2600 827 2667 municatis,
852 2606 912 2652 et
935 2596 1110 2651 adhuc
1131 2594 1250 2649 loca
1279 2589 1501 2646 unitatis
1529 2584 1754 2649 tenetis;
1785 2589 1840 2637 et
1860 2577 2118 2634 invidiam

521 2699 682 2756 nobis
707 2697 775 2752 de
803 2694 1022 2765 regibus
1051 2689 1233 2747 saeculi
1259 2687 1450 2750 facitis,
1467 2698 1589 2739 cum
1616 2696 1713 2751 per
1727 2678 1875 2748 jussa
1892 2687 2121 2745 procon-

525 2791 701 2845 sulum
732 2787 801 2843 de
827 2786 960 2841 locis
985 2782 1153 2854 partis
1173 2777 1365 2835 Donati
1394 2771 1766 2831 schismaticos
1791 2777 2000 2823 vestros
2027 2778 2122 2818 ex-

525 2877 792 2951 puleritis.
837 2874 957 2931 Non
991 2853 1134 2927 sunt
1177 2871 1290 2924 haec
1321 2865 1486 2922 verba
1515 2878 1611 2933 per
1653 2861 1810 2916 inane
1849 2853 2117 2912 volantia:

525 2969 775 3025 homines
795 2966 1002 3031 vivunt,
1035 2963 1276 3018 civitates
1319 2966 1602 3020 testantur,
1635 2953 1794 3008 Gesta
1823 2961 2122 3020 proconsu-

527 3061 660 3116 laria
704 3068 760 3115 et
801 3055 1139 3125 municipalia
1169 3051 1482 3107 recitantur.
1515 3046 1682 3102 Sileat
1709 3039 1993 3111 aliquando
2020 3053 2125 3092 vox

527 3149 876 3214 calumniosa,
916 3143 1172 3215 objiciens
1209 3155 1366 3212 reges
1407 3136 1586 3193 saeculi
1635 3133 1897 3189 universa:
1944 3139 2122 3193 terrae,

528 3256 628 3312 per
654 3255 880 3312 quorum
926 3234 1273 3309 proconsules
1303 3247 1410 3286 non
1452 3227 1622 3300 potuit
1647 3239 1867 3297 parcere
1910 3221 2124 3277 concisa

532 3308 782 3381 concisa}.
813 3308 946 3380 Cum
974 3335 1102 3391 ergo
1129 3318 1355 3374 dicimus
1381 3313 1523 3385 quod
1549 3321 1728 3367 nostra
1751 3308 1998 3374 teneatis,
2018 3318 2126 3360 non

532 3416 864 3473 ostendimur
889 3413 1080 3468 falsum
1107 3408 1468 3466 testimonium
1489 3404 1689 3470 dicere,
1708 3401 1810 3456 nisi
1834 3414 1931 3454 nos
1948 3408 2127 3452 osten-

536 3507 676 3563 datis
704 3508 756 3562 in
784 3504 1027 3562 Ecclesia
1069 3501 1269 3558 Christi
1297 3514 1404 3553 non
1435 3512 1585 3562 esse;
1623 3493 1766 3566 quod
1797 3491 2008 3562 quidem
2040 3488 2126 3544 di-

535 3615 662 3657 cere
686 3615 794 3655 non
829 3599 1070 3662 cessatis,
1098 3594 1192 3650 sed
1229 3591 1514 3650 ostendere
1539 3602 1810 3659 nunquam
1843 3584 2081 3639 valebitis
2110 3601 2124 3636 :

535 3691 648 3745 imo
676 3704 805 3746 vero
853 3703 975 3744 cum
1007 3687 1110 3741 hoc
1153 3684 1348 3748 dicitis,
1383 3697 1490 3736 non
1517 3681 1627 3751 jam
1669 3678 1843 3740 nobis,
1884 3674 1979 3730 sed
2026 3671 2127 3742 ipsi

535 3783 752 3838 Christo
775 3780 895 3835 falsi
922 3776 1213 3834 testimonii
1238 3775 1443 3830 crimen
1462 3770 1708 3842 objicitis.
1733 3767 1842 3823 Nos
1862 3767 2058 3836 quippe
2077 3765 2130 3818 in

537 3872 780 3930 Ecclesia
809 3886 1015 3937 sumus,
1057 3883 1178 3940 qua:
1223 3865 1390 3937 ipsius
1432 3861 1739 3920 testimonio
1777 3858 2132 3930 praenuntiata

539 3974 642 4034 est,
692 3975 748 4022 et
783 3965 876 4022 ubi
901 3963 1014 4020 suis
1044 3961 1266 4018 testibus
1293 3964 1574 4014 attestatus
1615 3961 1698 4010 est
1735 3951 1940 4018 dicens,
1975 3949 2132 4005 Eritis

538 4057 666 4112 mihi
695 4065 841 4112 testes
859 4056 916 4111 in
941 4053 980 4109 ,1
981 4056 1250 4116 erusatem,
1279 4059 1327 4105 et
1344 4050 1400 4103 in
1419 4057 1578 4102 totam
1602 4045 1841 4100 Iudaeam
1862 4053 1910 4097 et
1937 4041 2135 4097 Sama-

542 4151 696 4215 riam,
727 4159 775 4204 et
798 4165 956 4218 usque
991 4148 1046 4202 in
1072 4155 1229 4200 totam
1259 4152 1464 4196 terram.
1501 4138 1612 4194 Vos
1648 4146 1828 4192 autem
1858 4135 2021 4190 falsos
2055 4141 2136 4189 te-

542 4251 656 4300 stes
682 4258 790 4298 non
813 4242 987 4298 solum
1031 4240 1158 4295 hinc
1194 4234 1548 4300 ostendimus,
1592 4231 1716 4302 quia
1759 4229 1885 4284 huic
1923 4226 2135 4282 veritati

542 4333 822 4399 resistitis;
864 4331 959 4388 sed
1003 4331 1163 4386 etiam
1194 4328 1246 4383 in
1295 4326 1412 4396 ipso
1434 4322 1656 4394 judicio,
1687 4335 1792 4392 quo
1820 4333 1943 4374 cum
1971 4316 2138 4373 Maxi-

544 4428 710 4484 miani
737 4425 1025 4484 schismate
1047 4418 1379 4478 conﬂixistis.
1403 4416 1457 4472 Si
1483 4415 1624 4472 enim
1646 4412 1937 4470 secundum
1962 4411 2134 4481 legem

545 4519 746 4577 Christi
774 4517 1040 4590 agebatis;
1068 4523 1265 4585 quanto
1290 4507 1668 4579 congruentius
1695 4503 1985 4561 secundum
2015 4517 2136 4559 eam

547 4611 876 4670 constituunt
913 4605 1075 4678 aliqui
1113 4601 1386 4661 christiani
1429 4600 1798 4670 imperatores,
1840 4596 1886 4651 si
1917 4605 2139 4667 possunt

550 4705 843 4762 secundum
865 4717 984 4759 eam
1003 4699 1247 4772 judicare
1261 4693 1451 4767 pagani
1477 4689 1852 4764 proconsules?
1873 4687 1928 4746 Si
1959 4697 2137 4744 autem

550 4797 607 4854 in
634 4795 955 4868 adjutorium
985 4791 1145 4849 etiam
1165 4788 1363 4844 terreni
1385 4783 1598 4855 imperii
1619 4783 1764 4854 leges
1788 4779 2138 4836 assumendas

552 4889 798 4962 putastis,
830 4902 938 4942 non
968 4880 1429 4955 reprehendimus.
1462 4876 1606 4932 Fecit
1634 4875 1738 4930 hoc
1764 4875 1983 4941 Paulus,
2015 4887 2139 4928 cum

551 4986 810 5041 adversus
851 4979 1137 5051 injuriosos
1159 4975 1329 5030 civem
1361 4972 1659 5027 Romanum
1685 4983 1744 5024 se
1765 4983 1884 5024 esse
1913 4975 2141 5022 testatus

553 5086 634 5132 est
661 5075 795 5146 (Act.
823 5088 954 5136 χχιι,
985 5070 1100 5141 25).
1130 5066 1234 5122 Sed
1263 5079 1445 5136 quaero
1472 5063 1662 5133 quibus
1689 5060 1918 5116 terrenis
1939 5059 2143 5130 legibus

554 5175 625 5228 sit
648 5179 921 5233 statutum,
952 5174 1011 5220 ut
1038 5159 1444 5219 Maximianistae
1476 5157 1608 5212 locis
1633 5153 1932 5226 pellantur?
1959 5152 2142 5208 Nullas

555 5264 774 5318 omnino
814 5258 1050 5330 reperies
1081 5273 1094 5310 :
1122 5252 1217 5309 sed
1243 5249 1489 5306 videlicet
1513 5247 1718 5318 legibus
1743 5262 1862 5318 qua:
1889 5245 2144 5300 adversus

557 5358 854 5420 haereticos,
886 5362 1046 5423 atque
1071 5350 1212 5405 inter
1239 5363 1332 5402 eos
1377 5343 1819 5410 etiamadvcrsus
1861 5358 1958 5396 vos
2000 5341 2144 5410 ipsos

556 5449 680 5503 lata:
703 5456 849 5514 sunt,
881 5444 1003 5499 illos
1032 5440 1301 5512 expellere
1323 5435 1598 5491 voluistis:
1625 5434 1881 5488 adversus
1903 5433 2144 5489 infirmos

559 5547 813 5608 tanquam
835 5534 1162 5606 potentiores
1185 5525 1560 5600 praevaluistis.
1586 5524 1740 5582 Unde
1767 5525 1842 5578 illi
1863 5524 1986 5595 quia
2013 5523 2148 5579 nihil

559 5635 866 5702 potuerunt,
897 5627 1206 5680 innocentes
1232 5635 1291 5677 se
1335 5619 1536 5685 dicunt,
1571 5625 1818 5685 tanquam
1867 5615 1968 5671 sub
1995 5615 2148 5674 leone

626 5873 650 5969 ί
669 5864 1776 5988 ῒεὲιῐῖἓὲόεὸεέξὲἁιὲτονόιυέὶηιὲὼρω.

1333 434 1609 496 CONTRA
1645 426 1985 490 LITTERAS
2023 419 2385 488 PETILIANI,
2425 416 2482 475 S.
2523 410 2893 478 AUGUSTINI

3677 403 3786 460 501

2186 535 2362 606 lupus.
2394 533 2598 589 Tamen
2627 530 2832 602 legibus
2860 524 3115 582 adversus
3133 534 3231 578 vos
3263 518 3385 577 latis
3411 517 3658 591 profecto
3685 517 3787 573 ad-

2188 642 2378 685 versus
2397 627 2530 681 alios
2555 624 2659 680 nisi
2677 638 2774 695 per
2793 607 2988 676 falsum
3009 615 3369 674 testimonium
3393 629 3503 669 non
3525 610 3791 678 uteremi-_

2192 721 2269 776 ni.
2297 719 2355 775 Si
2381 719 2526 775 enim
2553 730 2773 772 veraces
2811 720 2937 770 sunt
2963 711 3069 766 illa:
3094 710 3260 780 leges,
3299 707 3472 763 cedite
3499 705 3664 761 etiam
3693 718 3794 758 vos

2195 812 2329 868 locis
2357 826 2490 882 quos
2515 809 2745 864 tenetis:
2771 806 2817 860 si
2843 815 3022 860 autem
3046 801 3266 857 fallaces
3286 808 3429 868 sunt,
3453 812 3549 854 cur
3573 811 3676 868 per
3699 809 3795 851 eas

2196 905 2333 961 alios
2360 900 2696 960 exclusistis?
2723 897 2882 968 Quid,
2926 895 3070 968 quod
3097 904 3152 951 et
3175 908 3392 950 veraces
3433 899 3581 959 sunt,
3613 897 3672 945 et
3697 901 3797 943 vos

2201 1013 2296 1068 per
2327 995 2444 1051 illas
2469 994 2604 1050 alios
2644 992 2748 1047 nisi
2787 989 3044 1045 fallaciter
3066 1003 3176 1043 non
3207 986 3435 1058 possetis
3480 979 3800 1053 expellere?

2199 1088 2273 1146 Ut
2297 1089 2439 1144 enim
2465 1089 2545 1144 eis
2568 1085 2831 1142 servirent
2854 1083 3083 1154 judices,
3107 1080 3390 1136 haereticos
3413 1077 3686 1147 expellere
3706 1088 3801 1129 vo-

2202 1181 2448 1244 luerunt;
2481 1177 2623 1234 unde
2664 1191 2761 1232 vos
2791 1176 2994 1246 priores
3033 1173 3303 1244 expellere
3331 1170 3670 1226 debuerunt:
3705 1165 3800 1221 sed

2203 1287 2300 1328 vos
2323 1271 2618 1327 catholicos
2643 1284 2763 1324 esse
2787 1268 3017 1334 dixistis,
3048 1259 3116 1320 ut
3133 1264 3285 1320 vobis
3320 1272 3604 1334 parcerent
3634 1261 3801 1330 leges,

2204 1380 2304 1438 per
2343 1379 2475 1435 quas
2502 1363 2636 1418 alios
2666 1361 3007 1431 premebatis.
3038 1357 3286 1413 Videris‘
3317 1355 3440 1427 quid
3473 1353 3630 1409 vobis
3661 1351 3803 1422 apud

2205 1471 2303 1512 vos
2344 1457 2489 1527 ipsos
2534 1453 2859 1510 videamini:
2891 1452 2991 1507 illis
3036 1459 3213 1506 tamen
3258 1449 3466 1520 legibus
3515 1462 3623 1501 non
3675 1445 3806 1500 estis

2210 1549 2482 1606 catholici.
2511 1547 2620 1603 Cur
2644 1561 2772 1618 ergo
2797 1554 2889 1600 aut
2928 1559 3021 1600 eas
3061 1557 3283 1599 veraces
3331 1540 3463 1596 falso
3491 1537 3807 1595 testimonio

2211 1639 2496 1707 fefellistis,
2524 1646 2613 1693 aut
2632 1651 2724 1693 eas
2747 1634 2965 1692 fallaces
2987 1633 3055 1689 ad
3078 1630 3458 1704 Opprimendos
3482 1629 3619 1684 alios
3644 1642 3806 1683 usur-

2215 1734 2422 1806 pastis?

2285 1828 2514 1886 CAPUT
2553 1826 2691 1883 LIX.
2738 1856 2811 1867 —
2862 1825 2981 1880 155.
3029 1824 3215 1879 Ρετιι..
3265 1821 3432 1878 dixit:
3461 1820 3674 1876 Dictum
3718 1829 3808 1888 est,

2224 1943 2244 1978 ι
2267 1919 2390 1976 Non
2410 1919 2733 1989 concupisces
2747 1933 2853 1972 rem
2873 1917 3092 1988 proximi
3121 1916 3195 1969 tui
3226 1933 3245 1967 s
3268 1912 3467 1985 (Exod.
3490 1911 3810 1983 ιι,15-17).

2227 2016 2328 2073 Vos
2353 2025 2526 2071 nostra
2554 2013 2793 2085 diripitis,
2826 2021 2882 2066 ut
2909 2027 3000 2082 pro
3028 2009 3204 2064 vestris
3229 2007 3476 2061 habeatis.

2291 2110 2417 2166 154.
2457 2110 2594 2164 Anc.
2626 2105 2933 2176 respondit:
2965 2103 3033 2158 Et
3057 2116 3404 2174 qumcumque
3431 2099 3608 2155 unitas
3638 2097 3814 2169 possi-

2221 2204 2400 2270 debat,
2425 2201 2662 2257 nonnisi
2694 2209 2874 2255 nostra
2913 2205 3058 2265 sunt,
3099 2198 3190 2269 qui
3232 2211 3335 2251 non
3379 2195 3678 2250 secundum
3719 2208 3816 2248 ca-

2221 2295 2452 2354 lumnias
2497 2293 2792 2356 hominum,
2828 2290 2924 2347 sed
2960 2289 3252 2346 secundum
3295 2289 3459 2344 verba
3497 2287 3720 2354 Christi,
3765 2286 3819 2340 in

2223 2405 2330 2461 quo
2376 2389 2765 2445 benedicuntur
2801 2399 2988 2440 omnes
3015 2389 3201 2454 gentes
3242 2382 3505 2436 universae
3550 2390 3733 2444 terra,
3765 2378 3819 2432 in

2224 2484 2428 2538 unitate
2468 2480 2843 2544 consistimus;
2890 2491 2991 2532 nec
3036 2485 3252 2547 propter
3281 2474 3451 2530 malos
3478 2488 3613 2544 quos
3641 2488 3674 2527 a
3704 2471 3819 2527 fru-

2225 2575 2421 2632 mentis
2449 2572 2733 2630 dominicis
2760 2578 2884 2626 ante
2898 2568 3085 2638 judicii
3112 2567 3516 2623 ventilationem
3558 2578 3818 2636 separare

2227 2687 2335 2727 non
2360 2683 2664 2740 possumus,
2697 2668 2832 2722 nos’
2857 2681 2884 2718 a
2913 2664 3169 2721 societate
3199 2663 3358 2718 tritici
3397 2677 3746 2734 separamus:
3773 2668 3827 2715 et

2229 2764 2272 2818 si
2326 2777 2431 2834 qua
2474 2761 2586 2832 jam
2628 2758 2832 2815 concisi
2874 2755 3148 2828 possidere
3191 2754 3451 2824 coepistis,
3496 2753 3620 2824 quia
3669 2751 3826 2807 vobis

2229 2855 2402 2910 ablata
2430 2853 2585 2909 nobis
2617 2852 2876 2908 Dominus
2901 2849 3068 2916 dedit,
3108 2862 3214 2903 non
3244 2847 3366 2902 ideo
3393 2845 3830 2916 concupiscimus

2231 2949 2428 3013 aliena,
2457 2947 2583 3018 quia
2611 2945 2751 3000 illius
2792 2942 3018 3012 imperio
3071 2941 3222 3011 cujus
3265 2951 3392 2996 sunt
3434 2939 3635 3005 omnia,
3688 2936 3830 2992 facta

2232 3049 2357 3096 sunt
2383 3048 2595 3103 nostra;
2624 3045 2678 3092 et
2699 3035 2842 3107 juste
2869 3042 3050 3090 nostra
3077 3041 3202 3087 sunt
3227 3050 3239 3085 :
3281 3046 3378 3087 vos
3416 3031 3559 3086 enim
3589 3029 3672 3084 his
3705 3037 3830 3083 ute-

2231 3132 2432 3188 bamini
2459 3131 2525 3186 ad
2558 3128 2948 3201 praecisionem,
2983 3141 3080 3180 nos
3101 3125 3168 3180 ad
3190 3124 3468 3179 unitatem.
3497 3121 3751 3192 Alioquin
3779 3127 3834 3176 et

2230 3225 2405 3294 primo
2435 3223 2630 3293 popqu
2656 3220 2750 3276 Dei
2779 3227 2997 3290 possent
3016 3217 3093 3272 illi
3120 3215 3353 3287 objicere
3380 3215 3567 3270 alienae
3594 3213 3673 3268 rei
3695 3227 3831 3267 cou-

2233 3317 2639 3388 cupiscentiam,
2672 3315 2762 3386 qui
2789 3313 2966 3368 divina
3017 3317 3281 3381 potestate
3328 3309 3395 3365 ab
3439 3323 3626 3364 eorum
3672 3306 3832 3373 facie,

2234 3411 2356 3484 quia
2379 3426 2440 3466 ea
2462 3419 2606 3467 terra
2629 3404 2766 3463 m'ale
2787 3407 3075 3462 utebantur
3093 3404 3302 3474 expulsi
3333 3412 3488 3459 sunt:
3520 3411 3574 3458 et
3603 3403 3705 3471 ipsi
3731 3401 3829 3456 Ju-

2236 3503 2361 3567 dzci,
2392 3518 2423 3556 a
2449 3501 2643 3573 quibus
2668 3500 2902 3556 ablatum
2931 3506 3016 3554 est
3050 3511 3300 3568 regnum,
3348 3493 3641 3550 secundum
3669 3491 3836 3548 verba

2237 3585 2472 3663 Domini,
2501 3603 2556 3651 et
2581 3593 2764 3648 datum
2785 3603 2868 3648 est
2895 3591 3039 3662 genti
3065 3589 3280 3645 facienti
3314 3588 3574 3658 justitiam
3615 3586 3837 3657 (Matth.

2239 3706 2352 3756 χχι,
2378 3688 2494 3760 45),
2514 3695 2739 3758 possunt
2762 3685 2996 3754 objicere
3021 3683 3210 3738 alienae
3228 3682 3302 3737 rei
3320 3681 3834 3750 concupiscentiam;

2238 3787 2363 3855 quia
2384 3781 2624 3838 Ecclesia
2650 3778 2849 3836 Christi
2874 3777 3128 3848 possidet,
3155 3775 3244 3832 ubi
3283 3782 3654 3845 persecutores
3682 3770 3836 3826 Chri-

2239 3879 2307 3933 sti
2330 3876 2641 3948 regnabant.
2674 3873 2740 3928 Et
2769 3880 2887 3943 post
2910 3872 3111 3938 omnia,
3138 3886 3259 3924 eum
3287 3870 3440 3923 vobis
3465 3868 3594 3937 ipsis
3629 3866 3835 3921 dictum

2239 3971 2414 4035 fuerit,
2450 3969 2556 4023 lies
2597 3967 2799 4021 alienas
2834 3963 3231 4032 concupiscitis,
3264 3961 3388 4032 quia
3414 3959 3838 4014 maximianistas

2239 4063 2308 4119 de
2347 4061 2580 4118 basilicis
2607 4057 2864 4128 ejecistis,
2911 4055 3036 4125 quid
3085 4053 3475 4124 respondeatis,
3520 4067 3630 4107 non
3680 4052 3836 4107 inve-

2240 4155 2387 4211 uitis.

2313 4243 2538 4302 CAPUT
2575 4242 2688 4298 LX.
2715 4242 2934 4297 -155.
2975 4240 3158 4296 Ρετιι..
3191 4238 3326 4294 dixit
3362 4255 3376 4292 :
3406 4237 3521 4304 Qua
3548 4236 3706 4309 igitur
3731 4239 3841 4309 lege

2241 4353 2328 4393 vos
2349 4336 2648 4392 christianos
2669 4334 2948 4400 ostenditis,
2980 4348 3096 4386 cum
3121 4331 3218 4404 legi
3243 4333 3498 4386 contraria
3526 4331 3730 4403 faciatis
3746 4331 3772 4384 .’

2315 4427 2440 4484 156.
2481 4428 2614 4483 Anc.
2663 4425 2972 4496 reSpondit:
2995 4423 3230 4494 Litigare
3265 4423 3367 4488 vis,
3399 4439 3510 4480 non
3538 4423 3839 4494 disputare.

2312 4517 2539 4576 CAPUT
2577 4517 2715 4572 LXI.
2767 4547 2837 4557 -—-
2888 4517 3010 4571 157.
3052 4515 3237 4570 ΡΕτιι..
3283 4515 3448 4571 dixit:
3478 4514 3618 4570 Dicit
3669 4526 3842 4570 autem

2243 4614 2491 4670 Dominus
2521 4610 2771 4675 Christus,
2807 4629 2826 4662 t
2869 4609 2968 4674 Qui
3007 4609 3181 4679 fecerit
3209 4617 3257 4664 et
3279 4609 3352 4664 sic
3381 4608 3626 4674 docuerit,
3669 4609 3841 4662 mad-

2245 4724 2355 4762 mus
2384 4704 2639 4760 vocabitur
2662 4704 2715 4756 in
2741 4718 2896 4774 regno
2923 4701 3182 4755 caelorum.
3219 4720 3238 4753 ι
3267 4699 3357 4756 Sic
3384 4710 3549 4755 autem
3578 4717 3666 4755 vos
3688 4702 3844 4756 mise-

2246 4814 2329 4852 ros
2349 4798 2556 4850 damnat
2583 4809 2601 4848 :
2633 4792 2765 4858 «Qui
2784 4793 3041 4846 resolverit
3066 4808 3222 4846 unum
3245 4808 3309 4847 ea:
3333 4793 3412 4846 his
3432 4791 3706 4858 mandatis,
3739 4790 3844 4845 mi-

2247 4889 2414 4944 nimus
2441 4885 2696 4942 vocabitur
2715 4884 2768 4939 in
2794 4901 2948 4956 regno
2971 4882 3230 4938 caelorum.
3268 4901 3289 4936 s

2320 4980 2442 5036 158.
2473 4980 2608 5035 Avo.
2654 4976 2929 5048 respondit
2972 4995 2987 5031 :
3017 4975 3119 5033 Ubi
3149 4975 3286 5032 forte
3327 4975 3486 5032 aliter
3527 4973 3663 5030 dicis
3694 4975 3848 5032 testi-

2247 5072 2427 5129 monia
2455 5070 2850 5141 Scripturarum
2877 5110 2891 5134 ,
2917 5083 3075 5139 quam
3104 5082 3225 5123 sese
3263 5067 3497 5134 habent,
3545 5075 3601 5122 et
3627 5066 3696 5121 ad
3729 5081 3847 5122 rem

2249 5181 2370 5236 qua:
2400 5165 2539 5219 inter
2565 5177 2662 5217 nos
2690 5163 2892 5232 agitur,
2924 5176 3030 5216 non
3056 5161 3308 5232 pertinet,
3344 5175 3449 5216 non
3480 5159 3644 5215 nimis
3666 5173 3804 5214 curo
3829 5176 3845 5212 :

2252 5258 2342 5313 ubi
2375 5265 2555 5310 autem
2600 5254 2899 5325 impediunt
2935 5253 3079 5324 quod
3109 5263 3420 5321 tractamus,
3450 5253 3550 5308 nisi
3581 5253 3852 5308 veraciter

2253 5349 2610 5422 proferantur,
2657 5364 2766 5405 non
2813 5360 2865 5404 te
2909 5348 3138 5404 arbitror
3177 5362 3496 5403 succensere
3537 5346 3756 5412 debere,
3801 5345 3848 5402 si

2252 5439 2698 5514 quemadmodum
2725 5440 2982 5511 scriptum
3008 5441 3076 5495 sit
3101 5449 3154 5495 te
3173 5454 3554 5495 commemoro.
3581 5439 3724 5493 Ecce
3744 5437 3849 5492 hoc

2253 5536 2396 5607 quod
2441 5534 2602 5591 modo
2629 5534 2893 5605 posuisti,
2924 5549 3033 5589 non
3080 5533 3148 5587 ita
3193 5534 3447 5603 scriptum
3476 5541 3602 5588 est:
3631 5531 3729 5586 sed
3775 5530 3849 5585 ita

2255 5631 2452 5702 potius,
2491 5629 2592 5697 Qui
2611 5629 2816 5683 solverit
2844 5643 3001 5682 unum
3027 5626 3090 5679 de
3116 5626 3371 5680 mandatis
3395 5624 3504 5681 istis
3527 5624 3776 5690 minimis,
3801 5629 3852 5678 et

2256 5721 2480 5777 docuerit
2507 5721 2600 5788 sic,
2625 5720 2863 5775 minimus
2881 5716 3140 5772 vocabitur
3175 5718 3229 5772 in
3251 5734 3407 5791 regno
3445 5717 3713 5774 caelorum.
3748 5713 3850 5784 Qui

2321 5858 2338 5889 ι
2364 5855 2504 5915 Editi,
2530 5852 2714 5905 videtis.
2743 5859 2942 5911 AtMss.,
2964 5849 3160 5905 videris.

2323 5920 2344 5950 ⁸
2367 5919 2452 5968 llic
2476 5918 2612 5977 editi,
2637 5930 2732 5966 vos.
2759 5923 2814 5964 Αι
2841 5923 2967 5976 Μ58.,
2989 5926 3092 5966 nos.
