4008 6534
205 557 367 601 autem
396 541 578 615 fecerit
598 546 646 594 et
666 538 739 593 sic
762 535 1003 599 docuerit,
1032 549 1247 604 magnus
1274 531 1535 586 vocabitur
1558 532 1611 584 in
1638 546 1797 601 regno

206 640 466 694 caelorum.
518 633 581 687 Et
611 630 861 686 continuo
905 636 1117 681 secutus
1159 626 1231 678 ait
1262 641 1274 677 :
1306 621 1434 676 Dico
1464 623 1596 675 enim
1637 620 1795 689 vobis,

204 732 319 798 quia
360 726 465 780 nisi
493 721 820 777 abundaverit
836 718 1041 790 justitia
1066 725 1230 771 vestra
1251 731 1402 785 super
1429 712 1726 768 Scribarum
1754 720 1800 766 et

205 818 615 880 Pharisaeorum,
639 828 740 867 non
758 810 1010 865 intrabitis
1020 808 1073 862 in
1094 822 1306 877 regnum
1328 806 1565 860 caelorum
1583 802 1797 873 (Matth.

205 929 256 979 v,
303 911 397 976 19,
426 908 545 978 ΞΟ).
579 905 719 961 Alibi
746 904 888 959 enim
922 902 1227 958 Pbarisaeos
1251 899 1486 954 ostendit
1513 906 1566 953 et
1589 897 1800 967 arguit,

205 1002 461 1073 quoniam
490 998 693 1063 dicunt,
742 1004 795 1051 et
824 1009 929 1050 non
973 992 1190 1048 faciunt.
1220 992 1331 1046 Hos
1357 1006 1483 1061 ergo
1513 1000 1567 1044 et
1609 988 1697 1042 hic
1726 987 1801 1042 si-

205 1090 500 1164 gniﬁcavit,
528 1102 651 1144 cum
681 1086 902 1151 diceret,
932 1084 1034 1150 Qui
1058 1084 1263 1139 solverit
1288 1095 1335 1136 et
1358 1084 1430 1137 sic
1451 1081 1674 1135 docuerit
1702 1096 1720 1134 :
1748 1078 1803 1134 id

207 1194 309 1249 est,
338 1182 595 1238 docuerit
630 1180 826 1242 verbis,
858 1178 999 1248 quod
1026 1176 1247 1233 solverit
1272 1174 1443 1231 factis.
1472 1175 1646 1243 Super
1669 1186 1804 1242 quos

208 1277 484 1334 mundare
510 1273 770 1346 praecepit
794 1272 1057 1342 justitiam
1086 1279 1322 1324 nostram
1342 1309 1357 1335 ,
1387 1278 1444 1322 ut
1473 1266 1728 1320 faciamus
1751 1271 1806 1319 et

208 1374 282 1426 sic
308 1369 627 1425 doceamus.
656 1367 720 1421 Et
750 1375 928 1420 tamen
956 1379 1056 1419 nec
1078 1370 1297 1433 pr0pter
1336 1361 1452 1415 illos
1481 1359 1801 1424 Phariszeos,

207 1465 404 1534 quibus
437 1476 539 1515 nos
566 1474 674 1515 non
719 1473 816 1529 per
838 1456 1197 1527 prudentiam,
1226 1453 1321 1508 sed
1351 1468 1447 1522 per
1474 1450 1802 1505 malevolen-

209 1560 333 1612 tiam
363 1553 713 1624 comparatis,
745 1551 994 1622 praecepit
1018 1549 1275 1603 Dominus
1299 1544 1472 1601 deseri
1498 1542 1805 1599 cathedram

208 1648 393 1718 Moysi,
429 1648 482 1699 in
512 1660 615 1714 qua
644 1644 830 1712 utique
875 1640 1137 1711 figurabat
1165 1653 1315 1693 suam
1352 1654 1365 1691 :
1398 1637 1581 1691 dicens
1610 1637 1819 1704 quippe.

208 1739 326 1792 illos
352 1734 670 1791 cathedram
698 1732 865 1804 Moysi
891 1731 1161 1796 sedentes,
1192 1728 1371 1783 dicere
1395 1735 1451 1781 et
1471 1742 1577 1779 non
1599 1726 1804 1789 facere;

210 1841 392 1885 monet
438 1839 618 1883 tamen
653 1826 877 1897 populos
908 1825 1084 1879 facere
1113 1838 1233 1893 qua:
1260 1822 1478 1886 dicunt,
1511 1828 1566 1873 et
1590 1834 1698 1873 non
1725 1816 1807 1873 fa-

210 1936 330 1979 cere
355 1938 479 1994 qua:
508 1921 729 1987 faciunt,
767 1918 875 1991 (Id.
910 1934 1066 1983 xx"),
1098 1917 1151 1981 2,
1180 1917 1256 1985 '5),
1295 1931 1359 1968 ne
1388 1912 1658 1968 cathedrae
1687 1925 1810 1965 san-

211 2017 363 2069 ctitas
412 2014 721 2078 deseratur,
772 2020 827 2066 et
873 2018 1093 2082 propter
1136 2017 1378 2079 pastores
1418 2005 1590 2061 malos
1633 2002 1809 2075 gregis

211 2107 388 2162 unitas
420 2103 711 2159 dividatur.

275 2197 512 2255 CAPUT
551 2196 714 2252 LXII.
758 2225 831 2236 —
871 2193 996 2251 139.
1043 2192 1231 2248 Ρετιι..
1276 2189 1453 2246 dixit:
1485 2187 1551 2243 Et
1588 2189 1807 2253 iterum,

214 2313 235 2347 ι
269 2293 438 2348 Omne
465 2299 730 2362 peccatum
783 2288 919 2359 quod
958 2286 1234 2355 peccaverit
1287 2284 1456 2350 homo,
1513 2291 1656 2337 extra
1698 2298 1811 2336 cor-

210 2403 301 2458 pus
328 2394 406 2440 est
432 2401 452 2438 :
482 2384 571 2455 qui
590 2394 758 2437 autem
795 2381 1069 2453 peccaverit
1106 2381 1160 2433 in
1190 2378 1389 2449 Spiritu
1413 2386 1608 2445 sancto,
1640 2393 1741 2430 non
1768 2375 1813 2430 ei

208 2479 516 2544 remittetur,
551 2492 642 2529 nec
666 2476 721 2529 in
750 2475 846 2528 hoc
869 2472 1077 2537 saeculo,
1105 2486 1195 2525 nec
1215 2470 1267 2523 in
1294 2473 1522 2541 futuro.)

278 2570 407 2626 140.
440 2570 581 2624 Anc.
614 2566 893 2636 respondit
923 2582 937 2619 :
967 2566 1036 2619 Et
1059 2563 1162 2618 hoc
1191 2576 1299 2617 non
1328 2560 1401 2615 ita
1427 2560 1681 2629 scriptum
1706 2566 1809 2626 est,

212 2672 265 2717 et
293 2660 417 2715 vide
442 2668 707 2729 quantum
730 2667 783 2712 te
808 2657 1071 2712 fefellerit.
1104 2653 1393 2724 Apostolus
1416 2651 1482 2706 ad
1509 2651 1814 2707 Corinthios

216 2752 502 2817 scribens,
555 2751 631 2804 ait
674 2766 687 2802 :
742 2750 904 2802 Omne
953 2756 1212 2818 peccatum
1252 2746 1599 2816 quodcumque
1645 2743 1815 2813 fecerit

218 2848 388 2912 homo,
418 2853 570 2900 castra
591 2859 777 2912 corpus
804 2849 913 2906 est;
938 2840 1025 2909 qui
1047 2848 1213 2893 autem
1237 2838 1535 2910 fornicatur,
1559 2836 1613 2889 in
1633 2852 1816 2906 corpus

214 2954 363 2993 suum
405 2943 579 3006 peccat
622 2936 639 3003 (
666 2934 686 2989 l
715 2932 833 2989 Cor.
874 2948 946 3001 vt,
978 2929 1088 3003 18).
1116 2930 1231 2985 Hoc
1259 2937 1436 2982 autem
1463 2926 1602 2982 aliud
1630 2934 1731 2992 est,
1763 2934 1817 2982 et

220 3029 365 3083 aliud
396 3027 522 3082 illud
571 3026 717 3097 quod
748 3025 1004 3079 Dominus
1034 3024 1085 3077 in
1127 3021 1415 3090 Evangelia
1454 3019 1622 3074 dixit:
1657 3016 1818 3072 Omne

219 3131 477 3193 peccatum
505 3130 553 3175 et
575 3118 890 3187 blasphemia
915 3116 1192 3170 dimittetur
1212 3112 1530 3175 hominibus;
1546 3111 1631 3181 qui
1651 3119 1818 3166 autem

218 3213 498 3283 peccaverit
526 3212 581 3265 in
610 3209 861 3280 Spiritum
888 3217 1138 3273 sanctum,
1161 3223 1260 3260 non
1277 3206 1553 3259 remiltetur
1571 3204 1637 3267 ei,
1658 3220 1747 3258 nec
1766 3204 1821 3258 in

218 3306 311 3360 hoc
331 3306 548 3367 δίει-κιο,
570 3320 661 3357 nec
673 3303 729 3355 in
751 3306 925 3372 futuro
948 3298 1159 3370 (Matth.
1183 3313 1281 3361 xu,
1302 3298 1391 3364 31,
1410 3296 1522 3366 32).
1546 3295 1624 3349 Tu
1641 3304 1819 3350 autem

216 3398 428 3466 cmpisti
462 3411 530 3450 ex
560 3392 815 3463 Apostolo
843 3391 1186 3455 sententiam,
1214 3399 1270 3443 et
1293 3403 1411 3443 eam
1439 3394 1692 3456 tanquam
1720 3401 1823 3442 una

215 3491 284 3546 sit
308 3505 381 3544 ex
407 3486 707 3556 Evangelio
738 3483 1035 3540 terminasti
1062 3499 1075 3535 :
1099 3481 1241 3551 quod
1271 3490 1323 3535 te
1348 3494 1454 3533 non
1480 3478 1642 3533 credo
1683 3478 1824 3532 frau-

220 3581 309 3645 de,
342 3578 447 3637 sed
488 3593 671 3633 errore
700 3576 912 3632 fecisse.
944 3574 1141 3630 Neutra
1167 3573 1311 3628 enim
1339 3570 1404 3625 ad
1430 3585 1543 3625 rem
1570 3568 1821 3639 pertinet,

218 3684 272 3731 et
295 3689 395 3729 cur
426 3672 548 3726 Ι]ωο
590 3670 811 3736 dixeris,
854 3676 909 3723 et
934 3680 1145 3737 quoquo
1172 3663 1333 3719 modo
1360 3662 1580 3729 dixeris,
1608 3663 1825 3716 omnino

222 3782 331 3822 non
375 3764 583 3821 video:
616 3762 721 3817 nisi
764 3762 921 3827 forte,
961 3759 1085 3831 quia
1127 3773 1247 3813 cum
1288 3757 1533 3826 superius
1577 3754 1823 3821 dixisses,

225 3861 512 3915 damnatos
552 3871 674 3911 esse
718 3870 750 3910 a
794 3854 1019 3909 Domino
1064 3852 1155 3921 qui
1199 3850 1519 3906 resolverint
1557 3864 1719 3903 unum
1760 3863 1826 3902 ex

227 3951 538 4014 mandatis,
587 3945 941 4002 considerasti
972 3958 1131 4014 quam
1174 3942 1374 3996 multos
1416 3940 1689 4005 habeatis,
1719 3953 1826 3993 non

226 4062 421 4113 unum,
453 4043 547 4099 sed
575 4042 743 4097 multa
790 4038 1038 4094 mandata
1064 4036 1363 4098 solventes;
1396 4041 1451 4089 et
1479 4047 1545 4087 ne
1566 4031 1661 4085 tibi
1691 4030 1829 4100 obji-

232 4147 469 4201 ceretur,
498 4133 719 4190 voluisti
747 4146 843 4201 per
872 4129 1151 4184 transitum
1194 4125 1551 4182 subinducere
1579 4122 1829 4177 differen-

232 4231 362 4284 tiam
408 4235 783 4297 peccatorum,
814 4221 955 4276 aliud
984 4235 1104 4275 esse
1132 4219 1340 4273 solvere
1368 4215 1579 4285 aliquod
1610 4213 1831 4269 manda-

227 4331 339 4377 tum
361 4320 505 4375 unde
529 4318 686 4372 venia
709 4315 879 4371 facilis
904 4314 1073 4384 possit
1098 4311 1263 4381 accipi
1286 4328 1301 4375 ;
1341 4308 1485 4364 aliud
1510 4316 1685 4361 autem
1708 4320 1832 4375 pec-

224 4428 354 4467 care
374 4412 429 4466 in
452 4408 715 4480 Spiritum
739 4413 1002 4469 sanctum,
1025 4401 1165 4472 quod
1182 4416 1288 4455 non
1314 4398 1633 4461 remittetur,
1659 4411 1832 4467 neque

226 4506 284 4560 in
312 4504 417 4559 hoc
448 4501 679 4566 saeculo,
709 4512 884 4568 neque
914 4497 965 4551 in
1011 4496 1211 4549 futuro.
1255 4493 1474 4547 Timens
1500 4491 1676 4560 itaque
1705 4505 1834 4545 con-

227 4596 369 4665 tagia
416 4601 770 4665 peccatorum
815 4589 917 4641 hoc
956 4595 1135 4641 tacere
1178 4583 1395 4639 noluisti
1427 4584 1480 4647 ¹;
1526 4590 1581 4636 et
1606 4596 1829 4647 rursus,

226 4687 427 4741 timens
478 4680 901 4753 profunditatem
946 4676 1257 4747 quaestionis
1300 4673 1645 4730 excedentem
1693 4673 1833 4727 vires

223 4788 374 4846 tuas,
403 4779 510 4833 hoc
554 4775 755 4830 cursim
786 4771 1145 4843 perstringere
1167 4768 1403 4831 voluisti,
1433 4776 1576 4822 tanta
1599 4765 1833 4837 trepida-

225 4875 403 4939 tione,
448 4881 511 4927 nt
539 4865 991 4941 quemadmodum
1021 4863 1195 4918 solent
1236 4861 1634 4932 perturbatione
1659 4859 1834 4927 aliqua

223 4965 557 5020 festinantes
584 4974 841 5032 perverse
869 4972 927 5013 se
949 4956 1145 5012 vestire
1172 4962 1263 5008 aut
1291 4953 1561 5016 calceare,
1602 4951 1837 5006 nolueris

222 5057 523 5115 attendere
545 5054 630 5109 vel
658 5050 783 5123 quid
810 5049 877 5105 ad
900 5048 1038 5120 quod
1068 5046 1344 5116 pertineat,
1366 5045 1449 5099 vel
1472 5043 1561 5099 ubi
1582 5049 1638 5097 et
1660 5056 1841 5112 quem-

224 5152 531 5207 admodum
560 5149 818 5217 scriptum
848 5144 936 5198 sit.
969 5142 1137 5208 Quale
1168 5140 1235 5194 sit
1264 5146 1439 5193 autem
1480 5136 1609 5191 illud
1651 5149 1839 5205 pecca-

224 5254 356 5297 tum
377 5240 524 5312 quod
558 5253 664 5293 non
682 5235 1002 5301 dimittetur,
1030 5245 1205 5301 neque
1224 5230 1279 5285 in
1302 5231 1406 5285 hoc
1421 5227 1638 5293 saeculo,
1667 5240 1841 5296 neque

221 5339 285 5394 in
312 5337 522 5403 futuro,
542 5347 711 5403 usque
736 5329 871 5385 adeo
895 5327 1131 5392 nescitis,
1153 5335 1213 5381 ut
1230 5340 1351 5380 cum
1379 5325 1430 5378 in
1463 5323 1578 5393 ipso
1599 5336 1697 5377 nos
1722 5335 1842 5375 esse

219 5427 497 5491 credatis,
528 5422 905 5490 remissionem
954 5428 1129 5474 tamen
1155 5418 1277 5487 ejus
1307 5431 1399 5485 per
1422 5422 1659 5469 vestrum
1689 5413 1843 5468 nobis

222 5521 583 5590 Baptismum
608 5513 956 5587 promittatis.
982 5511 1134 5579 Quod
1160 5508 1300 5563 unde
1320 5506 1433 5561 ﬁeri
1456 5512 1647 5575 potest,
1673 5505 1715 5558 si
1741 5505 1845 5558 tale

219 5612 541 5687 peccatum
554 5617 659 5675 est,
683 5616 741 5669 ut
761 5621 867 5663 non
885 5605 1200 5671 dimittatur,
1228 5613 1404 5671 neque
1429 5598 1482 5652 in
1504 5597 1607 5652 hoc
1627 5597 1841 5661 saeculo,

218 5721 429 5779 neque
448 5706 502 5762 in
534 5701 753 5760 futuro?

298 5865 321 5898 ι
354 5862 436 5911 sic
458 5868 565 5910 Mss.
604 5857 727 5908 Editi
748 5867 887 5913 vero,
912 5861 1069 5904 tacere
1090 5848 1278 5901 voluisti
1301 5860 1319 5899 :
1349 5854 1403 5901 et
1422 5846 1567 5913 paulo
1589 5850 1728 5910 post,
1750 5842 1841 5897 hoc

215 5936 490 5986 manu;
527 5934 637 5986 pro,
664 5919 750 5971 hoc
772 5916 992 5971 cursim:
1018 5917 1180 5968 minus
1196 5913 1350 5965 bene.

1551 413 1763 469 LIBER
1803 411 2186 470 SECUNDUS.

3397 415 3501 473 306

1981 528 2206 585 CAPUT
2244 528 2423 585 Lxut.
2460 561 2530 571 —
2560 532 2683 587 ιιι.
2715 533 2900 587 rem.
2931 533 3069 588 dixit
3109 550 3123 587 ε
3168 533 3351 587 Divina
3391 516 3506 588 vero

1908 622 2150 675 mandata
2170 622 2348 693 quibus
2360 624 2503 680 rebus
2530 625 2748 695 impletis
2766 626 2792 679 Ρ
2816 625 2955 681 Dicat
2980 625 3230 681 Dominus
3251 625 3504 693 Christus,

1916 732 1934 765 ι
1969 712 2114 767 Beati
2140 730 2388 786 pauperes
2413 717 2615 786 spiritu,
2646 718 2886 787 quoniam
2930 718 3155 786 ipsorum
3186 727 3259 772 est
3296 734 3508 789 regnum

1909 806 2170 860 caelorum.
2226 825 2243 858 ι
2304 805 2407 862 Vos
2450 809 2782 879 persequendi
2827 808 3025 864 malitia
3070 809 3257 882 furoris
3304 809 3506 867 divitias

1911 900 2182 955 exhalatis.

1985 992 2108 1047 ιω.
2137 994 2272 1048 Anc.
2295 993 2575 1064 respondit
2604 1009 2618 1048 :
2648 994 2817 1053 Dicite
2838 996 2942 1053 ista
2970 996 3150 1069 potius
3174 996 3508 1053 Circumcel-

1912 1083 2144 1139 lionibus
2175 1086 2393 1140 vestris.

1982 1197 2209 1254 CAPUT
2248 1197 2433 1254 LXIV.
2463 1202 2675 1257 -—143.
2708 1201 2895 1257 Ριιτιι..
2924 1203 3058 1258 dixit
3088 1222 3101 1258 :
3143 1222 3162 1257 ε
3190 1203 3335 1259 Beati
3362 1219 3511 1258 nsan-

1911 1290 2074 1353 sueti,
2108 1290 2349 1359 quoniam
2390 1291 2489 1361 ipsi
2538 1291 2857 1361 possidebunt
2899 1303 3103 1347 terram.
3136 1314 3153 1345 ι
3212 1292 3312 1349 Vos
3354 1295 3511 1365 igitur

1911 1382 2232 1437 immansueti
2259 1391 2445 1436 terram
2474 1391 2519 1436 et
2545 1384 2725 1437 caelum
2752 1385 2941 1452 pariter
2968 1385 3277 1455 perdidistis.

1985 1472 2108 1527 1M.
2154 1472 2289 1529 Auc.
2325 1473 2641 1542 respondit:
2675 1474 2873 1529 lterum
2901 1483 3062 1546 atque
3099 1477 3292 1532 iterum
3331 1476 3512 1532 audite

1914 1565 2199 1619 Dominum
2224 1564 2512 1631 dicentem,
2542 1564 2704 1619 Erilis
2730 1566 2855 1620 mihi
2880 1576 3026 1621 testes
3054 1568 3108 1620 in
3132 1566 3438 1635 Jerusalem,
3462 1575 3513 1623 et

1912 1656 1966 1710 in
2009 1666 2165 1710 totam
2201 1656 2440 1712 Judwam
2477 1667 2524 1711 et
2552 1657 2863 1726 Samariam,
2891 1668 2937 1713 et
2964 1676 3120 1729 usque
3144 1660 3199 1713 in
3225 1669 3379 1714 totam
3413 1670 3513 1715 ter-

1914 1765 2026 1802 ram
2058 1748 2194 1820 (Act.
2228 1766 2267 1818 ι,
2299 1750 2378 1823 8).
2410 1751 2519 1806 Cur
2545 1766 2652 1806 non
2679 1767 2808 1823 ergo
2840 1752 2912 1806 illi
2944 1751 3289 1822 perdiderunt
3316 1761 3510 1807 terram

1913 1841 2209 1908 ctcmlum,
2252 1842 2342 1913 qui
2382 1851 2441 1897 ut
2466 1858 2573 1898 non
2601 1844 2997 1899 communicent
3042 1844 3304 1899 universae
3329 1852 3511 1910 teme,

1915 1942 2267 1989 contemnunt
2296 1934 2456 1989 verba
2505 1934 2743 1991 sedentis
2782 1937 2836 1990 in
2866 1935 3047 1991 coelo?
3077 1935 3206 1989 Nam
3238 1934 3305 1989 de
3335 1942 3515 1990 vestra

1915 2025 2328 2081 mansuetudine
2355 2068 2368 2091 ,
2396 2042 2505 2081 non
2550 2037 2653 2083 tum
2680 2042 2861 2093 voces,
2891 2027 2984 2083 sed
3013 2026 3515 2084 Circumeellionum

1914 2116 2087 2172 fustes
2119 2117 2538 2188 interrogentur.
2588 2119 2832 2173 Dicturus
2857 2134 2937 2185 es,
2967 2117 3103 2185 Quid
3130 2118 3197 2172 ad
3223 2132 3322 2173 nos
3348 2117 3513 2186 perti-

1915 2209 2047 2262 net?
2073 2207 2235 2275 Quasi
2263 2223 2361 2263 nos
2405 2210 2506 2264 ista
2533 2209 2795 2276 dicamus,
2830 2208 2931 2263 nisi
2960 2218 3015 2263 ut
3044 2208 3146 2263 hoc
3185 2208 3513 2278 respondea-

1917 2302 2027 2355 tis?
2054 2301 2180 2356 ldeo
2204 2302 2349 2357 enim
2374 2302 2441 2357 ad
2465 2318 2560 2358 vos
2586 2304 2818 2373 pertinet
2844 2303 3075 2359 schisma
3103 2312 3361 2370 vestrum,
3393 2301 3517 2373 quia

1921 2396 2195 2465 pertinere
2231 2397 2298 2450 ad
2339 2410 2435 2451 vos
2486 2406 2762 2467 peccatum
2791 2412 2895 2450 non
2927 2397 3086 2451 vultis
3114 2396 3344 2451 alienum
3376 2413 3389 2448 :
3416 2407 3518 2450 nec

1918 2495 2096 2542 tamen
2125 2486 2196 2541 ob
2222 2487 2367 2541 aliud
2397 2503 2496 2543 vos
2522 2503 2551 2541 a
2593 2488 2747 2543 nobis
2777 2488 3100 2558 separastis,
3128 2488 3229 2543 nisi
3258 2487 3387 2542 dum
3412 2501 3516 2543 no-

1918 2580 2001 2636 bis
2020 2580 2253 2650 objicitis
2280 2581 2486 2636 crimen
2513 2581 2766 2637 alienum.

1990 2691 2218 2747 CAPUT
2240 2691 2602 2748 LXV.-—145.
2622 2692 2807 2748 PETIL.
2822 2691 2955 2747 dixit
2978 2708 3022 2745 τι
3050 2690 3197 2745 Beati
3214 2692 3301 2762 qui
3321 2692 3514 2762 lugent,

1919 2784 2158 2854 quoniam
2178 2785 2276 2855 ipsi
2301 2783 2713 2839 consolabuntur.
2746 2803 2765 2837 ι
2804 2783 2926 2851 Vos,
2950 2784 3109 2839 nostri
3128 2784 3410 2853 carnifices,
3441 2785 3519 2838 lu-

1922 2886 2093 2946 gentes
2124 2877 2314 2945 facitis,
2344 2893 2446 2930 non
2471 2877 2673 2947 lugetis.

1997 2968 2121 3023 146.
2150 2970 2282 3024 Anc.
2323 2968 2601 3037 respondit
2630 2986 2644 3022 :
2669 2968 3019 3024 Considerate
3047 2968 3319 3039 paululum
3360 2981 3521 3037 quam

1922 3058 2138 3124 multis,
2208 3066 2262 3113 et
2303 3066 2557 3127 quantum
2607 3058 2807 3113 luctum
2851 3059 3099 3114 dederint
3149 3058 3255 3112 Deo
3305 3056 3514 3113 Laudes

1923 3160 2252 3205 armatorum
2280 3160 2579 3205 vestrorum
2607 3152 2645 3204 ³.
2676 3152 2843 3206 Dicite
2871 3151 3085 3218 iterum,
3115 3150 3252 3217 Quid
3281 3150 3347 3205 ad
3374 3165 3474 3205 nos
3493 3150 3519 3202 ‘t

1925 3244 1996 3299 Et
2019 3260 2119 3315 ego
2145 3244 2334 3300 iterum
2361 3245 2556 3311 dicam,
2584 3254 2639 3300 et
2662 3254 2716 3299 tu
2746 3244 2887 3315 quod
2916 3244 3072 3311 dicis,
3103 3243 3240 3311 Quid
3271 3243 3339 3298 ad
3377 3256 3477 3298 nos
3497 3243 3524 3296 ?

1925 3337 2054 3407 quid
2083 3337 2149 3392 ad
2190 3338 2376 3392 orbem
2406 3338 2708 3392 terrarum?
2740 3337 2874 3407 quid
2919 3337 2984 3391 ad
3030 3352 3125 3392 eos
3171 3337 3258 3407 qui
3306 3336 3527 3392 laudant

1927 3447 2122 3487 nomen
2152 3432 2359 3485 Domini
2392 3446 2420 3484 a
2462 3432 2591 3486 solis
2634 3439 2752 3485 ortu
2784 3447 2951 3501 usque
2977 3430 3042 3485 ad
3084 3429 3373 3485 occasum?
3397 3428 3528 3499 quid

1928 3522 1995 3577 ad
2024 3536 2239 3577 omnem
2268 3530 2464 3576 terram
2488 3537 2608 3592 qua:
2632 3530 2813 3577 cantat
2841 3522 3106 3576 canticum
3135 3518 3374 3577 novum?
3394 3519 3526 3590 quid

1930 3616 1995 3670 ad
2038 3630 2222 3669 semen
2254 3614 2504 3681 Abrahae,
2536 3614 2588 3669 in
2615 3629 2723 3682 quo
2764 3614 3154 3669 benedicuntur
3181 3625 3370 3667 omnes
3397 3627 3529 3681 gen-

1931 3715 2013 3761 tes
2044 3704 2197 3776 (Gen.
2224 3721 2357 3773 χχιι,
2388 3705 2523 3777 18)?
2550 3705 2692 3775 Ergo
2721 3704 2842 3759 ideo
2868 3704 2934 3758 ad
2977 3718 3071 3759 vos
3095 3704 3329 3774 pertinet
3356 3702 3528 3757 sacri-

1931 3798 2127 3868 legium
2173 3796 2496 3862 schismatis,
2520 3797 2640 3865 quia
2670 3811 2773 3850 non
2803 3795 2868 3849 ad
2917 3810 3015 3849 vos
3043 3794 3313 3863 pertinent
3335 3794 3356 3824 ¹
3384 3791 3524 3847 facta

1931 3889 2073 3944 mala
2102 3898 2422 3954 vestrorum,
2441 3896 2495 3942 et
2518 3888 2641 3940 hinc
2672 3886 2963 3954 intelligitis
2984 3899 3083 3938 nec
3111 3884 3178 3938 ad
3203 3883 3387 3938 orbem
3410 3891 3525 3937 ter-

1932 3999 2113 4039 rarum
2142 3983 2440 4053 pertinere,
2473 3981 2635 4035 etiam
2662 3981 2706 4034 si
2736 3994 2798 4033 ea
2826 3976 3148 4049 probaretis,
3175 3976 3315 4033 facta
3337 3989 3528 4032 eorum

1933 4085 2155 4148 propter
2183 4088 2316 4144 quos
2342 4073 2469 4129 inde
2493 4087 2589 4127 vos
2618 4072 2923 4142 separastis.

2004 4185 2231 4244 CAPUT
2271 4185 2456 4241 LXVI.
2502 4215 2570 4225 —
2609 4185 2730 4239 M7.
2767 4184 2949 4238 Ρετιι.
2980 4180 3158 4237 dixit:
3209 4198 3229 4235 ι
3260 4179 3403 4235 Beati
3443 4180 3534 4251 qui

1936 4280 2167 4335 esuriunt
2189 4287 2235 4332 et
2256 4278 2430 4331 sitiunt
2446 4276 2715 4343 iustitiam,
2738 4274 2975 4344 quoniam
2994 4272 3091 4342 ipsi
3112 4270 3527 4326 saturabuntur.s

1950 4369 2097 4425 Vobis
2121 4371 2226 4424 haec
2242 4368 2447 4439 justitia
2464 4375 2557 4433 est,
2583 4375 2637 4419 ut
2654 4375 2880 4420 nostrum
2903 4365 3199 4435 sanguinem
3221 4364 3422 4417 sitiatis.

2010 4464 2134 4519 148.
2172 4466 2307 4518 Anc.
2340 4459 2657 4531 respondit:
2690 4458 2827 4527 Quid
2875 4457 2971 4512 tibi
3015 4457 3187 4511 dicam
3214 4496 3229 4521 ,
3263 4464 3318 4509 tu
3368 4455 3535 4511 homo

1936 4557 2041 4612 nisi
2082 4555 2206 4627 quia
2237 4554 2601 4611 calumniosus
2628 4552 2721 4608 es?
2752 4551 2933 4606 Esurit
2975 4549 3189 4619 quidem
3218 4564 3313 4604 vos
3341 4555 3396 4604 et
3422 4550 3535 4605 sitit

1938 4648 2116 4703 unitas
2140 4646 2341 4702 Christi
2386 4664 2400 4702 :
2428 4660 2549 4716 qua:
2576 4644 2780 4699 utinam
2808 4657 2902 4699 vos
2946 4640 3267 4706 absorbeat;
3296 4638 3537 4697 bzeretici

1938 4753 2047 4795 non
2072 4737 2244 4794 eritis.

2008 4848 2236 4905 CAPUT
2267 4842 2878 4945 LXVll.-:-—1-l9.l’nrtt..
2906 4842 3040 4898 dixit
3071 4861 3084 4897 :
3118 4862 3139 4895 ι
3171 4841 3318 4898 Beati
3340 4844 3540 4899 miscri-

1940 4944 2116 5000 cordes
2144 4941 2381 5012 quoniam
2404 4940 2504 5009 ipsi
2533 4938 2934 4993 misericordiam
2959 4948 3341 5010 consequentur.
3373 4958 3392 4990 ι
3428 4937 3530 4992 Vos

1941 5034 2143 5108 quando
2159 5032 2502 5088 misericordes
2521 5031 2792 5103 appellem,
2810 5047 2923 5085 cum
2936 5046 3107 5101 pinnas
3112 5030 3143 5100 j
3147 5031 3267 5084 ustis
3286 5026 3537 5098 ingeritis!

1944 5146 2011 5184 an
2026 5127 2426 5184 communionem
2443 5124 2463 5155 ³
2479 5124 2852 5196 nequissimam,
2868 5124 2987 5178 dum
2998 5123 3193 5177 animos
3216 5120 3490 5190 inquinatis
3506 5119 3533 5172 ?

2010 5285 2028 5316 ι
2053 5283 2172 5344 Editi
2191 5320 2204 5341 ,
2252 5293 2395 5344 quam
2415 5279 2617 5330 multum
2638 5285 2685 5330 et
2722 5285 2951 5344 quantum
2974 5278 3155 5344 luctum
3177 5272 3401 5344 dederint
3433 5282 3535 5325 Deo

1948 5344 2070 5408 (vel,
2093 5339 2224 5407 idea)
2248 5339 2416 5408 laudes
2434 5349 2702 5408 amatorum
2718 5339 3003 5408 vestrorum:
3023 5339 3322 5408 castigantur
3344 5348 3407 5408 ex
3427 5344 3535 5408 Mss.

1947 5398 2082 5458 Solus
2103 5398 2323 5456 Erasmus
2344 5406 2521 5463 habet,
2543 5404 2653 5455 ideo
2675 5402 2841 5454 laudes
2870 5417 2887 5453 :
2910 5401 3051 5452 male.
3077 5398 3186 5463 nam
3212 5406 3324 5463 Anco
3355 5398 3539 5450 Iaudes

1948 5483 2044 5520 vox
2079 5477 2185 5519 erat
2219 5459 2663 5518 Circumcelli'onum
2711 5481 2722 5515 :
2771 5484 2792 5511 «
2818 5473 2846 5511 A
2871 5465 3044 5527 quibus
3064 5459 3169 5522 plus
3187 5461 3387 5527 timetur
3436 5470 3537 5512 Deo

1950 5532 2152 5591 laudes,
2183 5545 2327 5591 quam
2354 5530 2572 5579 fremitus
2595 5528 2769 5591 leonis,
2786 5543 2807 5573 to
2832 5524 3003 5586 induit,
3029 5524 3333 5591 augustinus,
3375 5529 3538 5591 εἰπεῖν.

1950 5596 2001 5705 {In
2025 5584 2150 5667 Psalf
2177 5584 2279 5653 132,
2307 5608 2355 5642 ιι.
2383 5593 2569 5641 6.1tem
2592 5590 2709 5639 ibid.
2742 5584 2765 5635 ii
2788 5584 3089 5638 Deo'Laudes
3110 5590 3327 5634 vestrum
3350 5584 3542 5648 plorant

1985 5669 2187 5705 omines.
2206 5672 2229 5701 ν

1985 5669 2187 5705 omines.
2206 5672 2229 5701 ν

2014 5719 2035 5748 ¹
2061 5718 2197 5776 aditi,
2223 5714 2335 5779 quia
2357 5714 2422 5764 ad
2444 5726 2529 5763 nos
2550 5723 2644 5762 non
2676 5708 2928 5773 pertinent.
2972 5707 3143 5757 Verius
3164 5716 3294 5769 Mss,
3315 5708 3431 5772 quia
3448 5721 3541 5759 non

1952 5780 2018 5836 ad
2036 5791 2115 5828 vos
2134 5778 2385 5841 pertinent.

1998 5830 2146 5912 χεῖρ’
2172 5848 2275 5912 Mss.
2305 5848 2357 5888 At
2382 5830 2869 5912 editiLttpchemini,
2894 5844 3004 5885 cum
3026 5844 3191 5899 poenas
3220 5833 3370 5898 justis
3402 5832 3539 5897 ἐπῃσ-

1961 5900 2121 5956 ritis?
2159 5901 2226 5955 ad
2282 5900 2684 5959 conmuntionem,
2710 5902 2806 5947 etc.
