4008 6464
485 419 587 473 80⁵1

516 498 683 589 ιν151).
715 532 847 585 Anc.
878 523 1153 597 respondit
1182 540 1194 575 :
1224 518 1335 575 Nec
1360 532 1456 572 vos
1491 517 1665 586 iustos
1687 510 1942 585 probatis,
1971 522 2071 564 nec

492 640 596 684 nos
622 637 810 696 poenas
855 622 1097 691 ingerere
1124 615 1207 671 vel
1251 609 1484 682 iniustis.
1516 608 1585 664 Et
1612 616 1786 662 tamen
1831 604 1971 659 sicut
1994 608 2079 658 est

487 723 804 795 plerumque
831 714 1060 773 crudelis
1084 711 1241 767 fallax
1267 706 1522 771 adulatio,
1547 705 1625 759 sic
1663 716 1875 795 semper
1900 699 2068 795 mise-

490 789 668 871 ricors
701 789 840 882 iusta
880 804 1168 874 correptio.
1195 799 1328 857 Nam
1358 797 1502 853 unde
1528 803 1612 850 est
1641 792 1773 849 illud
1799 789 1941 864 quod
1969 804 2077 845 non

493 903 787 976 intelligitis
832 920 846 958 :
879 897 1185 956 Emendabit
1224 911 1303 948 me
1321 894 1492 966 justus
1531 890 1585 944 in
1621 887 1966 943 misericordia
1988 927 2004 955 ,
2033 894 2079 939 et

490 992 673 1071 urguet
712 994 830 1050 me?
856 992 971 1048 Hoc
992 990 1136 1046 enim
1161 1002 1281 1043 cum
1310 983 1379 1041 de
1407 982 1692 1054 asperitate
1716 976 2080 1071 misericordis

498 1070 851 1159 correptionis
889 1084 1146 1147 dixisset,
1174 1078 1426 1134 continuo
1453 1072 1723 1145 subiunxit
1761 1070 1827 1127 de
1868 1070 2081 1125 lenitate

494 1179 809 1254 perniciose
836 1171 1175 1237 adulationis.
1216 1178 1275 1229 et
1293 1168 1368 1223 ait
1392 1185 1408 1224 :
1439 1166 1621 1220 Oleum
1662 1174 1828 1219 autem
1856 1171 2083 1235 peccato-

494 1274 571 1331 ris
613 1288 719 1329 non
752 1266 1087 1340 bnpinguabit
1113 1270 1265 1333 caput
1304 1276 1468 1315 meum
1516 1257 1687 1328 (Psal.
1728 1272 1849 1319 σπι,
1893 1256 1974 1328 5).
2003 1256 2084 1311 Tu

500 1377 631 1437 ergo
672 1359 887 1420 attende
930 1373 1035 1429 quo
1076 1354 1322 1419 voceris,
1355 1360 1410 1408 et
1453 1350 1593 1406 unde
1632 1348 1919 1406 revoceris.
1950 1347 2084 1403 Nam

456 1424 649 1583 {unde
668 1452 810 1511 nosti
850 1424 960 1523 quo
984 1449 1040 1505 in
1071 1457 1121 1505 te
1147 1445 1328 1504 animo
1368 1443 1438 1500 sit
1463 1457 1619 1513 quem
1650 1454 1849 1498 szevum
1893 1440 2085 1511 putas?

498 1548 609 1583 cmi
637 1545 870 1583 manium!
893 1544 911 1578 ι
933 1542 997 1583 cit
1045 1538 1410 1583 nmmmtismm
1432 1536 1695 1583 sarcinam
1716 1548 1865 1583 suam
1886 1540 2083 1583 portat.

406 1613 410 1616 Q
460 1536 609 1619 iSed
636 1545 873 1619 quolibet
893 1544 911 1578 ¹
933 1542 1020 1610 sit,
1045 1538 1410 1611 unusquisque
1432 1536 1695 1593 sarcinam
1716 1548 1865 1589 suam
1886 1540 2083 1606 portat,

466 1590 873 1712 ’ἒξῖιᾌζ
897 1590 1454 1705 ei'i'pﬁiwiiiijiec
1478 1590 1743 1684 sarcinam
1786 1590 2089 1692 schismatis

500 1749 664 1806 quam
681 1743 872 1787 omnes
889 1726 1131 1799 portatis,
1153 1723 1385 1795 abjicite,
1410 1729 1471 1777 ut
1497 1720 1735 1777 sarcinas
1758 1727 1965 1775 vestras
1988 1718 2089 1774 bo-

504 1842 604 1889 nas
628 1826 681 1882 in
726 1823 932 1881 unitate
956 1819 1220 1892 portetis;
1261 1827 1315 1873 et
1342 1831 1437 1873 eos
1464 1816 1553 1887 qui
1581 1813 1750 1870 maias
1779 1819 2012 1885 portant,
2043 1811 2091 1868 si

504 1917 762 1991 possitis,
812 1911 1229 1970 misericorditer
1271 1909 1602 1976 emendetis;
1631 1907 1676 1962 si
1718 1921 1824 1962 non
1850 1905 2088 1977 possitis,

504 2011 725 2084 paciﬁca
752 2007 1009 2064 toleratis.

576 2098 801 2158 CAPUT
840 2094 1067 2153 LXVI“.
1097 2124 1170 2139 —-
1198 2094 1321 2150 151.
1352 2092 1541 2148 Pam.
1573 2090 1706 2146 dixit
1737 2108 1751 2145 :
1788 2109 1810 2141 t
1845 2089 1992 2146 Beati
2009 2089 2096 2160 qui

507 2211 639 2268 puro
656 2199 773 2249 sunt
792 2189 962 2257 corde,
984 2189 1221 2261 quoniam
1241 2186 1341 2257 ipsi
1361 2184 1528 2240 Deum
1545 2182 1799 2239 uidebunt.
1824 2202 1844 2236 ι
1876 2183 2095 2249 Quando

507 2287 676 2347 Deum
697 2285 947 2353 uidebitis,
971 2284 1059 2356 qui
1085 2280 1348 2338 immunda
1382 2279 1580 2336 malitia
1607 2277 1778 2334 cordis
1804 2278 1975 2351 geritis
1998 2292 2099 2334 cte-

508 2382 707 2437 oitatem
718 2379 746 2435 .’

516 2510 519 2513 .
585 2470 710 2527 152.
759 2470 893 2527 Atto.
925 2465 1244 2538 respondit:
1286 2463 1463 2533 Quare
1492 2462 1596 2519 hoc
1636 2461 1803 2517 dicis?
1842 2464 1921 2519 An
1963 2462 2098 2521 forte

458 2622 459 2625 η
512 2578 613 2621 nos
644 2564 880 2635 ignorata
908 2576 1026 2633 quae
1050 2558 1297 2614 homines
1324 2557 1511 2613 dicunt
1544 2556 1824 2627 obiicimus
1848 2556 2097 2641 omnibus

512 2657 779 2731 gentibm,
810 2663 865 2711 et
893 2651 1175 2713 manifesta
1201 2650 1499 2721 intelligere
1538 2650 1785 2710 nolumus
1815 2664 1933 2718 eum
1957 2650 2097 2706 Deus

514 2748 765 2821 przedixit
787 2747 855 2805 de
882 2743 1134 2803 omnibus
1154 2741 1440 2814 gentibus?
1466 2740 1592 2797 Haec
1614 2747 1698 2797 est
1724 2753 1916 2811 magna
1940 2741 2098 2796 caeci-

517 2847 600 2896 tas
624 2838 837 2904 cordis;
883 2845 937 2894 et
965 2836 1011 2891 si
1041 2850 1139 2891 nec
1178 2835 1350 2905 ipsam
1378 2832 1434 2891 in
1468 2831 1620 2889 vobis
1645 2832 1956 2902 agnoscitis,
1985 2831 2102 2893 haec

516 2939 602 2991 est
628 2930 801 3001 maior
821 2928 1036 2987 etcitas
1061 2926 1260 2983 cordis.

586 3018 715 3077 155.
746 3018 820 3091 (α)
850 3018 1038 3079 Ρετιι..
1064 3016 1197 3073 dixit
1224 3032 1237 3071 :
1271 3032 1291 3068 ι
1326 3013 1468 3073 Beati
1495 3013 1713 3085 paciﬁci,
1741 3014 1862 3086 quia
1887 3014 1988 3086 ipsi
2006 3015 2105 3085 ﬁlii

516 3111 617 3169 Dei
640 3110 952 3171 vocabuntur
982 3128 1003 3165 ι
1052 3106 1263 3178 (Matth.
1300 3124 1356 3175 v,
1393 3106 1543 3176 5-9).
1580 3104 1683 3163 Vos
1709 3122 1885 3178 paceni
1919 3108 2105 3166 scelere

518 3201 730 3283 ﬁngitis,
755 3210 803 3258 et
830 3200 960 3259 bello
979 3200 1205 3272 queritis
1230 3199 1490 3260 unitatem.

590 3297 712 3359 154.
745 3298 878 3355 Anc.
906 3293 1351 3366 responditzNon
1379 3308 1563 3363 pacem
1581 3293 1788 3351 scelere
1810 3292 2062 3366 ﬁngimus
2082 3313 2101 3352 :

520 3388 619 3447 sed
660 3403 846 3459 pacem
891 3402 960 3445 ex
994 3387 1282 3456 Evangelio
1312 3386 1696 3455 praedicamus;
1741 3400 1865 3443 cum
1906 3402 2014 3459 quo
2057 3388 2104 3444 si

517 3496 707 3555 pacem
749 3459 1076 3547 habueritis,
1126 3487 1179 3535 et
1221 3478 1498 3539 nobiscum
1531 3477 1817 3534 habebitis.
1848 3481 2103 3537 Dominus

517 3585 837 3643 resurgens,
878 3578 937 3627 et
974 3585 1035 3626 se
1074 3584 1180 3627 non
1210 3570 1387 3625 solum
1422 3569 1737 3627 intuendum
1776 3572 1946 3627 oculis
1967 3614 1980 3639 ,
2010 3573 2104 3629 sed

523 3664 686 3721 etiam
706 3662 1146 3721 contrectandum
1163 3661 1409 3721 manibus
1429 3660 1811 3732 discipulorum
1834 3664 2102 3734 praebens,

519 3755 650 3813 inde
673 3755 875 3827 «epit:
902 3746 1022 3813 Pas:
1046 3753 1320 3821 vobiscum,
1351 3753 1542 3825 inquit.
1575 3754 1643 3810 Et
1670 3755 1938 3824 quomodo
1961 3766 2106 3813 esset

520 3848 749 3909 tenenda
795 3862 897 3918 pax
948 3847 1098 3919 ipsa,
1143 3846 1489 3917 sequentibus
1535 3846 1714 3905 verbis
1755 3849 1984 3918 aperuit.
2027 3848 2106 3905 ibi

520 3943 664 4003 enim
707 3942 906 4014 aperuit
930 3941 1003 3997 eis
1030 3956 1229 4008 sensum
1260 3948 1315 4001 ut
1339 3940 1671 4011 intelligerent
1696 3940 2025 4011 Scripturus,
2058 3949 2111 3996 et

519 4036 649 4089 dixit
687 4034 794 4102 eis,
842 4020 1093 4101 Quoniam
1128 4033 1203 4098 sic
1234 4032 1480 4104 scriptum
1516 4042 1619 4100 est,
1663 4041 1712 4088 et
1748 4034 1823 4089 sic
1849 4033 2108 4103 oportebat

521 4124 779 4181 Christum
804 4127 927 4197 pati,
959 4132 1007 4178 et
1034 4140 1294 4195 resurgere
1331 4124 1476 4179 tertia
1505 4125 1588 4179 die
1608 4167 1623 4195 ,
1652 4134 1699 4180 et
1741 4125 2012 4199 praedicari
2052 4126 2108 4181 in

520 4220 724 4273 nomine
746 4215 855 4288 ejus
877 4216 1221 4291 paenitentiam
1250 4226 1294 4271 et
1315 4218 1659 4277 remissionem
1679 4230 1999 4290 peccatorum
2019 4239 2109 4293 per

523 4325 693 4364 omnes
720 4318 923 4380 gentes;
965 4307 1318 4378 incipientibus
1350 4308 1410 4362 ab
1448 4308 1737 4365 Jerusalem
1764 4310 1927 4382 (Luc.
1959 4327 2106 4381 xxiv,

521 4404 613 4471 '56,
643 4402 731 4470 45,
760 4402 851 4468 46,
878 4401 992 4475 47).
1023 4402 1155 4458 Cum
1183 4403 1265 4457 his
1301 4402 1478 4457 verbis
1509 4418 1694 4473 pacem
1724 4404 1917 4460 habete
1936 4446 1954 4473 ,
1983 4414 2039 4464 et
2078 4422 2109 4463 a
2190 4412 2193 4415 ’

525 4496 684 4554 nobis
715 4510 818 4552 non
850 4494 1196 4553 dissentictis.
1229 4493 1361 4550 Nam
1388 4495 1434 4551 si
1460 4494 1603 4551 bello
1626 4496 1918 4566 qua-rimus
1943 4498 2112 4559 unita.

526 4599 659 4658 tem,
691 4603 797 4644 non
826 4584 996 4659 potuit
1026 4586 1231 4645 laudari
1269 4586 1577 4656 prmclarius
1602 4588 1799 4661 bellum
1829 4598 2107 4659 nostrum;

525 4681 954 4756 quandoquidem
994 4682 1248 4751 scriptum
1275 4691 1391 4750 est,
1423 4680 1620 4753 Diliges
1655 4682 1941 4753 proximum
1966 4695 2110 4743 tuum

525 4787 767 4847 tanquam
800 4784 848 4828 te
878 4774 1043 4845 ipsum
1070 4771 1281 4843 (Matth.
1311 4790 1364 4841 v,
1389 4773 1502 4848 45).
1532 4774 1601 4829 Ει
1626 4776 1821 4837 iterum
1850 4778 2108 4849 scriptum

523 4876 626 4934 est,
657 4863 824 4921 Nemo
849 4880 1071 4936 unquam
1092 4881 1291 4920 carnem
1310 4882 1453 4920 suam
1475 4868 1592 4921 odio
1616 4866 1790 4922 habuit
1816 4866 2029 4941 (Ephes.
2055 4887 2110 4943 ν,

522 4958 638 5032 29).
667 4957 736 5013 Et
764 4964 942 5012 tamen
965 4970 1092 5011 caro
1118 4957 1445 5029 concupiscit
1473 4956 1729 5014 adversus
1756 4960 2026 5032 Spiritum,
2059 4970 2114 5019 ct

523 5051 745 5124 spiritus
785 5048 1040 5105 adversus
1087 5062 1303 5105 carnem
1352 5047 1559 5125 (Galat.
1606 5067 1661 5119 v,
1710 5051 1821 5126 17).
1867 5053 2020 5124 Quod
2066 5056 2113 5113 si

410 5180 413 5183 ι
524 5156 686 5199 nemo
715 5154 931 5197 carnem
961 5155 1111 5196 suam
1154 5140 1279 5197 odio
1323 5140 1518 5211 habet,
1548 5151 1603 5199 et
1645 5150 1826 5201 tamen
1855 5146 2112 5204 adversus

527 5248 745 5295 carnem
783 5246 935 5289 suam
963 5233 1323 5303 concupiscit;
1358 5248 1487 5291 ecce
1511 5234 1657 5291 bello
1698 5236 1874 5309 unitas
1913 5238 2110 5310 quaeri-

530 5332 639 5392 tur,
670 5332 731 5381 ut
757 5339 952 5396 corpus
979 5325 1292 5395 castigatum
1327 5327 1568 5383 servituti
1594 5327 1929 5401 subiiciatur.
1961 5331 2113 5398 Quod

532 5428 710 5474 autem
736 5417 954 5489 spiritus
990 5418 1115 5475 facit
1136 5419 1392 5476 adversus
1417 5436 1636 5478 carnem
1653 5464 1668 5489 ,
1699 5438 1805 5479 non
1831 5424 1957 5480 odio
1976 5465 1992 5492 ,
2018 5425 2115 5482 sed

535 5509 823 5568 dilectione
849 5512 1195 5584 belligerans;
1230 5512 1331 5568 hoc
1356 5513 1665 5585 spirituales
1688 5512 1891 5572 faeiunt
1916 5515 2114 5573 adver-

596 5712 614 5776 1_
642 5717 690 5776 tn
716 5710 927 5776 excusis,
951 5710 1300 5776 qttontodolibrt
1326 5723 1344 5763 :
1367 5711 1620 5763 mendose.

595 5773 669 5835 (a)
695 5773 776 5821 llic
799 5774 914 5823 editi
936 5773 1035 5840 ain.
1063 5782 1114 5825 et
1137 5782 1209 5840 Er:
1236 5784 1407 5840 notant
1427 5782 1572 5840 caput
1591 5775 1670 5840 69,

528 5904 613 5961 cu,
640 5905 733 5948 etc.

1331 398 1609 456 CONTRA
1652 388 1989 449 LITTERAS
2025 386 2388 455 PETILIANI,
2430 391 2487 449 S.
2528 391 2902 450 AUGUSTINI

1778 5782 1886 5827 stea
1916 5780 2115 5828 concor-

529 5834 646 5886 dant
669 5847 779 5884 cum
801 5841 932 5897 l.ov.,
950 5837 1000 5885 in
1024 5850 1128 5899 cap.
1152 5837 1231 5899 70,
1250 5836 1308 5889 ad
1333 5834 1503 5903 verba;
1527 5834 1666 5893 Pelii.
1685 5834 1850 5895 aliaat:
1875 5836 2012 5901 Fabis
2036 5839 2117 5905 di-

3661 392 3775 449 308

2180 521 2271 564 sus
2297 509 2539 565 carnales
2557 551 2572 573 ,
2606 518 2666 565 ut
2691 510 2835 582 quod
2878 517 3041 582 agunt
3067 525 3195 585 erga
3223 526 3283 569 se
3311 554 3327 583 ,
3371 520 3531 585 agant
3554 521 3609 569 et
3638 529 3766 587 erga

2182 601 2459 672 illos,quia
2487 603 2710 676 diligunt
2734 605 3007 676 proximos
3034 614 3283 677 tanquam
3315 607 3628 678 proximos:
3661 610 3759 667 sed

2181 696 2384 753 bellum
2424 699 2777 769 spiritualium
2816 709 2897 755 est
2937 700 3025 757 illa
3073 701 3126 757 in
3162 700 3423 757 charitate
3467 705 3774 777 correptio,

2182 790 2388 861 gladius
2414 800 2600 848 eorum
2628 807 2806 848 sermo
2849 792 2943 851 Dei
2975 803 3074 853 est.
3123 793 3205 850 Ad
3250 794 3355 850 tale
3399 795 3600 851 bellum
3647 798 3775 857 tuba

2184 885 2475 956 apostolica
2528 889 2863 941 concitantur
2911 901 3031 943 cum
3080 903 3276 959 magno
3333 888 3534 960 impetu
3593 905 3779 960 perso-

2184 989 2377 1047 nante,
2410 977 2648 1039 Prtedica
2676 981 2877 1036 verbum
2897 1023 2913 1049 ,
2941 981 3076 1036 insta
3105 992 3387 1054 opportune
3406 1024 3419 1048 ,
3451 982 3778 1053 importune;

2185 1080 2374 1142 argue,
2408 1070 2642 1139 hortare,
2674 1072 2881 1143 increpa
2901 1114 2914 1138 ,
2948 1072 3001 1128 in
3037 1074 3175 1128 omni
3202 1072 3589 1148 longanimitate
3621 1084 3671 1130 et
3698 1075 3780 1130 do-

2186 1164 2350 1218 ctrina
2396 1162 2462 1236 (ll
2495 1163 2626 1220 Tim.
2655 1180 2730 1234 1v,
2773 1163 2853 1238 2).
2887 1165 3024 1221 Ecce
3065 1179 3173 1222 non
3214 1166 3419 1238 agimus
3461 1164 3637 1235 ferro,
3686 1168 3783 1227 sed

2189 1257 2375 1315 verbo.
2403 1255 2513 1317 Vos
2557 1268 2734 1313 autem
2764 1272 2864 1313 nec
2887 1258 3227 1329 respondetis
3258 1274 3405 1326 vera,
3436 1264 3491 1314 et
3515 1261 3782 1321 accusatis

2189 1350 2358 1406 falsa:
2401 1365 2507 1404 non
2554 1351 2819 1424 corrigitis
2862 1361 3077 1419 vestra,
3124 1351 3354 1423 obiicitis
3400 1351 3597 1407 aliena.
3646 1352 3783 1410 Dicit

2188 1440 2432 1498 Christus
2462 1457 2647 1501 verum
2680 1442 3043 1501 testimonium
3072 1442 3142 1499 de
3170 1443 3302 1498 orbe
3328 1451 3627 1512 terrarum;
3659 1443 3783 1502 dici-

2193 1536 2261 1592 tis
2288 1550 2386 1591 vos
2404 1534 2660 1593 adversus
2685 1536 2956 1595 Christum
2983 1537 3175 1594 falsum
3203 1538 3570 1595 testimonium
3592 1548 3782 1597 contra

2192 1628 2377 1683 orbem
2409 1635 2694 1683 terrarum.
2742 1626 2852 1687 Nos
2898 1638 3078 1685 autem
3124 1630 3173 1689 si
3202 1630 3353 1687 vobis
3402 1632 3579 1703 potius
3620 1647 3784 1703 quam

2192 1718 2409 1775 Christo
2445 1718 2823 1789 crederemus,
2857 1719 3063 1792 paciﬁci
3094 1736 3375 1777 essemus:
3419 1724 3544 1797 quia
3571 1722 3787 1783 ChriSto

2194 1812 2373 1882 potius
2392 1814 2552 1884 quam
2574 1811 2727 1867 vobis
2754 1811 3044 1879 credimus,
3072 1828 3260 1885 pacem
3283 1813 3487 1869 scelere
3513 1814 3789 1885 ﬁngimus.

2197 1902 2268 1961 Et
2304 1903 2421 1961 haec
2459 1920 2582 1961 cum
2627 1904 2817 1961 dicatis
2855 1914 3015 1979 atque
3051 1904 3281 1973 faciatis,
3314 1905 3524 1962 audetis
3567 1906 3789 1979 insuper

2197 2013 2643 2069 commemorare,
2672 1998 2818 2054 Beati
2838 2000 3063 2071 paciﬁci,
3085 1999 3327 2071 quoniam
3350 1999 3451 2075 ipsi
3471 1999 3569 2071 ﬁlii
3593 1998 3696 2055 Dei
3713 2015 3792 2061 vo-

2198 2090 2467 2146 cabuntur.

2270 2180 2497 2239 CAPUT
2527 2178 2714 2238 LXIX.
2744 2210 2815 2223 —
2854 2180 2979 2237 155.
3028 2180 3217 2239 Ριιτιι..
3261 2180 3436 2238 dixit:
3488 2176 3618 2238 Cum
3654 2182 3794 2245 dicat

2200 2274 2457 2349 apostolus
2509 2274 2741 2342 Paulus,
2772 2293 2791 2327 t
2820 2272 3036 2331 Obsecro
3056 2291 3161 2343 vos,
3187 2278 3390 2348 fratres,
3413 2292 3504 2348 ego
3523 2276 3723 2337 vinctus
3739 2276 3796 2335 in

2200 2367 2421 2425 Domino
2439 2410 2456 2438 ,
2485 2377 2539 2422 ut
2567 2368 2716 2440 digne
2740 2366 3007 2423 ambuletis
3035 2368 3291 2425 vocatione
3312 2384 3413 2441 qua
3438 2368 3603 2422 vocati
3625 2368 3752 2427 estis
3770 2407 3794 2441 ,

2203 2479 2320 2518 cum
2362 2462 2499 2517 omni
2538 2461 2818 2517 humilitate
2856 2469 2901 2515 et
2932 2458 3319 2519 mansuetudine
3341 2503 3359 2531 ,
3390 2477 3505 2519 cum
3549 2459 3801 2530 patientia

2203 2558 2500 2613 sustinentes
2532 2555 2743 2610 invicem
2765 2554 2818 2609 in
2844 2553 3107 2621 charitate,
3135 2552 3349 2609 sollicite
3373 2562 3575 2626 agentes
3594 2569 3803 2615 servare

2204 2649 2455 2704 unitatem
2506 2647 2717 2722 spiritus
2747 2645 2800 2701 in
2827 2647 3179 2719 conjunctione
3222 2646 3363 2719 pacis
3397 2665 3418 2705 ι
3453 2645 3677 2727 (Ephes.
3699 2662 3755 2709 tv
3778 2686 3802 2723 ,

2205 2742 2351 2815 1-3).

2276 2832 2402 2892 156.
2428 2833 2564 2891 Atta.
2592 2833 2908 2907 respondit:
2938 2833 3064 2893 Ilaec
3083 2833 3129 2891 si
3148 2850 3256 2897 non
3283 2844 3493 2897 tantum
3516 2836 3803 2908 diceretis,

2205 2927 2301 2985 sed
2323 2937 2377 2985 ct
2416 2927 2672 2984 audiretis
2694 2970 2711 2998 ,
2741 2918 2903 2992 etiam
2927 2929 3144 3000 cognita
3171 2930 3312 2991 mala
3341 2938 3563 3003 propter
3605 2947 3806 3003 pacem

2206 3022 2574 3090 sustinerctis,
2606 3037 2712 3081 non
2741 3030 2961 3097 propter
2982 3023 3373 3083 dissensionem
3400 3025 3665 3097 incognita
3693 3026 3811 3083 lin-

2206 3119 2435 3191 geretis;
2463 3117 2553 3175 vel
2589 3116 2713 3188 quia
2758 3125 2945 3187 postea
2974 3117 3242 3177 didicistis
3277 3130 3501 3191 propter
3539 3120 3808 3178 unitatem

2207 3211 2397 3271 Donati
2442 3212 2709 3269 sustinere
2737 3211 2891 3289 mala.
2915 3212 3197 3275 notissima
3222 3220 3277 3269 et
3300 3212 3656 3273 famosissima
3686 3213 3808 3284 0p-

2207 3306 2320 3361 tati.
2350 3303 2481 3374 Quae
2508 3304 2608 3363 ista
2634 3302 2904 3363 dementia
2952 3307 3071 3360 est?
3100 3305 3422 3365 Tolerantur
3460 3305 3689 3376 cogniti,
3731 3322 3809 3365 ne

2206 3396 2442 3453 concisio
2468 3399 2660 3457 iterum
2689 3394 3040 3467 concidatur;
3069 3406 3123 3457 et
3146 3396 3474 3461 infamantur
3502 3397 3771 3479 incogniti
3788 3438 3806 3468 ,

2208 3505 2276 3547 ne
2303 3490 2355 3549 in
2384 3490 2496 3560 ipsa
2519 3489 2823 3561 integritate
2844 3500 3145 3559 maneatur.

2279 3582 2509 3643 CAPUT
2536 3582 2701 3641 LXX.
2730 3612 2801 3625 -—
2830 3584 2952 3641 157.
2998 3584 3191 3641 Ρετιι..
3237 3582 3371 3645 dixit
3407 3602 3421 3641 :
3472 3583 3629 3642 Vobis
3681 3587 3809 3645 dicit

2209 3677 2523 3750 propheta,t
2556 3676 2711 3747 Pax,
2745 3694 2868 3750 pax,
2896 3686 2944 3733 et
2970 3679 3054 3737 ubi
3081 3688 3155 3734 est
3177 3695 3283 3749 pals
3310 3698 3329 3732 ι
3365 3679 3498 3751 (Jer.
3525 3696 3639 3747 vnt,
3672 3683 3809 3754 il)?

2282 3771 2403 3827 158.
2429 3773 2565 3847 Avo.
2591 3771 2869 3841 respondit
2897 3788 2911 3833 :
2939 3771 3018 3828 Tu
3047 3771 3205 3833 nobis
3226 3772 3329 3835 hoc
3356 3772 3511 3840 dicis,
3538 3789 3651 3831 non
3679 3789 3786 3844 pro

2208 3860 2389 3933 pheta.
2421 3862 2538 3917 Tibi
2559 3877 2688 3933 ergo
2712 3861 3102 3935 respondemus
3127 3881 3140 3919 :
3163 3861 3217 3920 Si
3238 3864 3433 3934 quaeris
3462 3863 3551 3918 ubi
3575 3865 3645 3921 sit
3679 3881 3807 3936 pax,

2208 3955 2356 4025 aperi
2384 3954 2570 4011 oculos
2585 3998 2600 4022 ,
2624 3963 2679 4012 et
2697 3954 2817 4013 vide
2840 3955 2906 4013 de
2925 3970 3033 4026 quo
3058 3954 3259 4023 dictum
3285 3956 3375 4023 sit,
3394 3956 3642 4029 Auferens
3670 3958 3810 4017 bello

2211 4064 2367 4120 usque
2386 4048 2454 4107 ad
2472 4049 2601 4118 ﬁnes
2630 4058 2776 4107 teme
2801 4047 2972 4121 (Psal.
2992 4065 3127 4114 ην,
3161 4049 3276 4117 10).
3305 4049 3360 4105 Si
3381 4051 3580 4120 quaeris
3604 4053 3702 4108 ubi
3742 4054 3812 4111 sit

2212 4156 2351 4211 pax,
2390 4140 2538 4211 aperi
2566 4140 2749 4197 oculos
2775 4140 2841 4201 ad
2891 4141 3038 4199 illam
3068 4140 3345 4201 civitatem
3364 4183 3380 4210 ,
3421 4158 3541 4213 qua:
3571 4158 3681 4199 non
3712 4161 3813 4215 po-

2214 4240 2318 4288 test
2339 4229 2594 4287 abscondi
2616 4245 2778 4300 super
2797 4238 3033 4291 montem
3055 4232 3344 4289 constituta
3378 4249 3391 4287 :
3421 4233 3572 4305 aperi
3610 4236 3811 4293 oculos

2213 4323 2343 4385 etad
2374 4325 2545 4394 ipsum
2575 4331 2812 4385 montem
2832 4364 2850 4391 ,
2896 4332 2946 4380 et
2974 4338 3098 4381 eum
3128 4324 3223 4385 tibi
3247 4324 3433 4381 Daniel
3470 4325 3811 4386 demonstret

2214 4433 2281 4481 ex
2306 4432 2472 4488 parvo
2498 4416 2675 4487 lapide
2698 4423 3052 4482 crescentem,
3081 4425 3136 4475 et
3165 4418 3471 4487 implentem
3496 4418 3810 4477 universam

2218 4520 2413 4565 terram
2441 4507 2600 4582 (Dan.
2631 4524 2689 4576 tt,
2721 4509 2839 4582 55).
2870 4509 2987 4565 Tibi
3010 4518 3188 4565 autem
3216 4525 3341 4565 cum
3359 4510 3489 4566 dicit
3516 4514 3810 4583 propheta,

2218 4599 2370 4667 Pax,
2400 4617 2536 4671 pnas,
2573 4609 2619 4656 et
2659 4600 2744 4655 ubi
2784 4609 2856 4657 est
2884 4602 3034 4673 pax?
3070 4600 3198 4671 quid
3230 4602 3669 4661 demonstrabis?
3724 4608 3810 4663 An

2216 4702 2422 4764 partem
2450 4694 2637 4751 Donati
2669 4693 2903 4764 ignotam
2926 4694 3401 4752 innumerabilibus
3413 4698 3665 4767 gentibus
3691 4702 3814 4769 qui-

2216 4786 2317 4842 bus
2338 4794 2494 4841 notus
2521 4793 2606 4841 est
2630 4784 2913 4842 Christus?
2940 4785 3055 4842 Non
3086 4794 3170 4842 est
3197 4787 3309 4857 ipsa
3332 4803 3449 4859 qua:
3478 4803 3587 4845 non
3630 4800 3815 4860 potest

2218 4876 2474 4934 abscondi
2514 4894 2531 4933 :
2573 4884 2629 4934 et
2656 4877 2827 4945 unde,
2872 4879 2973 4934 nisi
3021 4879 3146 4951 quia
3181 4894 3292 4937 non
3327 4890 3410 4939 est
3450 4896 3615 4952 super
3653 4883 3812 4940 illum

2217 4980 2457 5029 montem
2492 4971 2823 5027 constituta?
2850 4970 2974 5044 Ipse
3016 4980 3089 5030 est
3130 4974 3266 5033 enim
3311 4990 3416 5045 pas:
3460 4983 3674 5045 tresve,
3724 4978 3815 5049 qui

2217 5064 2335 5137 fecit
2355 5073 2567 5134 utraque
2586 5080 2744 5123 unum
2772 5062 2992 5136 (Ephes.
3023 5080 3060 5121 ιι
3078 5107 3097 5135 ,
3122 5066 3213 5139 14)
3243 5084 3256 5121 :
3286 5080 3394 5125 non
3420 5067 3683 5137 Donatus,
3716 5068 3817 5140 qui

2217 5155 2347 5215 fecit
2370 5154 2438 5212 de
2468 5170 2576 5211 uno
2603 5154 2733 5219 duo.

2289 5246 2515 5307 CAPUT
2542 5246 2729 5303 LXXI.
2752 5275 2828 5293 ..-
2847 5247 2974 5305 159.
3005 5247 3189 5307 Ρετιι..
3217 5248 3393 5309 dixit:
3424 5248 3567 5309 emt
3590 5252 3819 5324 φαίνοιε-

2219 5342 2525 5399 sectttionem
2546 5342 2807 5413 patiuntur
2851 5353 3058 5415 propter
3074 5345 3364 5415 justitiam,
3386 5347 3627 5416 quoniam
3664 5348 3817 5418 ipso—
3844 5332 3849 5347 ’

2219 5451 2332 5491 rum
2345 5443 2416 5490 est
2444 5451 2656 5507 regnum
2679 5437 2921 5495 caelorum
2942 5457 2963 5492 ι
2989 5437 3203 5511 (Matth.
3229 5456 3280 5505 v,
3306 5440 3418 5511 10).
3434 5439 3532 5494 Vos
3553 5441 3691 5495 beati
3709 5459 3816 5497 non

2220 5527 2337 5583 estis
2360 5567 2377 5593 ,
2397 5526 2487 5585 sed
2509 5526 2680 5584 beatos
2700 5538 2945 5601 martyres
2982 5531 3150 5602 facitis
3169 5569 3184 5595 ,
3210 5548 3427 5603 quorum
3470 5532 3668 5587 scilicet
3694 5534 3819 5588 atti-

2222 5618 2399 5672 mabus
2433 5620 2545 5675 caeli
2580 5618 2759 5690 repleti
2804 5628 2948 5686 sunt,
2995 5637 3364 5694 corporumque
3387 5624 3632 5679 memoria
3663 5636 3822 5681 terra

2176 5736 2177 5743 η
2221 5712 2520 5781 ﬂoruerunt.
2564 5711 2663 5768 Vos
2683 5729 2800 5785 ergo
2824 5729 2926 5769 non
2953 5714 3119 5771 colitis
3138 5757 3153 5782 ,
3194 5717 3283 5771 sed
3310 5719 3481 5790 facitis
3512 5734 3641 5791 quos
3666 5721 3819 5775 colo-

2299 5895 2421 5953 160.
2462 5896 2593 5955 Aes.
2638 5897 2914 5970 respondit
2939 5917 2953 5957 :
2980 5898 3145 5958 Plane
3169 5900 3215 5959 si
3243 5916 3351 5962 non
3379 5902 3579 5965 dictum
3606 5910 3762 5964 esset
3794 5941 3818 5974 .
