4008 6472
250 343 351 404 309

248 461 390 520 Beati
428 461 520 534 qui
563 462 956 536 persecutionem
991 459 1252 532 ραιξιιμεατ
1283 465 1492 536 prapter
1522 457 1782 530 justitiam
1815 471 1832 520 ;

248 553 338 613 sed
383 552 594 633 dictum
634 565 817 634 esset,
866 553 1012 632 Beati
1042 553 1132 626 qui
1178 569 1235 609 se
1285 552 1428 628 ipsos
1458 551 1832 622 praecipitant:

245 636 534 718 implerent
555 647 751 704 ctelum
778 655 1036 718 martyres
1055 647 1240 706 vestri.
1262 645 1402 708 Sane
1427 644 1496 702 de
1520 643 1835 713 corporibus

246 756 427 799 eorum
471 740 672 806 multos
721 749 980 798 terrarum
1025 739 1190 804 ﬂores.
1234 737 1512 808 videmus,
1561 734 1659 792 sed
1697 735 1834 792 sicut

245 837 378 898 solet
399 836 503 894 dici
522 878 537 904 ,
569 837 668 894 ﬂos
702 836 858 902 cinis,

311 929 546 992 CAPUT
587 929 798 994 LXXII.
827 959 900 968 —
931 928 1053 986 161.
1105 926 1290 986 Ρετιι..
1323 925 1495 983 dixit:
1547 922 1675 978 Cum
1716 937 1834 992 ergo

242 1022 480 1094 falsaudo
510 1023 756 1090 mandata
781 1022 910 1076 beati
943 1038 1044 1076 non
1070 1020 1178 1076 sitis
1198 1062 1214 1088 ,
1251 1036 1336 1074 vos
1367 1017 1550 1076 divinis
1577 1014 1832 1072 sententiis

242 1113 469 1170 Christus
499 1113 745 1180 Dominus
770 1115 1120 1182 condemnata
1145 1113 1229 1167 Va:
1252 1120 1421 1166 autem
1443 1109 1576 1174 vobis
1593 1150 1608 1177 ,
1639 1107 1833 1164 Scriba!

241 1220 283 1262 et
313 1207 573 1263 leriscei
603 1209 910 1280 hypocriten,
938 1210 1057 1279 quia
1082 1207 1318 1263 clauditis
1346 1223 1555 1278 sequam
1592 1205 1830 1262 castorum

241 1309 350 1356 ante
377 1302 610 1368 homines
637 1317 656 1356 :
685 1318 768 1358 vos
789 1302 921 1366 enim
941 1318 1042 1356 non
1071 1300 1269 1354 intratis
1287 1340 1303 1366 ,
1328 1298 1832 1381 altequeintroeun-

241 1405 308 1450 tes
331 1395 516 1450 sinitis.
537 1393 624 1449 Va:
641 1395 794 1464 vobis,
822 1395 1015 1460 Scriba:
1035 1404 1082 1448 et
1109 1394 1362 1458 Pharisaei
1387 1394 1684 1463 hypocrita,
1713 1391 1831 1460 quia

243 1489 466 1548 circuitis
493 1507 632 1544 mare
662 1499 706 1544 et
731 1489 958 1556 aridam,
988 1501 1043 1544 ut
1071 1489 1271 1560 faciatis
1296 1505 1450 1544 unum
1485 1488 1794 1557 proselytum
1811 1504 1831 1553 ;

242 1592 410 1644 etcum
442 1585 786 1656 factusfuerit
814 1622 830 1648 ,
863 1584 1028 1654 facitis
1057 1599 1171 1636 eum
1193 1582 1358 1651 ﬁlium
1378 1581 1619 1651 gehennae
1657 1579 1832 1649 dupli-

239 1674 341 1727 cius
369 1691 525 1746 quam
574 1691 680 1734 vos.
725 1673 810 1730 Va:
838 1675 974 1730 vobis
1002 1715 1016 1741 ,
1077 1672 1271 1729 Scriba:
1297 1683 1344 1736 et
1373 1671 1628 1728 Pltaristei
1663 1672 1830 1742 hypo-

236 1766 402 1832 crittc,
432 1767 520 1835 qui
549 1767 806 1830 decimatis
827 1767 1083 1822 ment/tam
1115 1776 1162 1820 et
1189 1765 1428 1828 anethum
1453 1775 1504 1820 et
1524 1765 1782 1835 cyminum
1810 1803 1827 1832 ,

236 1869 278 1914 et
303 1860 589 1930 relinquitis
617 1877 730 1934 qua:
754 1861 1007 1931 gravior-ia
1027 1870 1145 1916 sunt
1171 1860 1294 1930 legis
1310 1900 1324 1926 ,
1340 1860 1650 1928 judiciumct
1673 1859 1828 1914 mise-

234 1952 506 2005 ricordiam
533 1964 580 2007 et
610 1953 783 2021 ﬁdem.
819 1952 944 2012 Haec
987 1963 1154 2008 autem
1191 1952 1452 2023 oportebat
1479 1951 1621 2021 ﬁeri,
1665 1960 1710 2006 et
1735 1951 1828 2006 illa

234 2061 330 2106 non
355 2047 607 2110 οωὶααε.
653 2045 814 2114 Duces
840 2046 962 2100 ειεοὲ
981 2085 1000 2110 ,
1029 2045 1276 2110 liquentes
1304 2043 1515 2104 wiicem
1534 2084 1550 2109 ,
1579 2045 1827 2100 cautelam

232 2148 398 2200 autem
422 2139 714 2211 glutieutes.
759 2137 844 2195 l’cc
870 2138 1035 2203 vobis,
1068 2138 1265 2196 Scribat
1311 2147 1356 2196 et
1383 2138 1640 2195 Pharistei
1665 2138 1826 2210 hypo-

232 2231 371 2284 crita:
389 2273 405 2298 ,
458 2231 581 2300 quia
625 2231 814 2296 similes
841 2234 958 2294 estis
984 2233 1317 2292 incitamentis
1341 2231 1589 2287 dealbatis
1609 2273 1624 2299 ,
1652 2248 1765 2302 qua
1793 2249 1829 2288 α

232 2324 350 2394 foris
382 2332 569 2392 parent
595 2324 880 2390 hominibus
906 2325 1162 2394 speciosa,
1192 2324 1327 2382 intus
1349 2334 1514 2380 autem
1543 2324 1695 2395 plena
1709 2334 1828 2381 sunt

233 2415 424 2470 ossibus
455 2426 776 2476 mortuorum
798 2425 843 2474 ct
864 2417 1001 2471 omni
1028 2417 1275 2487 spurcitia.
1297 2433 1317 2472 :
1340 2418 1413 2474 sic
1434 2428 1481 2473 et
1504 2433 1590 2472 vos
1631 2435 1662 2472 a
1700 2419 1828 2488 foris

231 2509 429 2578 quidem
460 2511 652 2580 paretis
678 2509 962 2566 hominibus
979 2511 1110 2580 justi
1135 2550 1149 2575 ,
1177 2510 1316 2570 intui
1352 2520 1519 2566 autem
1548 2511 1686 2582 p.eni
1710 2511 1830 2566 estis

234 2601 492 2671 hypocrisi
514 2613 560 2656 et
581 2602 882 2673 iniquitates
920 2601 1133 2674 (Matth.
1166 2618 1330 2669 Luxu,
1367 2603 1454 2670 15,
1483 2604 1578 2669 15,
1609 2602 1822 2674 25-28).

300 2694 426 2750 162.
475 2696 614 2750 Ave.
680 2695 958 2766 respondit
1006 2715 1018 2748 :
1080 2695 1174 2752 Dic
1223 2695 1353 2750 mihi
1401 2705 1577 2752 utrum
1628 2695 1826 2767 aliquid

232 2786 432 2844 dixeris
455 2826 474 2854 ,
505 2788 648 2858 quod
672 2791 728 2844 in
754 2803 850 2846 vos
869 2788 1106 2846 vicissim
1131 2803 1226 2845 ore
1261 2789 1528 2844 maledico
1551 2797 1608 2844 et
1631 2799 1824 2844 contu-

232 2880 454 2938 melioso
487 2881 734 2938 similiter
754 2880 859 2944 dici
880 2898 985 2938 non
1017 2882 1204 2952 possit.
1230 2881 1338 2937 Sed
1365 2897 1429 2937 ex
1455 2884 1830 2953 superioribus

237 2991 350 3045 quzc
379 2989 404 3028 a
440 2991 527 3030 me
549 2975 694 3030 dicta
739 2984 890 3041 sunt,
922 2975 1157 3031 inveniet
1183 2976 1271 3046 qui
1301 2976 1562 3044 voluerit,
1620 2978 1734 3033 haec
1769 2979 1824 3033 in

233 3082 322 3122 vos
349 3083 461 3124 non
503 3083 600 3138 per
627 3083 763 3122 vana
791 3068 1030 3127 convicia
1048 3109 1064 3136 ,
1111 3068 1208 3124 sed
1251 3084 1345 3140 per
1364 3085 1492 3125 vera
1520 3071 1824 3128 testimonia

230 3173 388 3230 posse
413 3160 545 3215 dici.
580 3159 964 3230 Verumtamen
987 3162 1111 3232 quia
1139 3177 1206 3218 ex
1249 3164 1564 3232 occasione,
1607 3175 1828 3236 practer-

227 3253 546 3310 mittendum
579 3269 686 3308 non
715 3263 798 3310 est
822 3272 835 3308 :
871 3263 1019 3310 certe
1046 3255 1298 3326 antiquus
1325 3257 1551 3327 populus
1579 3257 1675 3313 Dei
1717 3260 1827 3314 cir-

226 3346 612 3408 cumeisienem
636 3361 733 3416 pro
756 3345 1034 3418 Baptismo
1055 3347 1305 3404 habebat.
1332 3348 1526 3418 Quaero
1554 3365 1686 3422 ergo
1707 3392 1722 3420 ,
1777 3352 1826 3408 si

226 3452 393 3508 quem
417 3437 669 3494 iecissent
693 3437 816 3505 isti,
844 3439 896 3494 in
921 3453 1058 3510 quos
1086 3447 1230 3495 tanta
1255 3440 1534 3508 dicuntur,
1568 3442 1826 3500 Pharisaei

226 3529 567 3601 proselytum
585 3571 601 3597 ,
627 3531 717 3602 qui
738 3531 780 3586 si
806 3545 901 3587 eos
925 3531 1256 3599 imitaretur,
1297 3534 1436 3590 sicut
1467 3534 1671 3590 dictum
1700 3545 1782 3592 est
1805 3576 1824 3605 ,

228 3621 650 3693 ﬁliusgehennte
671 3622 863 3680 fuisset
881 3623 1050 3694 duplo
1076 3638 1235 3694 quam
1266 3624 1376 3691 illi;
1410 3633 1588 3682 utrum
1625 3627 1671 3682 si
1700 3642 1824 3684 cor-

230 3714 528 3785 rigeretur,
565 3723 622 3772 et
657 3715 815 3772 vellet
842 3717 1041 3774 imitari
1077 3716 1384 3774 Simeonem
1406 3761 1420 3787 ,
1461 3719 1776 3776 Zachariam
1806 3765 1821 3792 ,

229 3803 614 3870 Natbanaelem
635 3849 651 3873 ,
677 3807 870 3863 iterum
889 3807 961 3863 ab
976 3808 1056 3864 eis
1072 3809 1533 3868 circumcidendus
1555 3813 1826 3884 judicare-

236 3903 337 3952 tur.
384 3897 539 3966 Quod
584 3899 656 3959 si,
683 3898 966 3956 ridiculum
1000 3910 1083 3956 est
1111 3901 1328 3967 dicere,
1379 3906 1620 3972 quamvis
1674 3921 1826 3962 more

232 3998 386 4062 atque
407 4005 508 4052 ore
548 3990 839 4061 vaniloquo
877 3992 1072 4048 talibus
1112 4008 1213 4049 nos
1257 3997 1614 4064 comparatis,
1660 4011 1825 4068 quare

233 4091 350 4153 post
368 4098 472 4140 nos
501 4083 827 4154 baptizatis?
851 4085 1005 4151 Quod
1035 4085 1080 4141 si
1119 4100 1214 4141 vos
1243 4087 1374 4142 tales
1411 4089 1544 4144 estis
1569 4131 1582 4157 ,
1626 4099 1826 4161 quanto

235 4190 328 4234 nos
363 4176 548 4238 verius
575 4183 632 4236 et
667 4175 860 4232 melius
879 4185 1000 4247 post
1023 4192 1118 4233 vos
1143 4193 1250 4234 non
1289 4179 1656 4249 baptizamus;
1689 4183 1828 4238 sicut

235 4282 329 4323 nec
353 4267 436 4324 illi
461 4282 602 4338 quos
631 4267 936 4334 nominavi,
962 4277 1083 4339 post
1108 4270 1369 4341 pessimos
1389 4270 1686 4330 Phariszeos
1717 4274 1825 4330 cir-

238 4361 463 4418 cumcidi
495 4361 800 4420 debebant?
841 4362 1078 4430 Deinde,
1128 4378 1250 4419 eum
1281 4364 1414 4421 tales
1458 4366 1698 4422 sederint
1736 4383 1826 4424 ca-

237 4452 482 4512 thedram
535 4452 742 4526 Moysi,
796 4454 883 4510 cui
934 4455 1193 4511 Dominus
1240 4456 1498 4513 honorem
1543 4459 1824 4529 servavit;

237 4559 396 4616 quare
415 4559 518 4602 vos
537 4555 760 4617 propter
782 4561 896 4612 eos,
916 4562 1049 4620 quos
1061 4547 1175 4604 istis
1187 4549 1301 4606 sive
1327 4550 1473 4620 juste
1494 4551 1607 4607 sive
1634 4551 1827 4622 injuste

237 4640 582 4710 comparatis,
601 4639 924 4697 Catbedram-
948 4644 1295 4714 apostolicam
1323 4645 1741 4717 blasphematis?

303 4732 538 4802 CAPUT
601 4731 834 4788 LXXIII.
867 4764 955 4781 -—-—
988 4737 1111 4793 165.
1142 4737 1329 4793 Ρετη..
1363 4738 1498 4794 dixit
1539 4758 1554 4794 :
1602 4739 1709 4797 Sed
1736 4757 1827 4796 nos

238 4825 541 4884 christianos
565 4826 664 4882 ista
691 4842 792 4882 non
823 4837 1027 4883 terrent.
1064 4829 1213 4898 Quod
1255 4832 1387 4886 enim
1421 4833 1539 4888 estis
1587 4835 1719 4889 male
1747 4840 1828 4906 fa.

239 4919 398 4986 ctuti,
447 4937 480 4972 ιι
528 4916 730 4975 Christo
772 4918 995 4976 Domino
1029 4922 1268 4978 babemus
1320 4936 1437 4980 ante
1487 4928 1781 4981 mandatum
1809 4941 1829 4982 :

245 5029 264 5062 ι
292 5010 499 5077 Mitto,»
521 5013 701 5083 inquit,
725 5031 745 5066 ι
773 5028 860 5069 vos
875 5015 1003 5069 sicut
1028 5017 1208 5072 ovesin
1226 5016 1387 5071 medio
1409 5017 1643 5087 luporum
1668 5038 1685 5072 ι
1717 5018 1826 5090 (Id.

241 5119 276 5158 ι
297 5146 312 5170 ,
343 5107 458 5176 16).
489 5105 747 5174 Lupinam
776 5106 965 5162 rabiem
1005 5125 1091 5163 vos
1127 5108 1379 5180 impletis,
1426 5110 1511 5181 qui
1549 5127 1649 5164 non
1682 5111 1831 5168 aliter

242 5193 487 5252 Ecclesiis
512 5197 724 5253 insidias
749 5200 918 5270 facitis
939 5213 1024 5254 aut
1053 5203 1244 5271 paratis
1263 5243 1276 5269 ,
1305 5219 1457 5274 quam
1485 5203 1593 5274 lupi
1617 5203 1830 5260 ovilibus

238 5293 494 5349 inhiantes
512 5335 529 5361 ,
551 5296 771 5364 pernicie
788 5312 985 5367 semper
1003 5305 1152 5368 atque
1174 5298 1364 5368 impetu
1387 5340 1402 5364 ,
1447 5296 1669 5366 stt/rectis
1708 5316 1829 5355 san-

240 5385 391 5454 guine
418 5383 651 5457 faucibus
673 5386 804 5440 iram
829 5387 1150 5442 anhelantem
1174 5389 1428 5459 respirant
1453 5390 1494 5442 ί.

314 5476 440 5532 164.
470 5479 607 5535 Ana.
642 5479 919 5550 respondit
948 5499 963 5536 :
994 5479 1197 5536 Vellem
1235 5480 1290 5534 in
1323 5495 1420 5537 vos
1452 5480 1634 5537 dicere
1675 5483 1832 5540 istam

243 5574 602 5642 sententiam,
654 5573 750 5629 sed
794 5574 991 5630 nollem
1029 5575 1145 5630 istis
1173 5574 1352 5630 verbis
1381 5593 1393 5630 :
1421 5576 1579 5632 nimis
1608 5578 1785 5649 inepta
1813 5621 1830 5648 ,

242 5664 334 5718 vel
364 5665 540 5735 potius
589 5665 776 5722 insana
817 5673 961 5722 sunt.
1016 5667 1149 5722 illud
1177 5675 1356 5722 autem
1404 5683 1538 5740 opus
1581 5677 1736 5739 erat,
1775 5677 1836 5726 ut

316 5846 335 5875 ⁸
358 5842 496 5907 aditi,
518 5843 781 5909 κηρίνων.
804 5841 974 5900 Helius
1003 5851 1133 5910 lem,
1157 5845 1412 5912 respirant.

1567 337 1771 410 unus
1805 335 2186 410 SECUNDUS.

1943 457 2104 512 certis
2134 457 2394 529 aliquibus
2447 460 2783 524 documentis
2805 508 2822 537 ,
2849 482 2960 526 non
2979 469 3282 531 vanissimis
3306 479 3531 538 maledi»

1941 549 2061 618 etis,
2105 565 2204 608 nos
2233 551 2389 624 lupos
2427 571 2548 614 esse
2593 561 2985 632 ostendentis,
3007 580 3106 621 vos
3154 577 3334 626 autem
3375 587 3528 633 oves.

1940 643 2074 701 Nam
2099 659 2222 704 cum
2250 657 2304 704 et
2328 664 2428 720 ego
2452 650 2640 708 dixero
2663 695 2680 722 ,
2710 654 2819 712 Nos
2841 671 3027 716 sumus
3053 674 3203 730 oves,
3231 678 3327 722 vos
3351 678 3530 724 autem

1940 737 2084 806 lupi;
2113 738 2306 796 ideone
2335 751 2490 813 putas
2512 743 2772 804 interesse
2792 749 3028 821 aliquid,
3061 754 3183 824 quia
3199 762 3256 811 tu
3284 756 3374 814 illa
3405 773 3530 818 ver-

1937 828 2022 923 bis
2049 831 2273 901 turgidis
2319 833 2493 890 dicis?
2522 835 2628 893 Sed
2656 842 2877 898 attende
2928 852 2987 899 nt
3011 858 3113 917 ego
3141 849 3360 917 probem
3388 854 3532 923 quod

1939 921 2080 980 dico.
2102 923 2305 995 Nempe
2328 928 2616 997 Dominus,
2647 934 2790 1002 quod
2811 976 2826 1002 ,
2852 935 2988 992 velis
3025 939 3200 1008 nolis,
3239 921 3418 1011 nosti,
3457 945 3532 1002 ait

1939 1017 1992 1072 in
2032 1018 2318 1090 Evangelio
2349 1039 2360 1073 :
2393 1023 2520 1089 Quae
2543 1034 2661 1080 sunt
2685 1043 2797 1082 oves
2826 1045 2982 1097 mete,
3014 1048 3184 1088 vocem
3227 1051 3392 1091 meam
3435 1035 3545 1092 au?

1938 1110 2084 1164 diunt
2108 1152 2122 1173 ,
2145 1119 2193 1166 et
2217 1123 2494 1181 sequuntur
2521 1129 2603 1169 tne
2627 1114 2805 1187 (Joan.
2838 1135 2871 1174 ι
2891 1163 2906 1188 ,
2939 1121 3055 1194 27).
3098 1124 3273 1181 Multa:
3311 1131 3436 1183 sunt
3461 1128 3530 1185 de

1937 1202 2162 1257 diversis
2185 1205 2345 1259 rebus
2364 1220 2526 1260 voces
2549 1207 2754 1265 Domini
2781 1229 2794 1266 :
2825 1227 3012 1268 verum
3031 1258 3045 1282 ,
3071 1219 3300 1288 exempli
3329 1221 3524 1294 gratia,

1937 1293 1982 1348 si
2004 1294 2264 1365 quispiam
2291 1296 2558 1354 dubitaret
2583 1310 2758 1357 utrum
2777 1303 2830 1359 in
2855 1319 3082 1378 corpore
3104 1308 3244 1364 idem
3266 1310 3528 1369 Dominus

1935 1392 2314 1456 resurrexerit,
2353 1401 2406 1446 et
2427 1394 2778 1451 recitarentur
2801 1399 2916 1468 ejus
2935 1401 3093 1455 verba
3118 1402 3364 1472 dicentis,
3392 1403 3527 1460 Pal-

1936 1493 2050 1553 pate
2069 1524 2084 1549 ,
2116 1493 2163 1537 et
2194 1485 2356 1540 videte
2376 1527 2388 1550 ,
2420 1489 2538 1557 quia
2561 1489 2772 1559 spiritus
2795 1507 2996 1547 carnem
3023 1503 3069 1548 et
3094 1511 3208 1549 ossa
3228 1514 3329 1552 non
3354 1497 3523 1570 habet,

1934 1576 2062 1629 sicut
2085 1593 2163 1630 me
2188 1577 2362 1632 videtis
2383 1579 2602 1646 habere;
2631 1583 2674 1637 si
2703 1589 2758 1638 et
2787 1584 2869 1638 his
2889 1585 3084 1641 auditis
3105 1587 3171 1642 ad
3195 1589 3526 1649 credendum

1933 1670 2308 1724 resuscitatum
2362 1687 2558 1742 corpus
2606 1675 2722 1746 ejus
2768 1677 2938 1734 nollet
2985 1681 3366 1751 acquiescere,
3419 1701 3526 1743 non

1933 1761 2117 1830 utique
2166 1762 2304 1818 inter
2332 1780 2459 1820 oves
2491 1767 2705 1823 Domini
2755 1768 3129 1841 deputaretur,
3188 1774 3312 1846 quia
3338 1792 3527 1835 vocem
3587 1821 3590 1826 .

1931 1850 2050 1921 ejus
2079 1852 2311 1908 auditam
2346 1871 2452 1910 non
2473 1859 2797 1928 sequebatur
2830 1879 2842 1916 :
2873 1863 2952 1917 sic
2971 1872 3026 1918 et
3059 1879 3202 1919 nunc
3222 1907 3235 1932 ,
3273 1869 3526 1937 quoniam

1932 1942 2160 2011 quaestio
2187 1955 2269 2000 cst
2295 1945 2437 2001 inter
2465 1963 2590 2014 nos,
2621 1950 2710 2005 ubi
2747 1952 2815 2007 sit
2845 1952 3084 2010 Ecclesia
3105 1996 3122 2024 ,
3154 1970 3275 2012 cum
3305 1971 3371 2014 ex
3408 1959 3527 2030 ipso

1932 2035 2203 2107 Evangelii
2235 2038 2354 2095 loco
2376 2081 2390 2106 ,
2422 2041 2507 2095 ubi
2532 2053 2648 2112 post
2671 2048 3115 2104 resurrectionem
3146 2064 3302 2105 suum
3331 2066 3528 2124 corpus

1931 2128 2092 2184 etiam
2117 2129 2438 2200 palpandum
2467 2133 2831 2193 dubitantibus
2858 2140 3084 2209 prznbuit
3103 2183 3117 2208 ,
3146 2145 3530 2213 consequentia

1930 2222 2093 2277 verba
2117 2224 2405 2280 recitamus
2434 2228 2449 2259 ί
2468 2268 2483 2293 ,
2519 2228 2608 2282 ubi
2639 2227 2869 2286 futuram
2901 2232 3525 2294 Ecclesim'iatitudinem

1931 2313 2356 2381 demonstravit,
2401 2318 2618 2374 dicens:
2653 2321 2903 2388 Quoniam
2939 2325 3011 2379 sic
3044 2326 3288 2399 scriptum
3321 2335 3394 2382 est
3415 2370 3432 2398 ,
3473 2335 3526 2390 et

1932 2409 2004 2463 sic
2029 2410 2288 2481 Oportebat
2317 2409 2572 2466 Christum
2602 2417 2710 2485 pati
2734 2458 2748 2483 ,
2782 2424 2828 2470 et
2856 2433 3118 2490 resurgere
3146 2421 3293 2475 tertia
3319 2422 3435 2489 die,
3478 2429 3530 2477 et

1932 2502 2198 2571 pt'azdicari
2230 2503 2282 2556 in
2313 2504 2515 2557 nomine
2560 2521 2669 2576 ejus
2714 2508 3058 2577 pmnitentiam
3098 2519 3146 2563 et
3184 2511 3528 2566 remissionem

1932 2601 2248 2664 peccatorum
2271 2611 2360 2665 per
2382 2611 2553 2650 omnes
2578 2605 2766 2667 gentes,
2795 2598 3144 2668 incipientibus
3159 2601 3220 2655 ab
3240 2601 3527 2657 Jerusalem

1932 2685 2082 2757 (Luc.
2113 2702 2271 2753 xxnv,
2301 2687 2373 2742 59
2397 2730 2412 2755 ,
2447 2689 2518 2744 46
2543 2730 2558 2757 ,
2591 2688 2718 2762 t7);
2746 2700 2799 2746 et
2827 2706 2921 2747 vos
2942 2691 3194 2748 omnibus
3232 2693 3480 2764 gentibus
3506 2736 3523 2764 ,

1930 2779 2020 2834 ubi
2048 2779 2162 2835 haec
2189 2781 2452 2851 completa
2506 2793 2668 2853 sunt,
2715 2788 3113 2843 communicare
3165 2803 3271 2845 non
3312 2789 3473 2845 vultis
3506 2833 3524 2861 ,

1930 2872 2201 2944 quomodo
2230 2873 2361 2929 estis
2381 2889 2509 2932 oves
2536 2876 2695 2948 hujus
2725 2881 2988 2950 pastoris,
3016 2881 3168 2951 cujus
3211 2881 3405 2940 auditis
3433 2898 3530 2940 vo-

1930 2967 2078 3022 cibus
2107 2983 2215 3023 non
2239 2968 2412 3024 solum
2435 2983 2541 3026 non
2563 2971 2938 3044 obsequimini,
2969 2990 3154 3034 verum
3176 2977 3335 3032 etiam
3363 2992 3524 3060 repu-

1929 3059 2142 3131 gnatis?
2165 3061 2231 3116 Et
2261 3075 2390 3117 oves
2411 3062 2625 3133 quidem
2651 3079 2746 3120 vos
2773 3081 2880 3122 non
2909 3081 3051 3136 esse,
3084 3069 3210 3124 hinc
3234 3059 3524 3126 docemus:

1930 3167 2049 3208 esse
2078 3162 2258 3208 autem
2290 3156 2444 3226 lupos
2461 3199 2475 3224 ,
2503 3156 2682 3214 audite
2704 3159 2845 3215 unde
2865 3159 3174 3218 doceamus.
3202 3162 3320 3218 Jam
3339 3163 3484 3218 enim
3508 3205 3525 3234 ,

1930 3247 2052 3316 quia
2067 3249 2088 3278 ³
2100 3247 2190 3302 ubi
2207 3248 2275 3302 sit
2287 3249 2547 3318 Ecclesia,
2565 3250 2740 3306 verbis
2755 3253 2917 3323 ipsius
2934 3263 3172 3326 apparet,
3185 3251 3533 3314 manifestum

1930 3351 2013 3399 est
2031 3343 2120 3399 ubi
2151 3346 2220 3399 sit
2245 3346 2382 3401 ovile
2407 3345 2626 3402 Christi.
2654 3347 2738 3402 Ab
2759 3347 2862 3403 hoc
2887 3348 3046 3419 igitur
3065 3349 3188 3404 ovili
3212 3350 3526 3406 certissimis

1931 3435 2108 3490 verbis
2132 3436 2344 3491 Domini
2371 3436 2737 3492 demonstrato
2757 3446 2814 3494 et
2839 3454 3098 3512 expresso
3115 3481 3131 3509 ,
3151 3441 3476 3513 quicumque
3506 3481 3531 3518 ι

1929 3542 2036 3584 non
2059 3529 2177 3583 dico
2203 3544 2297 3598 per
2325 3528 2457 3584 falsa
2479 3573 2494 3598 ,
2523 3530 2617 3586 sed
2638 3531 2780 3602 quod
2809 3533 3145 3600 manifestum
3174 3541 3290 3600 est,
3323 3549 3418 3610 per
3439 3534 3528 3589 in-

1930 3631 2076 3678 certa
2097 3621 2371 3677 hominum
2393 3623 2616 3678 crimina
2637 3637 2764 3680 oves
2789 3633 3070 3695 segregant
3091 3667 3110 3694 ,
3141 3633 3194 3684 et
3220 3626 3289 3688 ab
3310 3627 3526 3690 unitatis

1930 3725 2088 3785 atque
2107 3714 2382 3771 charitatis
2401 3716 2504 3772 vita
2527 3724 2740 3785 ereptas
2760 3725 2814 3772 et
2833 3717 3092 3773 alienatas
3112 3728 3323 3784 necant,
3349 3735 3528 3780 nonne

1930 3806 2032 3877 ipsi
2091 3816 2215 3861 sunt
2269 3809 2375 3877 lupi
2419 3808 2677 3878 rapaces?
2716 3809 2785 3863 At
2819 3810 2960 3863 enim
3000 3809 3194 3880 et’ipsi
3240 3811 3526 3880 Dominum

1930 3899 2200 3955 Christum
2238 3899 2460 3954 laudant
2498 3910 2551 3954 et
2581 3899 2890 3972 praedicant.
2924 3900 2988 3958 Ili
3010 3909 3134 3958 sunt
3163 3917 3291 3974 ergo
3311 3897 3378 3959 de
3404 3907 3522 3976 qui-

1929 3991 2028 4047 bus
2056 3992 2168 4062 lpse
2198 3991 2270 4046 ait
2302 4009 2314 4044 :
2345 3989 2526 4044 lnduti
2548 3990 2761 4062 pellibus
2791 3992 2959 4046 ovium
2982 4033 2997 4062 ,
3047 3993 3185 4047 intus
3209 4003 3375 4048 autent
3407 4003 3525 4050 sunt

1931 4083 2040 4154 lupi
2067 4082 2394 4153 rapaces.Ex
2408 4083 2654 4156 fructibus
2679 4101 2849 4139 eorum
2869 4086 3176 4157 cognoscetis
3202 4102 3285 4142 eos
3310 4085 3526 4158 (Matth,

1929 4191 2001 4231 vti
2021 4219 2036 4242 ,
2068 4175 2168 4244 15,
2203 4175 2316 4248 16).
2345 4174 2512 4232 Ovina
2542 4177 2699 4248 pellis
2729 4188 2812 4234 est
2838 4179 2890 4233 in
2910 4178 3120 4259 Christi
3139 4176 3410 4252 laudibus,
3437 4179 3525 4236 lu-

1932 4268 2087 4338 pinus
2108 4267 2309 4324 l‘ructus
2337 4269 2389 4338 i-n
2413 4270 2688 4326 maledicis
2715 4269 2986 4327 dentibus.

2002 4359 2228 4418 CAPUT
2276 4361 2511 4418 LXXIV.
2538 4393 2609 4404 —
2643 4364 2767 4420 165.
2822 4363 3010 4422 PETIL.
3032 4363 3216 4424 dixit:
3262 4363 3308 4422 Ο
3352 4367 3526 4434 miseri

1934 4455 2199 4510 traditores
2222 4455 2245 4510 !
2272 4454 2476 4527 impleri
2505 4457 2704 4529 quidem
2743 4455 3066 4528 Scripturam
3091 4459 3165 4514 sic
3194 4457 3360 4522 decuit
3382 4474 3404 4530 ς
3432 4458 3525 4519 sed

1931 4551 1986 4605 in
2006 4549 2140 4605 vobis
2162 4550 2255 4610 hoc
2281 4550 2426 4606 doleo
2446 4591 2462 4622 ,
2491 4549 2627 4622 quod
2652 4559 2824 4622 partes
2841 4550 3049 4614 malitiae
3074 4566 3160 4612 vos
3184 4551 3394 4624 implere
3414 4566 3524 4618 me-

1932 4643 2126 4700 ruistis.
2666 4637 2671 4644 ’

1983 4735 2132 4807 166.
2159 4734 2294 4794 Anc.
2326 4734 2647 4806 respondit:
2682 4735 2900 4796 Possem
2936 4751 3036 4810 ego
3086 4737 3256 4812 magis
3296 4737 3477 4818 dicere
3505 4783 3522 4816 ,

1937 4825 1982 4883 0
2011 4828 2182 4883 miseri
2209 4826 2516 4882 traditores!
2543 4829 2588 4884 si
2628 4827 2758 4892 mihi
2795 4831 3066 4912 placeret,
3116 4833 3226 4896 imo
3250 4832 3299 4896 si
3318 4833 3526 4906 justitia

1934 4920 2223 4988 suaderet,
2251 4920 2500 4976 omnibus
2526 4921 2678 4977 vobis
2717 4921 2952 4993 objicere
2992 4925 3346 4998 quorumdam
3383 4926 3524 4982 facta

1936 5021 2258 5068 vestrorum.
2289 5011 2442 5080 Quod
2476 5028 2605 5086 ergo
2624 5013 2690 5070 ad
2725 5030 2912 5077 omnes
2933 5031 3028 5073 vos
3053 5018 3313 5092 pertinet,
3351 5015 3396 5071 Ο
3420 5017 3524 5080 mi-

1936 5105 2040 5160 seri
2091 5103 2583 5161 hmreticilcaetera
2609 5105 2720 5182 jam
2763 5107 2923 5164 verba
2971 5117 3057 5186 tua
3100 5123 3201 5186 ego
3253 5106 3522 5176 dixerim;

1937 5200 2192 5271 scriptum
2215 5208 2297 5255 est
2324 5200 2497 5265 enim,
2534 5199 2743 5273 Oportet
2760 5212 2806 5258 et
2827 5203 3041 5260 hereses
3065 5219 3205 5270 esse,
3234 5211 3290 5256 ut
3323 5201 3525 5271 probati

1937 5289 2192 5361 manifesti
2224 5291 2350 5362 ﬁant
2372 5292 2504 5348 inter
2543 5308 2630 5348 vos
2659 5293 2700 5363 (l
2723 5294 2838 5350 Cor.
2870 5310 2956 5372 xi,
2982 5294 3092 5366 19).
3127 5311 3146 5346 ι
3173 5291 3386 5362 Impleri
3402 5309 3524 5365 ergo

1947 5381 2268 5456 Scripturam
2294 5383 2367 5440 sic
2394 5386 2653 5456 oportuit;
2676 5388 2766 5442 sed
2788 5387 2842 5441 in
2887 5387 3024 5442 vobis
3052 5384 3148 5442 hoc
3173 5384 3320 5444 doleo
3339 5426 3356 5454 ,
3385 5385 3524 5459 quod

1953 5487 2119 5549 partes
2145 5479 2354 5544 malitia:
2377 5479 2584 5551 implere
2606 5495 2691 5536 vos
2711 5478 2982 5540 timuistis.
2996 5497 3018 5531 ι

2007 5722 2025 5755 ί
2051 5727 2102 5770 tn
2128 5721 2272 5789 edita
2289 5760 2303 5783 ,
2341 5716 2692 5789 dispzamuibus
2714 5717 3049 5789 consequentia
3084 5721 3229 5772 verba
3248 5721 3528 5776 recitamus.

1944 5785 2092 5834 Abest
2121 5782 2498 5846 disputantibus,
2522 5794 2551 5830 a
2574 5782 2928 5846 manuscriptis.

2011 5849 2032 5879 ³
2057 5847 2142 5897 Hic
2173 5839 2490 5905 restituunus,
2517 5839 2650 5904 quia,
2676 5852 2740 5890 ex
2762 5845 3118 5910 manusaiptis.
