4008 6538
412 400 510 458 311

441 509 711 585 ,ΟΑΡΗΤ
735 503 948 566 LXXV.
975 535 1046 547 —
1067 502 1192 559 167.
1214 502 1403 556 Ρετη..
1433 499 1604 554 dixit:
1637 497 1800 552 Nobis
1828 505 1998 551 autem

415 606 668 663 Dominus
693 601 922 658 Christus
945 603 1121 653 contra
1143 602 1306 648 vestra
1334 590 1515 663 feralia
1542 588 1836 660 patientiam
1877 588 2000 642 sim-

415 700 598 770 plicem
643 692 1071 759 innocentiamque
1120 684 1396 739 mandavit.
1453 681 1590 747 Quid
1645 679 1778 734 enim
1831 679 2001 733 dicit?

421 809 441 842 ι
469 789 770 844 Mandatum
796 798 976 838 novum
999 780 1064 834 do
1087 778 1226 832 vobis
1243 819 1260 844 ,
1290 785 1344 830 ut
1362 775 1585 846 diligatis
1608 773 1838 837 invicem,
1869 787 1998 841 quo-

415 883 570 935 modo
593 878 748 934 dilexi
768 892 874 939 vos;
907 893 924 926 ο
955 881 1023 938 et,
1049 890 1067 924 ι
1097 869 1164 924 In
1189 870 1283 924 hoc
1309 868 1466 922 scient
1489 881 1659 920 omnes
1674 863 1791 933 quia
1806 862 1903 916 mei
1917 861 2000 914 di-

414 973 603 1040 scipuli
619 969 754 1031 estis,
771 967 815 1021 si
837 965 1151 1019 dilectionem
1167 958 1438 1016 habueritis
1457 959 1513 1011 in
1539 956 1749 1011 invicem
1778 971 1796 1005 ι
1819 949 2000 1022 (Joan.

416 1079 543 1128 xm,
575 1062 643 1116 54
665 1103 680 1127 ,
710 1059 823 1130 55).

491 1152 616 1209 168.
645 1156 778 1206 Aue.
809 1144 1084 1217 respondit
1109 1163 1121 1199 :
1152 1142 1264 1198 Nisi
1297 1140 1416 1196 hac
1450 1137 1613 1194 verba
1651 1136 1809 1206 longe
1847 1150 1877 1189 a
1906 1149 2002 1188 ve-

419 1243 546 1299 stris
575 1241 812 1296 moribus
839 1239 1010 1292 aliena
1055 1236 1110 1290 in
1150 1232 1415 1290 sermonis
1458 1229 1624 1286 vestri
1667 1225 2006 1296 superficiem

419 1332 782 1390 transferretis
799 1374 812 1396 ,
845 1326 1115 1401 quomodo
1140 1341 1238 1381 vos
1265 1324 1420 1380 ovina
1450 1321 1591 1392 pelle
1616 1316 1902 1390 tegeretis?

491 1423 716 1481 CAPUT
748 1419 980 1476 LXXVI.
1006 1448 1078 1458 —
1101 1417 1227 1473 169.
1256 1415 1445 1470 Ρετιι..
1469 1411 1603 1466 dixit
1626 1427 1640 1464 :
1665 1408 1864 1463 Paulus
1884 1422 2010 1478 quo-

418 1535 518 1589 que
551 1516 811 1588 apostolus
829 1555 845 1580 ,
871 1530 984 1568 cum
1011 1510 1378 1583 persecutiones
1402 1507 1670 1560 immensas
1693 1503 1756 1556 ab
1782 1499 2010 1556 omnibus

417 1610 648 1686 gentibus
679 1617 962 1676 pateretur,
993 1621 1025 1657 a
1059 1603 1204 1673 falsis
1234 1599 1475 1673 fratribus
1504 1594 1709 1667 pertulit
1733 1593 2007 1686 graviores,

421 1682 550 1757 sicut
578 1701 642 1754 de
669 1716 722 1753 se
748 1699 856 1767 ipse
879 1705 1104 1762 testatur,
1135 1698 1416 1765 frequenter
1439 1689 1651 1760 afﬂictus
1674 1701 1693 1741 :
1719 1704 1738 1738 ι
1763 1682 2013 1738 Periculis

423 1809 486 1847 ea:
512 1791 762 1863 gentibus,
795 1788 1028 1859 periculis
1049 1801 1111 1840 ea:
1133 1799 1329 1856 genere,
1355 1779 1589 1852 periculis
1613 1793 1645 1830 a
1672 1775 1815 1848 falsis
1841 1773 2016 1845 fratri-

345 1872 355 1884 .
423 1885 517 1939 bus
546 1903 566 1936 ι
599 1883 664 1955 (II
693 1882 808 1936 Cor.
835 1897 907 1945 χι,
930 1879 1043 1948 26).
1071 1877 1265 1946 Quique
1288 1876 1469 1928 iterum
1489 1871 1609 1925 dicit
1633 1885 1650 1923 :
1679 1887 1700 1922 ι
1726 1867 2014 1920 Imitatores

421 1979 522 2034 mei
542 1987 724 2044 estote,
746 1976 870 2029 sicut
891 1983 936 2027 et
957 1989 1046 2044 ego
1061 1970 1248 2025 Christi
1276 1987 1294 2021 ι
1330 1966 1372 2039 (I
1396 1965 1512 2019 Cor.
1531 1979 1603 2028 tv,
1631 1960 1743 2032 16).
1771 1957 1896 2014 Cum
1919 1957 2017 2027 igi-

426 2082 512 2128 tur
550 2089 640 2126 nos
669 2070 788 2142 falsi
818 2073 997 2138 fratres
1023 2063 1257 2135 appetitis
1279 2062 1320 2125 ¹,
1359 2058 1513 2112 Pauli
1551 2053 1776 2125 magistri
1816 2051 2016 2124 patien-

425 2163 551 2216 tiam
579 2161 669 2215 sub
699 2158 882 2214 nostris
913 2155 1147 2227 periculis
1167 2154 1188 2184 ²
1219 2152 1494 2204 imitamur.

502 2254 626 2308 170.
657 2253 796 2308 Auc.
825 2247 1100 2317 respondit
1127 2262 1141 2301 :
1171 2242 1330 2299 Certe
1368 2241 1453 2295 isti
1489 2247 1613 2294 sunt
1648 2235 1766 2292 falsi
1803 2234 2015 2300 fratres,

427 2347 495 2402 de
525 2344 719 2415 quibus
757 2342 861 2396 alio
890 2340 1010 2394 loco
1043 2337 1183 2392 idem
1227 2331 1498 2403 apostolus
1540 2330 1612 2384 ita
1655 2325 2015 2415 conqueritur,

426 2414 694 2494 Timothei
725 2431 1023 2503 praedicans
1047 2439 1353 2498 germanam
1394 2420 1752 2476 sinceritatem
1785 2434 1799 2470 :
1834 2414 2017 2469 Nemi-

427 2544 542 2583 nem
562 2569 577 2592 ,
607 2525 807 2594 inquit,
836 2523 993 2575 habeo
1018 2518 1306 2572 unanimem
1327 2555 1341 2580 ,
1382 2513 1465 2584 qui
1508 2524 1742 2582 germane
1784 2507 1847 2560 de
1882 2503 2020 2559 vobis

425 2621 674 2676 sollicitus
703 2617 768 2672 sit
798 2632 817 2671 :
847 2629 1018 2670 omnes
1047 2611 1178 2664 enim
1205 2625 1299 2664 sua
1326 2612 1556 2678 quaerunt
1574 2646 1590 2671 ,
1619 2618 1720 2656 non
1756 2614 1870 2672 quas
1893 2597 2020 2650 Jesu

429 2709 617 2765 Christi
645 2706 902 2775 (Philipp.
929 2719 988 2769 ιι,
1017 2701 1107 2766 20,
1133 2699 1250 2771 21).
1278 2697 1472 2767 Utique
1493 2693 1560 2748 de
1580 2692 1664 2747 his
1683 2688 2018 2760 loquebatur,

427 2801 520 2872 qui
551 2809 676 2855 tunc
706 2797 921 2869 quando
950 2795 1096 2849 illam
1126 2789 1394 2848 scribebat
1417 2784 1712 2857 Epistoiam
1733 2825 1748 2849 ,
1781 2779 2023 2872 cumiilyo

429 2871 603 2948 erant.
632 2890 749 2946 Non
779 2890 922 2943 enim
962 2899 1149 2940 omnes
1189 2883 1278 2954 qui
1316 2887 1469 2935 erant
1509 2877 1830 2945 ubicumque
1865 2871 2022 2927 Chri-

430 2986 611 3051 stiani,
640 2999 733 3038 sua
759 2981 1104 3052 quaerebant,
1139 2991 1242 3030 non
1274 2989 1393 3044 qua:
1422 2970 1548 3027 Iesu
1577 2966 1796 3024 Christi.
1842 2965 1916 3019 De
1939 2962 2023 3018 his

429 3091 598 3147 ergo,
627 3085 687 3130 ut
713 3073 856 3139 dixi,
883 3071 1000 3126 haec
1025 3065 1313 3139 ingemuit,
1346 3077 1479 3134 quos
1503 3074 1582 3136 eo
1621 3067 1861 3128 tempore
1899 3067 2023 3108 cum

429 3170 534 3226 ista
565 3167 826 3223 scriberet
853 3177 1037 3219 secum
1067 3159 1316 3214 habebat.
1339 3155 1484 3222 Quos
1509 3152 1652 3208 enim
1678 3150 1810 3204 alios
1833 3147 2021 3216 tangit,

430 3276 557 3318 cum
601 3260 726 3314 alibi
772 3257 930 3323 dicit,
961 3253 1111 3308 Foris
1145 3265 1358 3323 pugnat,
1404 3249 1542 3302 intus
1571 3246 1772 3298 timores
1803 3240 1876 3313 (Il
1903 3239 2020 3296 Cor.

430 3369 528 3419 vu,
564 3352 656 3424 5);
687 3349 787 3404 nisi
818 3363 911 3405 eos
940 3363 1074 3419 quos
1104 3354 1251 3400 tanto
1277 3341 1645 3398 vehementius
1665 3379 1678 3400 ,
1710 3343 1910 3407 quanto
1939 3334 2024 3388 in-

431 3445 602 3500 terius
627 3439 936 3497 metuebat?
960 3438 1016 3494 Si
1047 3451 1174 3508 ergo
1195 3435 1362 3489 velles
1387 3430 1583 3487 imitari
1608 3427 1833 3484 Paulum
1862 3426 2023 3492 intus,

435 3549 586 3594 esses
616 3533 872 3590 falsorum
904 3531 1126 3587 fratrum
1152 3526 1411 3584 tolerator
1429 3567 1444 3591 ,
1472 3538 1580 3579 non
1610 3521 1740 3578 foris
1767 3521 2025 3576 innocen-

434 3630 568 3687 tium
596 3625 966 3681 calumniator.

507 3718 734 3775 CAPUT
762 3713 1021 3772 LXXVII.
1049 3743 1114 3754 -
1140 3711 1262 3766 171.
1291 3709 1476 3765 Ρετιι..
1500 3705 1634 3762 dixit
1659 3721 1673 3758 :
1702 3703 1843 3760 Nam
1864 3703 2029 3775 qualis

441 3813 569 3885 ﬁdes
593 3813 646 3866 in
666 3809 802 3866 vobis
822 3817 915 3872 est,
943 3821 1055 3876 qua:
1076 3821 1179 3859 non
1200 3802 1346 3857 habet
1365 3800 1662 3856 charitatem
1677 3798 1703 3852 .9
1729 3796 1900 3851 Paulo
1919 3796 2030 3866 ipso

439 3905 666 3971 dicente,
710 3920 731 3954 ‹
761 3899 822 3957 Si
862 3898 1048 3971 linguis
1087 3896 1346 3950 hominum
1389 3893 1599 3963 loquar,
1637 3897 1684 3944 et
1723 3887 2032 3956 Angelorum

441 3995 706 4051 scientiam
735 3991 974 4053 habeam,
1004 3988 1298 4042 cbaritatem
1337 3993 1504 4038 autem
1546 3998 1650 4036 non
1692 3980 1932 4045 habeam,
1961 3980 2033 4034 ita

440 4104 556 4142 sum
583 4095 822 4155 tanquam
851 4089 1184 4138 atramentum
1210 4078 1448 4142 tinniens,
1479 4083 1565 4128 aut
1590 4073 1876 4145 cymbalum
1907 4088 2033 4126 con-

442 4194 679 4250 crepans.
717 4177 817 4229 Aut
846 4175 891 4228 si
919 4172 1137 4227 habuero
1168 4169 1514 4240 prophetiam,
1543 4176 1592 4220 et
1619 4167 1841 4220 noverim
1863 4164 2034 4219 omnia

443 4275 762 4324 sacramenta
791 4274 836 4318 et
870 4280 1066 4318 omnem
1107 4261 1396 4323 scientiam,
1427 4267 1474 4312 et
1507 4257 1550 4311 si
1586 4256 1807 4310 habuero
1837 4271 2035 4308 onmem

446 4359 632 4428 ﬁdem,
655 4357 729 4410 ita
752 4365 808 4408 ut
828 4364 1018 4408 montes
1047 4355 1349 4422 transferam
1368 4390 1384 4415 ,
1416 4348 1713 4401 charitatem
1742 4355 1909 4400 autem
1934 4362 2036 4400 non

449 4449 680 4513 habeam,
706 4445 836 4500 nihil
859 4461 989 4499 sum.
1015 4442 1078 4496 Et
1101 4443 1142 4495 si
1163 4440 1464 4495 distribuero
1488 4454 1684 4492 omnem
1707 4437 2036 4492 substantiam

445 4557 612 4595 meam
634 4536 962 4612 pauperibus,
983 4545 1031 4590 et
1058 4533 1313 4590 tradidero
1336 4547 1518 4602 corpus
1538 4545 1702 4584 meum
1727 4538 1782 4584 ut
1807 4529 2034 4600 ardeam,

448 4632 745 4686 charitatem
772 4637 941 4683 autem
968 4643 1069 4680 non
1097 4624 1308 4680 habeam
1326 4665 1341 4691 ,
1369 4622 1498 4676 nihil
1521 4621 1645 4675 mihi
1672 4621 1893 4691 prodest.
1923 4638 1942 4674 ι

521 4724 647 4779 172.
679 4725 814 4780 Auc.
845 4718 1124 4791 respondit
1156 4737 1169 4774 :
1200 4717 1313 4773 Hoc
1341 4723 1424 4772 est
1449 4713 1591 4787 quod
1621 4714 1779 4783 paulo
1806 4722 1930 4770 ante
1956 4713 2040 4769 di-

414 4800 420 4807 ’
449 4816 527 4884 xi,
558 4815 696 4885 pelle
718 4821 771 4870 te
791 4814 949 4868 ovina
971 4809 1180 4881 contegi
1206 4809 1363 4876 velle,
1390 4815 1448 4863 ut
1470 4807 1514 4863 si
1537 4805 1651 4861 ﬁeri
1675 4814 1868 4876 potest,
1892 4805 2040 4876 prius

450 4919 507 4966 te
534 4909 649 4964 ovis
677 4906 1013 4962 mordentem
1042 4903 1270 4968 sentiat,
1299 4914 1458 4971 quam
1484 4897 1790 4969 praesentiat
1815 4896 2040 4952 venien-

453 5012 584 5057 tem.
615 4999 804 5055 Nonne
828 4997 932 5053 ista
957 5005 1042 5053 est
1068 4993 1340 5050 cbaritatis
1369 4993 1516 5059 laus,
1547 5007 1665 5063 qua:
1691 4997 1925 5046 vestram
1954 5005 2043 5046 ca-

452 5094 712 5150 lumniam
758 5090 894 5146 solet
934 5087 1259 5144 lucidissima
1300 5086 1523 5141 veritate
1565 5085 1921 5140 convincere?
1957 5085 2041 5140 An

455 5183 578 5240 ideo
605 5197 750 5239 arma
780 5182 882 5237 ista
910 5188 1092 5236 nostra
1115 5193 1223 5233 non
1249 5186 1407 5234 erunt
1425 5219 1440 5244 ,
1472 5177 1594 5246 quia
1622 5190 1716 5232 vos
1744 5190 1807 5231 ea
1837 5188 2043 5244 praeoc-

459 5289 656 5344 cupare
679 5271 986 5328 conamini?
1016 5271 1244 5325 Prorsus
1269 5269 1384 5323 haec
1403 5267 1576 5336 jacula
1602 5267 1724 5321 viva
1751 5275 1911 5322 sunt:
1939 5281 2042 5320 un-

460 5365 756 5434 decumque
781 5363 1068 5432 jactentur,
1097 5366 1458 5430 agnoscuntur
1478 5357 1499 5389 ³
1522 5372 1656 5428 quos
1677 5357 1962 5428 perimant.
1988 5355 2044 5410 Si

461 5473 491 5512 a
522 5456 674 5512 nobis
702 5455 863 5510 missa
903 5453 1125 5518 fuerint,
1157 5451 1211 5506 in
1242 5450 1392 5506 vobis
1422 5450 1697 5504 haerebunt
1726 5467 1740 5503 :
1769 5448 1813 5502 si
1839 5462 1869 5501 a
1893 5446 2046 5502 vobis

463 5550 766 5614 mittuntur,
792 5547 844 5600 in
872 5560 967 5600 vos
991 5551 1386 5615 retorquentur.
1418 5541 1511 5596 His
1535 5540 1676 5595 enim
1706 5553 1805 5595 nos
1833 5547 2049 5610 aposto-

529 5683 546 5713 ι
571 5681 645 5728 sic
667 5685 770 5727 Mss.
798 5684 851 5726 At
883 5682 957 5745 Er.
985 5681 1183 5745 etlpvq
1207 5672 1352 5745 falsas
1384 5672 1562 5745 fratres
1590 5667 1860 5745 appellatis.

529 5746 675 5854 ⁵ἐρυθ
695 5746 823 5799 Mss,
846 5739 930 5789 sub
951 5735 1120 5789 vestris
1141 5731 1416 5800 periculis:
1438 5733 1488 5782 id
1532 5731 1664 5795 est,
1685 5743 1796 5795 qua
1839 5744 1868 5784 ιι
1913 5731 2049 5784 vobis

473 5817 696 5871 palmur.
795 5864 819 5871 η
993 5862 1023 5871 η
1056 5861 1082 5871 __
1397 5869 1422 5871 __

532 5867 553 5899 ³
579 5873 626 5917 tn
648 5864 901 5917 veteribus
921 5861 1194 5923 codicibus,
1233 5861 1511 5923 eqnosctmt.

1249 385 1519 444 CONTRA
1559 381 1899 441 LITTERAS
1933 381 2298 451 PETILIANI,
2336 384 2399 442 S.
2439 383 2810 444 AUGUSTINI

3575 381 3685 440 5i!

2108 497 2227 555 licis
2251 497 2448 565 verbis,
2478 496 2976 555 commendantibus
3005 495 3349 552 eminentiam
3384 493 3685 562 cbaritatis,

2106 589 2257 645 vobis
2282 590 2516 646 solemus
2540 589 2822 645 ostendere
2844 587 3112 660 quomodo
3136 601 3242 642 non
3262 585 3432 657 prosit
3451 585 3690 640 homini-

2106 679 2226 747 bus,
2255 681 2492 750 quamvis
2518 681 2572 735 in
2595 681 2675 736 eis
2698 682 2806 736 sint
2828 680 2912 736 vel
2935 679 3277 736 Sacramenta
3304 677 3390 734 vel
3419 677 3573 742 fides,
3599 677 3692 734 ubi

2107 768 2337 826 charitas
2367 785 2474 826 non
2499 781 2612 836 est;
2639 780 2698 826 ut
2720 786 2841 826 cum
2870 769 2937 824 ad
2966 769 3221 824 unitatem
3249 768 3567 825 catholicam
3597 783 3692 823 ve-

2108 860 2267 926 nitis;
2307 861 2611 932 intelligatis
2639 862 2764 932 quid
2792 862 2944 917 vobis
2970 861 3305 928 conferatur,
3345 870 3401 917 et
3435 868 3698 931 quantum

2109 957 2181 1008 sit
2213 953 2353 1024 quod
2394 955 2570 1010 minus
2610 954 2885 1011 habebatis
2915 974 2930 1010 :
2958 954 3190 1010 cbaritas
3223 954 3363 1009 enim
3405 953 3699 1008 christiana

2109 1043 2214 1099 nisi
2257 1045 2309 1098 in
2355 1045 2556 1100 unitate
2584 1045 2837 1100 Ecclesia:
2869 1060 2972 1099 non
3006 1053 3181 1114 potest
3207 1043 3460 1099 custodiri
3491 1060 3504 1096 :
3536 1051 3702 1110 atque

2111 1135 2184 1190 ita
2212 1136 2438 1192 videatis
2474 1139 2590 1193 sine
2624 1138 2712 1192 illa
2751 1138 2882 1194 nihil
2917 1154 3014 1194 vos
3039 1153 3192 1203 esse,
3223 1139 3324 1194 etsi
3366 1136 3702 1207 Baptismum

2113 1235 2167 1282 et
2195 1228 2352 1284 fidem
2381 1231 2634 1295 teneatis,
2664 1241 2721 1287 et
2747 1247 2844 1301 per
2883 1231 3030 1287 illam
3065 1232 3226 1286 etiam
3271 1240 3480 1284 montes
3522 1237 3703 1283 trans-

2111 1317 2255 1373 ferre
2280 1321 2514 1390 possitis.
2537 1321 2688 1388 Quod
2710 1323 2755 1377 si
2779 1323 2892 1378 hzec
2911 1332 2965 1378 et
2988 1331 3159 1377 vestra
3182 1323 3441 1376 sententia
3462 1330 3570 1387 est,
3597 1335 3706 1375 non

2112 1409 2168 1464 in
2207 1411 2358 1466 vobis
2382 1413 2402 1445 ί
2430 1412 2759 1469 detestemur
2795 1423 2851 1469 et
2893 1413 3237 1470 exsufnenius
3276 1414 3358 1468 vel
3388 1412 3486 1467 Dei
3513 1411 3707 1467 Sacra-

2113 1513 2294 1559 menta
2319 1521 2436 1576 quae
2462 1508 2709 1562 novimus
2727 1547 2745 1572 ,
2769 1507 2852 1562 vel
2879 1508 3045 1577 ipsam
3081 1506 3274 1571 fidem;
3303 1505 3396 1561 sed
3427 1514 3709 1560 teneamus

2117 1596 2431 1654 cbaritatem
2448 1640 2464 1664 ,
2493 1599 2609 1656 sine
2633 1617 2737 1671 qua
2762 1608 2816 1654 et
2838 1616 2958 1655 cum
2984 1599 3343 1656 Sacramentis
3370 1608 3425 1654 et
3448 1613 3572 1653 cum
3602 1597 3708 1652 fide

2118 1690 2248 1746 nihil
2275 1707 2477 1748 sumus.
2504 1693 2771 1749 Tenemus
2795 1703 2972 1748 autem
2993 1694 3328 1759 cbaritatem,
3357 1694 3400 1748 si
3424 1692 3710 1764 amplecti-

2117 1798 2240 1840 mur
2265 1785 2517 1852 unitatem
2546 1805 2560 1841 :
2588 1787 2956 1856 amplectimur
2985 1797 3159 1841 autem
3190 1787 3445 1840 unitatem
3466 1827 3481 1851 ,
3513 1785 3559 1839 si
3589 1799 3710 1838 eam

2118 1891 2226 1932 non
2253 1892 2349 1946 per
2377 1878 2538 1933 verba
2578 1887 2760 1934 nostra
2799 1878 2851 1932 in
2886 1886 3034 1948 parte
3062 1876 3418 1948 contingimus
3437 1918 3454 1946 ,
3482 1874 3582 1932 sed
3613 1890 3713 1947 per

2121 1968 2283 2024 verba
2307 1968 2502 2024 Christi
2533 1971 2585 2024 in
2613 1971 2815 2025 unitate
2842 1970 3232 2038 cognoscimus.

2190 2059 2418 2118 CAPUT
2446 2061 2726 2117 LXXVIII.
2752 2092 2824 2103 —
2847 2062 2969 2116 175.
2994 2060 3181 2116 Ρετιι..
3205 2060 3337 2115 dixit
3360 2077 3375 2114 :
3397 2057 3469 2114 Et
3489 2059 3709 2124 iterum,

2128 2171 2148 2205 ι
2177 2151 2410 2208 Charitas
2436 2155 2568 2210 enim
2591 2153 2916 2226 magnanima
2937 2161 3008 2208 est
3032 2161 3079 2206 et
3099 2151 3346 2222 benigna;
3365 2151 3591 2206 charitas
3610 2166 3714 2205 non

2121 2247 2409 2314 aemulatur,
2439 2265 2542 2302 non
2565 2249 2672 2319 agit
2698 2264 2982 2319 perperam,
3007 2263 3109 2301 non
3129 2247 3358 2317 inﬂatur,
3381 2261 3484 2300 non
3507 2253 3580 2300 est
3601 2261 3714 2299 am-

2125 2340 2321 2406 bitiosa,
2349 2357 2451 2395 non
2479 2342 2656 2411 quierit
2683 2355 2795 2410 qute
2818 2357 2912 2396 sua
2937 2348 3074 2394 sunt.
3112 2359 3131 2392 ι
3171 2338 3274 2395 Vos
3298 2349 3465 2394 autem
3488 2339 3717 2410 quaeritis

2124 2432 2310 2486 aliena.
2343 2451 2362 2484 ‹
2398 2431 2520 2487 Non
2543 2433 2792 2501 irritatur,
2821 2449 2922 2487 non
2947 2432 3131 2503 cogitat
3154 2433 3366 2501 malum,
3395 2449 3498 2486 non
3527 2433 3717 2504 gaudet

2124 2538 2277 2593 super
2303 2523 2596 2594 iniquitate,
2629 2524 2910 2596 congaudet
2951 2533 3119 2577 autem
3160 2523 3360 2577 veritati
3391 2539 3406 2577 :
3437 2524 3609 2576 omnia
3640 2534 3719 2578 to-

2127 2614 2270 2680 lerat,
2296 2615 2466 2669 omnia
2484 2616 2692 2670 sustinet
2713 2633 2732 2671 :
2753 2616 2975 2670 charitas
2995 2629 3251 2686 nunquam
3272 2613 3464 2669 excidet
3482 2634 3500 2666 ι
3529 2613 3573 2684 (I
3595 2612 3714 2668 Cor.

2125 2720 2256 2770 xm,
2286 2705 2432 2778 1-8).
2467 2704 2580 2760 Hoc
2622 2717 2695 2761 est
2738 2705 2948 2760 breviter
2988 2706 3154 2760 dicere
3185 2721 3206 2760 :
3243 2704 3364 2760 Non
3402 2704 3718 2776 persequitur

2127 2798 2368 2866 charitas,
2402 2815 2501 2853 non
2529 2799 2796 2854 adversum
2821 2811 3029 2854 cwteras
3054 2800 3252 2854 animos
3278 2800 3607 2870 imperatores
3631 2799 3716 2852 in—

2127 2890 2356 2960 ﬂammat
2374 2930 2390 2957 ,
2424 2907 2526 2945 non
2561 2891 2731 2946 aliena
2767 2890 2973 2961 diripit,
3015 2906 3119 2946 non
3155 2889 3307 2945 etiam
3336 2889 3563 2945 homines
3591 2905 3719 2961 quos

2126 2981 2358 3051 spoliarit
2387 2981 2587 3036 occidit.

2201 3075 2326 3130 174.
2366 3076 2503 3132 Auo.
2535 3073 2857 3144 respondit:
2889 3074 3109 3142 Quoties
3148 3074 3245 3129 tibi
3287 3074 3527 3130 dicturus
3569 3087 3711 3142 sum,

2128 3165 2246 3221 haec
2275 3166 2321 3221 si
2346 3181 2450 3220 non
2480 3166 2734 3236 probatis,
2763 3166 2828 3221 ad
2851 3167 3117 3222 neminem
3141 3167 3444 3237 pertinent:
3471 3165 3515 3220 si
3534 3174 3717 3221 autem

2129 3256 2390 3328 probatis,
2413 3257 2479 3311 ad
2505 3270 2604 3312 nos
2628 3271 2734 3312 non
2765 3257 3063 3327 pertinent;
3092 3258 3228 3312 sicut
3250 3272 3348 3312 nec
3373 3255 3437 3310 ad
3458 3270 3574 3321 vos,
3597 3271 3721 3326 qua

2129 3347 2294 3402 vestri
2334 3347 2574 3418 quotidie
2616 3351 2955 3404 committunt
2991 3364 3089 3420 per
3130 3349 3332 3405 scelera
3369 3347 3720 3416 furiosorum,

2131 3455 2230 3511 per
2256 3440 2492 3495 luxurias
2519 3440 2911 3496 vinolentorum
2931 3481 2946 3508 ,
2975 3455 3072 3510 per
3098 3441 3388 3496 caecitatem
3421 3440 3723 3512 praecipita-

2132 3539 2343 3597 torum,
2376 3547 2472 3602 per
2509 3532 2845 3604 tyrannidem
2889 3541 3181 3602 raptorum.
3223 3532 3353 3602 Quis
3390 3547 3495 3586 non
3543 3531 3723 3588 videat

2131 3639 2318 3679 verum
2344 3638 2463 3678 esse
2491 3623 2632 3694 quod
2661 3623 2872 3679 clamo?
2899 3623 3004 3680 Sed
3031 3638 3170 3679 nunc
3195 3622 3241 3677 si
3266 3631 3407 3678 esset
3432 3623 3484 3676 in
3513 3631 3564 3677 te
3587 3622 3720 3678 cha-

2133 3715 2283 3782 ritas,
2312 3715 2674 3786 congauderet
2699 3715 2931 3771 veritati.
2961 3715 3130 3782 Quam
3161 3715 3302 3770 enim
3329 3715 3600 3785 eleganter
3619 3714 3724 3772 sub

2134 3808 2275 3878 pelle
2301 3809 2457 3864 ovina
2481 3807 2696 3875 dicitur,
2729 3808 2961 3865 Charitas
2985 3812 3157 3862 omnia
3184 3808 3384 3876 tolerat,
3403 3810 3574 3864 omnia
3603 3825 3724 3865 sus-

2137 3893 2260 3956 tinet
2287 3901 2308 3955 l
2333 3901 2424 3956 ubi
2477 3910 2654 3956 autem
2690 3909 2908 3956 ventum
2955 3900 3112 3956 fuerit
3152 3899 3220 3955 ad
3257 3915 3509 3966 examen,
3552 3900 3724 3971 lupini

2136 3986 2324 4050 dentes
2363 3993 2565 4062 operiri
2607 4009 2712 4048 non
2757 4001 2999 4064 possunt.
3044 3993 3175 4048 Cum
3205 3993 3348 4047 enim
3376 3992 3610 4049 charitas
3647 4002 3724 4062 te,

2137 4095 2356 4156 propter
2383 4083 2436 4140 id
2460 4084 2601 4155 quod
2630 4083 2828 4139 dictum
2854 4092 2957 4149 est,
2989 4083 3303 4140 Sustinentes
3327 4084 3538 4138 invicem
3558 4085 3616 4139 in
3640 4086 3726 4140 di-

2139 4176 2382 4242 lectione,
2413 4174 2666 4230 studentes
2701 4191 2898 4230 servare
2932 4175 3178 4229 unitatem
3208 4175 3416 4245 spiritus
3443 4176 3497 4230 in
3524 4177 3727 4232 vinculo

2141 4269 2280 4339 pacis
2303 4266 2517 4339 (Ep/tes.
2540 4282 2614 4330 tv,
2639 4267 2695 4331 2,
2719 4267 2798 4336 ὅ),
2829 4267 3036 4321 etiamsi
3060 4280 3160 4336 qua
3185 4265 3322 4320 mala
3348 4265 3491 4321 intus
3513 4281 3726 4334 nosses,

2140 4369 2388 4432 cogeret,
2417 4374 2525 4416 non
2554 4360 2634 4416 eis
2661 4358 2875 4428 quidem
2901 4357 3237 4424 consentire,
3265 4357 3361 4412 sed
3389 4365 3568 4413 tamen
3594 4373 3659 4414 ea
3682 4359 3730 4415 si

2139 4452 2430 4524 prohibere
2477 4466 2583 4506 non
2624 4459 2857 4520 poteras,
2877 4451 3174 4515 sustinere,
3217 4463 3284 4504 ne
3313 4458 3532 4519 propter
3556 4450 3731 4507 malos
3770 4455 3778 4522 ,'

2140 4543 2442 4600 ventilabro
2468 4542 2657 4597 ultimo
2679 4541 3025 4612 separandos,
3048 4554 3191 4596 nunc
3215 4555 3246 4596 a
3269 4539 3532 4596 bonorum
3557 4541 3726 4598 socie.
3771 4529 3773 4532 ⁴

2143 4643 2253 4692 tate
2277 4634 2424 4706 pacis
2445 4633 2712 4690 vinculum
2733 4633 3118 4702 abrumperes;
3147 4631 3294 4688 foras
3316 4640 3476 4688 vento
3497 4633 3730 4689 levitatis

2143 4742 2431 4796 excussus,
2461 4727 2628 4798 paleae
2656 4727 2858 4783 crimen
2887 4726 3077 4797 obiicis
3103 4727 3315 4794 tritico,
3345 4734 3401 4782 et
3426 4742 3546 4798 quae
3574 4727 3731 4800 fingis

2144 4819 2212 4875 de
2237 4819 2412 4884 malis,
2440 4833 2536 4889 per
2553 4819 2922 4890 contagionem
2942 4818 3120 4874 valere
3145 4826 3201 4874 et
3223 4818 3276 4873 in
3295 4817 3450 4874 bonis
3470 4818 3730 4877 affirmas.

2145 4910 2216 4967 Et
2239 4925 2360 4966 cum
2390 4910 2644 4965 Dominus
2670 4909 2882 4978 dixerit,
2916 4909 3048 4981 Ager
3075 4919 3147 4964 est
3177 4908 3259 4962 hic
3286 4909 3526 4977 mundus,
3555 4913 3734 4967 messis

2145 5009 2314 5055 autem
2342 5009 2415 5056 est
2451 5001 2570 5070 finis
2606 5001 2818 5066 steculi;
2855 5015 2975 5056 cum
3011 4999 3080 5055 de
3117 4998 3396 5056 frumentis
3431 5009 3487 5056 et
3513 5001 3735 5057 zizaniis

2146 5093 2404 5162 dixisset,
2462 5093 2630 5148 Sinite
2679 5103 2889 5164 utraque
2933 5107 3154 5147 crescere
3199 5108 3356 5162 usque
3407 5092 3474 5146 ad
3527 5109 3735 5149 messem

2150 5186 2363 5258 (Matth.
2391 5201 2518 5252 xm,
2549 5184 2618 5241 58
2637 5222 2652 5248 ,
2680 5185 2780 5248 59,
2809 5183 2900 5255 50)
2935 5201 2947 5236 :
2979 5191 3034 5238 tu
3060 5183 3270 5239 laboras
3307 5183 3483 5239 verbis
3510 5185 3648 5252 tuis,
3679 5194 3738 5240 ut

2149 5279 2412 5333 frumenta
2444 5277 2553 5346 jam
2595 5290 2691 5345 per
2720 5282 2885 5330 totum
2917 5289 3102 5346 agrum
3135 5273 3397 5330 defecisse
3415 5316 3431 5343 ,
3458 5283 3514 5330 et
3543 5275 3611 5331 ad
3641 5291 3737 5330 ex-

2151 5371 2328 5441 iguam
2378 5367 2688 5439 particulam
2752 5375 2983 5423 vestram
3046 5369 3371 5424 remansisse
3421 5367 3736 5429 credantur;

2151 5461 2278 5517 dum
2305 5460 2385 5515 vis
2415 5468 2470 5514 ut
2500 5458 2755 5516 habeatur
2781 5458 3029 5515 Christus
3049 5458 3278 5515 mendax
3299 5501 3314 5525 ,
3349 5469 3406 5516 tu
3436 5470 3615 5516 autem
3644 5476 3738 5516 ve-

2152 5569 2268 5610 rax.
2300 5553 2366 5608 Et
2394 5551 2626 5622 loqueris
2653 5551 2868 5623 quidem
2907 5560 3094 5607 contra
3131 5553 3513 5610 conscientiam
3553 5561 3735 5608 tuam:

2154 5661 2328 5717 neque
2346 5645 2486 5700 enim
2501 5659 2628 5698 vere
2643 5647 2923 5714 quisquam
2941 5658 3153 5715 quoquo
3170 5645 3330 5701 modo
3345 5646 3558 5702 intuens
3573 5645 3724 5700 Evan

2153 5740 2345 5814 gelium
2366 5776 2380 5801 ,
2409 5734 2568 5790 audet
2592 5734 2648 5789 in
2672 5733 2852 5790 animo
2877 5749 2976 5790 suo
3002 5735 3182 5792 dicere
3199 5777 3212 5802 ,
3243 5751 3340 5807 per
3367 5745 3444 5793 tot
3471 5748 3661 5809 gentes
3686 5737 3736 5795 in

2228 5850 3442 5918 'Erasmusetcniraunensisttsmoninnobis.
