4008 6470
182 408 295 469 διε

192 526 383 599 quibus
408 538 558 596 pene
584 536 689 581 una
715 533 847 578 voce
873 520 1224 592 respondetur
1248 518 1441 584 Amen,
1471 524 1525 572 et
1547 521 1791 570 cantatur

195 616 443 685 Alleluia,
470 630 581 671 non
607 628 729 672 esse
757 612 1105 670 Christianos.
1141 611 1208 667 Et
1236 619 1414 665 tamen
1444 622 1512 664 ne
1539 620 1665 677 pars
1690 606 1792 659 Do-

197 710 324 777 nati,
354 724 481 779 quae
506 708 626 764 orbi
658 716 917 761 terrarum
946 720 1051 759 non
1082 702 1470 765 communicat,
1502 714 1683 754 errare
1707 696 1789 751 vi-

198 803 405 866 deatur,
429 799 477 855 si
500 800 621 869 quis
647 797 741 853 tibi
764 796 983 867 angelus
1006 795 1074 851 de
1094 796 1253 862 ccelo,
1278 794 1367 865 qui
1394 800 1577 863 posset
1594 789 1791 845 intueri

195 895 509 950 universum
536 890 758 956 orbem,
804 888 1008 943 diceret
1049 897 1199 942 extra
1240 884 1667 941 communionem
1693 896 1788 936 ve-

194 994 360 1041 stram
387 998 654 1054 nusquam
680 995 801 1037 esse
825 980 1137 1035 innocentes
1163 987 1217 1033 et
1244 978 1441 1040 bonos,
1477 973 1663 1045 procul
1686 972 1789 1028 du-

194 1077 281 1133 bio
306 1075 577 1147 gauderes
602 1088 763 1144 super
785 1072 1061 1142 iniquitate
1086 1070 1297 1141 generis
1321 1068 1558 1133 humani,
1587 1074 1640 1121 et
1664 1078 1787 1120 vera

194 1177 246 1226 te
264 1168 471 1224 dixisse
490 1175 772 1237 antequam
793 1178 1146 1235 cognosceres
1163 1161 1488 1233 gloriareris.
1511 1156 1789 1228 Quomodo

192 1270 274 1318 eSt
297 1275 431 1330 ergo
461 1260 515 1314 in
544 1267 595 1313 te
618 1257 850 1313 cbaritas
869 1299 884 1323 ,
917 1272 1035 1327 qua:
1065 1258 1166 1310 non
1205 1254 1391 1325 gaudet
1422 1268 1574 1321 super
1598 1249 1787 1319 iniqui-

192 1353 332 1407 tate?
356 1350 466 1407 Sed
494 1350 605 1405 noli
630 1350 741 1405 falli
767 1368 778 1402 :
808 1356 931 1404 sunt
959 1363 1054 1418 per
1078 1362 1285 1417 agrum,
1314 1346 1366 1400 id
1388 1354 1490 1410 est,
1518 1359 1616 1413 per
1634 1358 1788 1398 mun-

192 1442 319 1499 dum
346 1457 519 1512 usque
546 1440 611 1495 ad
639 1439 796 1495 linem
826 1439 1005 1493 saeculi
1052 1438 1345 1492 crescentia
1386 1435 1649 1491 frumenta
1685 1434 1786 1489 do-

190 1535 411 1589 minica.
446 1530 691 1587 Christus
727 1530 831 1585 hoc
868 1529 1041 1596 dixit,
1073 1529 1315 1585 Christus
1340 1535 1424 1584 est
1446 1526 1663 1583 veritas.
1706 1525 1788 1581 Sit

190 1626 241 1681 in
278 1635 331 1680 te
366 1625 641 1690 charitas,
665 1631 721 1679 et
756 1623 1084 1693 congaudeat
1122 1621 1353 1675 veritati.
1389 1619 1585 1674 Contra
1611 1619 1785 1674 Evan-

190 1718 389 1789 gelium
420 1717 522 1772 etsi
552 1716 768 1786 angelus
794 1715 863 1770 de
894 1714 1033 1771 coelo
1060 1712 1534 1783 evangelizaverit,
1564 1710 1785 1766 anathe-

190 1824 273 1865 ma
304 1810 377 1863 sit
406 1808 607 1879 (Galat.
634 1824 679 1873 ι,
710 1807 791 1879 8).

256 1900 492 1958 CAPUT
524 1899 762 1958 LXXIX.
801 1930 875 1940 ——
918 1900 1042 1955 175.
1076 1899 1262 1953 Ρετιι.
1289 1897 1423 1952 dixit
1451 1913 1463 1949 :
1494 1896 1782 1960 Postremo,

188 2010 299 2067 qua:
326 2003 403 2049 est
434 1994 569 2048 ratio
598 1990 970 2063 persequendi?
1002 1989 1101 2044 Vos
1121 2031 1136 2056 ,
1166 1989 1367 2053 miseri,
1398 1988 1653 2058 interrogo
1670 2005 1691 2051 ;
1743 1986 1786 2040 si

188 2088 378 2159 putatis
404 2086 625 2158 forsitan
653 2101 739 2139 vos
764 2084 936 2154 aliqua
966 2082 1091 2153 legis
1119 2084 1419 2135 auctoritate
1449 2096 1675 2151 peccare.

255 2178 385 2236 176.
421 2180 558 2235 Anc.
585 2175 861 2249 respondit
889 2194 903 2231 :
929 2174 1030 2242 Qui
1051 2182 1270 2245 peccat,
1299 2187 1405 2229 non
1431 2180 1618 2242 peccat
1656 2171 1786 2241 legis

186 2272 529 2338 auctoritate,
561 2270 655 2327 sed
685 2279 868 2326 contra
898 2268 1028 2339 legis
1058 2267 1449 2323 auctoritatem.
1492 2265 1627 2333 Quia
1656 2278 1787 2320 vero

188 2367 511 2437 interrogas,
540 2379 661 2435 quae
685 2363 755 2417 sit
779 2362 917 2417 ratio
942 2359 1330 2431 persequendi;
1361 2357 1594 2412 vicissim
1622 2366 1675 2411 te
1704 2357 1786 2411 in-

189 2468 425 2528 terrogo,
449 2458 604 2525 cujus
628 2455 700 2510 sit
721 2469 822 2509 vox
845 2454 900 2509 in
920 2453 1133 2508 Psalmo
1154 2450 1399 2516 dicentis,
1428 2450 1785 2504 Detrahentem

187 2558 375 2605 secreto
420 2547 658 2620 proximo
702 2562 822 2613 suo,
863 2545 1000 2599 hunc
1046 2543 1371 2614 persequebar
1415 2542 1583 2613 (Psal.
1615 2557 1676 2605 c,
1703 2541 1782 2612 5).

188 2643 378 2713 Quaere
408 2641 589 2712 itaque
619 2638 1006 2711 persecutionis
1045 2637 1131 2692 vel
1168 2650 1383 2691 causam
1423 2636 1510 2690 vel
1542 2634 1783 2701 modum,

186 2744 241 2792 et
263 2735 373 2790 noli
400 2743 547 2790 tanta
576 2732 843 2803 imperitia
875 2731 1197 2804 generaliter
1234 2730 1499 2787 malorum
1530 2744 1783 2800 persecu-

188 2838 331 2885 tores
355 2826 775 2898 reprehendere.

261 2919 486 2977 CAPUT
522 2917 739 2976 LXXX.
778 2946 849 2957 —-—
888 2916 1015 2970 1⁸17.
1041 2916 1231 2970 Ρετιι..
1261 2912 1435 2968 dixit:
1471 2913 1579 2984 Ego
1616 2929 1731 2967 vero
1759 2930 1788 2968 e

186 3022 363 3071 contra
405 3011 720 3083 respondeo,
759 3006 938 3064 Iesum
966 3006 1221 3062 Christum
1262 3005 1509 3058 neminem
1547 3021 1783 3076 persecu-

185 3114 291 3159 tum
313 3120 333 3159 :
352 3113 402 3158 et
425 3120 541 3157 cum
566 3100 752 3172 aliqua:
776 3108 922 3155 secta:
942 3097 1198 3167 Apostolis
1224 3096 1384 3151 eidem
1410 3096 1785 3166 suggerentibus

182 3196 510 3266 displicerent
539 3195 638 3264 (ita
665 3194 799 3247 enim
828 3190 981 3260 fidem
1009 3197 1207 3245 venerat
1247 3192 1415 3261 facere
1433 3230 1448 3255 ,
1485 3197 1539 3243 ut
1566 3206 1668 3243 non
1696 3205 1784 3244 co-

183 3298 321 3363 geret
342 3288 594 3352 homines,
621 3286 710 3341 sed
732 3286 895 3355 potius
918 3282 1173 3352 invitar'et)
1192 3324 1208 3350 ,
1234 3283 1407 3336 dicunt
1432 3282 1511 3336 illi
1531 3281 1781 3350 Apostoli,

188 3399 209 3436 ι
238 3380 402 3437 Multi
431 3381 487 3433 in
513 3379 715 3432 nomine
758 3386 843 3431 tuo
887 3391 1067 3443 manus
1107 3374 1408 3444 imponunt,
1441 3384 1488 3428 et
1526 3373 1786 3428 nobiscum.

182 3491 291 3530 non
319 3482 464 3529 sunt.
493 3492 513 3525 ι
544 3470 681 3525 Dixit
702 3468 856 3524 Iesus
878 3486 897 3523 :
923 3488 943 3521 ι
972 3467 1220 3525 Dimittite
1244 3466 1399 3533 illos;
1427 3467 1471 3522 si
1498 3474 1671 3521 contra
1698 3483 1786 3523 vos

184 3582 289 3622 non
316 3572 475 3627 sunt,
508 3577 600 3633 pro
626 3560 765 3615 vobis
788 3569 925 3615 sunt.
958 3578 977 3611 ι

258 3656 388 3711 178.
422 3655 561 3711 Avo.
592 3653 867 3724 respondit
894 3670 908 3707 :
937 3651 1134 3707 Verum
1173 3650 1306 3706 dicis
1326 3692 1340 3716 ,
1371 3653 1539 3707 multo
1570 3652 1786 3709 uberius

186 3760 242 3807 te
269 3750 606 3822 prolaturum
632 3748 699 3802 de
724 3756 815 3829 tuo
841 3760 959 3817 qute
983 3746 1037 3801 in
1057 3744 1347 3816 Scripturis
1373 3760 1479 3800 non
1505 3746 1787 3802 inveniun-

187 3854 299 3899 tur.
329 3844 387 3899 Si
411 3843 551 3899 enim
578 3842 647 3898 de
665 3840 951 3911 Scripturis
971 3840 1167 3895 sanctis
1186 3840 1317 3893 velis
1339 3839 1641 3895 testimonia
1662 3854 1787 3909 pro-

188 3935 352 3999 ferre,
376 3934 635 4005 numquid
657 3948 717 3988 ea
740 3948 857 4004 quae
878 3948 983 3987 non
1011 3931 1277 3986 inveneris
1298 3930 1573 4001 proferes?
1595 3930 1785 3986 Vestra

191 4036 366 4083 autem
394 4026 673 4082 mendacia
704 4040 860 4096 quam
889 4024 1051 4078 multa
1080 4022 1208 4089 sint,
1237 4022 1289 4076 in
1317 4030 1494 4077 vestra
1526 4028 1786 4091 potestate

190 4128 287 4175 est.
314 4117 417 4174 Ubi
446 4118 591 4173 enim
624 4116 879 4185 scriptum
902 4120 993 4169 est
1018 4112 1160 4185 quod
1190 4113 1430 4185 posuisti,
1460 4113 1543 4167 vel
1574 4113 1786 4184 quando

192 4219 276 4263 aut
302 4208 535 4263 Domino
565 4207 692 4262 illud
718 4214 1023 4277 suggestum
1048 4214 1159 4271 est,
1200 4213 1293 4259 aut
1325 4219 1356 4259 a
1392 4204 1617 4259 Domino
1656 4204 1785 4261 illud

191 4315 509 4370 responsum
547 4299 667 4353 est?
694 4297 847 4352 Multi
872 4299 923 4350 in
950 4298 1149 4351 nomine
1178 4306 1263 4351 tuo
1287 4314 1467 4350 manus
1495 4297 1780 4367 imponunt,

193 4404 236 4446 et
263 4392 526 4447 nobiscum
566 4407 669 4445 non
697 4399 842 4457 sunt,
877 4404 1146 4461 nunquam
1192 4388 1330 4445 Filio
1372 4388 1467 4444 Dei
1504 4389 1785 4459 quisquam

192 4486 576 4557 discipulorum
617 4482 751 4539 dixit
782 4502 795 4538 :
822 4482 966 4537 unde
994 4498 1094 4537 nec
1122 4481 1253 4537 illud
1284 4482 1351 4537 ab
1378 4496 1444 4537 eo
1470 4482 1786 4553 responderi

193 4579 381 4647 potuit,
413 4575 666 4630 Dimittite
689 4574 842 4640 illos;
869 4576 914 4628 si
937 4583 1113 4628 contra
1139 4590 1224 4628 vos
1249 4590 1351 4628 non
1372 4584 1510 4642 sunt,
1540 4590 1631 4645 pro
1652 4575 1786 4630 vobis

192 4679 321 4724 sunt.
355 4668 463 4724 Sed
489 4675 572 4723 est
598 4666 850 4737 quiddam
877 4666 1080 4731 simile,
1108 4663 1250 4736 quod
1290 4679 1476 4720 revera
1521 4664 1572 4718 in
1610 4664 1783 4720 Evan-

193 4760 326 4830 gelio
349 4760 581 4831 legimus
606 4758 672 4812 de
693 4757 921 4828 quodam
947 4765 1252 4827 suggestum
1278 4770 1397 4812 esse
1424 4754 1668 4822 Domino,
1696 4756 1785 4826 qui

195 4854 454 4910 daemonia
485 4853 537 4908 in
566 4854 685 4922 ejus
709 4852 927 4907 nomine
950 4850 1194 4920 ejiciebat
1214 4890 1227 4914 ,
1255 4857 1311 4904 et
1352 4865 1473 4904 cum
1514 4848 1787 4920 discipulis

194 4963 309 5002 eum
354 4963 462 5003 non
495 4946 846 5015 sequebatur,
876 4944 964 5000 ubi
990 4944 1247 5000 Dominus
1272 4943 1375 5009 ait,
1406 4941 1582 4998 Nolite
1609 4943 1784 5012 prohi-

194 5040 300 5094 bere
332 5056 350 5093 :
380 5040 469 5110 qui
508 5046 685 5091 contra
718 5054 804 5091 vos
833 5053 933 5090 non
963 5044 1070 5101 est,
1114 5050 1205 5104 pro
1242 5033 1379 5087 vobis
1416 5043 1489 5088 est
1520 5032 1671 5105 (Luc.
1704 5048 1783 5097 Ix,

193 5130 278 5196 49,
308 5131 426 5199 50).
456 5130 571 5185 Hoc
596 5138 772 5184 autem
804 5128 869 5183 ad
900 5137 1075 5183 sectas
1102 5126 1566 5195 demonstrandas,
1595 5126 1787 5196 quibus

192 5224 499 5293 pepercisse
531 5221 786 5276 Dominus
830 5220 1072 5275 videatur
1118 5220 1336 5275 omnino
1382 5234 1489 5275 non
1532 5219 1783 5290 pertinet.

195 5313 297 5369 Sed
326 5315 369 5369 si
402 5324 456 5369 tc
484 5312 738 5368 nonnulla
780 5310 968 5367 fefellit
1009 5310 1298 5366 similitudo
1339 5311 1649 5378 sentcntiae,
1680 5325 1786 5366 non

194 5417 273 5459 est
300 5404 661 5467 mendacium,
691 5418 841 5459 error
870 5402 1134 5457 humanus
1163 5411 1262 5457 est.
1292 5402 1348 5457 Si
1372 5412 1545 5456 autem
1570 5402 1788 5472 imperi-

193 5497 265 5549 tis
289 5506 593 5551 sanctarum
623 5494 1014 5565 Scripturarutn
1046 5492 1264 5548 nebulas
1298 5492 1539 5549 falsitatis
1568 5493 1788 5562 injicere

192 5587 428 5653 voluisti,
455 5587 830 5656 compungaris
856 5596 912 5641 et
930 5583 1271 5641 confundaris
1292 5591 1345 5637 et
1362 5583 1665 5652 corrigaris.
1692 5583 1789 5638 Est

192 5685 374 5733 tamen
417 5678 560 5748 quod
599 5678 668 5734 de
696 5678 800 5733 hoc
827 5678 945 5748 ipso
964 5719 979 5744 ,
1005 5677 1073 5732 de
1097 5690 1204 5748 quo
1229 5676 1454 5731 Domino
1478 5686 1787 5747 suggestum

193 5782 301 5838 est,
327 5787 424 5828 nos
446 5786 689 5844 agamus.
716 5771 994 5841 Quomodo
1018 5771 1162 5827 enim
1188 5779 1313 5825 tunc
1337 5778 1532 5840 praeter
1549 5784 1789 5826 commu-

194 5865 414 5924 nionem
437 5864 817 5939 discipulorum
832 5908 851 5939 ,
876 5864 1087 5925 valebat
1112 5872 1293 5925 tamen
1328 5863 1618 5938 plurimum
1656 5878 1783 5925 san-

1516 395 1719 456 LIBER
1765 391 2144 454 SECUNDUS.

3385 408 3491 470 3M

1900 512 2056 568 ctitas
2085 516 2317 573 nominis
2340 516 2570 585 Christi;
2617 520 2697 577 sic
2736 529 2931 592 praeter
2959 522 3217 581 Ecclesiae
3243 538 3491 584 commu-

1899 609 2114 663 nionem
2141 610 2282 665 valet
2305 613 2555 671 sanctitas
2579 613 2929 673 Sacramenti.
2968 618 3151 691 Neque
3194 622 3336 678 enim
3377 623 3477 679 Ba-

1897 700 2125 769 ptismus
2150 713 2492 760 consecratur
2529 707 2630 762 nisi
2673 708 2725 764 in
2764 709 2981 767 nomine
3009 710 3181 768 Patris
3209 722 3264 769 et
3290 712 3409 770 Filii
3435 724 3489 772 et

1896 790 2125 862 Spiritus
2146 796 2335 850 sancti.
2355 796 2483 863 Quis
2503 808 2678 855 autem
2699 801 3067 859 insanissimus
3090 804 3303 871 dixerit,
3327 807 3487 863 etiam

1898 894 2095 955 praeter
2136 887 2392 943 Ecclesiae
2420 892 2851 949 communionem
2891 910 3085 951 nomen
3123 895 3245 951 Filii
3284 896 3487 964 valere,

1897 976 2070 1032 Patris
2094 987 2271 1033 autem
2301 988 2355 1035 et
2380 979 2607 1051 Spiritus
2632 984 2801 1038 sancti
2824 1000 2928 1040 non
2953 986 3167 1042 valere?
3190 996 3282 1041 aut
3306 988 3487 1044 valere

1895 1070 2110 1141 quidem
2136 1071 2189 1124 in
2215 1071 2429 1128 homine
2455 1076 2692 1130 sanando
2716 1076 2756 1143 ί,
2776 1092 2880 1132 non
2905 1086 3080 1133 autem
3104 1078 3283 1134 valere
3306 1079 3356 1133 in
3384 1079 3489 1134 Ba-

1895 1161 2091 1230 ptismo
2115 1162 2511 1219 consecrando?
2537 1164 2643 1221 Sed
2668 1166 2820 1235 plane
2850 1177 3043 1238 praeter
3064 1168 3315 1223 Ecclesiae
3341 1185 3490 1225 com-

1894 1254 2202 1310 munionem
2232 1265 2287 1311 et
2312 1257 2530 1313 unitatis
2557 1260 2949 1314 sanctissimum
2982 1261 3248 1316 vinculum
3282 1272 3334 1315 ct
3363 1263 3488 1315 cha-

1892 1346 2066 1402 ritatis
2113 1350 2759 1417 supereminentissimum
2804 1351 3001 1406 donum
3025 1394 3039 1416 ,
3082 1368 3181 1407 nec
3212 1353 3298 1407 ille
3327 1370 3353 1405 a
3383 1368 3489 1421 quo

1892 1435 2215 1493 daemonium
2238 1438 2481 1509 ejicitur,
2516 1456 2617 1496 nec
2647 1441 2737 1495 ille
2764 1442 2850 1511 qui
2876 1444 3203 1512 baptizatur,
3233 1452 3485 1497 aitcrnam

1893 1529 2061 1585 vitam
2104 1532 2450 1601 consequitur
2480 1550 2493 1586 :
2520 1532 2659 1587 sicut
2686 1548 2783 1587 nec
2813 1533 2883 1586 illi
2911 1535 2999 1603 qui
3031 1549 3124 1603 per
3152 1538 3486 1587 communio-

1890 1636 2015 1677 nem
2039 1620 2509 1679 Sacramcntorum
2555 1625 2698 1681 intus
2737 1624 2986 1679 videntur
3004 1667 3018 1688 ,
3044 1631 3097 1678 et
3122 1641 3215 1693 per
3242 1625 3489 1695 iniquita-

1890 1722 2003 1769 tem
2031 1730 2240 1770 morum
2269 1715 2398 1770 foris
2426 1717 2812 1788 intelliguntur.
2842 1716 2994 1785 Quod
3031 1727 3207 1771 autem
3246 1716 3487 1772 Christus

1891 1808 2052 1863 etiam
2078 1809 2425 1877 corporaliter
2446 1808 2603 1864 fuerit
2628 1821 2941 1880 persecutus
2967 1825 3082 1873 eos,
3107 1824 3241 1879 quos
3261 1809 3329 1864 de
3350 1817 3487 1863 tem-

1891 1899 1984 1970 plo
2009 1900 2211 1969 expulit
2237 1902 2576 1971 ﬂagellando,
2601 1902 2708 1971 jam
2739 1918 2897 1971 supra
2926 1901 3176 1957 diximus.

1962 1992 2190 2048 CAPUT
2238 1993 2474 2048 LXXXI.
2504 2024 2575 2033 —-
2605 1994 2727 2049 179.
2771 1996 2954 2049 PETIL.
3011 1994 3152 2049 dixit
3195 2011 3207 2045 :
3258 1992 3484 2047 Sanctus

1890 2100 2006 2138 vero
2030 2086 2289 2154 apostolus
2321 2084 2518 2140 Paulus
2547 2087 2652 2140 haec
2682 2086 2803 2140 dicit
2834 2102 2851 2141 :
2884 2104 2903 2138 ς
2940 2086 3155 2156 Quoquo
3180 2085 3329 2141 ntodo
3348 2125 3361 2151 ,
3392 2085 3478 2139 in-

1890 2178 2015 2247 quit,
2048 2175 2277 2233 Christus
2301 2180 2647 2235 annuntietur.
2681 2197 2700 2231 ι

1964 2270 2087 2326 180.
2130 2272 2264 2328 Auc.
2325 2272 2606 2343 respondit
2654 2290 2668 2327 :
2730 2271 2928 2327 Contra
2971 2279 3025 2326 te
3080 2270 3335 2341 loqueris,
3393 2267 3489 2325 sed

1894 2370 2070 2418 tamen
2104 2365 2225 2433 quia
2274 2380 2371 2435 pro
2416 2368 2639 2421 veritate
2672 2366 2928 2436 loqueris,
2972 2366 3015 2420 si
3064 2381 3181 2420 eam
3211 2364 3484 2433 dilexeris,

1890 2470 1989 2526 pro
2020 2464 2071 2511 te
2098 2456 2167 2509 sit
2193 2457 2334 2525 quod
2363 2457 2621 2527 loqueris.
2666 2458 2859 2522 Quarro
2882 2458 3024 2511 enim
3052 2458 3145 2511 abs
3171 2468 3241 2523 te,
3273 2456 3339 2511 de
3365 2456 3486 2526 qui-

1889 2547 1991 2603 bus
2037 2547 2138 2602 hoc
2181 2547 2377 2602 dixerit
2421 2548 2693 2618 apostolus
2739 2548 2973 2603 Paulus?
3016 2548 3341 2611 Recolamus
3385 2546 3489 2602 hoc

1893 2638 2164 2709 paululum
2190 2679 2205 2704 ,
2234 2641 2277 2694 si
2308 2640 2501 2710 placet.
2539 2639 2757 2705 Quidam
2783 2682 2797 2705 ,
2827 2640 3031 2709 inquit,
3065 2656 3153 2711 per
3171 2639 3413 2692 invidiam
3439 2646 3488 2693 et

1890 2728 2279 2794 contentionem,
2308 2730 2514 2799 quidant
2542 2745 2654 2784 vero
2682 2748 2770 2801 per
2796 2731 2978 2784 bonam
3002 2731 3309 2785 voluntatem
3331 2729 3481 2784 Chri-

1891 2830 2027 2875 stum
2048 2822 2351 2875 annuntiant
2365 2839 2384 2887 ;
2411 2823 2620 2892 quidam
2646 2838 2708 2876 ea:
2728 2822 2976 2876 charitate
3002 2865 3016 2887 ,
3055 2823 3267 2877 scientes
3291 2822 3409 2893 quia
3432 2823 3486 2877 in

1891 2913 2233 2983 defensionem
2262 2912 2529 2983 Evangelii
2554 2914 2747 2984 positus
2766 2930 2880 2967 sum
2906 2930 2923 2967 :
2947 2913 3155 2984 quidam
3179 2928 3293 2967 vero
3319 2921 3365 2965 et
3399 2929 3489 2982 per

1890 3004 2260 3057 contumaciam
2299 3003 2556 3058 Christum
2601 3004 2925 3070 annuntiant,
2974 3019 3075 3058 non
3115 3013 3271 3069 caste,
3314 3004 3487 3057 existi-

1890 3106 2084 3150 mantes
2144 3096 2517 3150 tribulationem
2570 3096 2804 3151 suscitari
2877 3096 3093 3150 vinculis
3146 3096 3289 3149 meis.
3349 3095 3488 3163 Quid

1890 3188 2067 3241 enim?
2104 3186 2246 3241 Dum
2288 3189 2425 3242 omni
2463 3188 2635 3255 ntodo,
2680 3189 2783 3244 sive
2821 3187 3101 3255 occasione,
3142 3189 3243 3243 sive
3279 3188 3487 3243 veritate

1888 3279 2119 3337 Christus
2148 3282 2494 3349 annuntietur,
2523 3292 2569 3336 et
2595 3282 2647 3334 in
2677 3283 2771 3336 hoc
2798 3282 3016 3353 gaudeo,
3048 3281 3137 3335 sed
3166 3290 3213 3335 et
3257 3280 3485 3351 gaudebo

1891 3374 2152 3445 (Philipp.
2191 3390 2226 3440 ι,
2277 3375 2495 3445 15-18).
2526 3372 2783 3431 Videmus
2815 3374 2947 3429 isms
2977 3389 3092 3429 rem
3116 3373 3330 3444 quidem
3356 3388 3484 3427 san-

1890 3476 2030 3522 ctam
2060 3474 2114 3520 Θῑ
2138 3474 2337 3520 castam
2375 3475 2430 3521 et
2470 3481 2676 3533 veram,
2718 3482 2826 3521 non
2870 3475 3045 3521 tamen
3089 3475 3237 3521 caste
3278 3481 3487 3522 annun‘

1890 3559 2073 3625 tiasse,
2096 3558 2189 3613 sed
2214 3574 2307 3627 per
2336 3558 2589 3614 invidiam
2615 3568 2671 3614 et
2706 3560 3103 3615 contentionem
3127 3600 3142 3627 ,
3171 3560 3289 3616 sine
3312 3558 3487 3615 chari-

1892 3657 2026 3716 tate,
2057 3652 2173 3707 sine
2198 3653 2460 3708 castitate.
2484 3652 2639 3708 Certe
2666 3653 2825 3723 paulo
2849 3662 2973 3709 ante
3002 3652 3187 3709 laudes
3207 3653 3485 3711 charitatis

1891 3744 2152 3801 adversus
2176 3761 2275 3801 nos
2299 3746 2477 3802 dicere
2511 3746 2776 3801 videbaris
2803 3761 2867 3801 ex
2895 3746 3131 3816 Apostoli
3154 3747 3482 3814 testimonio,

1890 3836 2011 3907 quia
2039 3836 2129 3892 ubi
2158 3838 2389 3892 Charitas
2411 3851 2516 3890 non
2548 3846 2651 3902 est,
2683 3837 2938 3908 quidquid
2968 3837 3129 3892 fuerit
3161 3839 3292 3892 nihil
3320 3838 3484 3907 prod-

1891 3936 1972 3984 est
1992 3944 2007 3982 :
2026 3943 2150 3983 ecce
2168 3928 2220 3982 in
2239 3928 2354 3982 istis
2374 3927 2610 3982 charitas
2629 3942 2734 3981 non
2756 3938 2858 3994 est,
2877 3938 2929 3983 et
2952 3938 3125 3983 tamen
3150 3938 3265 3985 erat
3284 3928 3481 3985 Christi

1890 4020 2219 4093 praedicatio,
2257 4019 2325 4075 de
2374 4035 2477 4089 qua
2512 4033 2573 4073 se
2610 4018 2843 4089 gaudere
2882 4019 2960 4075 sic
3000 4018 3129 4075 dicit
3174 4020 3480 4092 Apostolus.

1891 4114 2073 4185 Neque
2102 4114 2244 4169 enim
2272 4113 2414 4167 malo
2444 4112 2658 4168 illorum
2688 4112 2920 4183 gaudet,
2954 4114 3049 4169 sed
3079 4114 3219 4168 bono
3250 4114 3484 4170 nominis

1890 4208 2109 4266 Christi.
2137 4206 2192 4263 In
2223 4208 2338 4278 ipso
2364 4207 2559 4277 quippe
2587 4206 2820 4262 Charitas
2843 4214 2960 4262 erat
2984 4248 3000 4273 ,
3027 4223 3145 4277 qua:
3170 4223 3270 4261 non
3299 4208 3484 4278 gaudet

1891 4318 2043 4371 super
2061 4301 2341 4369 iniquitate,
2369 4299 2649 4370 congaudet
2671 4308 2837 4353 autem
2862 4300 3058 4354 veritati
3080 4298 3123 4371 (l
3138 4298 3255 4354 Cor.
3271 4316 3385 4366 xm,
3401 4300 3483 4370 6),

1891 4394 2097 4449 Invidia
2125 4409 2285 4464 porro
2308 4434 2325 4460 ,
2353 4408 2473 4464 quae
2516 4393 2570 4448 in
2610 4392 2714 4448 illis
2739 4401 2884 4457 crat,
2917 4392 3240 4449 diubolicum
3284 4393 3484 4450 malum

1890 4496 1973 4543 est
1999 4505 2011 4541 :
2042 4486 2143 4542 hac
2169 4486 2312 4542 enim
2342 4495 2396 4541 et
2423 4484 2615 4540 cecidit
2638 4494 2693 4541 et
2715 4484 2927 4556 dejecit.
2958 4485 3022 4539 lli
3045 4499 3172 4556 ergo
3200 4493 3306 4539 tam
3334 4486 3482 4553 mali,

1892 4594 2026 4651 quos
2054 4579 2131 4634 sic
2155 4579 2331 4649 arguit
2362 4578 2646 4648 Apostolus
2670 4619 2685 4645 ,
2716 4578 2768 4632 in
2796 4578 2986 4648 quibus
3012 4587 3126 4633 erat
3152 4585 3356 4633 tantum
3388 4578 3485 4635 bo-

1891 4687 2018 4728 num
2058 4670 2125 4725 de
2154 4686 2259 4741 quo
2296 4669 2491 4741 gaudet
2537 4669 2845 4738 Apostolus,
2878 4668 2965 4724 ubi
3005 4670 3195 4725 erant?
3224 4670 3388 4736 intus,
3417 4685 3486 4725 an

1892 4762 2023 4817 foris
2041 4763 2064 4816 ?
2085 4762 2235 4832 Elige
2260 4760 2403 4831 quod
2429 4760 2684 4816 volueris.
2717 4759 2772 4816 Si
2795 4761 2960 4828 intus,
2992 4775 3118 4817 ecce
3144 4771 3367 4817 noverat
3390 4777 3484 4818 eos

1892 4854 2110 4921 Paulus,
2156 4862 2210 4908 et
2236 4870 2359 4909 eum
2388 4862 2563 4909 tamen
2604 4868 2712 4908 non
2742 4852 3051 4923 polluebant
3084 4872 3097 4910 :
3135 4855 3215 4911 sic
3254 4871 3349 4910 vos
3378 4870 3483 4910 non

1890 4947 2191 5018 polluerent
2217 4947 2269 5000 in
2299 4945 2501 5002 unitate
2522 4946 2665 5001 orbis
2686 4954 2971 5015 terrarum,
3000 4946 3070 5003 de
3088 4948 3281 5019 quibus
3303 4948 3485 5003 nescio

1892 5054 2012 5110 quae
2037 5052 2131 5093 seu
2160 5052 2283 5093 vera
2312 5036 2505 5103 dicitis,
2527 5052 2624 5093 seu
2651 5036 2781 5093 falsa
2805 5038 3125 5108 contingitis.
3150 5038 3326 5107 Quare
3353 5051 3481 5106 ergo

1890 5147 1986 5189 vos
2027 5132 2351 5202 separastis?
2396 5146 2561 5202 quare
2590 5132 2867 5202 sacrilegio
2897 5130 3141 5188 scelerati
3176 5129 3481 5185 schismatis

1892 5224 2233 5297 peremistis?
2270 5223 2327 5280 Si
2365 5232 2541 5280 autem
2582 5223 2710 5279 foris
2742 5232 2896 5279 erant
2919 5266 2934 5291 ,
2962 5237 3090 5278 ecce
3113 5230 3169 5276 et
3198 5221 3252 5275 in
3282 5220 3362 5274 eis
3386 5220 3478 5289 qui

1894 5318 2024 5374 foris
2044 5324 2187 5382 sunt,
2216 5325 2270 5372 et
2298 5316 2479 5387 utique
2507 5314 2574 5371 ad
2602 5316 2764 5371 vitam
2792 5323 3067 5377 aeternam,
3097 5312 3220 5381 quia
3246 5310 3477 5365 charito-

1894 5420 2000 5465 tem
2046 5422 2153 5463 non
2197 5407 2394 5465 habent
2432 5417 2488 5464 et
2532 5407 2789 5463 unitatem
2833 5421 2939 5461 non
2972 5410 3169 5469 tenent,
3210 5404 3483 5475 pertinere

1892 5518 1999 5559 non
2036 5511 2275 5571 possunt,
2286 5502 2442 5593 inest
2480 5509 2656 5557 tamen
2702 5501 2957 5556 sanctitas
2997 5496 3229 5552 nominis
3252 5496 3478 5567 Christi,

1894 5610 2119 5667 quorum
2151 5592 2583 5665 praedicationem
2613 5593 2899 5665 Apostolus
2928 5597 3149 5661 propter
3175 5592 3345 5663 ipsam
3377 5607 3478 5648 no-

1957 5690 1973 5721 ¹
2002 5689 2158 5737 Verba
2182 5686 2263 5737 illa
2280 5724 2295 5747 ,
2320 5687 2479 5738 Patris
2499 5692 2659 5737 autem
2680 5690 2727 5735 et
2762 5683 2966 5747 Spiritus
2988 5684 3140 5747 sancti
3162 5698 3256 5737 non
3291 5684 3482 5747 valere,

1893 5757 2195 5813 praetereunt
2219 5744 2335 5819 editi
2361 5764 2372 5797 :
2396 5757 2631 5819 postque,
2652 5744 2821 5819 nomen
2838 5744 2961 5819 filii
2984 5746 3142 5816 valere
3160 5784 3175 5808 ,
3207 5750 3277 5799 sic
3301 5744 3481 5819 prose;

1893 5807 2106 5882 guuatur
2128 5826 2151 5882 :_
2182 5809 2306 5872 Quid
2485 5807 2633 5882 p6t_e_st
2655 5807 2881 5881 valeret'n
2900 5807 3090 5877 homine
3122 5807 3357 5875 εαηωιαὸ,
3382 5818 3480 5863 etc,

1894 5869 2218 5929 Emende
2240 5884 2336 5937 ope
2352 5869 2532 5927 codicis
2550 5869 2880 5926 Plataeensis.
