4008 6472
520 327 626 386 515

523 440 685 499 minis
708 436 1061 504 sanctitatem,
1079 432 1318 507 quamvis
1342 433 1461 488 illos
1487 431 1801 498 detestetur,
1829 426 2106 499 gaudendo

524 524 823 591 confirmat.
855 531 1019 588 Recte
1046 542 1173 601 ergo
1207 526 1305 598 ipsi
1348 524 1551 581 nomini
1578 539 1688 581 non
1710 522 1937 579 facimus
1964 520 2105 593 inju-

523 628 682 693 riam,
709 640 830 682 cum
853 623 919 679 ad
948 636 1047 677 nos
1071 621 1287 676 veniunt
1318 619 1406 691 qui
1446 615 1577 673 foris
1606 624 1758 673 erant
1790 634 1803 670 :
1838 614 1933 671 sed
1964 616 2107 687 ipsos

524 718 863 789 corrigimus,
889 712 1389 771 illud'honoramus.
1427 709 1531 765 Vos
1556 709 1734 780 itaque
1756 707 1929 763 videte
1949 720 2106 779 quam

523 812 727 869 nefarie
771 812 825 867 in
867 810 964 874 eis,
1014 821 1241 879 quorum
1288 804 1423 860 facta
1455 803 1592 861 sicut
1616 803 1827 859 videtur
1863 800 2105 872 arguitis,

523 906 681 960 etiam
725 903 1126 957 Sacrameutum
1174 897 1405 952 nominis
1448 896 1689 963 Christi,
1739 892 1881 966 quod
1932 894 1985 948 in
2030 892 2110 947 eis

523 1006 763 1054 sanctum
807 1003 908 1061 est,
962 991 1274 1050 exsufﬂatis.
1324 992 1391 1046 Et
1431 998 1485 1046 tu
1527 989 1737 1061 quidem
1781 990 1932 1053 istos,
1976 1003 2109 1059 quos

521 1087 956 1144 commemoravit
1008 1086 1316 1157 Apostolus,
1346 1083 1482 1139 sicut
1531 1082 1692 1138 verba
1720 1087 1808 1136 tua
1850 1079 2102 1145 indicant,

518 1182 649 1236 foris
698 1182 765 1236 ab
805 1180 1043 1236 Ecclesia
1091 1180 1253 1235 fuisse
1299 1177 1595 1234 arbitraris.
1625 1177 1701 1232 Ita
1729 1191 1849 1232 eum
1889 1175 2044 1229 times
2078 1188 2109 1228 a

519 1272 805 1329 Catholicis
824 1272 929 1342 pati
958 1271 1405 1342 persecutionem,
1433 1269 1501 1326 de
1526 1285 1628 1340 qua
1659 1268 1812 1324 nobis
1840 1265 2108 1338 loquendo

516 1363 648 1421 facis
687 1364 958 1428 invidiam,
998 1363 1328 1419 confirmasti
1372 1363 1427 1417 in
1486 1361 1751 1418 haereticis
1783 1359 1982 1417 Christi
2009 1375 2108 1415 no-

518 1473 669 1522 men,
710 1458 795 1511 cui
824 1455 1244 1527 rebaptizando}
1271 1455 1399 1510 facis
1418 1453 1689 1524 injuriam.

588 1549 813 1606 CAPUT
843 1546 1104 1604 LXXXII.
1131 1576 1205 1590 —-
1233 1547 1355 1604 181.
1398 1547 1581 1602 Ρετη..
1626 1544 1758 1600 dixit
1803 1562 1816 1597 :
1867 1542 1929 1600 Si
1954 1542 2112 1614 igitur

526 1652 670 1697 tanta
697 1642 921 1715 potentia
959 1641 1081 1714 [idei
1115 1659 1213 1696 non
1250 1649 1323 1696 est
1345 1638 1595 1715 aliquibus
1621 1638 1902 1704 adversata,
1935 1652 2034 1708 qua
2057 1645 2111 1692 tu

517 1735 714 1789 ratione
738 1735 1069 1807 persequeris,
1099 1745 1154 1787 ut
1184 1750 1332 1805 cogas
1356 1733 1581 1787 homines
1602 1731 1855 1802 inquinari
1875 1731 1902 1785 ?

588 1826 712 1881 l82.
752 1827 887 1883 Auu.
938 1825 1212 1899 respondit
1259 1846 1272 1882 :
1320 1825 1431 1882 Nec
1474 1824 1845 1897 persequimur
1862 1838 1976 1889 vos,
2005 1823 2111 1878 nisi

518 1918 964 1990 quemadmodum
1009 1919 1343 1990 persequitur
1389 1919 1587 1973 veritas
1630 1916 1919 1971 falsitatem
1963 1930 2111 1971 :ncc

518 2011 585 2065 ad
632 2020 731 2065 nos
778 2016 1027 2082 pertinet,
1081 2011 1125 2065 si
1170 2011 1291 2081 quis
1319 2026 1420 2065 vos
1449 2010 1606 2065 aliter
1634 2018 1950 2079 persecutus
1989 2015 2107 2075 est;

518 2102 656 2157 sicut
684 2119 784 2158 nec
817 2103 885 2158 ad
926 2118 1019 2157 vos
1043 2101 1297 2172 quidquid
1336 2103 1497 2156 vestri
1537 2103 1557 2132 ³
1585 2099 1832 2155 similiter
1870 2098 2106 2155 faciunt:

518 2210 619 2261 nec
643 2210 738 2250 vos
759 2196 996 2264 cogimus
1026 2193 1310 2264 inquinari,
1341 2192 1435 2248 sed
1462 2191 1748 2248 suademus
1769 2191 1967 2247 sanari.

589 2286 817 2345 CAPUT
858 2286 1142 2343 LXXXIII.
1183 2317 1253 2327 —
1292 2287 1413 2343 185.
1456 2286 1641 2341 PETIL.
1672 2285 1805 2340 dixit
1834 2302 1846 2337 :
1881 2283 2031 2350 Quod
2060 2285 2112 2339 si

524 2379 639 2452 cogi
669 2396 757 2450 per
799 2380 957 2451 legem
984 2380 1203 2450 aliquem
1226 2378 1303 2433 vel
1327 2378 1396 2431 ad
1424 2377 1554 2432 bona
1582 2377 1837 2443 licuisset,
1873 2391 1960 2431 vos
1986 2375 2106 2444 ipsi,

523 2470 711 2538 miseri,
746 2487 777 2524 a
804 2472 945 2525 nobis
969 2472 1038 2525 ad
1062 2470 1215 2540 ﬁdem
1234 2470 1561 2542 purissimam
1578 2469 1691 2541 cogi
1710 2467 1970 2522 debuistis.
2004 2465 2112 2523 Sed

517 2562 645 2617 absit
672 2606 686 2631 ,
718 2563 847 2621 absit
881 2580 914 2617 a
952 2572 1126 2619 nostra
1155 2563 1477 2631 conscientia,
1513 2569 1569 2616 ut
1597 2560 1664 2615 ad
1707 2568 1931 2615 nostram
1956 2558 2111 2630 [idem

516 2655 735 2726 aliquem
762 2655 1143 2727 compellamus.

593 2745 718 2800 184.
760 2746 895 2803 Auc.
924 2745 1205 2818 respondit
1233 2764 1246 2801 :
1280 2744 1361 2801 Ad
1387 2744 1546 2802 fidem
1577 2743 1792 2816 quidem
1820 2742 1999 2798 nullus
2025 2751 2108 2799 est

520 2837 790 2909 cogendus
840 2837 1058 2902 invitus,
1104 2836 1197 2893 sed
1243 2852 1338 2907 per
1386 2836 1746 2901 severitatem,
1790 2834 1896 2889 imo
1923 2841 1977 2889 et
2014 2847 2112 2905 per

518 2930 941 2988 misericordiam
973 2931 1065 2987 Dei
1093 2972 1108 2997 ,
1140 2930 1537 2986 tribulationum
1576 2927 1798 2999 ﬂagellis
1826 2927 1961 2982 solet
1992 2940 2111 2996 per-

519 3022 642 3078 ﬁdia
674 3023 943 3096 castigari.
987 3020 1257 3093 Numquid
1296 3021 1419 3093 quia
1448 3034 1626 3075 mores
1653 3018 1838 3090 Optimi
1865 3019 2110 3074 libertate

513 3117 802 3174 voluntatis
825 3118 1115 3189 eliguntur,
1143 3114 1263 3171 ideo
1288 3129 1468 3171 mores
1497 3112 1712 3183 pessimi
1738 3127 1841 3165 nou
1866 3111 1997 3183 legis
2023 3112 2109 3165 iu-

514 3208 760 3280 tegritate
788 3206 1115 3281 puniuntur?
1158 3205 1266 3262 Sed
1305 3212 1479 3261 tamen
1508 3203 1647 3259 male
1691 3201 1900 3257 vivendi
1941 3200 2107 3256 ultrix

513 3299 795 3372 disciplina
827 3309 1154 3375 praepostera
1174 3305 1276 3363 est,
1302 3297 1400 3352 nisi
1415 3312 1535 3359 cum
1558 3294 1864 3367 praecedens
1883 3294 2018 3349 bene
2032 3292 2113 3347 vi-

512 3393 671 3448 vendi
699 3392 941 3448 doctrina
983 3391 1361 3448 contemnitur.
1406 3388 1464 3447 Si
1500 3404 1621 3462 quae
1653 3387 1811 3460 igitur
1848 3386 2109 3443 adversus

515 3498 612 3538 vos
641 3483 786 3555 leges
816 3483 1121 3540 constitutze
1148 3489 1293 3550 sunt,
1334 3496 1443 3537 non
1472 3481 1550 3536 eis
1576 3481 1714 3536 bene
1760 3480 1934 3535 facere
1962 3479 2109 3550 cogi-

518 3575 672 3649 mini,
730 3576 823 3639 sed
863 3577 1005 3635 male
1040 3576 1219 3634 facere
1245 3576 1600 3650 prohibemini
1645 3572 1747 3650 (a).
1794 3574 1925 3630 Nam
1971 3575 2110 3632 bene

519 3666 694 3725 facere
719 3684 877 3726 nemo
904 3676 1097 3742 potest,
1129 3670 1231 3726 nisi
1260 3669 1518 3742 elegerit,
1546 3666 1649 3723 nisi
1685 3668 1944 3722 amaverit
1969 3666 2108 3738 quod

418 3764 423 3769 ’
514 3769 596 3819 est
621 3760 866 3819 inlibera
894 3762 1167 3818 voluntate
1210 3781 1224 3819 :
1268 3762 1431 3817 timor
1458 3770 1635 3816 autem
1664 3774 1945 3835 poenarum
1985 3760 2109 3815 etsi

512 3853 749 3915 nondum
776 3854 936 3911 habet
964 3855 1372 3912 delectationem
1400 3854 1555 3909 bonae
1599 3854 1967 3921 conscientiae,
1997 3852 2106 3908 sal-

513 3952 622 4003 tem
650 3946 787 4003 intra
813 3947 1043 4003 claustra
1068 3946 1407 4017 cogitationis
1431 3953 1647 4001 coercet
1680 3946 1872 4001 malam
1906 3944 2103 4016 cupidiv

515 4044 699 4095 tatem.
740 4038 839 4107 Qui
872 4042 1049 4093 tamen
1076 4037 1330 4093 adversas
1353 4038 1499 4108 leges
1523 4037 1953 4104 constituerunt,
1992 4037 2107 4107 qui-

512 4127 614 4183 bus
642 4137 817 4184 vestra
847 4129 1232 4199 comprimatur
1251 4127 1511 4183 audacia?
1539 4142 1719 4183 nonne
1746 4127 1798 4181 hi
1823 4127 1891 4183 de
1911 4128 2103 4198 quibus

515 4221 646 4277 dicit
675 4224 983 4293 Apostolus,
1009 4223 1132 4294 quia
1155 4236 1260 4277 non
1287 4221 1403 4276 sine
1420 4235 1580 4275 causa
1604 4219 1837 4291 gladium
1860 4229 2103 4292 portant;

516 4311 744 4367 ministri
771 4311 915 4369 enim
943 4312 1041 4367 Dei
1069 4320 1215 4380 sunt,
1245 4310 1482 4366 vindices
1507 4311 1560 4365 in
1590 4310 1722 4366 iram
1753 4311 1805 4368 ei
1839 4311 1931 4383 qui
1964 4313 2106 4370 male

513 4408 621 4479 agit
646 4405 821 4477 (Rom.
840 4421 953 4472 xm,
976 4405 1074 4478 4)?
1098 4405 1230 4461 Tota
1252 4403 1412 4475 igitur
1434 4405 1660 4474 quaestio
1675 4412 1779 4474 est,
1804 4411 1986 4461 utrum
2009 4419 2105 4463 vos

448 4521 457 4528 ε
521 4512 631 4552 non
663 4496 805 4552 male
832 4496 1021 4569 agatis,
1045 4495 1237 4567 quibus
1265 4494 1398 4551 tanti
1444 4494 1747 4552 schismatis
1772 4496 2106 4567 sacrilegium

517 4588 705 4659 objicit
733 4588 876 4645 orbis
907 4598 1167 4644 terrarum
1202 4605 1215 4643 :
1254 4587 1407 4658 cujus
1436 4587 1746 4658 quaestionis
1773 4587 2106 4645 discussione

512 4680 773 4752 neglecta,
827 4679 1094 4751 superﬂua
1122 4677 1433 4751 loquimini;
1466 4687 1522 4735 et
1557 4693 1677 4735 cum
1708 4679 1897 4735 vivatis
1934 4688 1994 4735 ut
2029 4680 2105 4735 la-

514 4780 695 4830 trones
717 4816 732 4843 ,
781 4774 916 4829 mori
962 4784 1056 4828 vos
1085 4772 1299 4844 jactatis
1346 4780 1405 4827 ut
1442 4780 1706 4846 martyres
1738 4774 1835 4846 (b).
1864 4773 1933 4829 Et
1978 4773 2100 4845 quia

512 4866 597 4922 vel
652 4868 793 4938 ipsas
840 4862 1026 4939 leges,
1079 4866 1163 4922 vel
1211 4865 1464 4922 invidiam
1511 4865 1846 4932 formidatis,
1895 4867 1981 4922 vel
2034 4866 2102 4923 ad

512 4960 867 5018 resistendum
925 4961 1156 5031 impares
1206 4959 1356 5029 estis,
1407 4974 1511 5016 non
1553 4959 1675 5016 dico
1722 4960 1977 5017 adversus
2020 4968 2101 5017 tot

512 5053 773 5119 homines,
805 5051 899 5110 sed
919 5054 1176 5109 adversus
1199 5062 1279 5110 tot
1297 5063 1482 5125 gentes
1501 5054 1820 5121 catholicas;
1853 5054 2010 5111 etiam
2032 5054 2102 5112 de

512 5146 917 5207 mansuetudine
966 5147 1306 5220 gloriamini,
1357 5146 1498 5219 quod
1556 5146 1625 5203 ad
1684 5156 1915 5203 vestram
1973 5164 2098 5219 par-

512 5247 617 5293 tem
671 5241 939 5295 neminem
983 5240 1190 5311 cogitis.
1237 5238 1345 5295 Isto
1385 5238 1547 5295 modo
1594 5249 1648 5294 et
1699 5240 1913 5306 milvus,
1968 5255 2091 5296 cum

511 5334 686 5406 pullos
745 5349 934 5404 rapere
992 5333 1208 5389 territus
1272 5348 1377 5395 non
1443 5332 1715 5415 potuerit,
1782 5331 2090 5390 columbum

577 5508 595 5573 ξ
617 5512 692 5573 Fr.
710 5512 901 5573 etiam,
913 5506 1214 5573 boptizmda.
1232 5508 1401 5561 Helius
1416 5517 1515 5560 Am.
1530 5516 1583 5562 et
1594 5515 1721 5573 M35,
1736 5505 2093 5573 τεὺέφιίιωιάοο

545 5569 753 5639 3mm,
796 5570 947 5639 nostri
974 5569 992 5621 ;-
1016 5571 1219 5639 sum
1255 5569 1791 5635 promutuum,
1819 5569 2092 5636 habebant,

510 5630 557 5682 si
575 5630 849 5683 suademus.
875 5634 1117 5685 Emendati
1141 5630 1475 5687 sunt'ex'tttss.

508 5691 650 5805 28ng
682 5693 799 5744 vide
821 5693 960 5756 infra,
983 5709 1033 5747 n.
1062 5696 1172 5759 217,
1193 5703 1246 5749 et
1272 5705 1441 5749 Contra
1474 5695 1823 5760 Gaudentium.
1843 5694 1928 5752 lib.
1955 5695 2001 5762 1,
2040 5710 2094 5749 n.

514 5826 519 5833 ·
572 5816 647 5883 (b)
668 5816 784 5869 vide
806 5819 950 5883 epist.
968 5818 1054 5884 88,
1075 5832 1125 5873 ιι.
1147 5820 1193 5879 8,

1372 315 1647 376 CONTRA
1684 312 2026 373 LITTERAS
2062 312 2431 393 PEIILIANI,
2464 315 2525 375 S.
2566 316 2935 377 AUGUSTINI

3678 326 3787 386 316

2215 443 2275 486 se
2316 431 2571 487 nominet.
2631 431 2733 488 Ubi
2775 433 2918 489 enim
2961 432 3241 505 potuistis,
3287 442 3342 493 et
3390 450 3499 495 non
3552 437 3792 497 fecistis?
3868 416 3879 424 δ

2218 521 2366 581 Unde
2408 524 2688 581 ostenditis
2732 540 2892 597 quam
2940 526 3091 597 plura
3133 527 3398 598 faceretis,
3447 532 3495 587 si
3539 536 3790 603 possetis.

2213 614 2438 683 Quando
2461 616 2705 673 Julianus
2728 616 2900 683 vobis,
2926 617 3123 674 Christi
3164 619 3405 677 invidens
3435 624 3576 693 paci,
3609 623 3794 680 basili-

2213 722 2305 763 cas
2330 708 2561 764 reddidit
2589 709 2826 777 unitatis,
2861 726 2982 781 quae
3010 719 3217 783 strages
3243 728 3276 768 a
3301 714 3450 773 vobis
3479 714 3640 773 facta:
3667 718 3793 788 sint,

2214 798 2427 871 quando
2455 801 2729 857 vobiscum
2756 804 2955 874 apertis
2979 804 3189 875 templis
3212 805 3323 862 suis
3340 808 3501 864 etiam
3523 808 3799 867 daemones

2214 893 2586 961 exsultabant,
2614 894 2733 965 quis
2761 909 3186 954 commemorare
3211 894 3481 955 sufﬁciat?
3508 901 3659 957 Bello
3684 902 3799 959 Fir-

2214 988 2392 1044 miano
2420 1004 2537 1059 quae
2582 1004 2613 1044 a
2656 989 2808 1046 vobis
2851 990 3083 1062 Rogatus
3123 991 3335 1049 Maurus
3366 996 3648 1065 pertulerit
3690 997 3790 1069 (a),

2214 1079 2327 1150 ipsa
2371 1079 2678 1136 Mauritania
2713 1080 3071 1139 Cmsareensis
3111 1083 3485 1158 interrogetur.
3534 1086 3799 1160 Tempore

2216 1170 2553 1240 Gildoniauo,
2585 1175 2707 1246 quia
2747 1191 2891 1249 unus.
2910 1176 3109 1248 collega
3137 1187 3315 1235 vester
3339 1177 3794 1240 familiarissimus

2215 1266 2419 1321 amicus
2444 1265 2558 1337 ejus
2584 1266 2684 1321 fuit
2708 1266 2803 1337 (ὁ),
2833 1267 3069 1324 viderint
3093 1270 3500 1329 Maximianistze
3529 1291 3653 1347 qua:
3679 1291 3799 1332 sen-

2215 1357 2383 1412 serint
2408 1358 2450 1410 ί.
2494 1357 2627 1413 Nam
2657 1357 2983 1413 Felicianum
3017 1359 3188 1431 ipsum
3214 1363 3304 1433 qui
3333 1364 3496 1419 modo
3526 1365 3800 1422 vobiscum

2215 1458 2318 1516 est,
2358 1449 2402 1505 si
2441 1448 2508 1504 ad
2539 1449 2919 1521 jusjurandum
2949 1452 3136 1509 liceret
3182 1471 3494 1526 provocare,
3528 1470 3711 1514 utrum
3737 1460 3803 1516 ad

2216 1541 2645 1597 communionem
2677 1552 2913 1599 vestram
2948 1560 3051 1600 non
3092 1546 3315 1603 invitum
3362 1548 3588 1621 Optatus
3627 1552 3805 1611 redire

2216 1635 2571 1705 compulerit;
2599 1652 2818 1693 movere
2858 1637 2995 1693 labia
3024 1652 3128 1696 non
3159 1642 3401 1709 auderet,
3432 1647 3735 1717 praesertim
3761 1649 3806 1703 si

2217 1729 2332 1796 ejus
2361 1726 2549 1781 faciem
2578 1729 2803 1799 populus
2829 1728 3140 1789 Mustitanus
3159 1731 3501 1804 ’intueretur,
3534 1754 3642 1809 quo
3671 1749 3808 1797 teste

2215 1815 2307 1871 illa
2338 1828 2463 1873 tunc
2501 1817 2637 1874 facta
2680 1827 2823 1875 sunt.
2853 1819 2960 1876 Sed
2993 1822 3099 1891 isti,
3150 1833 3208 1880 ut
3244 1823 3377 1893 dixi,
3415 1829 3647 1886 viderint
3691 1848 3808 1904 qua:

2216 1909 2357 1981 passi
2397 1908 2600 1965 fuerint
2644 1909 2713 1965 ab
2740 1910 2840 1976 eis,
2888 1926 3011 1967 cum
3040 1914 3232 1984 quibus
3260 1916 3467 1990 Rogato
3505 1922 3629 1976 talia
3662 1922 3807 1981 fece-

2216 2010 2356 2057 rant.
2386 2001 2501 2072 Ipsa
2530 2002 2767 2059 Ecclesia
2801 2003 3065 2061 catholica
3103 2007 3326 2066 solidata
3356 2014 3691 2086 principibus
3718 2031 3810 2074 ca-

2216 2096 2429 2152 tholicis
2454 2096 2836 2168 imperantibus
2861 2108 3001 2156 terra
3030 2103 3288 2177 marique,
3310 2110 3530 2166 armatis
3556 2114 3729 2171 turbis
3745 2115 3813 2172 ab

2217 2188 2407 2260 Optato
2448 2191 2697 2247 atrociter
2722 2200 2775 2248 et
2800 2191 3064 2250 hostiliter
3084 2210 3384 2270 Oppugnata
3410 2213 3512 2258 est.
3562 2205 3696 2274 Qum
3724 2223 3812 2265 res

2216 2284 2390 2355 coegit
2417 2292 2544 2340 tunc
2568 2287 2741 2356 primo
2757 2286 3014 2345 adversus
3036 2305 3134 2346 vos
3154 2293 3372 2365 allegari
3390 2296 3529 2367 apud
3550 2278 3809 2358 vicarium

2216 2375 2475 2432 Soranum
2507 2379 2678 2449 legem
2706 2379 2849 2436 illam
2871 2380 2939 2437 de
2967 2382 3151 2440 decem
3184 2384 3336 2443 libris
3365 2391 3506 2457 auri,
3538 2407 3675 2463 quas
3693 2396 3815 2451 nul-

2217 2469 2301 2525 lus
2329 2481 2562 2527 vestrum
2594 2473 2768 2529 adhuc
2800 2476 2983 2545 pendit
3008 2518 3024 2545 ,
3069 2485 3125 2534 et
3151 2493 3249 2535 nos
3274 2482 3609 2541 crudelitatis
3639 2491 3817 2560 argui-

2217 2564 2320 2621 tis!
2350 2565 2486 2637 Quid
2514 2579 2692 2624 autem
2723 2573 3052 2629 mansuetius
3082 2572 3170 2639 sit,
3198 2590 3358 2645 quam
3389 2585 3446 2632 ut
3484 2580 3818 2640 coercitione

2216 2658 2529 2716 damnorum
2557 2669 2698 2721 tanta
2721 2672 2897 2719 vestra
2927 2666 3128 2722 scelera
3151 2654 3539 2727 multarentur?
3562 2670 3697 2745 Quis
3716 2689 3815 2730 au—

2217 2762 2325 2809 tem
2352 2756 2519 2825 possit
2538 2772 2790 2815 enarrare
2810 2759 3010 2828 omnia,
3038 2776 3157 2832 quae
3182 2763 3327 2818 nulla
3355 2763 3593 2821 amicitia
3622 2768 3646 2799 ²
3666 2767 3821 2840 judi-

2216 2864 2339 2905 cum
2365 2858 2458 2905 aut
2479 2850 2775 2923 aliquarum
2798 2863 3141 2929 potestatum,
3168 2857 3395 2929 quisque
3424 2858 3515 2915 ubi
3545 2864 3810 2933 potuerit,

2215 2940 2270 2996 in
2322 2942 2456 2996 locis
2500 2943 2693 2998 vestris
2756 2946 2969 3016 propria
3015 2944 3381 3013 dominatione
3422 2954 3821 3011 committatis‘l

2215 3033 2345 3107 Quis
2388 3044 2630 3091 nostrum
2670 3036 2723 3091 in
2752 3037 2994 3111 plebibus
3033 3036 3237 3097 nostris
3261 3041 3283 3073 ⁸
3319 3059 3428 3101 non
3470 3045 3675 3118 aliquid
3709 3049 3823 3113 tals

2215 3128 2300 3184 vel
2326 3143 2354 3183 a
2382 3129 2647 3205 prioribus
2665 3131 2946 3202 comperit,
2963 3133 3047 3188 vel
3070 3133 3185 3206 ipse
3207 3144 3460 3213 expertus
3482 3140 3604 3203 est?
3622 3138 3821 3201 Nonne

2216 3219 2355 3289 apud
2381 3218 2703 3293 Hipponem,
2724 3221 2814 3278 ubi
2841 3237 2941 3295 ego
2967 3237 3108 3294 sum,
3140 3241 3248 3283 non
3278 3226 3475 3287 desunt
3493 3232 3584 3309 qui
3620 3234 3820 3290 memi-

2216 3312 2396 3368 nerint
2432 3312 2742 3369 Faustinum
2773 3324 3006 3372 vestrum
3036 3319 3186 3391 regni
3215 3320 3297 3375 sui
3329 3328 3574 3399 tempore
3600 3340 3817 3401 praece-

2216 3406 2382 3493 pisse,
2411 3407 2660 3479 quoniam
2684 3405 3080 3473 Catholicorum
3102 3410 3174 3467 ibi
3197 3412 3441 3485 paucitas
3452 3425 3592 3485 erat,
3617 3427 3680 3473 ut
3703 3420 3822 3475 nul.

2204 3497 2299 3558 .lus
2328 3498 2407 3554 eis
2432 3514 2624 3569 panem
2644 3509 2918 3571 coqueret,
2938 3500 3011 3556 ita
3028 3510 3082 3558 ut
3100 3502 3378 3576 cujusdam
3405 3505 3615 3564 diaconi
3645 3511 3818 3568 nostri

2217 3586 2483 3655 furnarius
2509 3590 2801 3663 inquilinus
2823 3590 3109 3655 domnwdii
3149 3596 3232 3651 sui
3272 3595 3296 3629 ’⁸
3324 3612 3518 3668 panem
3545 3601 3819 3661 incoctum

2214 3681 2490 3769 abjecerit,
2512 3683 2669 3759 eique
2686 3684 2831 3741 nulla
2841 3686 3013 3743 exsilii
3030 3687 3147 3763 lege
3159 3688 3429 3761 damnato,
3449 3696 3820 3759 communica-

2215 3774 2414 3833 tionem
2434 3790 2545 3832 non
2556 3776 2728 3832 solum
2756 3777 2809 3832 in
2832 3777 3045 3836 civitate
3068 3780 3304 3843 Romana
3324 3782 3417 3856 (c),
3434 3783 3527 3841 sed
3561 3788 3733 3847 etiam
3766 3789 3817 3846 in

2213 3868 2384 3941 patria
2406 3882 2522 3938 sua,
2547 3884 2644 3925 nec
2660 3870 2833 3927 solum
2864 3871 2916 3926 in
2939 3873 3105 3942 patria
3127 3888 3243 3942 sua,
3259 3875 3353 3931 sed
3379 3877 3539 3933 etiam
3568 3880 3623 3935 in
3651 3881 3817 3941 domo

2212 3975 2309 4019 sua
2334 3961 2644 4053 negaverit?
2670 3962 2806 4032 Quid
2831 3980 3000 4036 nuper
3018 4007 3034 4034 ,
3062 3966 3203 4037 quod
3244 3967 3359 4040 ipse
3394 3970 3574 4029 adhuc
3619 3972 3814 4053 lugeo,

2213 4068 2391 4109 nonne
2416 4052 2694 4125 Crispinus
2726 4064 2899 4112 vester
2924 4056 3274 4131 Calamensis,
3292 4076 3412 4117 cum
3443 4063 3668 4125 emisset
3696 4084 3818 4139 pos-

2213 4146 2511 4202 sessionem
2538 4188 2551 4212 ,
2583 4156 2638 4203 et
2665 4149 2766 4206 hoc
2795 4149 3279 4223 emphyteuticam,
3317 4170 3423 4213 non
3449 4155 3721 4223 dubitavit
3763 4161 3816 4223 in

2211 4239 2377 4297 fundo
2397 4239 2777 4296 catholicorum
2819 4242 3219 4315 imperatorum,
3242 4262 3468 4319 quorum
3492 4249 3706 4322 legibus
3719 4268 3816 4313 nec

2211 4334 2264 4392 in
2277 4334 2579 4407 civitatibus
2600 4348 2720 4403 esse
2739 4333 2877 4413 iussi
2896 4337 3045 4409 estis,
3061 4352 3169 4394 uno
3191 4340 3416 4409 terroris
3433 4341 3643 4429 impetu,
3664 4354 3816 4411 octo-

2274 4520 2366 4584 ξω
2385 4524 2507 4584 ante
2534 4515 2849 4584 editislocus
2869 4519 2963 4571 iste
2984 4520 3057 4571 sic
3090 4519 3242 4584 habet
3263 4535 3277 4579 ;
3304 4519 3815 4584 Quiscommemorare

2209 4578 2416 4655 ζειαίεέμέ
2433 4615 2462 4655 ν,
2489 4578 2616 4655 W9.
3042 4595 3074 4655 ιέ
3094 4581 3222 4634 “iis
3239 4578 3449 4655 ﬂebam
3473 4595 3677 4655 unum
3698 4578 3814 4655 ρένὲ

2210 4641 2414 4716 tulerit?
2439 4641 2862 4716 ιηξμιρυτίεωρία
2883 4641 3193 4716 FW
3230 4641 3550 4716 επιεςφςιεξυτ
3564 4641 3747 4716 novi)
3768 4658 3816 4707 et

2209 4712 2428 4775 tempora
2785 4707 2945 4775 (Am,
2984 4711 3030 4757 et
3069 4713 3279 4775 tempore
3302 4704 3619 4775 ϐἱιάὸηἰᾳπίξ
3641 4704 3745 4775 Er;
3767 4704 3814 4766 et

2210 4766 2893 4839 wmroraﬁildoeiwéheuie
2916 4766 3054 4839 ,δυτψ
3073 4766 3262 4839 eamea
3303 4778 3455 4839 ς’ςδεεν
3477 4766 3814 4839 Mauras.

2209 4828 2317 4902 nee
2351 4828 2534 4882 ωκίσιιε
2565 4829 2671 4892 eius
2693 4828 2801 4902 tua
3077 4828 3220 4902 om;
3269 4828 3513 4902 vum)
3540 4836 3813 4902 um

2208 4897 2482 4962 nistteguce
2524 4897 2781 4962 sense-ruit,
2800 4897 2896 4962 etc.
3106 4901 3159 4962 et
3194 4908 3364 4955 vocum
3401 4897 3626 4962 ineptam
3647 4900 3809 4952 inter-

2209 4954 2519 5025 punctionem
2541 4954 2790 5025 corrigunt
2811 4961 3017 5025 veteres
3039 4954 3168 5006 libri.

2272 5019 2292 5051 ⁸
2316 5023 2475 5078 Forte,
2498 5016 2633 5069 nutat
2649 5016 2946 5069 auctoritate.

2272 5079 2608 5190 rnﬁdgiétguis
2626 5086 2834 5133 vestrum
2852 5078 2905 5130 in
2925 5077 3142 5147 plebibus
3163 5079 3349 5139 vestris.
3387 5082 3725 5147 Euiendantur
3745 5100 3809 5141 ex

2206 5152 2557 5204 manuscripus.

2270 5204 2293 5237 ι
2315 5208 2365 5253 tu
2390 5200 2603 5268 excusis,
2946 5210 3004 5268 at
3026 5206 3219 5268 iutiss.,
3242 5204 3509 5263 ἀστασιόῆ
3538 5207 3637 5261 sui.
3666 5217 3805 5263 nano

2203 5276 2377 5331 vocem
2391 5264 2491 5328 jam
2509 5263 2627 5314 alias
2646 5267 2964 5326 restituimus,
2986 5267 3038 5331 in
3060 5263 3222 5328 Enarr'.
3255 5269 3306 5320 in
3328 5268 3446 5321 Psal.
3470 5269 3550 5331 '58,
3574 5286 3628 5321 n.
3654 5272 3739 5324 21.

2271 5325 2343 5396 (a)
2369 5325 2437 5375 De
2461 5333 2638 5396 Rogato
2665 5332 2852 5389 Mauro,
2893 5325 3182 5380 Mauritaniae
3219 5325 3741 5396 caesareensis'episco

2202 5389 2538 5460 mrtennensi,
2558 5402 2589 5460 ξ
2610 5401 2726 5460 quo_
2740 5396 3052 5460 Rogatenseg,
3075 5394 3426 5460 [lunatistarum
3461 5389 3701 5455 scium,
3730 5389 3809 5446 [οη

2202 5452 2366 5517 quitur
2390 5452 2683 5514 augustinus
2712 5452 2763 5520 in
2786 5452 2929 5520 epist,
2959 5453 3049 5520 939,
3074 5454 3135 5509 ad
3163 5456 3478 5520 vincentium.
3498 5452 3808 5520 Rogatenses

2202 5523 2347 5582 porro
2368 5521 2574 5564 caeteros
2595 5515 2863 5582 ponatistas
2878 5515 3152 5582 Firmianos,
3177 5518 3305 5582 quod
3326 5518 3464 5568 abiis
3481 5515 3802 5582 per'Firmum

2202 5578 2457 5645 tmnngm
2490 5578 2666 5645 acerba
2694 5576 2848 5645 multa
2877 5579 3102 5645 perpessi
3136 5576 3331 5639 essent,
3367 5576 3710 5645 qipéllabant,
3737 5595 3801 5634 οι

2203 5636 2347 5705 epist.
2371 5636 2451 5697 87,
2475 5638 2534 5689 ad
2554 5640 2838 5705 Emeritam,
2853 5636 2901 5693 η’.
2931 5636 3005 5697 tt}.

2288 5696 2338 5762 b)
2364 5696 2993 5762 OptatusTbamugadensis,
3015 5704 3198 5754 amicus
3220 5701 3445 5754 Gildon'is.

2272 5698 2338 5824 El);
2364 5698 2993 5775 OptatusThamugadeusis,
3015 5704 3198 5754 amicus
3220 5701 3445 5754 Giidon'is.

2272 5775 2316 5840 ,9.
2328 5764 3091 5840 ,ΡΡΙΒΡΞΗῩΨΨῬᾸΞίΥιωΨ
3099 5766 3215 5840 iul?
3233 5766 3533 5840 ηίὶὺὲιίίαὲμ
3554 5764 3802 5840 Wﬁ-

2202 5823 3755 5915 ωωωεωωιηωωωωψδεβδηωεωψδηω.
