4008 6470
237 375 340 436 3H

236 487 380 559 ginta
404 479 586 540 ferme
605 477 814 538 anintas
840 470 1131 534 miserabili
1152 468 1353 543 gemitu
1374 467 1721 526 mussitantes
1746 482 1828 524 re-

235 574 561 648 baptizando
584 572 928 641 submergere
957 567 1073 639 (a)?
1119 566 1321 634 Quibus
1344 573 1545 628 autem,
1574 563 1675 619 nisi
1705 561 1830 616 tali-

235 669 333 725 bus
353 668 514 722 factis
533 707 550 732 ,
579 666 740 721 etiam
770 664 912 734 ipsas
938 661 1006 718 de
1031 660 1220 732 quibus
1246 656 1634 729 conquerintini
1661 656 1828 726 leges,

237 763 394 832 longe
438 758 662 832 quidem
699 756 835 813 infra
862 755 1108 810 meritum
1138 751 1356 807 sceleris
1383 749 1566 814 vestri,
1616 747 1710 804 sed
1753 755 1832 801 ta-

237 870 358 911 men
388 852 813 923 qualescumque
845 847 970 902 ferri
999 844 1288 914 coegistis?
1317 845 1396 898 An
1425 857 1554 898 vero
1583 838 1830 896 violentis

238 947 544 1006 incursibus
575 941 1078 1000 Circumeellionum
1104 946 1424 1002 vestrorum,
1466 935 1554 1005 qui
1595 933 1693 988 sub
1735 947 1831 990 ve—

239 1051 348 1098 stro
384 1039 690 1109 principatu
737 1035 950 1090 furiosis
987 1031 1285 1103 agminibus
1315 1028 1584 1094 militant,
1629 1040 1733 1080 non
1763 1039 1831 1080 ex

240 1134 378 1206 agris
407 1133 652 1202 undique
676 1129 996 1201 pelleremur
1015 1169 1030 1193 ,
1060 1125 1160 1181 nisi
1195 1140 1289 1178 vos
1320 1122 1534 1178 obsides
1563 1120 1613 1176 in
1641 1119 1828 1174 civita-

242 1230 375 1282 tibus
397 1234 734 1289 teneremus,
761 1221 850 1290 qui
881 1234 1094 1290 quoquo
1131 1215 1292 1272 mede
1318 1217 1486 1285 ipsam
1509 1211 1698 1269 faciem
1731 1225 1831 1280 pu—

239 1321 426 1376 blicam
449 1325 509 1372 et
531 1316 880 1372 honestorum
899 1310 1388 1381 reprehensionem,
1412 1308 1456 1364 si
1481 1321 1586 1362 non
1617 1306 1827 1370 timore,

198 1427 212 1484 ς
241 1416 320 1472 vel
345 1413 556 1486 pudore
584 1412 726 1467 ferre
755 1409 974 1465 nolitis?
997 1407 1114 1463 Noli
1136 1421 1262 1478 ergo
1284 1405 1482 1470 dicere,
1514 1403 1674 1466 Absit,
1703 1402 1832 1456 absit

203 1505 210 1558 ἓ
243 1527 274 1564 a
294 1518 464 1563 nostra
491 1504 820 1568 conscientia,
853 1512 906 1556 ut
936 1502 1003 1556 ad
1023 1510 1245 1555 nostram
1268 1499 1420 1568 ﬁdem
1447 1497 1666 1568 aliquem
1695 1511 1833 1549 cam-

241 1602 509 1674 pellamus.
551 1598 750 1654 Facitis
777 1597 942 1664 enim,
984 1595 1072 1650 ubi
1100 1593 1323 1664 potestis
1357 1609 1368 1644 :
1402 1591 1490 1646 ubi
1520 1575 1698 1644 autem
1725 1604 1831 1643 non

241 1697 424 1762 tacitis,
457 1710 568 1750 non
602 1693 843 1765 potestis,
873 1693 987 1748 sive
1011 1692 1208 1762 legum,
1240 1689 1354 1744 sive
1383 1686 1593 1742 invidia:
1616 1686 1828 1750 timore,

242 1791 347 1847 sive
371 1790 744 1846 resistentium
770 1785 1128 1842 multitudine.

302 1884 538 1956 CAPUT
578 1879 862 1938 LXXXIV.
886 1909 956 1922 --
976 1878 1098 1934 185.
1140 1877 1324 1933 Ριτιι..
1354 1874 1519 1929 dixit:
1543 1871 1679 1926 Dicit
1697 1870 1840 1925 enim

238 1978 487 2032 Dominus
517 1976 768 2040 Christus,
808 1993 828 2028 ‹
862 1973 1026 2029 Nemo
1048 1973 1178 2027 venit
1203 1971 1272 2025 ad
1295 1986 1393 2034 me,
1426 1967 1524 2021 nisi
1551 1981 1700 2037 quem
1726 1962 1834 2017 Pa-

239 2079 307 2125 ter
349 2069 622 2123 attraxerit
655 2087 673 2120 s
710 2066 888 2138 (Ioan.
919 2081 995 2132 vt,
1032 2065 1147 2134 44).
1178 2061 1281 2117 Cur
1323 2070 1490 2114 autent
1525 2074 1608 2112 vos
1635 2073 1735 2112 non
1765 2055 1831 2110 li-

239 2161 406 2216 berum
438 2160 706 2214 arbitrium
750 2158 1017 2228 unicuique
1057 2154 1195 2225 sequi
1221 2151 1524 2224 permittitis,
1569 2164 1685 2202 cum
1725 2148 1834 2217 ipse

235 2253 489 2310 Dominus
533 2253 674 2307 Deus
711 2252 921 2306 liberum
973 2248 1238 2303 arbitrium
1283 2243 1474 2299 dederit
1514 2240 1832 2304 hominibus;

237 2349 362 2403 viam
390 2358 565 2401 tamen
587 2345 803 2416 justitite
827 2342 1110 2408 ostendens,
1158 2356 1220 2394 ne
1248 2339 1360 2410 quis
1391 2336 1604 2408 forsitan
1635 2334 1831 2388 nescius

237 2443 507 2513 deperiret.
538 2438 682 2494 Dixit
702 2439 834 2492 enim
862 2453 880 2492 :
907 2456 926 2490 ι
957 2435 1118 2490 Posui
1136 2442 1252 2488 ante
1271 2443 1318 2486 te
1342 2433 1524 2486 bonum
1550 2438 1596 2484 et
1616 2426 1826 2494 malum,

238 2536 382 2607 posui
413 2543 535 2588 ante
574 2541 622 2586 te
665 2533 833 2603 ignem
874 2539 920 2584 et
947 2545 1131 2600 aquam
1150 2543 1172 2593 ;
1198 2525 1334 2598 quod
1371 2523 1586 2578 volneris
1627 2523 1772 2592 elige.
1805 2539 1824 2572 ι

237 2627 320 2682 Ex
370 2643 474 2697 quo
521 2643 609 2680 vos
653 2625 881 2690 arbitrio,
927 2622 1118 2688 miseri,
1153 2619 1298 2675 vobis
1341 2635 1440 2674 non
1488 2633 1692 2686 aquam,
1742 2614 1831 2669 sed

236 2723 400 2792 ignem
458 2722 630 2792 potius
684 2718 921 2789 elegistis.
955 2734 974 2767 ι
1008 2715 1112 2770 Sed
1174 2722 1360 2778 tamen,
1409 2709 1588 2777 inquit,
1643 2707 1829 2762 bonum

238 2816 382 2886 elige,
406 2824 465 2868 ut
488 2815 628 2868 vivas
651 2831 671 2865 s
704 2810 888 2886 (Eccli.
920 2825 1008 2876 xv,
1042 2809 1127 2875 i7,
1160 2808 1272 2877 18).
1307 2804 1407 2874 Qui
1433 2820 1534 2859 non
1553 2807 1627 2858 vis
1647 2803 1830 2856 bonum

244 2909 441 2982 eligere,
473 2908 638 2962 vivere
663 2915 710 2960 te
733 2905 868 2959 nolle
898 2902 1207 2957 damnasti’.

313 3002 432 3060 186.
475 3002 616 3057 Auc.
661 2997 976 3069 respondit:
1007 2996 1060 3052 Si
1100 2994 1196 3049 tihl
1237 3006 1529 3064 proponam
1575 2988 1829 3060 quaestio-

237 3109 380 3159 nem,
409 3092 684 3168 quomodo
713 3092 850 3146 Deus
881 3090 1038 3144 Pater
1065 3087 1296 3142 attrahat
1336 3085 1401 3139 ad
1439 3085 1630 3139 Filium
1658 3083 1831 3137 homi-

236 3189 352 3255 nes,
396 3202 536 3259 quos
585 3185 636 3240 in
681 3183 852 3238 libero
882 3180 1083 3236 dimisit
1121 3178 1372 3245 arbitrio;
1423 3175 1664 3230 fortassis
1710 3189 1830 3230 eam

237 3279 457 3336 difficile
493 3278 766 3333 soluturus
795 3289 872 3328 es.
905 3271 1184 3343 Quomodo
1213 3271 1354 3324 enim
1400 3268 1638 3334 attrahit,
1680 3266 1723 3321 si
1751 3265 1831 3321 di-

234 3374 402 3432 mittit
437 3381 499 3428 ut
525 3370 642 3440 quis
670 3365 813 3439 quod
844 3364 1072 3420 voluerit
1097 3362 1290 3434 eligat?
1318 3361 1384 3416 Et
1424 3370 1598 3415 tamen
1626 3369 1832 3414 utrum-

231 3483 341 3539 que
387 3477 578 3520 verum
616 3458 854 3516 estzsed
899 3459 1167 3513 intellectu
1207 3456 1308 3511 hoc
1358 3464 1636 3526 penetrare
1675 3453 1833 3525 pauci

230 3561 436 3616 valent.
471 3555 620 3612 Sicut
638 3568 766 3623 ergo
800 3551 915 3606 ﬁeri
951 3558 1123 3621 potest
1151 3557 1208 3603 ut
1233 3563 1367 3619 quos
1395 3547 1447 3602 in
1472 3547 1640 3601 libero
1669 3545 1832 3600 dimi-

233 3655 298 3710 sit
352 3649 605 3716 arbitrio,
660 3645 892 3702 attrahat
937 3653 1114 3698 tamen
1163 3639 1320 3697 Pater
1369 3640 1434 3694 ad
1485 3639 1674 3695 Filium
1709 3655 1724 3692 :
1755 3637 1834 3693 sic

234 3747 348 3803 ﬁeri
384 3750 562 3816 potest
589 3748 646 3796 ut
673 3756 736 3794 ea
763 3754 879 3810 qua:
906 3736 1080 3806 legum
1107 3733 1516 3796 coercitionibus
1536 3730 1833 3786 admonen-

237 3851 347 3905 tur,
370 3856 474 3894 non
511 3836 757 3892 auferant
787 3834 1014 3888 liberum
1053 3829 1352 3885 arbitrium.
1381 3824 1645 3896 Quidquid
1687 3823 1832 3881 enim

237 3938 399 3992 homo
424 3933 622 3987 durum
660 3938 713 3984 et
740 3928 1024 3984 molestum
1056 3924 1271 3995 patitur,
1315 3920 1630 3976 admonetur
1656 3926 1715 3974 ut
1739 3932 1834 3974 co-

236 4030 368 4102 gitet
415 4041 587 4098 quare
622 4022 854 4094 patiatur
885 4037 896 4077 :
927 4029 984 4074 ut
1022 4020 1064 4073 si
1107 4033 1204 4090 pro
1229 4015 1432 4086 justitia
1478 4030 1536 4069 se
1577 4013 1681 4082 pali
1713 4029 1837 4085 pcr-

238 4121 500 4194 spcxcrit,
531 4118 759 4188 idipsum
790 4116 988 4169 bonum
1034 4113 1192 4181 eligat
1223 4125 1315 4180 pro
1337 4109 1537 4181 justitia
1569 4109 1691 4164 talia
1718 4126 1835 4165 sus-

243 4215 449 4280 tinere;
496 4213 540 4265 si
583 4219 758 4263 autem
817 4206 1008 4260 viderit
1053 4204 1384 4274 iniquitatem
1427 4216 1546 4258 esse
1591 4217 1689 4271 pro
1731 4215 1834 4273 qua

241 4309 459 4378 patitur,
504 4320 563 4359 se
605 4299 1084 4356 infructuosissimc
1120 4297 1362 4352 laborare
1407 4305 1565 4366 atque
1609 4295 1833 4350 cruciari

241 4396 616 4457 considerans,
650 4401 818 4446 mutet
860 4389 911 4444 in
957 4388 1148 4443 melius
1181 4388 1528 4453 voluntatem,
1571 4387 1834 4458 simulque

240 4500 420 4548 careat
468 4499 524 4544 et
572 4485 814 4542 molestia
864 4483 1029 4537 sterili
1073 4489 1127 4537 et
1168 4481 1280 4551 ipsa
1330 4480 1625 4552 iniquitate,
1667 4481 1835 4536 multo

239 4585 424 4655 utique
470 4579 683 4652 gravius
711 4587 764 4632 et
791 4575 1141 4648 perniciosius
1182 4573 1442 4628 nocitura.
1494 4573 1559 4628 Et
1588 4590 1682 4628 vos
1713 4589 1834 4629 cum

241 4675 442 4748 aliquid
475 4673 729 4727 adversus
754 4684 849 4723 vos
875 4684 1025 4738 rcges
1055 4667 1402 4729 constituunt,
1435 4666 1711 4721 admoneri
1740 4681 1835 4723 vos

240 4768 469 4832 credite,
503 4773 562 4818 ut
590 4761 831 4832 cogitetis
857 4775 1018 4832 quare
1058 4759 1158 4813 ista
1199 4758 1468 4828 patiamini
1502 4776 1515 4813 :
1544 4755 1588 4813 si
1620 4766 1836 4832 prOpter

235 4861 521 4933 justitiam,
559 4870 744 4911 revera
794 4853 867 4908 illi
912 4861 1280 4922 persecutores
1325 4851 1488 4906 vestri
1538 4861 1689 4918 sunt;
1739 4866 1836 4906 vos

241 4965 422 5010 autem
471 4947 614 5006 beati
655 4947 743 5019 qui
785 4945 1212 5022 persecutionem
1254 4945 1397 5014 passi
1443 4953 1658 5016 prOpter
1679 4945 1836 5016 justi-

240 5046 392 5112 tiam,
446 5039 790 5116 possidebitis
830 5055 1052 5110 regnum
1099 5036 1356 5092 caelorum
1401 5035 1616 5108 (Matth.
1648 5054 1701 5106 v,
1732 5037 1833 5105 10;

242 5141 261 5196 l
293 5139 439 5195 Petr.
471 5155 530 5206 ιι,
559 5135 652 5208 20)
684 5154 698 5190 :
730 5135 773 5190 si
827 5144 1004 5189 autem
1050 5142 1265 5206 propter
1308 5131 1636 5206 iniquitatem
1691 5131 1836 5188 sebi-

243 5231 430 5287 smatis
469 5229 654 5296 vestri,
699 5225 824 5300 quid
867 5225 942 5281 illi
984 5225 1085 5282 nisi
1123 5234 1453 5280 correctores
1485 5224 1646 5281 vestri
1683 5235 1834 5294 sunt;

242 5341 340 5380 vos
398 5333 599 5388 autem,
646 5321 780 5376 sicut
821 5317 1000 5376 caeteri
1046 5318 1379 5374 diversorum
1423 5317 1686 5373 scelerum
1735 5318 1833 5384 rci,

243 5419 332 5491 qui
390 5429 577 5486 poenas
625 5412 826 5485 legibus
868 5411 1142 5482 pendunt,
1203 5409 1443 5481 profecto
1490 5410 1728 5467 infelices
1787 5418 1840 5465 et

248 5510 303 5565 in
347 5510 449 5564 hoc
477 5506 675 5564 saeculo
704 5515 760 5561 et
787 5506 839 5560 in
884 5503 1101 5560 futuro?
1130 5501 1298 5558 Nemo
1332 5517 1460 5574 ergo
1487 5502 1636 5557 vobis
1667 5503 1841 5558 aufert

245 5602 477 5658 liberum
519 5599 799 5654 arbitrium
831 5616 844 5652 :
877 5596 970 5654 sed
998 5611 1094 5652 vos
1120 5595 1403 5668 diligenter
1428 5594 1687 5650 attendite
1716 5594 1840 5664 quid

247 5697 430 5765 potius
475 5693 703 5762 eligatis,
737 5700 913 5746 utrum
940 5690 1164 5746 correcti
1193 5688 1373 5743 vivere
1414 5687 1464 5741 in
1510 5701 1662 5756 pace,
1689 5702 1756 5742 an
1786 5686 1840 5742 in

318 5830 342 5890 ιθ
362 5826 736 5890 Cygiranneusls
772 5828 928 5877 codex
952 5827 1050 5876 hoc
1065 5832 1248 5877 tantum
1271 5826 1396 5886 loco,
1420 5823 1654 5890 clanutsti,

318 5886 481 5955 (uitia
502 5891 568 5942 de
585 5903 643 5942 re
662 5890 939 5954 expostulat
953 5903 1064 5942 cum
1087 5892 1193 5953 ipso
1209 5891 1439 5954 Crispino,
1468 5888 1612 5952 epist.
1635 5886 1715 5940 06s

1550 351 1754 414 LIBER
1791 349 2166 416 SECUNDUS.

3414 360 3521 420 518

1940 473 2137 528 malitia
2178 482 2606 544 perseverantes,
2661 471 2782 530 falsi
2832 471 3075 546 martyrii
3129 472 3346 546 nomine
3394 491 3521 533 vera

1937 567 2193 637 supplicia
2238 572 2521 626 sustinere.
2563 567 2656 628 Sic
2693 583 2790 626 vos
2839 577 3020 632 autem
3066 567 3332 640 alloquor,
3363 572 3522 642 quasi

1936 674 2063 715 vero
2088 659 2285 730 aliquid
2313 661 2526 731 dignum
2556 671 2732 718 vestra
2772 661 3054 732 iniquitate
3075 661 3371 734 patiamini,
3398 678 3523 722 cum

1938 764 2080 812 tanta
2112 755 2322 826 indigna
2369 755 2592 824 faciatis,
2629 766 2684 813 et
2725 758 2778 812 in
2805 766 2950 814 tanta
2990 757 3305 828 impunitate
3332 773 3524 829 regne-

1936 851 2034 917 tis;
2067 851 2136 904 ita
2161 849 2364 915 furiosi,
2399 859 2456 906 ut
2484 866 2577 920 per
2602 851 2694 908 Dei
2724 850 2911 906 laudes
2936 851 3166 921 amplius
3194 866 3353 922 quam
3383 849 3518 906 bitc-

1938 944 2059 999 cina
2088 943 2275 999 bellica
2309 945 2585 1010 terrentis;
2615 945 2684 1000 ita
2711 945 3046 1014 calumniosi,
3080 954 3137 1002 ut
3162 945 3324 1002 etiam
3354 959 3521 1015 spon-

1937 1045 2095 1092 tanea
2137 1047 2436 1092 vestrorum
2484 1037 2774 1109 praecipitia
2815 1038 3011 1096 nostris
3057 1038 3522 1109 persecutionibus

1937 1129 2231 1200 imputetis.

2007 1227 2128 1282 l87.
2173 1226 2310 1281 Dicit
2356 1227 2516 1280 etiam
2552 1227 2701 1296 quasi
2744 1234 3040 1297 praaceptor
3086 1225 3520 1296 benignissimus,

1939 1316 2038 1385 Qui
2074 1335 2174 1373 non
2217 1319 2289 1373 uis
2330 1319 2513 1372 bonum
2557 1319 2758 1388 eligere,
2797 1320 2956 1374 vivere
2997 1329 3044 1373 te
3078 1320 3211 1374 nolle
3247 1318 3524 1374 damnasti.

1937 1410 2011 1466 Ita
2039 1425 2186 1478 vero,
2227 1413 2270 1465 si
2303 1413 2493 1467 vestris
2532 1412 2995 1466 criminationibus
3027 1411 3391 1476 crederemus,
3420 1410 3520 1466 be-

1935 1507 2094 1580 nigne
2135 1509 2474 1564 viveremus‘
2509 1508 2674 1578 :quia
2716 1507 2809 1562 Dei
2855 1506 3300 1576 promissionihus
3343 1504 3520 1560 credi-

1936 1620 2075 1670 mus,
2109 1605 2286 1659 vivere
2316 1619 2414 1658 uos
2443 1603 2584 1658 nolle
2611 1602 2949 1658 damnamus.
2985 1601 3147 1664 Bene,
3180 1609 3238 1657 ut
3265 1602 3520 1668 arbitror,

1934 1699 2253 1756 meministis
2298 1697 2423 1768 quid
2474 1696 2715 1768 Apostoli
2764 1696 2998 1750 dixerint
3041 1693 3260 1760 ludatis,
3306 1693 3520 1764 quando

1935 1793 2206 1848 Christum
2237 1793 2530 1864 prtedicare
2562 1790 3017 1862 prohibebantur:
3046 1787 3148 1842 hoc
3187 1803 3316 1857 ergo
3343 1796 3397 1841 et
3425 1801 3523 1843 nos

1935 1886 2182 1952 dicimus,
2237 1896 2293 1940 ut
2336 1883 2704 1955 respondeatis
2757 1884 2932 1945 nobis,
2981 1891 3159 1937 utrum
3209 1881 3320 1934 Deo
3359 1879 3526 1948 magis

1935 1977 2290 2034 obedientium
2319 1977 2408 2044 sit,
2451 1991 2518 2031 an
2548 1975 2854 2031 hominibus
2885 1973 3020 2042 (Act.
3047 1989 3101 2036 v,
3133 1971 3249 2042 29).
3279 1971 3526 2026 Traditu-

1935 2085 2043 2138 res,
2073 2069 2886 2138 thuriﬁcatores,persecutores,
2917 2066 3080 2121 verba
3106 2073 3229 2119 sunt
3251 2063 3524 2121 hominum

1934 2175 2119 2222 contra
2146 2164 2411 2220 homines.
2451 2163 2508 2218 ln
2539 2163 2654 2218 sola
2683 2161 3004 2228 dilectione}
3037 2159 3228 2213 Donati
3267 2157 3529 2214 remansit

1934 2258 2177 2314 Christus
2204 2275 2218 2313 :
2245 2256 2405 2312 verba
2439 2263 2564 2311 sunt
2596 2255 2876 2309 hominum
2904 2251 3274 2308 extollentium
3299 2250 3526 2321 gloriam

1936 2349 2167 2405 hominis
2217 2349 2316 2403 sub
2372 2347 2589 2402 nomine
2637 2344 2858 2414 Christi,
2917 2355 2978 2400 ut
3033 2345 3202 2414 gloria
3255 2343 3528 2398 minuatur

1934 2441 2100 2513 ipsius
2130 2439 2346 2496 Christi.
2368 2439 2634 2510 Scriptum
2665 2446 2749 2493 est
2775 2438 2941 2504 enim,
2976 2435 3038 2490 In
3066 2437 3172 2490 toto
3193 2446 3340 2507 gente
3362 2435 3528 2506 gloria

1934 2535 2097 2607 regis;
2125 2533 2177 2587 in
2216 2533 2550 2586 diminutione
2595 2540 2763 2585 autem
2808 2528 2987 2600 populi
3016 2528 3249 2582 contritio
3280 2525 3526 2597 principis

1934 2628 2114 2698 (Prov.
2147 2642 2254 2693 xw,
2285 2617 2378 2695 28)
2409 2641 2422 2678 :
2453 2625 2568 2679 haec
2592 2638 2720 2695 ergo
2761 2623 2922 2677 verba
2963 2628 3086 2676 sunt
3115 2619 3410 2674 hominum.
3457 2619 3526 2672 At

1933 2720 2020 2776 illa
2070 2720 2120 2774 in
2168 2717 2474 2788 Evangelio,
2521 2715 2656 2784 Quia
2705 2712 2966 2786 oportebat
3009 2711 3262 2766 Christum
3301 2709 3428 2781 pati,
3480 2717 3527 2764 et

1932 2827 2194 2884 resurgere
2231 2811 2376 2865 tertia
2421 2809 2521 2875 die,
2564 2815 2611 2861 et
2652 2805 2922 2877 pradicari
2949 2804 3002 2857 in
3045 2804 3244 2856 nomine
3281 2802 3392 2871 ejus
3421 2815 3526 2870 pat-

1933 2907 2195 2964 nitentiam
2222 2913 2266 2958 et
2299 2904 2640 2957 remissionem
2671 2908 2989 2972 peccatorum
3019 2912 3110 2966 per
3137 2909 3309 2949 omnes
3330 2900 3521 2964 gentes,

1933 3001 2287 3078 incipientibus
2321 2997 2382 3050 ab
2408 2995 2695 3050 Jerusalem
2726 2991 2874 3066 (Luc.
2899 3006 3048 3065 xxiv,
3081 2987 3172 3055 46,
3203 2986 3331 3059 4³ης
3362 2985 3525 3042 verba

1935 3104 2058 3150 sunt
2099 3090 2296 3148 Christi
2340 3085 2762 3143 commendantis
2797 3084 3021 3155 gloriam
3061 3096 3221 3152 quam
3263 3079 3469 3149 accepit
3495 3091 3525 3131 a

1934 3187 2092 3244 Patre
2122 3185 2173 3239 in
2218 3182 2494 3237 latitudine
2533 3179 2681 3250 regni
2714 3175 2814 3233 sui.
2853 3175 3102 3244 Utrisque
3140 3172 3357 3238 au’dltis,
3386 3169 3526 3225 banc

1934 3277 2189 3334 Ecclesia:
2240 3271 2670 3329 communionem
2719 3268 2898 3339 potius
2944 3266 3209 3336 eligimus,
3257 3272 3310 3318 et
3348 3261 3526 3316 homi-

1935 3383 2060 3425 num
2101 3366 2277 3423 verbis
2315 3363 2514 3420 Christi
2558 3361 2723 3416 verba
2769 3357 3148 3430 praeponimus.
3193 3355 3363 3426 Rogo,
3409 3353 3530 3423 quis

1935 3473 2018 3522 est
2061 3463 2149 3538 qui
2189 3477 2286 3517 nos
2331 3460 2471 3515 dicat
2514 3457 2653 3514 mala
2689 3455 2936 3527 elegisse,
2981 3452 3080 3508 nisi
3117 3450 3208 3523 qui
3254 3448 3527 3505 Christum

1936 3556 2069 3614 dicit
2089 3554 2224 3611 mala
2246 3551 2530 3610 docuisse?

2008 3668 2233 3725 CAPUT
2273 3663 2538 3724 LXXXV.
2566 3692 2634 3705 —-
2663 3661 2786 3719 188.
2827 3659 3012 3718 Ρετιι..
3057 3656 3192 3713 dixit
3218 3671 3237 3711 :
3263 3651 3530 3724 Numquid

1936 3765 2091 3836 igitur
2116 3761 2306 3818 caedent
2331 3759 2408 3814 vel
2423 3756 2756 3812 schismaticis
2778 3753 2916 3808 Deus
2933 3751 3087 3825 jussit
3108 3749 3290 3821 inferri
3311 3748 3334 3801 ?
3358 3745 3458 3814 Qui
3481 3744 3527 3799 si

1938 3859 2143 3914 omnino
2186 3854 2498 3926 prwciperet,
2547 3866 2634 3904 vos
2675 3845 2917 3900 deberetis
2962 3841 3122 3897 occidi
3170 3839 3230 3896 ab
3278 3837 3528 3909 aliquibus

1939 3951 2147 4024 Scythis
2172 3964 2230 4004 ac
2250 3944 2509 4009 Barbaris,
2543 3958 2643 3997 non
2675 3951 2839 3994 tamen
2869 3955 2899 3992 a
2921 3934 3243 3991 Christianis.

2010 4023 2135 4103 i89.
2174 4041 2310 4098 Anc.
2351 4035 2651 4108 respondit:
2680 4031 2852 4087 Vestri
2883 4027 3347 4086 Circumcelliones
3375 4023 3530 4096 quie-

1948 4145 2119 4201 scant,
2162 4142 2218 4191 et
2263 4133 2386 4188 nolo
2413 4144 2511 4185 nos
2532 4128 2553 4160 ⁸
2581 4127 2646 4184 de
2672 4123 2919 4182 Barbaris
2959 4133 3181 4180 terreas.
3215 4119 3403 4176 Utrum
3430 4133 3528 4173 au-

1940 4238 2047 4287 tem
2078 4223 2402 4283 schismatici
2448 4235 2549 4277 nos
2592 4218 2758 4276 simus
2802 4233 2869 4272 an
2909 4230 3025 4280 vos,
3057 4229 3155 4269 nec
3196 4227 3296 4284 ego
3328 4225 3425 4272 nec
3452 4218 3528 4276 tu,

1939 4323 2035 4382 sed
2053 4319 2291 4378 Christus
2310 4316 2686 4388 interrogetur,
2707 4322 2763 4366 ut
2783 4310 2979 4368 iudicet
2995 4308 3014 4340 "
3037 4308 3333 4363 Ecclesiam
3352 4321 3499 4360 suam
3512 4344 3525 4358 .

1939 4419 2082 4490 Lege
2109 4430 2236 4487 ergo
2261 4411 2645 4483 Evangelium;
2674 4415 2729 4464 et
2753 4405 3046 4477 respondet
3070 4402 3186 4470 tibi,
3218 4401 3285 4457 In
3315 4399 3531 4456 Jerusa-

1941 4514 2038 4570 lem
2065 4519 2111 4568 et
2138 4512 2192 4566 in
2216 4517 2373 4564 totam
2397 4503 2637 4560 Iudicum
2675 4513 2722 4560 et
2752 4498 3064 4566 Samariam,
3099 4506 3143 4552 et
3170 4510 3328 4567 usque
3355 4493 3408 4547 in
3447 4501 3528 4547 to-

1940 4617 2044 4664 tam
2083 4613 2268 4660 terram
2309 4600 2444 4674 (Act.
2475 4615 2514 4668 f,
2560 4598 2641 4669 8).
2681 4594 2932 4666 Quisquis
2976 4591 3135 4664 igitur
3182 4590 3235 4644 in
3285 4585 3527 4643 Ecclesia

1944 4715 2049 4757 non
2078 4696 2368 4760 invenitur,
2395 4693 2504 4763 jam
2531 4706 2639 4746 non
2669 4690 3048 4758 interrogetur,
3093 4681 3188 4740 sed
3218 4688 3310 4736 aut
3349 4695 3531 4736 corre-

1943 4803 2062 4850 οιιιε
2088 4797 2456 4854 convertatur,
2487 4793 2580 4841 aut
2614 4791 2896 4853 correptus
2940 4795 3047 4836 non
3075 4786 3456 4850 COHQIlCl‘alUP.

2011 4904 2236 4963 CAPUT
2283 4899 2571 4958 LXXXVI.
2614 4926 2685 4942 --
2722 4897 2845 4953 190.
2888 4897 3074 4952 Pam!“
3113 4894 3250 4949 dixit
3291 4910 3303 4946 :
3349 4889 3532 4960 Neque

1941 5001 2078 5056 enim
2111 4996 2360 5050 Dominus
2393 4992 2534 5048 Deus
2571 4992 2792 5046 humano
2833 4990 3081 5061 sanguine
3118 4982 3394 5056 aliquando
3437 4980 3528 5035 lte-

1944 5102 2078 5150 tatus
2098 5100 2189 5159 est,
2206 5105 2321 5144 cum
2346 5087 2615 5143 occisorem
2633 5085 2807 5158 fratris
2819 5083 2947 5140 Cain
2973 5084 3027 5138 in
3045 5082 3145 5137 uita
3169 5075 3404 5145 carniﬁce
3416 5075 3438 5105 ³
3454 5089 3534 5129 νο-

1945 5189 2094 5245 luerit
2120 5199 2434 5258 permanere.

2010 5325 2027 5393 ξ
2051 5321 2366 5393 Floriacensjs
2383 5331 2529 5371 vetus
2550 5316 2729 5380 codex,
2752 5313 2867 5368 bene
2888 5313 3168 5367 viveremus.

2008 5388 2030 5419 ¹
2052 5393 2210 5447 Forte,
2241 5383 2435 5434 ditione.

2010 5451 2032 5483 ³
2053 5457 2180 5509 orte,
2205 5453 2251 5500 et
2271 5460 2365 5509 non
2385 5459 2490 5497 nos.

2010 5511 2032 5543 ⁸
2057 5495 2468 5574 ἓῌῖἶὶληίιὶᾶἷέέἰξ
2501 5505 2800 5574 Castigantur
2826 5515 2898 5574 εδ.
2927 5495 3282 5574 manuscriptis.

2013 5559 2169 5622 Iam:
2194 5559 2401 5632 the,
2445 5570 2498 5621 in
2563 5559 2659 5618 vita
2725 5559 3184 5632 carﬁﬁcemxbhi’
3213 5559 3541 5632 Loranienses

1951 5650 2017 5687 ex
2060 5621 2406 5686 latasivrecté
2477 5631 2804 5691 castigarunt,
2863 5621 2924 5676 'in
2966 5622 3083 5691 __vita
3140 5621 3387 5687 comitia.
3446 5622 3542 5672 sed

1949 5700 2043 5763 ipsi
2103 5706 2265 5763 tamen
2332 5702 2501 5763 postea
2561 5687 2866 5763 superiorum
2921 5687 3168 5763 editorum.
3224 5695 3439 5763 arratum
3489 5697 3540 5734 tn

1950 5745 2551 5820 Kugtisiiiii'r’eSpOnsione
2575 5745 2731 5800 secuti
2760 5747 3028 5820 posuerunt
3041 5785 3070 5820 ,‘
3081 5747 3171 5820 sed
3190 5745 3403 5820 relinqui
3411 5759 3540 5820 _car-

1949 5797 3298 5892 raaa'eaése-Jeeeieiacies
3318 5797 3536 5892 eodem.

1953 5872 2369 5950 ἁίἱὶἆοαὸπίβοετὶι
2379 5872 2656 5932 constanter
2674 5873 2891 5940 iungunt
2910 5883 2967 5932 ut
2987 5875 3278 5940 adjectivum
3297 5873 3358 5926 ad
3378 5872 3546 5934 υίωιιι.
