3998 6466
437 369 545 429 319

511 483 636 540 191.
680 483 817 540 Atto.
847 479 1126 553 respondit
1152 492 1165 530 :
1190 474 1248 531 Si
1287 470 1509 527 occisori
1536 467 1719 522 fratris
1760 467 1906 521 Deus
1930 479 2029 520 no-

409 575 544 630 'luit
581 573 764 631 inferri
802 581 1052 636 mortem,
1083 566 1178 624 sed
1219 561 1448 632 relinqui
1474 559 1780 615 carniﬁcem
1818 557 2022 610 vitam:

438 668 564 724 vide
592 683 661 724 ne
687 666 826 722 forte
853 667 955 721 hoc
997 662 1085 731 sit,
1113 657 1257 731 quod
1295 671 1419 712 cum
1461 653 1602 724 regis
1646 666 1741 707 cor
1766 651 1821 706 in
1863 663 2027 704 manu

443 760 538 816 Dei
565 762 655 828 sit,
698 760 836 816 unde
871 757 1065 813 multas
1092 754 1158 808 ad
1183 767 1278 808 vos
1321 745 1743 806 commonendos
1772 751 1827 799 et
1856 741 2026 798 corri-

443 854 670 925 piendos
711 855 854 923 leges
882 853 997 922 ipse
1037 846 1330 912 constituit,
1375 843 1519 899 nulla
1548 850 1728 897 tamen
1751 839 1839 893 lex
1882 834 2026 906 regia

441 961 540 1002 vos
565 947 722 1017 jussit
765 944 964 1010 occidi;
1016 943 1240 998 fortasse
1270 947 1575 1010 propterea,
1604 941 1666 990 ut
1701 933 2029 1004 quicumque

444 1048 678 1094 vestrum
702 1037 754 1092 in
787 1035 1045 1106 pertinaci
1069 1031 1311 1100 sacrilegi
1341 1029 1536 1085 furoris
1555 1041 1683 1081 aura
1710 1024 2024 1104 persistungt,

437 1131 566 1184 Cain
597 1129 875 1199 parricida:
915 1127 1192 1200 supplicio,
1229 1125 1336 1180 vita
1367 1121 1617 1179 carniﬁce
1639 1122 1655 1152 ί
1699 1117 2024 1174 crucientur.

441 1223 692 1292 Legimus
727 1221 870 1278 enim
899 1220 1101 1275 multos
1146 1233 1176 1272 a
1207 1215 1406 1272 famulo
1450 1213 1545 1268 Dei
1594 1211 1776 1282 Moyse
1821 1206 2029 1262 miseri-

441 1313 676 1369 corditer
706 1313 1016 1368 interfectos
1042 1328 1056 1364 :
1085 1325 1210 1365 nam
1242 1309 1294 1363 in
1335 1322 1402 1362 eo
1431 1303 1572 1375 quod
1600 1319 1697 1374 pro
1721 1315 1907 1358 eorum
1933 1313 2028 1353 ne-

436 1402 573 1458 fario
601 1404 881 1475 sacrilegio
906 1403 982 1458 sic
1002 1413 1085 1458 est
1109 1400 1392 1455 Dominum
1422 1397 1761 1466 deprecatus,
1792 1400 1851 1446 ut
1872 1391 2022 1446 dice-

436 1503 520 1551 ret
549 1513 562 1549 :
594 1494 831 1561 Domine,
877 1494 922 1547 si
964 1493 1174 1547 dimittis
1200 1490 1319 1545 illis
1350 1496 1628 1559 peccatum,
1677 1484 1906 1546 dimitte;
1950 1481 2030 1535 sin

437 1595 629 1652 autem,
665 1587 778 1640 dele
818 1601 898 1640 me
942 1584 1006 1638 de
1045 1584 1173 1638 libro
1217 1590 1301 1636 tuo
1335 1579 1526 1651 (Exod.
1560 1592 1732 1640 xxxu,
1775 1575 1866 1638 28,
1904 1571 2025 1642 5i);

440 1678 726 1735 ineﬁ‘abilis
755 1678 872 1748 ejus
902 1676 1131 1732 charitas
1153 1683 1206 1730 et
1231 1669 1597 1728 misericordia
1625 1668 1753 1722 satis
1783 1671 2024 1735 apparet.

434 1770 699 1843 Numquid
741 1785 869 1841 ergo
914 1769 1090 1825 subito
1124 1766 1355 1823 crudelis
1398 1763 1620 1819 effectus
1656 1767 1757 1824 est,
1799 1772 1920 1814 cum
1961 1754 2030 1812 de

437 1871 622 1918 monte
661 1862 994 1918 descendens
1022 1869 1102 1916 tot
1131 1859 1294 1916 millia
1320 1857 1534 1927 juberet
1579 1851 1787 1909 occidi?
1829 1847 2022 1905 Consi-

435 1954 621 2010 derate
665 1954 845 2026 itaque
895 1969 962 2008 ne
1006 1951 1142 2008 forte
1171 1950 1373 2020 majore
1398 1945 1670 2003 iracundia
1696 1943 1790 1998 Dei
1818 1956 1915 2012 per
1940 1947 2020 1995 tot

435 2046 584 2116 leges
609 2046 868 2103 adversus
893 2059 989 2100 vos
1010 2046 1143 2098 latas
1169 2057 1198 2096 a
1226 2042 1374 2096 nullo
1399 2040 1731 2109 lmperatore
1752 2034 1887 2104 jussi
1918 2032 2032 2086 fue-
2101 2029 2104 2032 ’

438 2138 559 2193 ritis
588 2137 776 2193 occidi.
811 2137 894 2192 An
937 2135 1017 2191 illi
1054 2132 1339 2190 fratricida!
1380 2146 1487 2186 non
1516 2144 1611 2184 vos
1638 2121 2030 2195 comparandos

440 2229 678 2300 putatis?
703 2229 897 2285 Audite
925 2228 1208 2283 Dominum
1235 2239 1334 2295 per
1363 2222 1678 2294 prophetam
1718 2219 1984 2273 dicentem
2013 2231 2027 2269 :

439 2321 516 2374 Ab
546 2329 660 2374 ortu
686 2319 811 2376 solis
839 2334 997 2387 usque
1023 2318 1092 2372 ad
1116 2331 1352 2371 occasum
1383 2313 1722 2385 glori/icatum
1751 2317 1822 2363 est
1849 2322 2031 2361 nomen

435 2427 604 2464 meum
627 2411 682 2465 in
707 2409 1015 2475 nationibus,
1049 2417 1096 2463 et
1123 2407 1178 2460 in
1204 2405 1340 2460 omni
1368 2405 1478 2458 loco
1509 2403 1768 2455 incensum
1795 2397 2031 2450 admove-

438 2500 575 2554 bitur
599 2502 792 2556 nomini
812 2516 942 2566 meo,
967 2507 1014 2554 et
1035 2499 1199 2552 hostia
1219 2512 1368 2568 pura.
1397 2493 1646 2564 Magnum
1667 2507 1845 2546 nomen
1862 2504 2030 2542 meum

437 2592 494 2645 in
533 2591 839 2656 nationibus,
882 2590 1004 2644 dicit
1050 2588 1302 2642 Dominus
1345 2584 1659 2654 omnipotens
1703 2579 1955 2652 (Malach.
1987 2593 2027 2645 ι,

435 2683 548 2753 il).
578 2682 712 2738 Huic
731 2681 966 2738 fraterno
985 2680 1250 2737 sacriﬁcio
1275 2693 1436 2748 super
1455 2674 1598 2746 quod
1623 2674 1842 2743 respicit
1862 2673 2024 2740 Deus,

436 2774 673 2830 invidere
701 2790 798 2830 vos
838 2790 933 2845 per
969 2772 1266 2829 calumnias
1291 2778 1499 2826 vestras
1541 2766 1824 2823 ostenditis
1855 2773 1948 2820 :et
1977 2764 2026 2820 si

439 2866 656 2936 quando
692 2865 990 2931 audieritis,
1033 2880 1064 2918 a
1107 2864 1235 2919 solis
1285 2869 1405 2918 ortu
1452 2874 1621 2930 usque
1666 2858 1734 2912 ad
1779 2868 2029 2912 occasum

441 2956 647 3012 laudari
686 2971 885 3012 nomen
916 2955 1123 3010 Domini
1154 2953 1328 3026 (Psal.
1375 2968 1502 3016 cxu,
1535 2951 1624 3022 3);
1655 2948 1796 3020 quod
1836 2957 1915 3003 est
1943 2947 2026 3002 vi-

439 3061 564 3101 vum
589 3047 930 3115 sacriﬁcium,
958 3047 1028 3103 de
1054 3061 1158 3117 quo
1193 3045 1393 3100 dictum
1423 3051 1526 3105 est,
1556 3039 1776 3094 immota
1805 3038 1914 3093 Deo
1938 3055 2030 3093 sa-

439 3140 693 3211 cri/icium
720 3142 886 3196 laudis
915 3139 1089 3212 (Psal.
1118 3155 1265 3204 χιιι,
1296 3137 1386 3208 ib)
1415 3155 1430 3192 :
1465 3136 1536 3190 ita
1575 3132 1822 3188 concidet
1850 3131 2030 3186 vultus

441 3244 643 3299 vester,
674 3242 733 3290 ut
759 3235 901 3290 illius
924 3232 1226 3290 homicidae.
1245 3231 1350 3288 Sed
1371 3231 1492 3301 quia
1513 3229 1820 3284 universum
1843 3226 2030 3282 orbem

439 3326 752 3382 interimere
786 3342 895 3383 non
923 3327 1169 3397 potestis,
1209 3323 1334 3380 odio
1373 3323 1492 3393 ipso
1519 3322 1598 3377 rei
1643 3319 1922 3385 tenemini,
1949 3318 2031 3373 di-

440 3427 596 3474 cente
639 3417 865 3485 Joanne,
911 3417 1013 3486 Qui
1055 3418 1162 3471 odit
1195 3419 1403 3487 fratrem
1441 3430 1609 3480 suum,
1660 3411 1914 3467 homicida
1954 3417 2030 3465 est

444 3509 488 3582 (ι
513 3509 670 3564 Joan.
694 3526 773 3576 ιιι,
803 3509 916 3582 15).
942 3510 1009 3564 Ει
1031 3509 1236 3564 utinam
1263 3508 1521 3562 innocens
1546 3505 1712 3560 frater
1732 3505 1787 3558 in
1809 3509 2020 3558 vestro-

439 3618 559 3660 rum
590 3603 766 3673 potius
805 3601 1301 3658 Circumcellionum
1335 3599 1440 3655 tela
1473 3595 1837 3663 trucidandus,
1867 3608 2030 3666 quam

439 3697 496 3751 in
526 3703 758 3751 vestram
789 3695 1017 3766 linguam
1035 3696 1056 3726 ³
1085 3691 1492 3762 rebaptizandus
1519 3690 1787 3745 incurrat!

510 3787 739 3845 CAPUT
779 3785 1313 3844 LXXXVll.—l92.
1357 3785 1545 3840 PETIL.
1568 3782 1700 3837 dixit
1726 3798 1740 3836 :
1764 3779 2030 3835 Monemus

438 3895 530 3935 vos
568 3895 708 3951 ergo,
754 3879 798 3934 si
823 3878 1034 3933 libenter
1062 3877 1305 3939 audiatis,
1342 3885 1390 3930 et
1427 3875 1472 3929 si
1510 3889 1610 3928 non
1645 3871 1851 3926 libenter
1893 3870 2030 3924 acci-

441 3972 580 4044 pitis,
625 3971 990 4034 admonemus;
1030 3970 1148 4040 quia
1190 3967 1442 4022 Dominus
1477 3965 1708 4020 Christus
1745 3981 1848 4018 non
1892 3962 2032 4016 occi-

443 4063 598 4118 dendi
617 4068 856 4135 formam,
887 4062 976 4117 sed
1004 4060 1271 4128 moriendi,
1303 4058 1599 4114 Christianis
1629 4057 1861 4111 instituit.
1894 4054 2033 4109 Nam

441 4157 487 4209 si
507 4157 578 4210 ita
605 4164 947 4226 repugnantes
982 4153 1235 4224 diligeret,
1269 4150 1424 4204 nollet
1449 4165 1540 4220 pro
1570 4148 1714 4202 nobis
1736 4147 1916 4200 occidi.

518 4246 643 4301 195.
684 4248 820 4302 Auc.
847 4243 1124 4314 respondit
1150 4260 1165 4296 :
1197 4241 1414 4299 Utinam
1444 4239 1670 4294 formam
1698 4237 1814 4308 ejus
1837 4251 2032 4307 seque»-

447 4344 636 4392 rentur
665 4343 930 4405 martyres
959 4333 1163 4398 vestri;
1209 4347 1318 4385 non
1345 4345 1406 4385 se
1430 4329 1857 4400 praacipitarent;
1888 4325 2034 4398 quod

444 4429 534 4485 ille
573 4427 787 4482 diabolo
834 4434 1152 4496 suggerente
1189 4437 1296 4478 non
1340 4421 1464 4477 fecit
1509 4420 1736 4492 (Matth.
1764 4436 1834 4486 1v,
1875 4420 1930 4488 6,
1954 4420 2031 4489 7).

445 4522 554 4578 Vos
581 4533 757 4577 autem
779 4535 899 4576 cum
927 4519 1157 4588 majores
1183 4524 1396 4573 nostros
1417 4515 1576 4571 etiam
1600 4514 1877 4570 defunctos
1900 4513 2034 4569 falso

443 4612 751 4669 testimonio
771 4610 1171 4683 persequimini,
1199 4609 1288 4664 ubi
1309 4607 1591 4677 accepistis
1611 4605 1748 4661 hanc
1767 4604 2034 4660 formam?

447 4703 599 4772 Quod
631 4718 728 4758 nos
756 4705 1056 4774 ignotorum
1098 4699 1406 4757 criminibus
1445 4697 1712 4753 maculare
1740 4695 2030 4765 conamini,

449 4811 569 4850 cum
592 4805 895 4851 vestrorum
922 4793 1201 4849 malefacta
1234 4791 1511 4846 notissima
1539 4789 1688 4844 vobis
1717 4790 1906 4844 obesse
1932 4801 2032 4842 no-

444 4889 574 4954 litis,
603 4887 689 4942 ubi
711 4882 991 4956 accepistis
1012 4884 1152 4940 hanc
1175 4883 1435 4939 fortnam?
1463 4881 1570 4938 Sed
1597 4880 1817 4936 nimium
1844 4893 2035 4951 super-

445 4980 639 5045 bimus,
663 4979 707 5035 si
734 4978 803 5034 de
829 4978 982 5034 nobis
1004 4991 1405 5043 suecensemus,
1427 4989 1549 5030 cum
1576 4973 1832 5030 adversus
1858 4974 2032 5043 ipsum

444 5071 731 5128 Dominum
759 5085 856 5125 vos
882 5069 1072 5126 falsum
1104 5069 1466 5125 testimonium
1511 5067 1691 5123 dicere
1715 5066 2030 5123 videamus:

445 5148 874 5232 quandoquidem
904 5161 1018 5232 ipse
1049 5161 1345 5217 Ecclesium
1376 5173 1526 5213 suam
1557 5173 1656 5229 per
1687 5172 1874 5212 omnes
1897 5172 2032 5228 gen-

447 5261 526 5306 tes
547 5262 600 5307 et
625 5251 871 5324 promisit
898 5261 952 5307 et
975 5251 1243 5316 exhibuit;
1271 5258 1327 5305 et
1351 5264 1446 5304 vos
1467 5247 1852 5303 contradicitis.
1883 5247 2034 5304 Hanc

445 5357 575 5398 vero
607 5343 830 5399 formam
862 5357 961 5397 nec
989 5341 1057 5396 ab
1099 5341 1230 5411 ipsis
1257 5337 1456 5395 Judmis
1480 5338 1910 5409 persecutoribus
1938 5349 2033 5390 ac-

446 5434 661 5505 cepistis
690 5452 702 5489 :
735 5435 816 5490 illi
844 5433 987 5490 enim
1017 5432 1284 5504 persecuti
1313 5441 1437 5487 sunt
1462 5446 1680 5486 carnem
1709 5429 2034 5485 ambulantis

752 5545 876 5597 infra
895 5559 1006 5597 etim
1025 5547 1251 5611 ipsismet
1274 5532 1420 5595 editis
1434 5541 1649 5605 habent,
1679 5539 1774 5594 vita
1806 5536 2036 5604 carniﬁce

450 5621 744 5659 crucientur.
1307 5641 1310 5643 λ

512 5691 690 5778 ﬂagiti,
715 5697 763 5749 et,
781 5690 878 5745 vita
897 5689 1146 5759 carniﬁce.
1169 5688 1422 5753 Particula,
1444 5693 1508 5752 et,
1534 5701 1632 5739 non
1655 5694 1734 5740 est
1774 5688 1827 5738 in
1870 5699 2037 5738 manu-

446 5762 654 5946 ΣΞΞΞῘ
681 5825 733 5871 et
753 5823 849 5882 Er.,
885 5816 942 5871 in
958 5823 1163 5870 uestram
1199 5829 1378 5882 aquam
1406 5827 1423 5868 :
1445 5813 1848 5869 dissentientibus
1867 5826 2041 5868 manu-

1285 354 1557 414 CONTRA
1592 348 1930 410 LITTERAS
1965 347 2326 419 PETILIANI,
2389 348 2450 408 S.
2489 349 2854 409 AUGUSTIN!

3624 348 3732 408 320

2145 465 2198 519 in
2247 473 2418 533 terra;
2464 479 2560 520 vos
2602 466 2948 538 Evangelium
2997 468 3234 528 sedentis
3277 470 3334 528 in
3373 472 3534 530 caelo.
3574 473 3729 544 Quod

2141 557 2485 628 Evangelium
2511 558 2691 614 mitius
2732 559 2951 630 pertulit
2990 564 3328 619 saevientium
3358 581 3544 638 regum
3571 567 3728 625 llam-

2140 663 2278 714 mas,
2309 665 2468 719 quam
2499 659 2706 706 vestras
2733 653 2931 722 patitur
2950 653 3158 726 linguas
3184 674 3198 711 :
3225 671 3350 712 nam
3387 658 3496 716 illis
3538 660 3731 717 incen-

2141 741 2392 798 dentibus
2441 744 2619 800 unitas
2673 747 2891 813 mansit,
2937 747 3090 803 vobis
3133 749 3475 820 loquentibus
3511 768 3732 812 manere

2139 850 2248 889 non
2275 835 2464 915 potuit.
2491 836 2592 904 Qui
2625 837 2788 894 verba
2817 839 3029 895 Domini
3054 851 3248 898 exusta
3280 847 3569 915 cupiebant
3596 847 3733 904 abo-

2138 927 2259 995 leri,
2292 945 2399 984 non
2429 930 2718 986 credebant
2742 946 2902 1002 posse
2930 934 3065 989 lecta
3110 939 3400 992 contemni.
3438 938 3556 994 Non
3601 954 3733 1010 ergo

2137 1019 2216 1075 illi
2279 1021 2334 1076 in
2403 1022 2690 1094 Evangelio
2735 1035 3054 1080 exercerent
3080 1027 3324 1084 flammas
3364 1044 3508 1098 suas,
3555 1033 3602 1086 si
3645 1033 3730 1088 eis

2140 1123 2326 1169 contra
2395 1115 2737 1187 Evangelium
2787 1120 3164 1187 permitteretis
3235 1121 3444 1192 linguas
3488 1134 3732 1181 uestras.

2139 1203 2196 1259 In
2227 1205 2316 1259 illa
2347 1208 2721 1276 persecutione
2760 1210 3106 1280 Evangelium
3134 1209 3333 1268 Christi
3362 1213 3431 1268 ab
3464 1215 3585 1271 aliis
3623 1231 3730 1272 sae-

2137 1299 2404 1354 vientibus
2443 1300 2801 1370 quzerebatur,
2833 1302 2900 1357 ab
2929 1303 3048 1358 aliis
3076 1305 3434 1362 metuentibus
3459 1307 3734 1377 prodeba-

2138 1397 2246 1455 tur,
2283 1389 2350 1444 ab
2386 1390 2504 1446 aliis
2529 1391 2869 1446 saevientibus
2907 1392 3313 1461 incendebatur,
3355 1397 3422 1452 ab
3456 1399 3576 1453 aliis
3602 1399 3730 1455 dili-

2138 1480 2386 1549 gentibus
2427 1481 2887 1548 abscondebatur;
2919 1485 3078 1539 nullis
3106 1487 3595 1545 contradicentibus
3630 1506 3733 1561 op-

2137 1572 2469 1642 pugnabatur
2499 1592 2512 1628 :
2541 1575 2914 1630 sceleratiores
2939 1576 3090 1630 vobis
3121 1579 3510 1646 persecutionis
3549 1594 3730 1651 partes

2138 1670 2407 1716 transacta
2442 1665 2679 1735 gentium
2709 1665 3080 1733 persecutione
3117 1669 3394 1724 servastis.
3426 1671 3527 1736 Qui
3569 1671 3729 1727 Chri-
3772 1697 3790 1714 -

2137 1756 2206 1810 sti
2235 1770 2428 1810 nomen
2463 1758 2938 1828 persequebantur,
2969 1758 3184 1815 Christo
3223 1762 3564 1818 crediderunt
3596 1782 3609 1819 :
3637 1766 3731 1835 qui

2138 1859 2359 1919 propter
2398 1849 2594 1906 Christi
2634 1865 2831 1907 nomen
2869 1852 3222 1922 honorantur,
3261 1853 3478 1912 Christo
3509 1867 3730 1915 contra-

2137 1939 2338 1994 dicunt.

2209 2029 2436 2086 CAPUT
2480 2030 2818 2087 LXXXVIII.
2853 2063 2926 2072 —
2969 2034 3092 2090 194.
3133 2035 3324 2092 Ρετιι..
3367 2038 3501 2094 dixit
3536 2058 3550 2094 :
3595 2040 3730 2099 Ecce

2138 2121 2273 2176 vobis
2318 2123 2667 2193 plenissimum
2704 2125 3078 2194 documentum,
3119 2129 3254 2199 quod
3299 2130 3587 2189 Christiano
3627 2153 3732 2192 non

2141 2210 2287 2265 liceat
2317 2213 2369 2265 in
2401 2214 2620 2283 pernicie
2648 2213 2816 2268 aliena
2856 2217 3065 2270 versari.
3098 2216 3397 2290 Disciplina:
3422 2233 3593 2278 autem
3635 2226 3733 2280 hu-

2130 2304 2221 2375 jus
2255 2305 2455 2359 initium
2489 2305 2646 2360 Petro
2691 2315 2764 2362 est
2791 2309 3134 2377 constitutum,
3183 2312 3311 2366 sicut
3340 2315 3588 2385 scriptum
3613 2327 3728 2375 est:

2145 2413 2164 2447 ι
2201 2394 2454 2451 Percussit
2499 2396 2687 2453 Petrus
2735 2399 3019 2454 auriculam
3059 2403 3190 2456 servi
3235 2404 3479 2474 principis
3512 2406 3732 2462 Judceo-

2137 2505 2272 2558 rum,
2311 2502 2358 2544 et
2395 2491 2609 2546 abscidit
2655 2509 2788 2547 eam.
2818 2493 3061 2566 Dicitque
3101 2495 3178 2549 illi
3212 2496 3362 2552 Iesus
3389 2515 3408 2551 :
3437 2497 3609 2564 Petre,
3651 2516 3735 2555 re—

2138 2580 2298 2635 conde
2322 2581 2553 2652 gladium
2576 2591 2719 2637 tuum
2757 2584 2812 2638 in
2839 2584 3004 2640 theca.
3047 2585 3149 2651 Qui
3175 2589 3308 2642 enim
3349 2589 3524 2660 gladio
3546 2591 3728 2661 utitur,

2145 2672 2317 2743 gladio
2354 2673 2597 2727 morietur
2632 2693 2650 2726 ι
2683 2674 2898 2744 (Matth.
2927 2693 3077 2743 xxvr,
3108 2678 3200 2742 5i,
3229 2679 3345 2751 52).

2209 2765 2334 2820 195.
2374 2765 2508 2822 Auc.
2551 2766 2827 2836 respondit
2852 2786 2866 2822 :
2893 2767 3000 2823 Cur
3023 2784 3152 2840 ergo
3174 2785 3279 2825 non
3301 2771 3396 2826 tali
3420 2787 3553 2830 voce
3577 2788 3731 2828 com-

2135 2855 2356 2925 pescitis
2381 2871 2529 2910 arma
2559 2856 3105 2915 Circumcellionum?
3145 2863 3224 2916 An
3254 2872 3451 2932 praeter
3480 2865 3732 2937 Evange-

2136 2946 2268 3000 lium
2303 2961 2398 3000 vos
2447 2946 2592 3016 loqui
2637 2947 2991 3016 arbitremini,
3040 2951 3087 3005 si
3123 2950 3394 3019 dixeritis,
3438 2954 3539 3022 Qui
3590 2956 3734 3014 fuste

2136 3053 2264 3093 usus
2294 3037 2471 3103 fuerit,
2504 3039 2641 3094 fuste
2670 3040 2970 3096 morietur?
3015 3042 3143 3096 Date
3174 3059 3302 3114 ergo
3331 3045 3563 3113 veniam,
3605 3048 3734 3116 quia

2136 3145 2236 3185 nec
2261 3130 2382 3186 illos
2414 3146 2443 3184 a
2472 3131 2665 3201 quibus
2705 3132 2995 3188 Marculum
3031 3135 3416 3206 praecipitatum
3443 3153 3566 3194 esse
3594 3154 3735 3211 queo

2137 3223 2337 3290 rimini,
2384 3224 2656 3294 potuerint
2708 3225 2991 3294 prohibere
3040 3228 3272 3297 majores
3316 3231 3529 3285 nostri:
3559 3248 3742 3304 neque

2139 3317 2280 3371 enim
2311 3317 2567 3388 scriptum
2595 3327 2678 3372 est
2705 3317 2757 3372 in
2790 3318 3101 3388 Evangelio,
3133 3321 3234 3388 Qui
3283 3323 3511 3391 aliquem
3541 3326 3743 3394 prmei~

2139 3411 2402 3482 pitaverit,
2455 3412 2750 3482 praecipitio
2801 3413 3078 3468 morietur.
3129 3415 3303 3485 Atque
3347 3418 3547 3471 utinam
3593 3419 3743 3476 sicut

2140 3502 2228 3558 illa
2269 3502 2359 3558 vel
2392 3501 2525 3558 falsa
2563 3505 2645 3558 vel
2691 3512 2958 3558 transacta
2997 3511 3142 3571 sunt,
3188 3506 3268 3561 sic
3317 3507 3540 3563 istorum
3596 3509 3742 3579 ligna

2138 3597 2470 3652 cessarent‘.
2511 3596 2824 3666 Quanquam
2853 3595 3079 3652 fortasse
3123 3597 3435 3665 irascimini,
3475 3599 3616 3670 quod
3657 3600 3744 3656 le-

2138 3688 2383 3759 gionibus
2438 3687 2652 3752 vestris,
2711 3687 2813 3742 etsi
2869 3702 2975 3743 non
3028 3688 3255 3757 legibus,
3313 3689 3501 3744 saltem
3551 3691 3743 3748 verbis

2137 3779 2499 3835 subtrahimus
2545 3787 2890 3844 armaturam,
2937 3781 3060 3850 quia
3109 3795 3202 3835 eas
3245 3781 3374 3837 solis
3417 3783 3605 3838 saevire
3649 3782 3745 3839 fuo

2139 3871 2310 3928 stibus
2336 3871 2596 3927 dicimus.
2622 3871 2790 3926 Vetus
2810 3872 3006 3942 quippe
3036 3872 3136 3926 ista
3167 3887 3354 3928 eorum
3381 3874 3582 3928 malitia
3613 3874 3742 3945 fuit,

2138 3977 2282 4017 nunc
2317 3970 2496 4017 autem
2543 3963 2765 4017 nimium
2813 3964 3170 4034 profecerunt.
3220 3963 3352 4018 Nam
3399 3965 3538 4020 inter
3579 3967 3742 4021 vino-

2138 4056 2282 4112 lenta
2308 4056 2570 4122 convivia,
2604 4065 2658 4110 et
2686 4071 2806 4111 cum
2841 4055 3053 4110 feminis
3083 4056 3307 4111 maritos
3337 4073 3442 4112 non
3484 4057 3741 4114 habenti-

2139 4147 2260 4215 bus,
2308 4147 2532 4202 liberam
2573 4147 2886 4213 comitandi,
2928 4147 3176 4217 vagandi,
3214 4147 3450 4216 jocandi,
3491 4148 3736 4217 bibendi,

2141 4239 2497 4310 pernoctandi
2527 4241 2818 4306 licentiam,
2845 4254 2953 4294 non
2982 4240 3152 4294 solum
3185 4239 3351 4295 fustes
3377 4250 3612 4306 tornare,
3640 4241 3739 4298 sed

2141 4335 2304 4389 etiam
2343 4333 2543 4388 ferrum
2569 4333 2793 4404 (vibrare
2835 4342 2890 4389 et
2915 4333 3104 4388 fundas
3132 4331 3497 4404 circumagere
3526 4334 3738 4391 didice-

2141 4434 2286 4482 runt.
2335 4425 2440 4481 Sed
2479 4441 2576 4480 cur
2604 4425 2683 4481 eis
2713 4440 2820 4479 non
2849 4425 3022 4480 dicam
3055 4424 3185 4497 (quo
3228 4426 3408 4480 animo
3442 4425 3642 4493 dicam,
3681 4435 3739 4483 et

2139 4533 2247 4588 quo
2275 4517 2347 4572 illi
2379 4517 2662 4587 accipiant,
2695 4517 2904 4572 noverit
2944 4517 3129 4588 Deus),
3161 4517 3358 4583 insani,
3384 4517 3594 4589 gladius
3627 4517 3738 4574 Pe-

2139 4612 2211 4667 tri
2247 4611 2492 4681 quamvis
2535 4609 2710 4666 adhuc
2757 4609 2956 4665 carnali
3001 4619 3149 4665 motu
3192 4610 3378 4677 animi,
3411 4619 3593 4665 tamen
3634 4625 3738 4680 pro

2139 4699 2338 4757 Christi
2372 4716 2598 4771 corpore
2627 4701 2680 4756 in
2710 4716 2905 4771 corpus
2933 4701 3296 4772 persecutoris
3335 4710 3582 4756 exsertus
3611 4711 3736 4769 est;

2139 4801 2318 4849 vestra
2363 4807 2490 4848 vero
2535 4807 2682 4848 arma
2727 4792 2985 4848 adversus
3032 4792 3307 4848 Christum
3355 4793 3522 4848 divisa
3567 4804 3735 4849 sunt:

2139 4898 2337 4955 corpus
2374 4899 2500 4940 vero
2521 4885 2607 4939 cui
2637 4884 2728 4940 ille
2753 4893 2911 4954 caput
2953 4892 3056 4951 est,
3089 4883 3139 4938 id
3185 4893 3290 4952 est,
3323 4883 3564 4940 Ecclesia
3591 4885 3733 4956 ejus,

2142 4992 2237 5048 per
2261 4991 2450 5033 omnes
2485 4987 2673 5049 gentes
2710 4984 2811 5032 est.
2845 4976 2964 5047 Ipse
2989 4975 3092 5030 hoc
3131 4975 3290 5044 dixit,
3327 4984 3384 5032 et
3411 4972 3656 5032 aScendit
3682 4979 3742 5036 in

2139 5072 2358 5139 ccelum,
2389 5087 2499 5143 quo
2528 5085 2650 5126 eum
2687 5071 2836 5126 furor
2861 5069 3170 5126 Iudaeorum
3199 5071 3356 5141 sequi
3384 5085 3492 5126 non
3521 5071 3738 5141 potuit:

2139 5177 2194 5228 et
2231 5166 2474 5224 membra
2513 5167 2633 5236 ejus
2683 5165 2737 5220 in
2783 5178 3011 5235 corpore
3053 5164 3196 5235 quod
3237 5164 3538 5220 ascendens
3585 5179 3740 5221 com-

2140 5259 2430 5324 mendavit,
2463 5256 2612 5312 furor
2650 5264 2825 5311 vester
2851 5264 3140 5328 oppugnat.
3175 5255 3283 5311 Pro
3325 5255 3442 5312 istis
3477 5255 3740 5312 membris

2140 5352 2396 5409 adversus
2426 5363 2522 5404 vos
2551 5349 2796 5416 saeviunt,
2828 5357 2883 5404 et
2906 5349 3055 5404 vobis
3093 5347 3372 5416 resistunt,
3405 5347 3736 5419 quicumque

2141 5445 2195 5501 in
2223 5442 2493 5500 Catholica
2521 5457 2697 5513 parvae
2723 5441 2899 5496 adhuc
2939 5440 3083 5507 ﬁdei,
3125 5455 3193 5497 eo
3233 5441 3417 5496 animo
3443 5447 3588 5507 sunt,
3622 5455 3733 5510 quo

2142 5547 2270 5594 tunc
2312 5537 2503 5593 Petrus
2546 5534 2664 5603 fuit,
2713 5549 2834 5591 cum
2877 5534 3078 5592 ferrum
3121 5549 3219 5605 pro
3262 5533 3464 5590 Christi
3513 5533 3738 5590 nomine

2142 5630 2376 5688 strinxit.
2414 5629 2520 5687 Sed
2555 5629 2780 5685 multum
2818 5629 3040 5685 interest
3089 5631 3236 5685 inter
3273 5636 3510 5685 vestram
3547 5641 3736 5699 perse-

2211 5812 2227 5844 ι
2255 5809 2372 5859 Editi
2385 5843 2401 5870 ,
2439 5806 2605 5873 lingua
2655 5811 2880 5862 cessaret.
2911 5807 3232 5861 Emendantur
3281 5808 3573 5860 auctoritate
3630 5817 3734 5861 tn:-

2145 5875 2517 5937 nuscripvorum.
