  <div class='ocr_page' id='page_1' title='image "/cluster/home/n/w/nwhite01/storage/ocr_20150623/43/hvd.32044012717385/166.png"; bbox 0 0 3998 6512; ppageno 0'>
   <div class='ocr_carea' id='block_1_1' title="bbox 218 442 315 500">
    <p class='ocr_par' dir='ltr' id='par_1_1' title="bbox 218 442 315 500">
     <span class='ocr_line' id='line_1_1' title="bbox 218 442 315 500; baseline -0.021 0"><span class='ocrx_word' id='word_1_1' title='bbox 218 442 315 500; x_wconf 74' lang='grc'><strong>521</strong></span> 
     </span>
    </p>
   </div>
   <div class='ocr_carea' id='block_1_2' title="bbox 215 538 1819 614">
    <p class='ocr_par' dir='ltr' id='par_1_2' title="bbox 215 538 1819 614">
     <span class='ocr_line' id='line_1_2' title="bbox 215 538 1819 614; baseline -0.006 0"><span class='ocrx_word' id='word_1_2' title='bbox 215 555 491 614; x_wconf 75' lang='lat' dir='ltr'><strong>cntionem</strong></span> <span class='ocrx_word' id='word_1_3' title='bbox 534 558 590 610; x_wconf 90' lang='lat' dir='ltr'><strong>et</strong></span> <span class='ocrx_word' id='word_1_4' title='bbox 628 538 873 610; x_wconf 78' lang='lat' dir='ltr'><strong>istorum.</strong></span> <span class='ocrx_word' id='word_1_5' title='bbox 904 550 1016 609; x_wconf 73' lang='lat' dir='ltr'><strong>Vos</strong></span> <span class='ocrx_word' id='word_1_6' title='bbox 1039 550 1243 609; x_wconf 85' lang='lat' dir='ltr'><strong>similes</strong></span> <span class='ocrx_word' id='word_1_7' title='bbox 1282 550 1411 608; x_wconf 88' lang='lat' dir='ltr'><strong>estis</strong></span> <span class='ocrx_word' id='word_1_8' title='bbox 1438 563 1596 608; x_wconf 85' lang='lat' dir='ltr'><strong>servo</strong></span> <span class='ocrx_word' id='word_1_9' title='bbox 1636 565 1819 606; x_wconf 87' lang='lat' dir='ltr'><strong>sacer-</strong></span> 
     </span>
    </p>
   </div>
   <div class='ocr_carea' id='block_1_3' title="bbox 214 642 1821 725">
    <p class='ocr_par' dir='ltr' id='par_1_3' title="bbox 214 642 1821 725">
     <span class='ocr_line' id='line_1_3' title="bbox 214 642 1821 725; baseline -0.004 -22"><span class='ocrx_word' id='word_1_10' title='bbox 214 647 360 703; x_wconf 92' lang='lat' dir='ltr'><strong>dotis</strong></span> <span class='ocrx_word' id='word_1_11' title='bbox 381 646 694 703; x_wconf 67' lang='lat' dir='ltr'><strong>Iudaeorum</strong></span> <span class='ocrx_word' id='word_1_12' title='bbox 718 663 734 713; x_wconf 88' lang='lat'><strong>;</strong></span> <span class='ocrx_word' id='word_1_13' title='bbox 763 647 884 718; x_wconf 85' lang='lat' dir='ltr'><strong>quia</strong></span> <span class='ocrx_word' id='word_1_14' title='bbox 914 646 1212 725; x_wconf 80' lang='lat' dir='ltr'><strong>servientes</strong></span> <span class='ocrx_word' id='word_1_15' title='bbox 1237 644 1566 715; x_wconf 84' lang='lat' dir='ltr'><strong>principibus</strong></span> <span class='ocrx_word' id='word_1_16' title='bbox 1595 642 1821 711; x_wconf 89' lang='lat' dir='ltr'><strong>vestris,</strong></span> 
     </span>
    </p>
   </div>
   <div class='ocr_carea' id='block_1_4' title="bbox 214 735 1820 805">
    <p class='ocr_par' dir='ltr' id='par_1_4' title="bbox 214 735 1820 805">
     <span class='ocr_line' id='line_1_4' title="bbox 214 735 1820 805; baseline -0.003 -10"><span class='ocrx_word' id='word_1_17' title='bbox 214 739 480 795; x_wconf 85' lang='lat' dir='ltr'><strong>adversus</strong></span> <span class='ocrx_word' id='word_1_18' title='bbox 532 740 830 796; x_wconf 85' lang='lat' dir='ltr'><strong>Ecclesiam</strong></span> <span class='ocrx_word' id='word_1_19' title='bbox 884 738 1240 805; x_wconf 80' lang='lat' dir='ltr'><strong>catholicam,</strong></span> <span class='ocrx_word' id='word_1_20' title='bbox 1287 736 1339 792; x_wconf 88' lang='lat' dir='ltr'><strong>id</strong></span> <span class='ocrx_word' id='word_1_21' title='bbox 1387 746 1505 803; x_wconf 91' lang='lat' dir='ltr'><strong>est,</strong></span> <span class='ocrx_word' id='word_1_22' title='bbox 1560 735 1820 791; x_wconf 90' lang='lat' dir='ltr'><strong>adversus</strong></span> 
     </span>
    </p>
   </div>
   <div class='ocr_carea' id='block_1_5' title="bbox 214 828 1819 903">
    <p class='ocr_par' dir='ltr' id='par_1_5' title="bbox 214 828 1819 903">
     <span class='ocr_line' id='line_1_5' title="bbox 214 828 1819 903; baseline -0.005 -15"><span class='ocrx_word' id='word_1_23' title='bbox 214 832 426 888; x_wconf 83' lang='lat' dir='ltr'><strong>Christi</strong></span> <span class='ocrx_word' id='word_1_24' title='bbox 452 847 654 903; x_wconf 90' lang='lat' dir='ltr'><strong>corpus</strong></span> <span class='ocrx_word' id='word_1_25' title='bbox 670 831 951 887; x_wconf 80' lang='lat' dir='ltr'><strong>armamini</strong></span> <span class='ocrx_word' id='word_1_26' title='bbox 980 849 993 885; x_wconf 89' lang='lat'>:</span> <span class='ocrx_word' id='word_1_27' title='bbox 1020 830 1110 886; x_wconf 88' lang='lat' dir='ltr'><strong>isti</strong></span> <span class='ocrx_word' id='word_1_28' title='bbox 1138 838 1316 886; x_wconf 90' lang='lat' dir='ltr'><strong>autem</strong></span> <span class='ocrx_word' id='word_1_29' title='bbox 1340 828 1477 884; x_wconf 86' lang='lat' dir='ltr'><strong>tales</strong></span> <span class='ocrx_word' id='word_1_30' title='bbox 1503 836 1648 893; x_wconf 87' lang='lat' dir='ltr'><strong>sunt,</strong></span> <span class='ocrx_word' id='word_1_31' title='bbox 1685 840 1819 897; x_wconf 87' lang='lat' dir='ltr'><strong>qua-</strong></span> 
     </span>
    </p>
   </div>
   <div class='ocr_carea' id='block_1_6' title="bbox 216 917 1824 994">
    <p class='ocr_par' dir='ltr' id='par_1_6' title="bbox 216 917 1824 994">
     <span class='ocr_line' id='line_1_6' title="bbox 216 917 1824 994; baseline -0.005 -14"><span class='ocrx_word' id='word_1_32' title='bbox 216 924 281 980; x_wconf 89' lang='lat' dir='ltr'><strong>lis</strong></span> <span class='ocrx_word' id='word_1_33' title='bbox 313 934 449 980; x_wconf 91' lang='lat' dir='ltr'><strong>tunc</strong></span> <span class='ocrx_word' id='word_1_34' title='bbox 476 924 669 980; x_wconf 80' lang='lat' dir='ltr'><strong>Petrus</strong></span> <span class='ocrx_word' id='word_1_35' title='bbox 710 923 831 989; x_wconf 87' lang='lat' dir='ltr'><strong>fuit,</strong></span> <span class='ocrx_word' id='word_1_36' title='bbox 871 923 959 994; x_wconf 89' lang='lat' dir='ltr'><strong>qui</strong></span> <span class='ocrx_word' id='word_1_37' title='bbox 1001 938 1098 994; x_wconf 93' lang='lat' dir='ltr'><strong>pro</strong></span> <span class='ocrx_word' id='word_1_38' title='bbox 1136 921 1334 978; x_wconf 86' lang='lat' dir='ltr'><strong>Christi</strong></span> <span class='ocrx_word' id='word_1_39' title='bbox 1365 933 1614 991; x_wconf 90' lang='lat' dir='ltr'><strong>corpore,</strong></span> <span class='ocrx_word' id='word_1_40' title='bbox 1643 917 1697 973; x_wconf 91' lang='lat' dir='ltr'><strong>id</strong></span> <span class='ocrx_word' id='word_1_41' title='bbox 1721 924 1824 985; x_wconf 87' lang='lat' dir='ltr'><strong>est,</strong></span> 
     </span>
    </p>
   </div>
   <div class='ocr_carea' id='block_1_7' title="bbox 216 1009 1828 1088">
    <p class='ocr_par' dir='ltr' id='par_1_7' title="bbox 216 1009 1828 1088">
     <span class='ocr_line' id='line_1_7' title="bbox 216 1009 1828 1088; baseline -0.006 -15"><span class='ocrx_word' id='word_1_42' title='bbox 216 1031 320 1088; x_wconf 87' lang='lat' dir='ltr'><strong>pro</strong></span> <span class='ocrx_word' id='word_1_43' title='bbox 343 1016 617 1085; x_wconf 87' lang='lat' dir='ltr'><strong>Ecclesia,</strong></span> <span class='ocrx_word' id='word_1_44' title='bbox 647 1017 808 1073; x_wconf 90' lang='lat' dir='ltr'><strong>etiam</strong></span> <span class='ocrx_word' id='word_1_45' title='bbox 833 1015 1185 1086; x_wconf 81' lang='lat' dir='ltr'><strong>corporaliter</strong></span> <span class='ocrx_word' id='word_1_46' title='bbox 1213 1022 1469 1084; x_wconf 81' lang='lat' dir='ltr'><strong>pugnant.</strong></span> <span class='ocrx_word' id='word_1_47' title='bbox 1499 1009 1605 1067; x_wconf 85' lang='lat' dir='ltr'><strong>Sed</strong></span> <span class='ocrx_word' id='word_1_48' title='bbox 1631 1010 1674 1066; x_wconf 91' lang='lat' dir='ltr'><strong>si</strong></span> <span class='ocrx_word' id='word_1_49' title='bbox 1698 1009 1828 1080; x_wconf 89' lang='lat' dir='ltr'><strong>ipsis</strong></span> 
     </span>
    </p>
   </div>
   <div class='ocr_carea' id='block_1_8' title="bbox 216 1103 1825 1181">
    <p class='ocr_par' dir='ltr' id='par_1_8' title="bbox 216 1103 1825 1181">
     <span class='ocr_line' id='line_1_8' title="bbox 216 1103 1825 1181; baseline -0.006 -17"><span class='ocrx_word' id='word_1_50' title='bbox 216 1110 425 1166; x_wconf 89' lang='lat' dir='ltr'><strong>dicitur</strong></span> <span class='ocrx_word' id='word_1_51' title='bbox 475 1118 535 1165; x_wconf 93' lang='lat' dir='ltr'><strong>ut</strong></span> <span class='ocrx_word' id='word_1_52' title='bbox 576 1110 870 1181; x_wconf 88' lang='lat' dir='ltr'><strong>quiescant,</strong></span> <span class='ocrx_word' id='word_1_53' title='bbox 915 1109 1056 1164; x_wconf 88' lang='lat' dir='ltr'><strong>sicut</strong></span> <span class='ocrx_word' id='word_1_54' title='bbox 1102 1107 1262 1163; x_wconf 87' lang='lat' dir='ltr'><strong>Petro</strong></span> <span class='ocrx_word' id='word_1_55' title='bbox 1302 1117 1427 1161; x_wconf 90' lang='lat' dir='ltr'><strong>tunc</strong></span> <span class='ocrx_word' id='word_1_56' title='bbox 1465 1103 1666 1159; x_wconf 86' lang='lat' dir='ltr'><strong>dictum</strong></span> <span class='ocrx_word' id='word_1_57' title='bbox 1708 1110 1825 1168; x_wconf 90' lang='lat' dir='ltr'><strong>est;</strong></span> 
     </span>
    </p>
   </div>
   <div class='ocr_carea' id='block_1_9' title="bbox 216 1194 1830 1277">
    <p class='ocr_par' dir='ltr' id='par_1_9' title="bbox 216 1194 1830 1277">
     <span class='ocr_line' id='line_1_9' title="bbox 216 1194 1830 1277; baseline -0.005 -18"><span class='ocrx_word' id='word_1_58' title='bbox 216 1214 430 1277; x_wconf 88' lang='lat' dir='ltr'><strong>quanto</strong></span> <span class='ocrx_word' id='word_1_59' title='bbox 459 1204 633 1275; x_wconf 86' lang='lat' dir='ltr'><strong>magis</strong></span> <span class='ocrx_word' id='word_1_60' title='bbox 657 1203 809 1258; x_wconf 85' lang='lat' dir='ltr'><strong>vobis</strong></span> <span class='ocrx_word' id='word_1_61' title='bbox 836 1201 1123 1258; x_wconf 90' lang='lat' dir='ltr'><strong>dicendum</strong></span> <span class='ocrx_word' id='word_1_62' title='bbox 1153 1208 1255 1267; x_wconf 88' lang='lat' dir='ltr'><strong>est,</strong></span> <span class='ocrx_word' id='word_1_63' title='bbox 1282 1210 1341 1254; x_wconf 92' lang='lat' dir='ltr'><strong>ut</strong></span> <span class='ocrx_word' id='word_1_64' title='bbox 1365 1197 1621 1254; x_wconf 80' lang='lat' dir='ltr'><strong>haeretico</strong></span> <span class='ocrx_word' id='word_1_65' title='bbox 1648 1194 1830 1251; x_wconf 86' lang='lat' dir='ltr'><strong>furore</strong></span> 
     </span>
    </p>
   </div>
   <div class='ocr_carea' id='block_1_10' title="bbox 217 1285 1832 1367">
    <p class='ocr_par' dir='ltr' id='par_1_10' title="bbox 217 1285 1832 1367">
     <span class='ocr_line' id='line_1_10' title="bbox 217 1285 1832 1367; baseline -0.008 -15"><span class='ocrx_word' id='word_1_66' title='bbox 217 1297 510 1367; x_wconf 68' lang='lat' dir='ltr'><strong>deposito1</strong></span> <span class='ocrx_word' id='word_1_67' title='bbox 561 1295 628 1350; x_wconf 88' lang='lat' dir='ltr'><strong>ad</strong></span> <span class='ocrx_word' id='word_1_68' title='bbox 669 1310 733 1350; x_wconf 89' lang='lat' dir='ltr'><strong>ea</strong></span> <span class='ocrx_word' id='word_1_69' title='bbox 761 1293 999 1349; x_wconf 88' lang='lat' dir='ltr'><strong>membra</strong></span> <span class='ocrx_word' id='word_1_70' title='bbox 1032 1291 1363 1363; x_wconf 89' lang='lat' dir='ltr'><strong>pertineatis,</strong></span> <span class='ocrx_word' id='word_1_71' title='bbox 1396 1305 1494 1359; x_wconf 91' lang='lat' dir='ltr'><strong>pro</strong></span> <span class='ocrx_word' id='word_1_72' title='bbox 1521 1288 1714 1359; x_wconf 90' lang='lat' dir='ltr'><strong>quibus</strong></span> <span class='ocrx_word' id='word_1_73' title='bbox 1753 1285 1832 1340; x_wconf 87' lang='lat' dir='ltr'><strong>illi</strong></span> 
     </span>
    </p>
   </div>
   <div class='ocr_carea' id='block_1_11' title="bbox 219 1378 1832 1445">
    <p class='ocr_par' dir='ltr' id='par_1_11' title="bbox 219 1378 1832 1445">
     <span class='ocr_line' id='line_1_11' title="bbox 219 1378 1832 1445; baseline -0.009 0"><span class='ocrx_word' id='word_1_74' title='bbox 219 1390 298 1445; x_wconf 86' lang='lat' dir='ltr'><strong>sic</strong></span> <span class='ocrx_word' id='word_1_75' title='bbox 326 1389 619 1444; x_wconf 84' lang='lat' dir='ltr'><strong>dimicant.</strong></span> <span class='ocrx_word' id='word_1_76' title='bbox 651 1386 757 1442; x_wconf 92' lang='lat' dir='ltr'><strong>Sed</strong></span> <span class='ocrx_word' id='word_1_77' title='bbox 788 1385 900 1441; x_wconf 77' lang='lat' dir='ltr'><strong>laesi</strong></span> <span class='ocrx_word' id='word_1_78' title='bbox 927 1400 957 1437; x_wconf 88' lang='lat' dir='ltr'><strong>a</strong></span> <span class='ocrx_word' id='word_1_79' title='bbox 989 1384 1185 1438; x_wconf 83' lang='lat' dir='ltr'><strong>talibus</strong></span> <span class='ocrx_word' id='word_1_80' title='bbox 1215 1383 1375 1437; x_wconf 90' lang='lat' dir='ltr'><strong>etiam</strong></span> <span class='ocrx_word' id='word_1_81' title='bbox 1403 1396 1500 1435; x_wconf 90' lang='lat' dir='ltr'><strong>nos</strong></span> <span class='ocrx_word' id='word_1_82' title='bbox 1526 1378 1737 1444; x_wconf 87' lang='lat' dir='ltr'><strong>odistis,</strong></span> <span class='ocrx_word' id='word_1_83' title='bbox 1776 1382 1832 1431; x_wconf 91' lang='lat' dir='ltr'><strong>et</strong></span> 
     </span>
    </p>
   </div>
   <div class='ocr_carea' id='block_1_12' title="bbox 219 1471 1832 1552">
    <p class='ocr_par' dir='ltr' id='par_1_12' title="bbox 219 1471 1832 1552">
     <span class='ocr_line' id='line_1_12' title="bbox 219 1471 1832 1552; baseline -0.007 -16"><span class='ocrx_word' id='word_1_84' title='bbox 219 1489 487 1552; x_wconf 87' lang='lat' dir='ltr'><strong>tanquam</strong></span> <span class='ocrx_word' id='word_1_85' title='bbox 528 1495 686 1536; x_wconf 83' lang='lat' dir='ltr'><strong>aures</strong></span> <span class='ocrx_word' id='word_1_86' title='bbox 725 1478 975 1534; x_wconf 82' lang='lat' dir='ltr'><strong>dexteras</strong></span> <span class='ocrx_word' id='word_1_87' title='bbox 1016 1473 1378 1546; x_wconf 87' lang='lat' dir='ltr'><strong>perdideritis,</strong></span> <span class='ocrx_word' id='word_1_88' title='bbox 1426 1471 1701 1527; x_wconf 90' lang='lat' dir='ltr'><strong>Christum</strong></span> <span class='ocrx_word' id='word_1_89' title='bbox 1747 1483 1832 1525; x_wconf 87' lang='lat' dir='ltr'><strong>se-</strong></span> 
     </span>
    </p>
   </div>
   <div class='ocr_carea' id='block_1_13' title="bbox 221 1561 1834 1634">
    <p class='ocr_par' dir='ltr' id='par_1_13' title="bbox 221 1561 1834 1634">
     <span class='ocr_line' id='line_1_13' title="bbox 221 1561 1834 1634; baseline -0.007 -4"><span class='ocrx_word' id='word_1_90' title='bbox 221 1575 453 1631; x_wconf 87' lang='lat' dir='ltr'><strong>dentem</strong></span> <span class='ocrx_word' id='word_1_91' title='bbox 494 1573 561 1628; x_wconf 90' lang='lat' dir='ltr'><strong>ad</strong></span> <span class='ocrx_word' id='word_1_92' title='bbox 603 1573 774 1627; x_wconf 87' lang='lat' dir='ltr'><strong>Patris</strong></span> <span class='ocrx_word' id='word_1_93' title='bbox 804 1570 1082 1627; x_wconf 80' lang='lat' dir='ltr'><strong>dexteram</strong></span> <span class='ocrx_word' id='word_1_94' title='bbox 1124 1582 1231 1623; x_wconf 91' lang='lat' dir='ltr'><strong>non</strong></span> <span class='ocrx_word' id='word_1_95' title='bbox 1262 1565 1476 1621; x_wconf 88' lang='lat' dir='ltr'><strong>auditis.</strong></span> <span class='ocrx_word' id='word_1_96' title='bbox 1506 1563 1610 1619; x_wconf 89' lang='lat' dir='ltr'><strong>Sed</strong></span> <span class='ocrx_word' id='word_1_97' title='bbox 1638 1561 1834 1634; x_wconf 88' lang='lat' dir='ltr'><strong>quibus</strong></span> 
     </span>
    </p>
   </div>
   <div class='ocr_carea' id='block_1_14' title="bbox 222 1655 1834 1737">
    <p class='ocr_par' dir='ltr' id='par_1_14' title="bbox 222 1655 1834 1737">
     <span class='ocr_line' id='line_1_14' title="bbox 222 1655 1834 1737; baseline -0.009 -15"><span class='ocrx_word' id='word_1_98' title='bbox 222 1667 448 1737; x_wconf 88' lang='lat' dir='ltr'><strong>loquar,</strong></span> <span class='ocrx_word' id='word_1_99' title='bbox 496 1674 589 1719; x_wconf 89' lang='lat' dir='ltr'><strong>aut</strong></span> <span class='ocrx_word' id='word_1_100' title='bbox 610 1665 821 1735; x_wconf 88' lang='lat' dir='ltr'><strong>quando</strong></span> <span class='ocrx_word' id='word_1_101' title='bbox 851 1664 930 1719; x_wconf 90' lang='lat' dir='ltr'><strong>eis</strong></span> <span class='ocrx_word' id='word_1_102' title='bbox 949 1661 1159 1731; x_wconf 91' lang='lat' dir='ltr'><strong>loquar,</strong></span> <span class='ocrx_word' id='word_1_103' title='bbox 1188 1658 1379 1729; x_wconf 88' lang='lat' dir='ltr'><strong>quibus</strong></span> <span class='ocrx_word' id='word_1_104' title='bbox 1406 1672 1503 1712; x_wconf 89' lang='lat' dir='ltr'><strong>nec</strong></span> <span class='ocrx_word' id='word_1_105' title='bbox 1534 1657 1721 1711; x_wconf 86' lang='lat' dir='ltr'><strong>horam</strong></span> <span class='ocrx_word' id='word_1_106' title='bbox 1748 1655 1834 1709; x_wconf 86' lang='lat' dir='ltr'><strong>in-</strong></span> 
     </span>
    </p>
   </div>
   <div class='ocr_carea' id='block_1_15' title="bbox 221 1748 1836 1825">
    <p class='ocr_par' dir='ltr' id='par_1_15' title="bbox 221 1748 1836 1825">
     <span class='ocr_line' id='line_1_15' title="bbox 221 1748 1836 1825; baseline -0.007 -12"><span class='ocrx_word' id='word_1_107' title='bbox 221 1761 415 1825; x_wconf 90' lang='lat' dir='ltr'><strong>venio,</strong></span> <span class='ocrx_word' id='word_1_108' title='bbox 474 1758 659 1812; x_wconf 90' lang='lat' dir='ltr'><strong>vinum</strong></span> <span class='ocrx_word' id='word_1_109' title='bbox 708 1758 871 1812; x_wconf 89' lang='lat' dir='ltr'><strong>etiam</strong></span> <span class='ocrx_word' id='word_1_110' title='bbox 922 1770 1080 1809; x_wconf 87' lang='lat' dir='ltr'><strong>mane</strong></span> <span class='ocrx_word' id='word_1_111' title='bbox 1127 1750 1518 1814; x_wconf 86' lang='lat' dir='ltr'><strong>ructuantibus,</strong></span> <span class='ocrx_word' id='word_1_112' title='bbox 1568 1749 1682 1804; x_wconf 89' lang='lat' dir='ltr'><strong>sive</strong></span> <span class='ocrx_word' id='word_1_113' title='bbox 1723 1748 1836 1819; x_wconf 89' lang='lat' dir='ltr'><strong>jam</strong></span> 
     </span>
    </p>
   </div>
   <div class='ocr_carea' id='block_1_16' title="bbox 224 1842 1838 1915">
    <p class='ocr_par' dir='ltr' id='par_1_16' title="bbox 224 1842 1838 1915">
     <span class='ocr_line' id='line_1_16' title="bbox 224 1842 1838 1915; baseline -0.009 -8"><span class='ocrx_word' id='word_1_114' title='bbox 224 1852 424 1915; x_wconf 85' lang='lat' dir='ltr'><strong>ebriis,</strong></span> <span class='ocrx_word' id='word_1_115' title='bbox 471 1850 585 1905; x_wconf 88' lang='lat' dir='ltr'><strong>sive</strong></span> <span class='ocrx_word' id='word_1_116' title='bbox 624 1848 799 1904; x_wconf 87' lang='lat' dir='ltr'><strong>adhuc</strong></span> <span class='ocrx_word' id='word_1_117' title='bbox 818 1850 838 1883; x_wconf 82' lang='grc'>³</span> <span class='ocrx_word' id='word_1_118' title='bbox 863 1846 886 1899; x_wconf 91' lang='lat'><strong>?</strong></span> <span class='ocrx_word' id='word_1_119' title='bbox 913 1845 1163 1914; x_wconf 83' lang='lat' dir='ltr'><strong>Quinimo</strong></span> <span class='ocrx_word' id='word_1_120' title='bbox 1190 1852 1244 1898; x_wconf 89' lang='lat' dir='ltr'><strong>et</strong></span> <span class='ocrx_word' id='word_1_121' title='bbox 1273 1842 1566 1906; x_wconf 88' lang='lat' dir='ltr'><strong>minantur,</strong></span> <span class='ocrx_word' id='word_1_122' title='bbox 1600 1854 1707 1894; x_wconf 89' lang='lat' dir='ltr'><strong>non</strong></span> <span class='ocrx_word' id='word_1_123' title='bbox 1746 1852 1838 1893; x_wconf 87' lang='lat' dir='ltr'><strong>so-</strong></span> 
     </span>
    </p>
   </div>
   <div class='ocr_carea' id='block_1_17' title="bbox 226 1928 1839 2007">
    <p class='ocr_par' dir='ltr' id='par_1_17' title="bbox 226 1928 1839 2007">
     <span class='ocr_line' id='line_1_17' title="bbox 226 1928 1839 2007; baseline -0.009 -10"><span class='ocrx_word' id='word_1_124' title='bbox 226 1943 343 1998; x_wconf 90' lang='lat' dir='ltr'><strong>lum</strong></span> <span class='ocrx_word' id='word_1_125' title='bbox 395 1941 499 2007; x_wconf 89' lang='lat' dir='ltr'><strong>illi,</strong></span> <span class='ocrx_word' id='word_1_126' title='bbox 542 1939 637 1995; x_wconf 88' lang='lat' dir='ltr'><strong>sed</strong></span> <span class='ocrx_word' id='word_1_127' title='bbox 664 1939 731 1995; x_wconf 90' lang='lat' dir='ltr'><strong>de</strong></span> <span class='ocrx_word' id='word_1_128' title='bbox 774 1937 879 1993; x_wconf 88' lang='lat' dir='ltr'><strong>illis</strong></span> <span class='ocrx_word' id='word_1_129' title='bbox 907 1938 1065 1992; x_wconf 88' lang='lat' dir='ltr'><strong>etiam</strong></span> <span class='ocrx_word' id='word_1_130' title='bbox 1107 1933 1344 2004; x_wconf 85' lang='lat' dir='ltr'><strong>episcopi</strong></span> <span class='ocrx_word' id='word_1_131' title='bbox 1372 1932 1634 2002; x_wconf 90' lang='lat' dir='ltr'><strong>ipsorum,</strong></span> <span class='ocrx_word' id='word_1_132' title='bbox 1667 1928 1839 2001; x_wconf 88' lang='lat' dir='ltr'><strong>parati</strong></span> 
     </span>
    </p>
   </div>
   <div class='ocr_carea' id='block_1_18' title="bbox 227 2020 1841 2106">
    <p class='ocr_par' dir='ltr' id='par_1_18' title="bbox 227 2020 1841 2106">
     <span class='ocr_line' id='line_1_18' title="bbox 227 2020 1841 2106; baseline -0.009 -15"><span class='ocrx_word' id='word_1_133' title='bbox 227 2050 443 2106; x_wconf 81' lang='lat' dir='ltr'><strong>negare</strong></span> <span class='ocrx_word' id='word_1_134' title='bbox 493 2033 559 2088; x_wconf 87' lang='lat' dir='ltr'><strong>ad</strong></span> <span class='ocrx_word' id='word_1_135' title='bbox 599 2048 657 2088; x_wconf 91' lang='lat' dir='ltr'><strong>se</strong></span> <span class='ocrx_word' id='word_1_136' title='bbox 698 2032 965 2101; x_wconf 89' lang='lat' dir='ltr'><strong>pertinere</strong></span> <span class='ocrx_word' id='word_1_137' title='bbox 1010 2027 1150 2098; x_wconf 90' lang='lat' dir='ltr'><strong>quod</strong></span> <span class='ocrx_word' id='word_1_138' title='bbox 1182 2025 1427 2081; x_wconf 79' lang='lat' dir='ltr'><strong>fecerint.</strong></span> <span class='ocrx_word' id='word_1_139' title='bbox 1475 2025 1646 2078; x_wconf 87' lang='lat' dir='ltr'><strong>Donet</strong></span> <span class='ocrx_word' id='word_1_140' title='bbox 1686 2020 1841 2077; x_wconf 89' lang='lat' dir='ltr'><strong>nobis</strong></span> 
     </span>
    </p>
   </div>
   <div class='ocr_carea' id='block_1_19' title="bbox 229 2114 1837 2193">
    <p class='ocr_par' dir='ltr' id='par_1_19' title="bbox 229 2114 1837 2193">
     <span class='ocr_line' id='line_1_19' title="bbox 229 2114 1837 2193; baseline -0.01 -10"><span class='ocrx_word' id='word_1_141' title='bbox 229 2122 510 2184; x_wconf 83' lang='lat' dir='ltr'><strong>Dominus</strong></span> <span class='ocrx_word' id='word_1_142' title='bbox 556 2124 821 2180; x_wconf 85' lang='lat' dir='ltr'><strong>canticum</strong></span> <span class='ocrx_word' id='word_1_143' title='bbox 864 2120 1143 2193; x_wconf 89' lang='lat' dir='ltr'><strong>graduum,</strong></span> <span class='ocrx_word' id='word_1_144' title='bbox 1185 2132 1290 2188; x_wconf 86' lang='lat' dir='ltr'><strong>quo</strong></span> <span class='ocrx_word' id='word_1_145' title='bbox 1333 2116 1514 2171; x_wconf 88' lang='lat' dir='ltr'><strong>dicere</strong></span> <span class='ocrx_word' id='word_1_146' title='bbox 1552 2114 1837 2184; x_wconf 90' lang='lat' dir='ltr'><strong>possimus,</strong></span> 
     </span>
    </p>
   </div>
   <div class='ocr_carea' id='block_1_20' title="bbox 228 2208 1843 2288">
    <p class='ocr_par' dir='ltr' id='par_1_20' title="bbox 228 2208 1843 2288">
     <span class='ocr_line' id='line_1_20' title="bbox 228 2208 1843 2288; baseline -0.01 -13"><span class='ocrx_word' id='word_1_147' title='bbox 228 2218 364 2276; x_wconf 87' lang='lat' dir='ltr'><strong>Cum</strong></span> <span class='ocrx_word' id='word_1_148' title='bbox 410 2220 495 2273; x_wconf 98' lang='lat' dir='ltr'><strong>his</strong></span> <span class='ocrx_word' id='word_1_149' title='bbox 530 2218 617 2288; x_wconf 90' lang='lat' dir='ltr'><strong>qui</strong></span> <span class='ocrx_word' id='word_1_150' title='bbox 650 2218 864 2271; x_wconf 89' lang='lat' dir='ltr'><strong>oderunt</strong></span> <span class='ocrx_word' id='word_1_151' title='bbox 892 2230 1084 2284; x_wconf 89' lang='lat' dir='ltr'><strong>pacem,</strong></span> <span class='ocrx_word' id='word_1_152' title='bbox 1127 2229 1265 2265; x_wconf 92' lang='lat' dir='ltr'><strong>eram</strong></span> <span class='ocrx_word' id='word_1_153' title='bbox 1295 2210 1577 2281; x_wconf 96' lang='lat' dir='ltr'><strong>paciﬁcus;</strong></span> <span class='ocrx_word' id='word_1_154' title='bbox 1622 2225 1735 2261; x_wconf 91' lang='lat' dir='ltr'><strong>cum</strong></span> <span class='ocrx_word' id='word_1_155' title='bbox 1766 2208 1843 2261; x_wconf 93' lang='lat' dir='ltr'><strong>lo-</strong></span> 
     </span>
    </p>
   </div>
   <div class='ocr_carea' id='block_1_21' title="bbox 229 2298 1845 2384">
    <p class='ocr_par' dir='ltr' id='par_1_21' title="bbox 229 2298 1845 2384">
     <span class='ocr_line' id='line_1_21' title="bbox 229 2298 1845 2384; baseline -0.009 -17"><span class='ocrx_word' id='word_1_156' title='bbox 229 2312 433 2384; x_wconf 82' lang='lat' dir='ltr'><strong>quebar</strong></span> <span class='ocrx_word' id='word_1_157' title='bbox 465 2311 558 2377; x_wconf 89' lang='lat' dir='ltr'><strong>eis,</strong></span> <span class='ocrx_word' id='word_1_158' title='bbox 586 2308 903 2363; x_wconf 87' lang='lat' dir='ltr'><strong>debellabant</strong></span> <span class='ocrx_word' id='word_1_159' title='bbox 927 2323 1007 2359; x_wconf 90' lang='lat' dir='ltr'><strong>me</strong></span> <span class='ocrx_word' id='word_1_160' title='bbox 1032 2305 1189 2376; x_wconf 86' lang='lat' dir='ltr'><strong>gratis</strong></span> <span class='ocrx_word' id='word_1_161' title='bbox 1222 2300 1395 2374; x_wconf 85' lang='lat' dir='ltr'><strong>(Psal.</strong></span> <span class='ocrx_word' id='word_1_162' title='bbox 1424 2316 1568 2367; x_wconf 81' lang='lat' dir='ltr'><strong>cxtx,</strong></span> <span class='ocrx_word' id='word_1_163' title='bbox 1603 2299 1681 2370; x_wconf 86' lang='lat'><strong>7).</strong></span> <span class='ocrx_word' id='word_1_164' title='bbox 1708 2298 1845 2353; x_wconf 83' lang='lat' dir='ltr'><strong>Dicit</strong></span> 
     </span>
    </p>
   </div>
   <div class='ocr_carea' id='block_1_22' title="bbox 231 2388 1844 2470">
    <p class='ocr_par' dir='ltr' id='par_1_22' title="bbox 231 2388 1844 2470">
     <span class='ocr_line' id='line_1_22' title="bbox 231 2388 1844 2470; baseline -0.012 -10"><span class='ocrx_word' id='word_1_165' title='bbox 231 2404 386 2461; x_wconf 89' lang='lat' dir='ltr'><strong>enim</strong></span> <span class='ocrx_word' id='word_1_166' title='bbox 419 2402 525 2458; x_wconf 88' lang='lat' dir='ltr'><strong>hoc</strong></span> <span class='ocrx_word' id='word_1_167' title='bbox 552 2415 749 2470; x_wconf 90' lang='lat' dir='ltr'><strong>corpus</strong></span> <span class='ocrx_word' id='word_1_168' title='bbox 777 2398 999 2463; x_wconf 87' lang='lat' dir='ltr'><strong>Christi,</strong></span> <span class='ocrx_word' id='word_1_169' title='bbox 1032 2395 1173 2466; x_wconf 87' lang='lat' dir='ltr'><strong>quod</strong></span> <span class='ocrx_word' id='word_1_170' title='bbox 1207 2410 1300 2465; x_wconf 91' lang='lat' dir='ltr'><strong>per</strong></span> <span class='ocrx_word' id='word_1_171' title='bbox 1328 2401 1493 2447; x_wconf 90' lang='lat' dir='ltr'><strong>totam</strong></span> <span class='ocrx_word' id='word_1_172' title='bbox 1524 2399 1743 2457; x_wconf 88' lang='lat' dir='ltr'><strong>terram,</strong></span> <span class='ocrx_word' id='word_1_173' title='bbox 1775 2388 1844 2442; x_wconf 89' lang='lat' dir='ltr'><strong>ab</strong></span> 
     </span>
    </p>
   </div>
   <div class='ocr_carea' id='block_1_23' title="bbox 232 2480 1845 2560">
    <p class='ocr_par' dir='ltr' id='par_1_23' title="bbox 232 2480 1845 2560">
     <span class='ocr_line' id='line_1_23' title="bbox 232 2480 1845 2560; baseline -0.011 -8"><span class='ocrx_word' id='word_1_174' title='bbox 232 2497 361 2552; x_wconf 79' lang='lat' dir='ltr'><strong>aliis</strong></span> <span class='ocrx_word' id='word_1_175' title='bbox 384 2495 497 2560; x_wconf 92' lang='lat' dir='ltr'><strong>hic,</strong></span> <span class='ocrx_word' id='word_1_176' title='bbox 522 2493 591 2548; x_wconf 92' lang='lat' dir='ltr'><strong>ab</strong></span> <span class='ocrx_word' id='word_1_177' title='bbox 620 2492 738 2547; x_wconf 88' lang='lat' dir='ltr'><strong>aliis</strong></span> <span class='ocrx_word' id='word_1_178' title='bbox 764 2490 909 2555; x_wconf 90' lang='lat' dir='ltr'><strong>alibi,</strong></span> <span class='ocrx_word' id='word_1_179' title='bbox 943 2499 997 2544; x_wconf 91' lang='lat' dir='ltr'><strong>et</strong></span> <span class='ocrx_word' id='word_1_180' title='bbox 1027 2488 1094 2543; x_wconf 90' lang='lat' dir='ltr'><strong>ab</strong></span> <span class='ocrx_word' id='word_1_181' title='bbox 1122 2484 1371 2541; x_wconf 91' lang='lat' dir='ltr'><strong>omnibus</strong></span> <span class='ocrx_word' id='word_1_182' title='bbox 1396 2484 1513 2537; x_wconf 90' lang='lat' dir='ltr'><strong>aliis</strong></span> <span class='ocrx_word' id='word_1_183' title='bbox 1539 2492 1699 2553; x_wconf 88' lang='lat' dir='ltr'><strong>atque</strong></span> <span class='ocrx_word' id='word_1_184' title='bbox 1724 2480 1845 2535; x_wconf 89' lang='lat' dir='ltr'><strong>aliis</strong></span> 
     </span>
    </p>
   </div>
   <div class='ocr_carea' id='block_1_24' title="bbox 234 2575 1529 2655">
    <p class='ocr_par' dir='ltr' id='par_1_24' title="bbox 234 2575 1529 2655">
     <span class='ocr_line' id='line_1_24' title="bbox 234 2575 1529 2655; baseline -0.012 -11"><span class='ocrx_word' id='word_1_185' title='bbox 234 2588 575 2655; x_wconf 88' lang='lat' dir='ltr'><strong>ubicumque</strong></span> <span class='ocrx_word' id='word_1_186' title='bbox 597 2591 741 2646; x_wconf 90' lang='lat' dir='ltr'><strong>sunt,</strong></span> <span class='ocrx_word' id='word_1_187' title='bbox 775 2579 1044 2636; x_wconf 58' lang='lat' dir='ltr'><strong>haereticis</strong></span> <span class='ocrx_word' id='word_1_188' title='bbox 1068 2585 1407 2649; x_wconf 80' lang='lat' dir='ltr'><strong>oppugnatur</strong></span> <span class='ocrx_word' id='word_1_189' title='bbox 1432 2575 1529 2646; x_wconf 91' lang='lat' dir='ltr'><strong>(a).</strong></span> 
     </span>
    </p>
   </div>
   <div class='ocr_carea' id='block_1_25' title="bbox 308 2662 1845 2736">
    <p class='ocr_par' dir='ltr' id='par_1_25' title="bbox 308 2662 1845 2736">
     <span class='ocr_line' id='line_1_25' title="bbox 308 2662 1845 2736; baseline -0.012 -1"><span class='ocrx_word' id='word_1_190' title='bbox 308 2677 550 2736; x_wconf 77' lang='lat' dir='ltr'><strong>CAPUT</strong></span> <span class='ocrx_word' id='word_1_191' title='bbox 590 2673 955 2731; x_wconf 80' lang='lat' dir='ltr'><strong>LXXXIX.——-</strong></span> <span class='ocrx_word' id='word_1_192' title='bbox 987 2672 1106 2727; x_wconf 79' lang='grc'><strong>196.</strong></span> <span class='ocrx_word' id='word_1_193' title='bbox 1138 2670 1325 2725; x_wconf 72' lang='grc' dir='ltr'><strong>Ρετιι..</strong></span> <span class='ocrx_word' id='word_1_194' title='bbox 1355 2667 1489 2722; x_wconf 82' lang='lat' dir='ltr'><strong>dixit</strong></span> <span class='ocrx_word' id='word_1_195' title='bbox 1518 2683 1531 2719; x_wconf 88' lang='lat'><strong>:</strong></span> <span class='ocrx_word' id='word_1_196' title='bbox 1568 2664 1729 2735; x_wconf 85' lang='lat' dir='ltr'><strong>Ergo,</strong></span> <span class='ocrx_word' id='word_1_197' title='bbox 1758 2662 1845 2718; x_wconf 88' lang='lat' dir='ltr'><strong>in-</strong></span> 
     </span>
    </p>
   </div>
   <div class='ocr_carea' id='block_1_26' title="bbox 236 2754 1850 2845">
    <p class='ocr_par' dir='ltr' id='par_1_26' title="bbox 236 2754 1850 2845">
     <span class='ocr_line' id='line_1_26' title="bbox 236 2754 1850 2845; baseline -0.009 -19"><span class='ocrx_word' id='word_1_198' title='bbox 236 2754 422 2845; x_wconf 82' lang='lat' dir='ltr'><strong>quam,</strong></span> <span class='ocrx_word' id='word_1_199' title='bbox 448 2778 663 2825; x_wconf 88' lang='lat' dir='ltr'><strong>mortem</strong></span> <span class='ocrx_word' id='word_1_200' title='bbox 684 2786 775 2839; x_wconf 92' lang='lat' dir='ltr'><strong>pro</strong></span> <span class='ocrx_word' id='word_1_201' title='bbox 796 2768 898 2838; x_wconf 93' lang='lat' dir='ltr'><strong>ﬁde</strong></span> <span class='ocrx_word' id='word_1_202' title='bbox 915 2765 1229 2822; x_wconf 73' lang='lat' dir='ltr'><strong>subeundam</strong></span> <span class='ocrx_word' id='word_1_203' title='bbox 1253 2762 1530 2827; x_wconf 76' lang='lat' dir='ltr'><strong>constituit,</strong></span> <span class='ocrx_word' id='word_1_204' title='bbox 1561 2775 1714 2830; x_wconf 89' lang='lat' dir='ltr'><strong>quam</strong></span> <span class='ocrx_word' id='word_1_205' title='bbox 1738 2760 1850 2813; x_wconf 88' lang='lat' dir='ltr'><strong>cui-</strong></span> 
     </span>
    </p>
   </div>
   <div class='ocr_carea' id='block_1_27' title="bbox 239 2852 1851 2935">
    <p class='ocr_par' dir='ltr' id='par_1_27' title="bbox 239 2852 1851 2935">
     <span class='ocr_line' id='line_1_27' title="bbox 239 2852 1851 2935; baseline -0.009 -17"><span class='ocrx_word' id='word_1_206' title='bbox 239 2880 403 2935; x_wconf 82' lang='lat' dir='ltr'><strong>quam</strong></span> <span class='ocrx_word' id='word_1_207' title='bbox 430 2879 527 2935; x_wconf 82' lang='lat' dir='ltr'><strong>pro</strong></span> <span class='ocrx_word' id='word_1_208' title='bbox 569 2860 920 2916; x_wconf 78' lang='lat' dir='ltr'><strong>communione</strong></span> <span class='ocrx_word' id='word_1_209' title='bbox 948 2857 1235 2931; x_wconf 79' lang='lat' dir='ltr'><strong>faciendam</strong></span> <span class='ocrx_word' id='word_1_210' title='bbox 1261 2854 1301 2908; x_wconf 89' lang='grc'><strong>³.</strong></span> <span class='ocrx_word' id='word_1_211' title='bbox 1336 2852 1691 2909; x_wconf 85' lang='lat' dir='ltr'><strong>Christianitas</strong></span> <span class='ocrx_word' id='word_1_212' title='bbox 1716 2855 1851 2904; x_wconf 89' lang='lat' dir='ltr'><strong>enim</strong></span> 
     </span>
    </p>
   </div>
   <div class='ocr_carea' id='block_1_28' title="bbox 243 2942 1851 3025">
    <p class='ocr_par' dir='ltr' id='par_1_28' title="bbox 243 2942 1851 3025">
     <span class='ocr_line' id='line_1_28' title="bbox 243 2942 1851 3025; baseline -0.009 -14"><span class='ocrx_word' id='word_1_213' title='bbox 243 2955 502 3011; x_wconf 79' lang='lat' dir='ltr'><strong>mortibus</strong></span> <span class='ocrx_word' id='word_1_214' title='bbox 534 2954 759 3025; x_wconf 83' lang='lat' dir='ltr'><strong>proﬁcit.</strong></span> <span class='ocrx_word' id='word_1_215' title='bbox 805 2950 945 3005; x_wconf 88' lang='lat' dir='ltr'><strong>Nam</strong></span> <span class='ocrx_word' id='word_1_216' title='bbox 985 2966 1130 3004; x_wconf 88' lang='lat' dir='ltr'><strong>nemo</strong></span> <span class='ocrx_word' id='word_1_217' title='bbox 1159 2946 1483 3017; x_wconf 88' lang='lat' dir='ltr'><strong>ﬁdelissimus</strong></span> <span class='ocrx_word' id='word_1_218' title='bbox 1513 2943 1535 2975; x_wconf 75' lang='lat'><strong>&quot;</strong></span> <span class='ocrx_word' id='word_1_219' title='bbox 1564 2944 1778 3009; x_wconf 90' lang='lat' dir='ltr'><strong>viveret,</strong></span> <span class='ocrx_word' id='word_1_220' title='bbox 1806 2942 1851 2996; x_wconf 90' lang='lat' dir='ltr'><strong>si</strong></span> 
     </span>
    </p>
   </div>
   <div class='ocr_carea' id='block_1_29' title="bbox 249 3033 1851 3117">
    <p class='ocr_par' dir='ltr' id='par_1_29' title="bbox 249 3033 1851 3117">
     <span class='ocr_line' id='line_1_29' title="bbox 249 3033 1851 3117; baseline -0.01 -14"><span class='ocrx_word' id='word_1_221' title='bbox 249 3066 396 3105; x_wconf 89' lang='lat' dir='ltr'><strong>mors</strong></span> <span class='ocrx_word' id='word_1_222' title='bbox 428 3067 461 3103; x_wconf 88' lang='lat' dir='ltr'><strong>a</strong></span> <span class='ocrx_word' id='word_1_223' title='bbox 490 3046 728 3117; x_wconf 87' lang='lat' dir='ltr'><strong>ﬁdelibus</strong></span> <span class='ocrx_word' id='word_1_224' title='bbox 757 3046 1031 3099; x_wconf 85' lang='lat' dir='ltr'><strong>timeretur.</strong></span> <span class='ocrx_word' id='word_1_225' title='bbox 1074 3041 1213 3095; x_wconf 84' lang='lat' dir='ltr'><strong>Dicit</strong></span> <span class='ocrx_word' id='word_1_226' title='bbox 1246 3040 1379 3095; x_wconf 90' lang='lat' dir='ltr'><strong>enim</strong></span> <span class='ocrx_word' id='word_1_227' title='bbox 1425 3037 1673 3091; x_wconf 82' lang='lat' dir='ltr'><strong>Dominus</strong></span> <span class='ocrx_word' id='word_1_228' title='bbox 1698 3033 1851 3090; x_wconf 88' lang='lat' dir='ltr'><strong>Chri-</strong></span> 
     </span>
    </p>
   </div>
   <div class='ocr_carea' id='block_1_30' title="bbox 245 3127 1850 3213">
    <p class='ocr_par' dir='ltr' id='par_1_30' title="bbox 245 3127 1850 3213">
     <span class='ocr_line' id='line_1_30' title="bbox 245 3127 1850 3213; baseline -0.011 -16"><span class='ocrx_word' id='word_1_229' title='bbox 245 3152 358 3198; x_wconf 83' lang='lat' dir='ltr'><strong>stus</strong></span> <span class='ocrx_word' id='word_1_230' title='bbox 389 3157 410 3197; x_wconf 91' lang='lat'><strong><em>:</em></strong></span> <span class='ocrx_word' id='word_1_231' title='bbox 444 3161 464 3194; x_wconf 75' lang='grc' dir='ltr'>ι</span> <span class='ocrx_word' id='word_1_232' title='bbox 500 3141 563 3197; x_wconf 97' lang='lat' dir='ltr'><strong>Si</strong></span> <span class='ocrx_word' id='word_1_233' title='bbox 597 3154 816 3213; x_wconf 80' lang='lat' dir='ltr'><strong>granum</strong></span> <span class='ocrx_word' id='word_1_234' title='bbox 841 3136 993 3192; x_wconf 82' lang='lat' dir='ltr'><strong>tritici</strong></span> <span class='ocrx_word' id='word_1_235' title='bbox 1028 3133 1214 3188; x_wconf 86' lang='lat' dir='ltr'><strong>cadens</strong></span> <span class='ocrx_word' id='word_1_236' title='bbox 1240 3133 1293 3185; x_wconf 89' lang='lat' dir='ltr'><strong>in</strong></span> <span class='ocrx_word' id='word_1_237' title='bbox 1320 3141 1507 3185; x_wconf 86' lang='lat' dir='ltr'><strong>terram</strong></span> <span class='ocrx_word' id='word_1_238' title='bbox 1532 3145 1632 3182; x_wconf 91' lang='lat' dir='ltr'><strong>non</strong></span> <span class='ocrx_word' id='word_1_239' title='bbox 1658 3127 1850 3181; x_wconf 85' lang='lat' dir='ltr'><strong>moria-</strong></span> 
     </span>
    </p>
   </div>
   <div class='ocr_carea' id='block_1_31' title="bbox 245 3224 1854 3302">
    <p class='ocr_par' dir='ltr' id='par_1_31' title="bbox 245 3224 1854 3302">
     <span class='ocr_line' id='line_1_31' title="bbox 245 3224 1854 3302; baseline -0.012 -9"><span class='ocrx_word' id='word_1_240' title='bbox 245 3248 354 3302; x_wconf 82' lang='lat' dir='ltr'><strong>tur,</strong></span> <span class='ocrx_word' id='word_1_241' title='bbox 384 3235 557 3290; x_wconf 89' lang='lat' dir='ltr'><strong>solum</strong></span> <span class='ocrx_word' id='word_1_242' title='bbox 583 3240 787 3298; x_wconf 87' lang='lat' dir='ltr'><strong>manet;</strong></span> <span class='ocrx_word' id='word_1_243' title='bbox 814 3233 859 3286; x_wconf 87' lang='lat' dir='ltr'><strong>si</strong></span> <span class='ocrx_word' id='word_1_244' title='bbox 892 3239 1061 3284; x_wconf 88' lang='lat' dir='ltr'><strong>autem</strong></span> <span class='ocrx_word' id='word_1_245' title='bbox 1094 3227 1360 3292; x_wconf 88' lang='lat' dir='ltr'><strong>moriatur,</strong></span> <span class='ocrx_word' id='word_1_246' title='bbox 1391 3224 1602 3279; x_wconf 86' lang='lat' dir='ltr'><strong>multant</strong></span> <span class='ocrx_word' id='word_1_247' title='bbox 1633 3226 1854 3294; x_wconf 89' lang='lat' dir='ltr'><strong>fructum</strong></span> 
     </span>
    </p>
   </div>
   <div class='ocr_carea' id='block_1_32' title="bbox 246 3321 1033 3401">
    <p class='ocr_par' dir='ltr' id='par_1_32' title="bbox 246 3321 1033 3401">
     <span class='ocr_line' id='line_1_32' title="bbox 246 3321 1033 3401; baseline -0.01 -18"><span class='ocrx_word' id='word_1_248' title='bbox 246 3330 380 3401; x_wconf 86' lang='lat' dir='ltr'><strong>facit</strong></span> <span class='ocrx_word' id='word_1_249' title='bbox 412 3346 433 3379; x_wconf 71' lang='grc' dir='ltr'><strong><em>ι</em></strong></span> <span class='ocrx_word' id='word_1_250' title='bbox 464 3325 647 3396; x_wconf 84' lang='lat' dir='ltr'><strong>(Joan.</strong></span> <span class='ocrx_word' id='word_1_251' title='bbox 675 3340 771 3390; x_wconf 84' lang='lat' dir='ltr'><strong>xu,</strong></span> <span class='ocrx_word' id='word_1_252' title='bbox 799 3323 892 3390; x_wconf 72' lang='grc'><strong>24,</strong></span> <span class='ocrx_word' id='word_1_253' title='bbox 916 3321 1033 3394; x_wconf 73' lang='grc'><strong>25).</strong></span> 
     </span>
    </p>
   </div>
   <div class='ocr_carea' id='block_1_33' title="bbox 323 3407 1858 3486">
    <p class='ocr_par' dir='ltr' id='par_1_33' title="bbox 323 3407 1858 3486">
     <span class='ocr_line' id='line_1_33' title="bbox 323 3407 1858 3486; baseline -0.01 -9"><span class='ocrx_word' id='word_1_254' title='bbox 323 3420 463 3477; x_wconf 78' lang='grc'><strong>197.</strong></span> <span class='ocrx_word' id='word_1_255' title='bbox 498 3420 633 3475; x_wconf 80' lang='lat' dir='ltr'><strong>Avo.</strong></span> <span class='ocrx_word' id='word_1_256' title='bbox 666 3416 985 3486; x_wconf 90' lang='lat' dir='ltr'><strong>respondit:</strong></span> <span class='ocrx_word' id='word_1_257' title='bbox 1014 3412 1223 3470; x_wconf 78' lang='lat' dir='ltr'><strong>Vellem</strong></span> <span class='ocrx_word' id='word_1_258' title='bbox 1264 3411 1405 3467; x_wconf 88' lang='lat' dir='ltr'><strong>scire</strong></span> <span class='ocrx_word' id='word_1_259' title='bbox 1445 3411 1566 3481; x_wconf 91' lang='lat' dir='ltr'><strong>quis</strong></span> <span class='ocrx_word' id='word_1_260' title='bbox 1594 3409 1766 3480; x_wconf 90' lang='lat' dir='ltr'><strong>primo</strong></span> <span class='ocrx_word' id='word_1_261' title='bbox 1790 3407 1858 3463; x_wconf 91' lang='lat' dir='ltr'><strong>de</strong></span> 
     </span>
    </p>
   </div>
   <div class='ocr_carea' id='block_1_34' title="bbox 245 3502 1860 3588">
    <p class='ocr_par' dir='ltr' id='par_1_34' title="bbox 245 3502 1860 3588">
     <span class='ocr_line' id='line_1_34' title="bbox 245 3502 1860 3588; baseline -0.011 -18"><span class='ocrx_word' id='word_1_262' title='bbox 245 3523 421 3588; x_wconf 84' lang='lat' dir='ltr'><strong>parte</strong></span> <span class='ocrx_word' id='word_1_263' title='bbox 443 3521 620 3567; x_wconf 85' lang='lat' dir='ltr'><strong>vestra</strong></span> <span class='ocrx_word' id='word_1_264' title='bbox 642 3527 700 3566; x_wconf 90' lang='lat' dir='ltr'><strong>se</strong></span> <span class='ocrx_word' id='word_1_265' title='bbox 726 3507 1158 3580; x_wconf 58' lang='lat' dir='ltr'><strong>praecipitaverit.</strong></span> <span class='ocrx_word' id='word_1_266' title='bbox 1180 3503 1349 3560; x_wconf 79' lang='lat' dir='ltr'><strong>Valde</strong></span> <span class='ocrx_word' id='word_1_267' title='bbox 1369 3504 1565 3573; x_wconf 90' lang='lat' dir='ltr'><strong>quippe</strong></span> <span class='ocrx_word' id='word_1_268' title='bbox 1590 3502 1717 3555; x_wconf 90' lang='lat' dir='ltr'><strong>illud</strong></span> <span class='ocrx_word' id='word_1_269' title='bbox 1738 3514 1860 3570; x_wconf 91' lang='lat' dir='ltr'><strong>gra-</strong></span> 
     </span>
    </p>
   </div>
   <div class='ocr_carea' id='block_1_35' title="bbox 245 3597 1861 3670">
    <p class='ocr_par' dir='ltr' id='par_1_35' title="bbox 245 3597 1861 3670">
     <span class='ocr_line' id='line_1_35' title="bbox 245 3597 1861 3670; baseline -0.011 -5"><span class='ocrx_word' id='word_1_270' title='bbox 245 3623 392 3665; x_wconf 88' lang='lat' dir='ltr'><strong>num</strong></span> <span class='ocrx_word' id='word_1_271' title='bbox 426 3604 601 3660; x_wconf 76' lang='lat' dir='ltr'><strong>fertile</strong></span> <span class='ocrx_word' id='word_1_272' title='bbox 627 3603 747 3670; x_wconf 87' lang='lat' dir='ltr'><strong>fuit,</strong></span> <span class='ocrx_word' id='word_1_273' title='bbox 777 3601 919 3657; x_wconf 90' lang='lat' dir='ltr'><strong>unde</strong></span> <span class='ocrx_word' id='word_1_274' title='bbox 950 3610 1092 3655; x_wconf 92' lang='lat' dir='ltr'><strong>tanta</strong></span> <span class='ocrx_word' id='word_1_275' title='bbox 1122 3613 1275 3669; x_wconf 81' lang='lat' dir='ltr'><strong>seges</strong></span> <span class='ocrx_word' id='word_1_276' title='bbox 1296 3597 1749 3667; x_wconf 69' lang='lat' dir='ltr'><strong>praacipitatorum</strong></span> <span class='ocrx_word' id='word_1_277' title='bbox 1771 3608 1861 3649; x_wconf 91' lang='lat' dir='ltr'><strong>ca-</strong></span> 
     </span>
    </p>
   </div>
   <div class='ocr_carea' id='block_1_36' title="bbox 249 3687 1859 3765">
    <p class='ocr_par' dir='ltr' id='par_1_36' title="bbox 249 3687 1859 3765">
     <span class='ocr_line' id='line_1_36' title="bbox 249 3687 1859 3765; baseline -0.009 -10"><span class='ocrx_word' id='word_1_278' title='bbox 249 3699 523 3755; x_wconf 85' lang='lat' dir='ltr'><strong>daverum</strong></span> <span class='ocrx_word' id='word_1_279' title='bbox 551 3694 846 3765; x_wconf 90' lang='lat' dir='ltr'><strong>pullulavit.</strong></span> <span class='ocrx_word' id='word_1_280' title='bbox 876 3693 1015 3747; x_wconf 89' lang='lat' dir='ltr'><strong>Sane</strong></span> <span class='ocrx_word' id='word_1_281' title='bbox 1034 3706 1158 3747; x_wconf 89' lang='lat' dir='ltr'><strong>cum</strong></span> <span class='ocrx_word' id='word_1_282' title='bbox 1188 3689 1473 3744; x_wconf 88' lang='lat' dir='ltr'><strong>verborum</strong></span> <span class='ocrx_word' id='word_1_283' title='bbox 1505 3687 1715 3743; x_wconf 89' lang='lat' dir='ltr'><strong>Domini</strong></span> <span class='ocrx_word' id='word_1_284' title='bbox 1740 3702 1859 3741; x_wconf 89' lang='lat' dir='ltr'><strong>me-</strong></span> 
     </span>
    </p>
   </div>
   <div class='ocr_carea' id='block_1_37' title="bbox 253 3778 1860 3856">
    <p class='ocr_par' dir='ltr' id='par_1_37' title="bbox 253 3778 1860 3856">
     <span class='ocr_line' id='line_1_37' title="bbox 253 3778 1860 3856; baseline -0.009 -11"><span class='ocrx_word' id='word_1_285' title='bbox 253 3789 555 3852; x_wconf 85' lang='lat' dir='ltr'><strong>mineritis,</strong></span> <span class='ocrx_word' id='word_1_286' title='bbox 599 3788 721 3856; x_wconf 85' lang='lat' dir='ltr'><strong>quia</strong></span> <span class='ocrx_word' id='word_1_287' title='bbox 750 3801 809 3840; x_wconf 89' lang='lat' dir='ltr'><strong>se</strong></span> <span class='ocrx_word' id='word_1_288' title='bbox 838 3784 971 3838; x_wconf 85' lang='lat' dir='ltr'><strong>dixit</strong></span> <span class='ocrx_word' id='word_1_289' title='bbox 997 3798 1223 3854; x_wconf 83' lang='lat' dir='ltr'><strong>granum</strong></span> <span class='ocrx_word' id='word_1_290' title='bbox 1255 3781 1569 3835; x_wconf 91' lang='lat' dir='ltr'><strong>moriturum</strong></span> <span class='ocrx_word' id='word_1_291' title='bbox 1592 3821 1607 3847; x_wconf 92' lang='lat'><strong>,</strong></span> <span class='ocrx_word' id='word_1_292' title='bbox 1639 3787 1695 3833; x_wconf 85' lang='lat' dir='ltr'><strong>et</strong></span> <span class='ocrx_word' id='word_1_293' title='bbox 1718 3778 1860 3833; x_wconf 89' lang='lat' dir='ltr'><strong>mul-</strong></span> 
     </span>
    </p>
   </div>
   <div class='ocr_carea' id='block_1_38' title="bbox 258 3873 1863 3947">
    <p class='ocr_par' dir='ltr' id='par_1_38' title="bbox 258 3873 1863 3947">
     <span class='ocr_line' id='line_1_38' title="bbox 258 3873 1863 3947; baseline -0.007 -9"><span class='ocrx_word' id='word_1_294' title='bbox 258 3892 382 3938; x_wconf 86' lang='lat' dir='ltr'><strong>tum</strong></span> <span class='ocrx_word' id='word_1_295' title='bbox 415 3884 639 3936; x_wconf 77' lang='lat' dir='ltr'><strong>fructum</strong></span> <span class='ocrx_word' id='word_1_296' title='bbox 670 3879 963 3940; x_wconf 83' lang='lat' dir='ltr'><strong>facturum;</strong></span> <span class='ocrx_word' id='word_1_297' title='bbox 992 3889 1158 3947; x_wconf 89' lang='lat' dir='ltr'><strong>quare</strong></span> <span class='ocrx_word' id='word_1_298' title='bbox 1190 3875 1286 3945; x_wconf 91' lang='lat' dir='ltr'><strong>ipsi</strong></span> <span class='ocrx_word' id='word_1_299' title='bbox 1320 3874 1511 3928; x_wconf 89' lang='lat' dir='ltr'><strong>frttctui</strong></span> <span class='ocrx_word' id='word_1_300' title='bbox 1537 3914 1551 3938; x_wconf 94' lang='lat'><strong>,</strong></span> <span class='ocrx_word' id='word_1_301' title='bbox 1595 3873 1738 3943; x_wconf 89' lang='lat' dir='ltr'><strong>quod</strong></span> <span class='ocrx_word' id='word_1_302' title='bbox 1769 3888 1863 3942; x_wconf 85' lang='lat' dir='ltr'><strong>per</strong></span> 
     </span>
    </p>
   </div>
   <div class='ocr_carea' id='block_1_39' title="bbox 255 3965 1858 4042">
    <p class='ocr_par' dir='ltr' id='par_1_39' title="bbox 255 3965 1858 4042">
     <span class='ocr_line' id='line_1_39' title="bbox 255 3965 1858 4042; baseline -0.009 -10"><span class='ocrx_word' id='word_1_303' title='bbox 255 3986 441 4032; x_wconf 85' lang='lat' dir='ltr'><strong>totum</strong></span> <span class='ocrx_word' id='word_1_304' title='bbox 468 3974 726 4030; x_wconf 89' lang='lat' dir='ltr'><strong>mundum</strong></span> <span class='ocrx_word' id='word_1_305' title='bbox 748 3971 1090 4027; x_wconf 81' lang='lat' dir='ltr'><strong>veracissime</strong></span> <span class='ocrx_word' id='word_1_306' title='bbox 1117 3968 1215 4042; x_wconf 91' lang='lat' dir='ltr'><strong>(b),</strong></span> <span class='ocrx_word' id='word_1_307' title='bbox 1250 3966 1554 4037; x_wconf 88' lang='lat' dir='ltr'><strong>provenerit</strong></span> <span class='ocrx_word' id='word_1_308' title='bbox 1574 3965 1858 4031; x_wconf 89' lang='lat' dir='ltr'><strong>invidetis;</strong></span> 
     </span>
    </p>
   </div>
   <div class='ocr_carea' id='block_1_40' title="bbox 255 4057 1864 4136">
    <p class='ocr_par' dir='ltr' id='par_1_40' title="bbox 255 4057 1864 4136">
     <span class='ocr_line' id='line_1_40' title="bbox 255 4057 1864 4136; baseline -0.009 -8"><span class='ocrx_word' id='word_1_309' title='bbox 255 4082 315 4129; x_wconf 88' lang='lat' dir='ltr'><strong>et</strong></span> <span class='ocrx_word' id='word_1_310' title='bbox 344 4072 403 4128; x_wconf 87' lang='lat' dir='ltr'><strong>ei</strong></span> <span class='ocrx_word' id='word_1_311' title='bbox 432 4068 759 4125; x_wconf 80' lang='lat' dir='ltr'><strong>zizaniorum</strong></span> <span class='ocrx_word' id='word_1_312' title='bbox 785 4067 869 4121; x_wconf 89' lang='lat' dir='ltr'><strong>vel</strong></span> <span class='ocrx_word' id='word_1_313' title='bbox 906 4065 1072 4136; x_wconf 79' lang='lat' dir='ltr'><strong>palea:</strong></span> <span class='ocrx_word' id='word_1_314' title='bbox 1099 4061 1345 4128; x_wconf 89' lang='lat' dir='ltr'><strong>crimina,</strong></span> <span class='ocrx_word' id='word_1_315' title='bbox 1379 4059 1466 4115; x_wconf 85' lang='lat' dir='ltr'><strong>vel</strong></span> <span class='ocrx_word' id='word_1_316' title='bbox 1496 4074 1615 4130; x_wconf 83' lang='lat' dir='ltr'><strong>quae</strong></span> <span class='ocrx_word' id='word_1_317' title='bbox 1640 4057 1864 4113; x_wconf 84' lang='lat' dir='ltr'><strong>audistis</strong></span> 
     </span>
    </p>
   </div>
   <div class='ocr_carea' id='block_1_41' title="bbox 253 4158 1086 4235">
    <p class='ocr_par' dir='ltr' id='par_1_41' title="bbox 253 4158 1086 4235">
     <span class='ocr_line' id='line_1_41' title="bbox 253 4158 1086 4235; baseline -0.014 -12"><span class='ocrx_word' id='word_1_318' title='bbox 253 4167 347 4223; x_wconf 77' lang='lat' dir='ltr'><strong>vel</strong></span> <span class='ocrx_word' id='word_1_319' title='bbox 376 4181 503 4235; x_wconf 63' lang='lat' dir='ltr'><strong>quae</strong></span> <span class='ocrx_word' id='word_1_320' title='bbox 535 4162 781 4229; x_wconf 71' lang='lat' dir='ltr'><strong>(insistis,</strong></span> <span class='ocrx_word' id='word_1_321' title='bbox 812 4158 1086 4227; x_wconf 80' lang='lat' dir='ltr'><strong>objicitis?</strong></span> 
     </span>
    </p>
   </div>
   <div class='ocr_carea' id='block_1_42' title="bbox 333 4247 1865 4316">
    <p class='ocr_par' dir='ltr' id='par_1_42' title="bbox 333 4247 1865 4316">
     <span class='ocr_line' id='line_1_42' title="bbox 333 4247 1865 4316; baseline -0.01 0"><span class='ocrx_word' id='word_1_322' title='bbox 333 4257 575 4316; x_wconf 82' lang='lat' dir='ltr'><strong>CAPUT</strong></span> <span class='ocrx_word' id='word_1_323' title='bbox 613 4256 727 4313; x_wconf 77' lang='lat' dir='ltr'><strong>XC.</strong></span> <span class='ocrx_word' id='word_1_324' title='bbox 760 4284 833 4297; x_wconf 91' lang='lat'><strong>——</strong></span> <span class='ocrx_word' id='word_1_325' title='bbox 860 4254 983 4310; x_wconf 87' lang='grc'><strong>198.</strong></span> <span class='ocrx_word' id='word_1_326' title='bbox 1013 4253 1198 4308; x_wconf 71' lang='grc' dir='ltr'><strong>Ριετιι.</strong></span> <span class='ocrx_word' id='word_1_327' title='bbox 1231 4250 1369 4305; x_wconf 83' lang='lat' dir='ltr'><strong>dixit</strong></span> <span class='ocrx_word' id='word_1_328' title='bbox 1400 4264 1415 4303; x_wconf 87' lang='lat'><strong>:</strong></span> <span class='ocrx_word' id='word_1_329' title='bbox 1444 4248 1550 4303; x_wconf 91' lang='lat' dir='ltr'><strong>Sed</strong></span> <span class='ocrx_word' id='word_1_330' title='bbox 1576 4264 1663 4302; x_wconf 91' lang='lat' dir='ltr'><strong>vos</strong></span> <span class='ocrx_word' id='word_1_331' title='bbox 1690 4247 1865 4316; x_wconf 87' lang='lat' dir='ltr'><strong>spinas</strong></span> 
     </span>
    </p>
   </div>
   <div class='ocr_carea' id='block_1_43' title="bbox 258 4338 1867 4424">
    <p class='ocr_par' dir='ltr' id='par_1_43' title="bbox 258 4338 1867 4424">
     <span class='ocr_line' id='line_1_43' title="bbox 258 4338 1867 4424; baseline -0.01 -16"><span class='ocrx_word' id='word_1_332' title='bbox 258 4364 425 4424; x_wconf 86' lang='lat' dir='ltr'><strong>atque</strong></span> <span class='ocrx_word' id='word_1_333' title='bbox 451 4352 674 4416; x_wconf 71' lang='lat' dir='ltr'><strong>zizania,</strong></span> <span class='ocrx_word' id='word_1_334' title='bbox 708 4366 808 4402; x_wconf 88' lang='lat' dir='ltr'><strong>non</strong></span> <span class='ocrx_word' id='word_1_335' title='bbox 835 4347 1028 4402; x_wconf 85' lang='lat' dir='ltr'><strong>semina</strong></span> <span class='ocrx_word' id='word_1_336' title='bbox 1053 4343 1291 4415; x_wconf 84' lang='lat' dir='ltr'><strong>spargitis</strong></span> <span class='ocrx_word' id='word_1_337' title='bbox 1312 4383 1326 4410; x_wconf 93' lang='lat'><strong>,</strong></span> <span class='ocrx_word' id='word_1_338' title='bbox 1356 4357 1469 4394; x_wconf 88' lang='lat' dir='ltr'><strong>cum</strong></span> <span class='ocrx_word' id='word_1_339' title='bbox 1492 4340 1672 4409; x_wconf 85' lang='lat' dir='ltr'><strong>quibus</strong></span> <span class='ocrx_word' id='word_1_340' title='bbox 1703 4354 1787 4393; x_wconf 90' lang='lat' dir='ltr'><strong>vos</strong></span> <span class='ocrx_word' id='word_1_341' title='bbox 1812 4338 1867 4392; x_wconf 88' lang='lat' dir='ltr'><strong>in</strong></span> 
     </span>
    </p>
   </div>
   <div class='ocr_carea' id='block_1_44' title="bbox 259 4429 1869 4514">
    <p class='ocr_par' dir='ltr' id='par_1_44' title="bbox 259 4429 1869 4514">
     <span class='ocr_line' id='line_1_44' title="bbox 259 4429 1869 4514; baseline -0.012 -14"><span class='ocrx_word' id='word_1_342' title='bbox 259 4460 471 4501; x_wconf 81' lang='lat' dir='ltr'><strong>summa</strong></span> <span class='ocrx_word' id='word_1_343' title='bbox 491 4442 693 4514; x_wconf 87' lang='lat' dir='ltr'><strong>judicio</strong></span> <span class='ocrx_word' id='word_1_344' title='bbox 722 4440 894 4493; x_wconf 90' lang='lat' dir='ltr'><strong>deceat</strong></span> <span class='ocrx_word' id='word_1_345' title='bbox 934 4432 1264 4490; x_wconf 89' lang='lat' dir='ltr'><strong>concremari.</strong></span> <span class='ocrx_word' id='word_1_346' title='bbox 1314 4430 1437 4486; x_wconf 82' lang='lat' dir='ltr'><strong>Non</strong></span> <span class='ocrx_word' id='word_1_347' title='bbox 1483 4429 1869 4493; x_wconf 87' lang='lat' dir='ltr'><strong>maledicimus;</strong></span> 
     </span>
    </p>
   </div>
   <div class='ocr_carea' id='block_1_45' title="bbox 211 4521 1869 4615">
    <p class='ocr_par' dir='ltr' id='par_1_45' title="bbox 211 4521 1869 4615">
     <span class='ocr_line' id='line_1_45' title="bbox 211 4521 1869 4615; baseline -0.011 -24"><span class='ocrx_word' id='word_1_348' title='bbox 211 4537 354 4615; x_wconf 54' lang='lat' dir='ltr'><strong>(sed</strong></span> <span class='ocrx_word' id='word_1_349' title='bbox 409 4532 576 4588; x_wconf 89' lang='lat' dir='ltr'><strong>omnis</strong></span> <span class='ocrx_word' id='word_1_350' title='bbox 618 4530 825 4601; x_wconf 83' lang='lat' dir='ltr'><strong>spinosa</strong></span> <span class='ocrx_word' id='word_1_351' title='bbox 863 4525 1167 4582; x_wconf 85' lang='lat' dir='ltr'><strong>conscientia</strong></span> <span class='ocrx_word' id='word_1_352' title='bbox 1192 4566 1207 4591; x_wconf 89' lang='lat'><strong>,</strong></span> <span class='ocrx_word' id='word_1_353' title='bbox 1250 4522 1349 4578; x_wconf 86' lang='lat' dir='ltr'><strong>Dei</strong></span> <span class='ocrx_word' id='word_1_354' title='bbox 1389 4521 1634 4577; x_wconf 88' lang='lat' dir='ltr'><strong>sententia</strong></span> <span class='ocrx_word' id='word_1_355' title='bbox 1675 4521 1748 4575; x_wconf 89' lang='lat' dir='ltr'><strong>sic</strong></span> <span class='ocrx_word' id='word_1_356' title='bbox 1792 4526 1869 4572; x_wconf 88' lang='lat' dir='ltr'><strong>te-</strong></span> 
     </span>
    </p>
   </div>
   <div class='ocr_carea' id='block_1_46' title="bbox 261 4643 1587 4686">
    <p class='ocr_par' dir='ltr' id='par_1_46' title="bbox 261 4643 1587 4686">
     <span class='ocr_line' id='line_1_46' title="bbox 261 4643 1587 4686; baseline -0.017 0"><span class='ocrx_word' id='word_1_357' title='bbox 261 4643 444 4686; x_wconf 86' lang='lat' dir='ltr'><strong>netur.</strong></span> <span class='ocrx_word' id='word_1_358' title='bbox 1586 4660 1587 4663; x_wconf 47' lang='grc' dir='ltr'><strong>η</strong></span> 
     </span>
    </p>
   </div>
   <div class='ocr_carea' id='block_1_47' title="bbox 342 4706 1873 4787">
    <p class='ocr_par' dir='ltr' id='par_1_47' title="bbox 342 4706 1873 4787">
     <span class='ocr_line' id='line_1_47' title="bbox 342 4706 1873 4787; baseline -0.01 -10"><span class='ocrx_word' id='word_1_359' title='bbox 342 4721 479 4778; x_wconf 83' lang='grc'><strong>199.</strong></span> <span class='ocrx_word' id='word_1_360' title='bbox 513 4721 647 4776; x_wconf 80' lang='lat' dir='ltr'><strong>Ave.</strong></span> <span class='ocrx_word' id='word_1_361' title='bbox 675 4715 952 4787; x_wconf 89' lang='lat' dir='ltr'><strong>respondit</strong></span> <span class='ocrx_word' id='word_1_362' title='bbox 982 4731 995 4769; x_wconf 76' lang='grc' dir='ltr'>ε</span> <span class='ocrx_word' id='word_1_363' title='bbox 1026 4713 1227 4771; x_wconf 87' lang='lat' dir='ltr'><strong>Saltem</strong></span> <span class='ocrx_word' id='word_1_364' title='bbox 1256 4708 1764 4767; x_wconf 87' lang='lat' dir='ltr'><strong>commemoratione</strong></span> <span class='ocrx_word' id='word_1_365' title='bbox 1792 4706 1873 4762; x_wconf 81' lang='lat' dir='ltr'><strong>xi-</strong></span> 
     </span>
    </p>
   </div>
   <div class='ocr_carea' id='block_1_48' title="bbox 266 4803 1872 4875">
    <p class='ocr_par' dir='ltr' id='par_1_48' title="bbox 266 4803 1872 4875">
     <span class='ocr_line' id='line_1_48' title="bbox 266 4803 1872 4875; baseline -0.011 -3"><span class='ocrx_word' id='word_1_366' title='bbox 266 4816 567 4871; x_wconf 85' lang='lat' dir='ltr'><strong>zaniorum</strong></span> <span class='ocrx_word' id='word_1_367' title='bbox 595 4812 754 4868; x_wconf 86' lang='lat' dir='ltr'><strong>simul</strong></span> <span class='ocrx_word' id='word_1_368' title='bbox 792 4810 889 4865; x_wconf 89' lang='lat' dir='ltr'><strong>tibi</strong></span> <span class='ocrx_word' id='word_1_369' title='bbox 917 4817 973 4863; x_wconf 89' lang='lat' dir='ltr'><strong>et</strong></span> <span class='ocrx_word' id='word_1_370' title='bbox 996 4808 1232 4862; x_wconf 79' lang='lat' dir='ltr'><strong>triticum</strong></span> <span class='ocrx_word' id='word_1_371' title='bbox 1268 4804 1476 4859; x_wconf 88' lang='lat' dir='ltr'><strong>veniret</strong></span> <span class='ocrx_word' id='word_1_372' title='bbox 1512 4803 1566 4856; x_wconf 90' lang='lat' dir='ltr'><strong>in</strong></span> <span class='ocrx_word' id='word_1_373' title='bbox 1593 4809 1872 4875; x_wconf 79' lang='lat' dir='ltr'><strong>mentem;</strong></span> 
     </span>
    </p>
   </div>
   <div class='ocr_carea' id='block_1_49' title="bbox 266 4901 1878 4982">
    <p class='ocr_par' dir='ltr' id='par_1_49' title="bbox 266 4901 1878 4982">
     <span class='ocr_line' id='line_1_49' title="bbox 266 4901 1878 4982; baseline -0.01 -15"><span class='ocrx_word' id='word_1_374' title='bbox 266 4912 404 4982; x_wconf 86' lang='lat' dir='ltr'><strong>quia</strong></span> <span class='ocrx_word' id='word_1_375' title='bbox 433 4918 661 4979; x_wconf 90' lang='lat' dir='ltr'><strong>utraque</strong></span> <span class='ocrx_word' id='word_1_376' title='bbox 702 4920 799 4978; x_wconf 91' lang='lat' dir='ltr'><strong>per</strong></span> <span class='ocrx_word' id='word_1_377' title='bbox 841 4918 1027 4975; x_wconf 89' lang='lat' dir='ltr'><strong>agrum</strong></span> <span class='ocrx_word' id='word_1_378' title='bbox 1063 4901 1213 4972; x_wconf 88' lang='lat' dir='ltr'><strong>jussa</strong></span> <span class='ocrx_word' id='word_1_379' title='bbox 1256 4906 1380 4954; x_wconf 87' lang='lat' dir='ltr'><strong>sunt</strong></span> <span class='ocrx_word' id='word_1_380' title='bbox 1421 4910 1669 4953; x_wconf 88' lang='lat' dir='ltr'><strong>crescere</strong></span> <span class='ocrx_word' id='word_1_381' title='bbox 1706 4908 1878 4966; x_wconf 88' lang='lat' dir='ltr'><strong>usque</strong></span> 
     </span>
    </p>
   </div>
   <div class='ocr_carea' id='block_1_50' title="bbox 341 5101 1746 5170">
    <p class='ocr_par' dir='ltr' id='par_1_50' title="bbox 341 5101 1746 5170">
     <span class='ocr_line' id='line_1_50' title="bbox 341 5101 1746 5170; baseline 0.013 -11"><span class='ocrx_word' id='word_1_382' title='bbox 341 5114 364 5145; x_wconf 73' lang='grc' dir='ltr'>ι</span> <span class='ocrx_word' id='word_1_383' title='bbox 398 5120 499 5160; x_wconf 73' lang='lat' dir='ltr'><strong>Am.</strong></span> <span class='ocrx_word' id='word_1_384' title='bbox 528 5116 581 5159; x_wconf 91' lang='lat' dir='ltr'><strong>et</strong></span> <span class='ocrx_word' id='word_1_385' title='bbox 601 5114 697 5167; x_wconf 80' lang='lat' dir='ltr'><strong>Er.,</strong></span> <span class='ocrx_word' id='word_1_386' title='bbox 720 5118 885 5170; x_wconf 86' lang='lat' dir='ltr'><strong>errore</strong></span> <span class='ocrx_word' id='word_1_387' title='bbox 910 5101 1139 5170; x_wconf 58' lang='lat' dir='ltr'><strong>deposita</strong></span> <span class='ocrx_word' id='word_1_388' title='bbox 1200 5166 1215 5170; x_wconf 86' lang='lat'>_</span> <span class='ocrx_word' id='word_1_389' title='bbox 1355 5159 1365 5170; x_wconf 91' lang='lat'><strong>.</strong></span> <span class='ocrx_word' id='word_1_390' title='bbox 1613 5160 1644 5170; x_wconf 36' lang='grc' dir='ltr'><strong>ν.</strong></span> <span class='ocrx_word' id='word_1_391' title='bbox 1680 5169 1686 5170; x_wconf 35' lang='grc' dir='ltr'><em>κ</em></span> <span class='ocrx_word' id='word_1_392' title='bbox 1713 5156 1746 5170; x_wconf 89' lang='grc'><strong>.-</strong></span> 
     </span>
    </p>
   </div>
   <div class='ocr_carea' id='block_1_51' title="bbox 342 5156 1882 5231">
    <p class='ocr_par' dir='ltr' id='par_1_51' title="bbox 342 5156 1882 5231">
     <span class='ocr_line' id='line_1_51' title="bbox 342 5156 1882 5231; baseline -0.011 -8"><span class='ocrx_word' id='word_1_393' title='bbox 342 5177 368 5208; x_wconf 80' lang='grc'><strong><em>²</em></strong></span> <span class='ocrx_word' id='word_1_394' title='bbox 392 5156 649 5231; x_wconf 26' lang='lat' dir='ltr'><strong>hostisue</strong></span> <span class='ocrx_word' id='word_1_395' title='bbox 666 5156 826 5219; x_wconf 69' lang='lat' dir='ltr'><strong>adhuc</strong></span> <span class='ocrx_word' id='word_1_396' title='bbox 843 5210 857 5231; x_wconf 87' lang='lat'><strong>,</strong></span> <span class='ocrx_word' id='word_1_397' title='bbox 882 5156 1173 5231; x_wconf 62' lang='lat' dir='ltr'><strong>adjecerunt</strong></span> <span class='ocrx_word' id='word_1_398' title='bbox 1194 5159 1541 5231; x_wconf 74' lang='lat' dir='ltr'><strong>_l.(_)_v_an_ienses,</strong></span> <span class='ocrx_word' id='word_1_399' title='bbox 1862 5168 1882 5208; x_wconf 90' lang='lat'><strong><em>:</em></strong></span> 
     </span>
    </p>
   </div>
   <div class='ocr_carea' id='block_1_52' title="bbox 269 5221 1883 5289">
    <p class='ocr_par' dir='ltr' id='par_1_52' title="bbox 269 5221 1883 5289">
     <span class='ocr_line' id='line_1_52' title="bbox 269 5221 1883 5289; baseline -0.012 -1"><span class='ocrx_word' id='word_1_400' title='bbox 269 5251 345 5288; x_wconf 83' lang='lat' dir='ltr'><strong>ex</strong></span> <span class='ocrx_word' id='word_1_401' title='bbox 372 5221 521 5286; x_wconf 67' lang='lat' dir='ltr'><strong>mera</strong></span> <span class='ocrx_word' id='word_1_402' title='bbox 540 5234 818 5289; x_wconf 83' lang='lat' dir='ltr'><strong>conjectura</strong></span> <span class='ocrx_word' id='word_1_403' title='bbox 842 5221 1035 5286; x_wconf 62' lang='lat' dir='ltr'><strong>Erasini,</strong></span> <span class='ocrx_word' id='word_1_404' title='bbox 1056 5227 1141 5289; x_wconf 83' lang='lat' dir='ltr'><strong>qui</strong></span> <span class='ocrx_word' id='word_1_405' title='bbox 1163 5223 1211 5273; x_wconf 88' lang='lat' dir='ltr'><strong>id</strong></span> <span class='ocrx_word' id='word_1_406' title='bbox 1234 5224 1300 5289; x_wconf 84' lang='lat' dir='ltr'><strong>ibi</strong></span> <span class='ocrx_word' id='word_1_407' title='bbox 1332 5223 1513 5273; x_wconf 88' lang='lat' dir='ltr'><strong>deesse</strong></span> <span class='ocrx_word' id='word_1_408' title='bbox 1553 5227 1810 5289; x_wconf 66' lang='lat' dir='ltr'><strong>notaverat</strong></span> <span class='ocrx_word' id='word_1_409' title='bbox 1832 5221 1883 5270; x_wconf 91' lang='lat' dir='ltr'><strong>in</strong></span> 
     </span>
    </p>
   </div>
   <div class='ocr_carea' id='block_1_53' title="bbox 265 5281 1878 5351">
    <p class='ocr_par' dir='ltr' id='par_1_53' title="bbox 265 5281 1878 5351">
     <span class='ocr_line' id='line_1_53' title="bbox 265 5281 1878 5351; baseline -0.012 0"><span class='ocrx_word' id='word_1_410' title='bbox 265 5281 526 5350; x_wconf 34' lang='lat' dir='ltr'><strong>orta-libri“.</strong></span> <span class='ocrx_word' id='word_1_411' title='bbox 548 5281 647 5346; x_wconf 67' lang='lat' dir='ltr'><strong>sed</strong></span> <span class='ocrx_word' id='word_1_412' title='bbox 663 5281 726 5344; x_wconf 79' lang='lat' dir='ltr'><strong>eo</strong></span> <span class='ocrx_word' id='word_1_413' title='bbox 762 5292 857 5342; x_wconf 90' lang='lat' dir='ltr'><strong>loci</strong></span> <span class='ocrx_word' id='word_1_414' title='bbox 896 5281 1580 5351; x_wconf 78' lang='lat' dir='ltr'><strong>subintelligendnmnomen,</strong></span> <span class='ocrx_word' id='word_1_415' title='bbox 1605 5281 1786 5351; x_wconf 76' lang='lat' dir='ltr'><strong>ebriis;</strong></span> <span class='ocrx_word' id='word_1_416' title='bbox 1805 5290 1878 5344; x_wconf 89' lang='lat' dir='ltr'><strong>ut,</strong></span> 
     </span>
    </p>
   </div>
   <div class='ocr_carea' id='block_1_54' title="bbox 267 5345 1882 5418">
    <p class='ocr_par' dir='ltr' id='par_1_54' title="bbox 267 5345 1882 5418">
     <span class='ocr_line' id='line_1_54' title="bbox 267 5345 1882 5418; baseline -0.011 -6"><span class='ocrx_word' id='word_1_417' title='bbox 267 5345 385 5412; x_wconf 59' lang='lat' dir='ltr'><strong>36c</strong></span> <span class='ocrx_word' id='word_1_418' title='bbox 397 5345 601 5418; x_wconf 62' lang='lat' dir='ltr'><strong>adhuc,</strong></span> <span class='ocrx_word' id='word_1_419' title='bbox 620 5358 910 5407; x_wconf 83' lang='lat' dir='ltr'><strong>ebrietatem</strong></span> <span class='ocrx_word' id='word_1_420' title='bbox 931 5353 1134 5402; x_wconf 86' lang='lat' dir='ltr'><strong>denotet</strong></span> <span class='ocrx_word' id='word_1_421' title='bbox 1151 5345 1264 5398; x_wconf 63' lang='lat' dir='ltr'><strong>&#39;non</strong></span> <span class='ocrx_word' id='word_1_422' title='bbox 1286 5346 1619 5409; x_wconf 90' lang='lat' dir='ltr'><strong>incipientem,</strong></span> <span class='ocrx_word' id='word_1_423' title='bbox 1659 5345 1749 5395; x_wconf 86' lang='lat' dir='ltr'><strong>sed</strong></span> <span class='ocrx_word' id='word_1_424' title='bbox 1768 5358 1882 5409; x_wconf 85' lang='lat' dir='ltr'><strong>per-</strong></span> 
     </span>
    </p>
   </div>
   <div class='ocr_carea' id='block_1_55' title="bbox 267 5425 1886 5543">
    <p class='ocr_par' dir='ltr' id='par_1_55' title="bbox 267 5425 1886 5543">
     <span class='ocr_line' id='line_1_55' title="bbox 267 5425 1886 5543; baseline -0.013 -7"><span class='ocrx_word' id='word_1_425' title='bbox 267 5425 567 5533; x_wconf 41' lang='lat' dir='ltr'><strong>dugagfagi’</strong></span> <span class='ocrx_word' id='word_1_426' title='bbox 580 5488 712 5540; x_wconf 85' lang='lat' dir='ltr'><strong>Lov.,</strong></span> <span class='ocrx_word' id='word_1_427' title='bbox 736 5491 845 5543; x_wconf 63' lang='lat' dir='ltr'><strong>quis</strong></span> <span class='ocrx_word' id='word_1_428' title='bbox 866 5476 1037 5543; x_wconf 80' lang='lat' dir='ltr'><strong>cuique</strong></span> <span class='ocrx_word' id='word_1_429' title='bbox 1059 5486 1149 5540; x_wconf 89' lang='lat' dir='ltr'><strong>pro</strong></span> <span class='ocrx_word' id='word_1_430' title='bbox 1169 5468 1492 5523; x_wconf 86' lang='lat' dir='ltr'><strong>communione</strong></span> <span class='ocrx_word' id='word_1_431' title='bbox 1514 5468 1756 5543; x_wconf 65' lang='lat' dir='ltr'><strong>facienda.</strong></span> <span class='ocrx_word' id='word_1_432' title='bbox 1789 5475 1886 5543; x_wconf 60' lang='lat' dir='ltr'><strong>to-</strong></span> 
     </span>
    </p>
   </div>
   <div class='ocr_carea' id='block_1_56' title="bbox 268 5530 1888 5603">
    <p class='ocr_par' dir='ltr' id='par_1_56' title="bbox 268 5530 1888 5603">
     <span class='ocr_line' id='line_1_56' title="bbox 268 5530 1888 5603; baseline -0.012 -4"><span class='ocrx_word' id='word_1_433' title='bbox 268 5530 792 5599; x_wconf 16' lang='lat' dir='ltr'><strong>cumftaov&#39;an‘tensiuin</strong></span> <span class='ocrx_word' id='word_1_434' title='bbox 805 5530 984 5603; x_wconf 80' lang='lat' dir='ltr'><strong>judicio</strong></span> <span class='ocrx_word' id='word_1_435' title='bbox 1005 5530 1283 5600; x_wconf 77' lang='lat' dir='ltr'><strong>corruptum</strong></span> <span class='ocrx_word' id='word_1_436' title='bbox 1304 5530 1528 5583; x_wconf 80' lang='lat' dir='ltr'><strong>sanamus</strong></span> <span class='ocrx_word' id='word_1_437' title='bbox 1549 5532 1765 5582; x_wconf 86' lang='lat' dir='ltr'><strong>subsidio</strong></span> <span class='ocrx_word' id='word_1_438' title='bbox 1781 5530 1888 5580; x_wconf 84' lang='lat' dir='ltr'><strong>Gal-</strong></span> 
     </span>
    </p>
   </div>
   <div class='ocr_carea' id='block_1_57' title="bbox 269 5610 1032 5666">
    <p class='ocr_par' dir='ltr' id='par_1_57' title="bbox 269 5610 1032 5666">
     <span class='ocr_line' id='line_1_57' title="bbox 269 5610 1032 5666; baseline -0.016 -5"><span class='ocrx_word' id='word_1_439' title='bbox 269 5610 561 5660; x_wconf 78' lang='lat' dir='ltr'><strong>licanorum</strong></span> <span class='ocrx_word' id='word_1_440' title='bbox 585 5612 1032 5666; x_wconf 66' lang='lat' dir='ltr'><strong>manusa‘tptorum.</strong></span> 
     </span>
    </p>
   </div>
   <div class='ocr_carea' id='block_1_58' title="bbox 308 5650 1885 5745">
    <p class='ocr_par' dir='ltr' id='par_1_58' title="bbox 308 5650 1885 5745">
     <span class='ocr_line' id='line_1_58' title="bbox 308 5650 1885 5745; baseline -0.011 -23"><span class='ocrx_word' id='word_1_441' title='bbox 308 5650 963 5745; x_wconf 50' lang='lat' dir='ltr'><strong>friéiéeé&#39;maadns,</strong></span> <span class='ocrx_word' id='word_1_442' title='bbox 986 5659 1298 5713; x_wconf 82' lang='lat' dir='ltr'><strong>Endoviensis</strong></span> <span class='ocrx_word' id='word_1_443' title='bbox 1320 5663 1372 5707; x_wconf 90' lang='lat' dir='ltr'><strong>et</strong></span> <span class='ocrx_word' id='word_1_444' title='bbox 1388 5654 1719 5715; x_wconf 77' lang='lat' dir='ltr'><strong>Floriacensis,</strong></span> <span class='ocrx_word' id='word_1_445' title='bbox 1742 5650 1885 5718; x_wconf 81' lang='lat' dir='ltr'><strong>ﬁdis-</strong></span> 
     </span>
    </p>
   </div>
   <div class='ocr_carea' id='block_1_59' title="bbox 349 5768 1879 5857">
    <p class='ocr_par' dir='ltr' id='par_1_59' title="bbox 349 5768 1879 5857">
     <span class='ocr_line' id='line_1_59' title="bbox 349 5768 1879 5857; baseline -0.014 -12"><span class='ocrx_word' id='word_1_446' title='bbox 349 5768 577 5857; x_wconf 53' lang='grc' dir='ltr'><strong>ῖᾶἶνίόθ</strong></span> <span class='ocrx_word' id='word_1_447' title='bbox 594 5792 776 5857; x_wconf 82' lang='lat' dir='ltr'><strong>librum</strong></span> <span class='ocrx_word' id='word_1_448' title='bbox 795 5789 829 5839; x_wconf 82' lang='grc'><strong>’5</strong></span> <span class='ocrx_word' id='word_1_449' title='bbox 846 5795 1014 5839; x_wconf 87' lang='lat' dir='ltr'><strong>contra</strong></span> <span class='ocrx_word' id='word_1_450' title='bbox 1043 5783 1347 5836; x_wconf 67' lang='lat' dir='ltr'><strong>(a‘eseonium</strong></span> <span class='ocrx_word' id='word_1_451' title='bbox 1363 5818 1377 5843; x_wconf 94' lang='lat'><strong>,</strong></span> <span class='ocrx_word' id='word_1_452' title='bbox 1397 5791 1501 5842; x_wconf 89' lang='lat' dir='ltr'><strong>cap.</strong></span> <span class='ocrx_word' id='word_1_453' title='bbox 1525 5778 1605 5839; x_wconf 88' lang='lat'><strong>6&#39;1,</strong></span> <span class='ocrx_word' id='word_1_454' title='bbox 1634 5785 1687 5829; x_wconf 91' lang='lat' dir='ltr'><strong>et</strong></span> <span class='ocrx_word' id='word_1_455' title='bbox 1717 5776 1805 5827; x_wconf 89' lang='lat' dir='ltr'><strong>lib.</strong></span> <span class='ocrx_word' id='word_1_456' title='bbox 1828 5776 1879 5839; x_wconf 80' lang='grc'><strong>4,</strong></span> 
     </span>
    </p>
   </div>
   <div class='ocr_carea' id='block_1_60' title="bbox 270 5856 1889 6038">
    <p class='ocr_par' dir='ltr' id='par_1_60' title="bbox 270 5856 1889 6038">
     <span class='ocr_line' id='line_1_60' title="bbox 270 5856 1889 6038; baseline -0.011 -68"><span class='ocrx_word' id='word_1_457' title='bbox 270 5856 769 6038; x_wconf 49' lang='grc' dir='ltr'><strong>Ζξὸξῗὲξξξῖὶοεθι</strong></span> <span class='ocrx_word' id='word_1_458' title='bbox 783 5949 800 5978; x_wconf 90' lang='lat'><strong>,</strong></span> <span class='ocrx_word' id='word_1_459' title='bbox 817 5910 1130 5980; x_wconf 78' lang='lat' dir='ltr'><strong>ferocissime.</strong></span> <span class='ocrx_word' id='word_1_460' title='bbox 1171 5910 1289 5961; x_wconf 77' lang='lat' dir='ltr'><strong>Vide</strong></span> <span class='ocrx_word' id='word_1_461' title='bbox 1315 5904 1551 5960; x_wconf 79' lang='lat' dir='ltr'><strong>Element.</strong></span> <span class='ocrx_word' id='word_1_462' title='bbox 1574 5902 1751 5966; x_wconf 60' lang='lat' dir='ltr'><strong>uitio,</strong></span> <span class='ocrx_word' id='word_1_463' title='bbox 1776 5912 1889 5967; x_wconf 80' lang='lat' dir='ltr'><strong>pag.</strong></span> 
     </span>
    </p>
   </div>
   <div class='ocr_carea' id='block_1_61' title="bbox 1537 429 2155 495">
    <p class='ocr_par' dir='ltr' id='par_1_61' title="bbox 1537 429 2155 495">
     <span class='ocr_line' id='line_1_61' title="bbox 1537 429 2155 495; baseline -0.015 -1"><span class='ocrx_word' id='word_1_464' title='bbox 1537 434 1739 495; x_wconf 81' lang='lat' dir='ltr'><strong>LIBER</strong></span> <span class='ocrx_word' id='word_1_465' title='bbox 1776 429 2155 493; x_wconf 81' lang='lat' dir='ltr'><strong>SECUNDUS.</strong></span> 
     </span>
    </p>
   </div>
   <div class='ocr_carea' id='block_1_62' title="bbox 3410 427 3518 483">
    <p class='ocr_par' dir='ltr' id='par_1_62' title="bbox 3410 427 3518 483">
     <span class='ocr_line' id='line_1_62' title="bbox 3410 427 3518 483; baseline 0 0"><span class='ocrx_word' id='word_1_466' title='bbox 3410 427 3518 483; x_wconf 68' lang='grc'><strong>522</strong></span> 
     </span>
    </p>
   </div>
   <div class='ocr_carea' id='block_1_63' title="bbox 1933 545 3517 608">
    <p class='ocr_par' dir='ltr' id='par_1_63' title="bbox 1933 545 3517 608">
     <span class='ocr_line' id='line_1_63' title="bbox 1933 545 3517 608; baseline 0.004 -6"><span class='ocrx_word' id='word_1_467' title='bbox 1933 545 2001 603; x_wconf 90' lang='lat' dir='ltr'><strong>ad</strong></span> <span class='ocrx_word' id='word_1_468' title='bbox 2031 561 2259 603; x_wconf 89' lang='lat' dir='ltr'><strong>messem</strong></span> <span class='ocrx_word' id='word_1_469' title='bbox 2288 564 2303 603; x_wconf 91' lang='lat'><strong>:</strong></span> <span class='ocrx_word' id='word_1_470' title='bbox 2332 561 2428 605; x_wconf 88' lang='lat' dir='ltr'><strong>vos</strong></span> <span class='ocrx_word' id='word_1_471' title='bbox 2452 554 2629 605; x_wconf 88' lang='lat' dir='ltr'><strong>autem</strong></span> <span class='ocrx_word' id='word_1_472' title='bbox 2655 547 2867 605; x_wconf 90' lang='lat' dir='ltr'><strong>oculum</strong></span> <span class='ocrx_word' id='word_1_473' title='bbox 2888 546 3277 606; x_wconf 66' lang='lat' dir='ltr'><strong>malevolentia</strong></span> <span class='ocrx_word' id='word_1_474' title='bbox 3296 550 3351 606; x_wconf 84' lang='lat' dir='ltr'><strong>in</strong></span> <span class='ocrx_word' id='word_1_475' title='bbox 3375 550 3517 608; x_wconf 78' lang='lat' dir='ltr'><strong>ziza-</strong></span> 
     </span>
    </p>
   </div>
   <div class='ocr_carea' id='block_1_64' title="bbox 1933 639 3522 711">
    <p class='ocr_par' dir='ltr' id='par_1_64' title="bbox 1933 639 3522 711">
     <span class='ocr_line' id='line_1_64' title="bbox 1933 639 3522 711; baseline 0.004 -16"><span class='ocrx_word' id='word_1_476' title='bbox 1933 639 2039 695; x_wconf 90' lang='lat' dir='ltr'><strong>niis</strong></span> <span class='ocrx_word' id='word_1_477' title='bbox 2073 640 2273 696; x_wconf 78' lang='lat' dir='ltr'><strong>acriter</strong></span> <span class='ocrx_word' id='word_1_478' title='bbox 2299 639 2493 711; x_wconf 83' lang='lat' dir='ltr'><strong>ﬁgitis,</strong></span> <span class='ocrx_word' id='word_1_479' title='bbox 2535 649 2592 697; x_wconf 89' lang='lat' dir='ltr'><strong>et</strong></span> <span class='ocrx_word' id='word_1_480' title='bbox 2634 651 2821 698; x_wconf 87' lang='lat' dir='ltr'><strong>contra</strong></span> <span class='ocrx_word' id='word_1_481' title='bbox 2850 645 3171 699; x_wconf 85' lang='lat' dir='ltr'><strong>sententiam</strong></span> <span class='ocrx_word' id='word_1_482' title='bbox 3213 642 3412 699; x_wconf 86' lang='lat' dir='ltr'><strong>Christi</strong></span> <span class='ocrx_word' id='word_1_483' title='bbox 3454 660 3522 702; x_wconf 90' lang='lat' dir='ltr'><strong>ea</strong></span> 
     </span>
    </p>
   </div>
   <div class='ocr_carea' id='block_1_65' title="bbox 1935 734 3525 808">
    <p class='ocr_par' dir='ltr' id='par_1_65' title="bbox 1935 734 3525 808">
     <span class='ocr_line' id='line_1_65' title="bbox 1935 734 3525 808; baseline 0.003 -19"><span class='ocrx_word' id='word_1_484' title='bbox 1935 734 2050 789; x_wconf 89' lang='lat' dir='ltr'><strong>sola</strong></span> <span class='ocrx_word' id='word_1_485' title='bbox 2078 748 2175 804; x_wconf 89' lang='lat' dir='ltr'><strong>per</strong></span> <span class='ocrx_word' id='word_1_486' title='bbox 2200 734 2382 790; x_wconf 89' lang='lat' dir='ltr'><strong>orbem</strong></span> <span class='ocrx_word' id='word_1_487' title='bbox 2415 743 2679 794; x_wconf 89' lang='lat' dir='ltr'><strong>terrarum</strong></span> <span class='ocrx_word' id='word_1_488' title='bbox 2699 776 2717 805; x_wconf 90' lang='lat'><strong>,</strong></span> <span class='ocrx_word' id='word_1_489' title='bbox 2761 746 2986 808; x_wconf 84' lang='lat' dir='ltr'><strong>excepta</strong></span> <span class='ocrx_word' id='word_1_490' title='bbox 3023 736 3205 794; x_wconf 86' lang='lat' dir='ltr'><strong>Africa</strong></span> <span class='ocrx_word' id='word_1_491' title='bbox 3227 779 3244 806; x_wconf 92' lang='lat'><strong>,</strong></span> <span class='ocrx_word' id='word_1_492' title='bbox 3289 739 3525 795; x_wconf 87' lang='lat' dir='ltr'><strong>crevisse</strong></span> 
     </span>
    </p>
   </div>
   <div class='ocr_carea' id='block_1_66' title="bbox 1935 825 2276 880">
    <p class='ocr_par' dir='ltr' id='par_1_66' title="bbox 1935 825 2276 880">
     <span class='ocr_line' id='line_1_66' title="bbox 1935 825 2276 880; baseline 0 -1"><span class='ocrx_word' id='word_1_493' title='bbox 1935 825 2276 880; x_wconf 86' lang='lat' dir='ltr'><strong>contenditis.</strong></span> 
     </span>
    </p>
   </div>
   <div class='ocr_carea' id='block_1_67' title="bbox 2008 914 3529 991">
    <p class='ocr_par' dir='ltr' id='par_1_67' title="bbox 2008 914 3529 991">
     <span class='ocr_line' id='line_1_67' title="bbox 2008 914 3529 991; baseline 0.003 -20"><span class='ocrx_word' id='word_1_494' title='bbox 2008 915 2235 972; x_wconf 79' lang='lat' dir='ltr'><strong>CAPUT</strong></span> <span class='ocrx_word' id='word_1_495' title='bbox 2274 914 2411 973; x_wconf 78' lang='lat' dir='ltr'><strong>XCI.</strong></span> <span class='ocrx_word' id='word_1_496' title='bbox 2437 947 2509 957; x_wconf 95' lang='lat'><strong>—</strong></span> <span class='ocrx_word' id='word_1_497' title='bbox 2541 917 2670 975; x_wconf 75' lang='lat'><strong>200.</strong></span> <span class='ocrx_word' id='word_1_498' title='bbox 2697 918 2885 975; x_wconf 77' lang='lat' dir='ltr'><strong>PB&#39;t&#39;lL.</strong></span> <span class='ocrx_word' id='word_1_499' title='bbox 2912 919 3049 976; x_wconf 87' lang='lat' dir='ltr'><strong>dixit</strong></span> <span class='ocrx_word' id='word_1_500' title='bbox 3083 937 3097 976; x_wconf 76' lang='grc' dir='ltr'><em>τ</em></span> <span class='ocrx_word' id='word_1_501' title='bbox 3130 920 3229 977; x_wconf 90' lang='lat' dir='ltr'><strong>Ubi</strong></span> <span class='ocrx_word' id='word_1_502' title='bbox 3272 932 3349 977; x_wconf 85' lang='lat' dir='ltr'><strong>est</strong></span> <span class='ocrx_word' id='word_1_503' title='bbox 3390 920 3529 991; x_wconf 88' lang='lat' dir='ltr'><strong>quod</strong></span> 
     </span>
    </p>
   </div>
   <div class='ocr_carea' id='block_1_68' title="bbox 1936 1008 3526 1085">
    <p class='ocr_par' dir='ltr' id='par_1_68' title="bbox 1936 1008 3526 1085">
     <span class='ocr_line' id='line_1_68' title="bbox 1936 1008 3526 1085; baseline 0.004 -21"><span class='ocrx_word' id='word_1_504' title='bbox 1936 1009 2058 1064; x_wconf 86' lang='lat' dir='ltr'><strong>dicit</strong></span> <span class='ocrx_word' id='word_1_505' title='bbox 2083 1008 2332 1065; x_wconf 85' lang='lat' dir='ltr'><strong>Dominus</strong></span> <span class='ocrx_word' id='word_1_506' title='bbox 2366 1009 2598 1067; x_wconf 83' lang='lat' dir='ltr'><strong>Christus</strong></span> <span class='ocrx_word' id='word_1_507' title='bbox 2627 1028 2644 1067; x_wconf 93' lang='lat'><strong><em>:</em></strong></span> <span class='ocrx_word' id='word_1_508' title='bbox 2681 1030 2700 1065; x_wconf 78' lang='lat' dir='ltr'><strong>t</strong></span> <span class='ocrx_word' id='word_1_509' title='bbox 2738 1013 2799 1069; x_wconf 89' lang='lat' dir='ltr'><strong>Si</strong></span> <span class='ocrx_word' id='word_1_510' title='bbox 2825 1016 3076 1084; x_wconf 88' lang='lat' dir='ltr'><strong>acceperis</strong></span> <span class='ocrx_word' id='word_1_511' title='bbox 3104 1015 3349 1084; x_wconf 89' lang='lat' dir='ltr'><strong>alapam,</strong></span> <span class='ocrx_word' id='word_1_512' title='bbox 3390 1031 3526 1085; x_wconf 77' lang='lat' dir='ltr'><strong>pra:-</strong></span> 
     </span>
    </p>
   </div>
   <div class='ocr_carea' id='block_1_69' title="bbox 1938 1102 3531 1177">
    <p class='ocr_par' dir='ltr' id='par_1_69' title="bbox 1938 1102 3531 1177">
     <span class='ocr_line' id='line_1_69' title="bbox 1938 1102 3531 1177; baseline 0.004 -22"><span class='ocrx_word' id='word_1_513' title='bbox 1938 1118 2067 1171; x_wconf 91' lang='lat' dir='ltr'><strong>para</strong></span> <span class='ocrx_word' id='word_1_514' title='bbox 2090 1110 2137 1157; x_wconf 90' lang='lat' dir='ltr'><strong>et</strong></span> <span class='ocrx_word' id='word_1_515' title='bbox 2168 1102 2379 1156; x_wconf 89' lang='lat' dir='ltr'><strong>alteram</strong></span> <span class='ocrx_word' id='word_1_516' title='bbox 2392 1104 2670 1158; x_wconf 70' lang='lat' dir='ltr'><strong>maxillam</strong></span> <span class='ocrx_word' id='word_1_517' title='bbox 2707 1123 2726 1157; x_wconf 77' lang='grc' dir='ltr'><strong><em>ι</em></strong></span> <span class='ocrx_word' id='word_1_518' title='bbox 2764 1103 2975 1176; x_wconf 77' lang='lat' dir='ltr'><strong>(Matth.</strong></span> <span class='ocrx_word' id='word_1_519' title='bbox 3004 1120 3060 1172; x_wconf 75' lang='grc' dir='ltr'><strong>ν,</strong></span> <span class='ocrx_word' id='word_1_520' title='bbox 3088 1104 3222 1177; x_wconf 80' lang='lat'><strong>59)?</strong></span> <span class='ocrx_word' id='word_1_521' title='bbox 3249 1104 3348 1161; x_wconf 88' lang='lat' dir='ltr'><strong>Ubi</strong></span> <span class='ocrx_word' id='word_1_522' title='bbox 3372 1117 3444 1160; x_wconf 82' lang='lat' dir='ltr'><strong>est</strong></span> <span class='ocrx_word' id='word_1_523' title='bbox 3465 1108 3531 1161; x_wconf 92' lang='lat' dir='ltr'><strong>il-</strong></span> 
     </span>
    </p>
   </div>
   <div class='ocr_carea' id='block_1_70' title="bbox 1936 1194 3528 1271">
    <p class='ocr_par' dir='ltr' id='par_1_70' title="bbox 1936 1194 3528 1271">
     <span class='ocr_line' id='line_1_70' title="bbox 1936 1194 3528 1271; baseline 0.004 -22"><span class='ocrx_word' id='word_1_524' title='bbox 1936 1194 2048 1262; x_wconf 90' lang='lat' dir='ltr'><strong>lud,</strong></span> <span class='ocrx_word' id='word_1_525' title='bbox 2079 1194 2217 1267; x_wconf 88' lang='lat' dir='ltr'><strong>quod</strong></span> <span class='ocrx_word' id='word_1_526' title='bbox 2246 1205 2398 1263; x_wconf 89' lang='lat' dir='ltr'><strong>sputa</strong></span> <span class='ocrx_word' id='word_1_527' title='bbox 2424 1197 2477 1250; x_wconf 90' lang='lat' dir='ltr'><strong>in</strong></span> <span class='ocrx_word' id='word_1_528' title='bbox 2499 1198 2630 1268; x_wconf 90' lang='lat' dir='ltr'><strong>facie</strong></span> <span class='ocrx_word' id='word_1_529' title='bbox 2656 1214 2835 1269; x_wconf 88' lang='lat' dir='ltr'><strong>passus</strong></span> <span class='ocrx_word' id='word_1_530' title='bbox 2864 1208 2959 1267; x_wconf 88' lang='lat' dir='ltr'><strong>est,</strong></span> <span class='ocrx_word' id='word_1_531' title='bbox 2991 1199 3075 1268; x_wconf 88' lang='lat' dir='ltr'><strong>qui</strong></span> <span class='ocrx_word' id='word_1_532' title='bbox 3112 1209 3259 1271; x_wconf 86' lang='lat' dir='ltr'><strong>sputo</strong></span> <span class='ocrx_word' id='word_1_533' title='bbox 3285 1216 3378 1254; x_wconf 88' lang='lat' dir='ltr'><strong>suo</strong></span> <span class='ocrx_word' id='word_1_534' title='bbox 3404 1217 3528 1255; x_wconf 86' lang='lat' dir='ltr'><strong>san-</strong></span> 
     </span>
    </p>
   </div>
   <div class='ocr_carea' id='block_1_71' title="bbox 1938 1286 3531 1363">
    <p class='ocr_par' dir='ltr' id='par_1_71' title="bbox 1938 1286 3531 1363">
     <span class='ocr_line' id='line_1_71' title="bbox 1938 1286 3531 1363; baseline 0.004 -22"><span class='ocrx_word' id='word_1_535' title='bbox 1938 1286 2162 1342; x_wconf 89' lang='lat' dir='ltr'><strong>ctissimo</strong></span> <span class='ocrx_word' id='word_1_536' title='bbox 2190 1288 2309 1342; x_wconf 68' lang='lat' dir='ltr'><strong>caeci</strong></span> <span class='ocrx_word' id='word_1_537' title='bbox 2338 1289 2512 1343; x_wconf 90' lang='lat' dir='ltr'><strong>oculos</strong></span> <span class='ocrx_word' id='word_1_538' title='bbox 2554 1292 2830 1361; x_wconf 83' lang='lat' dir='ltr'><strong>patefecit?</strong></span> <span class='ocrx_word' id='word_1_539' title='bbox 2859 1290 2958 1346; x_wconf 93' lang='lat' dir='ltr'><strong>Ubi</strong></span> <span class='ocrx_word' id='word_1_540' title='bbox 2982 1300 3053 1345; x_wconf 90' lang='lat' dir='ltr'><strong>est</strong></span> <span class='ocrx_word' id='word_1_541' title='bbox 3078 1293 3213 1363; x_wconf 88' lang='lat' dir='ltr'><strong>quod</strong></span> <span class='ocrx_word' id='word_1_542' title='bbox 3242 1292 3363 1345; x_wconf 89' lang='lat' dir='ltr'><strong>dicit</strong></span> <span class='ocrx_word' id='word_1_543' title='bbox 3401 1308 3531 1360; x_wconf 88' lang='lat' dir='ltr'><strong>apo-</strong></span> 
     </span>
    </p>
   </div>
   <div class='ocr_carea' id='block_1_72' title="bbox 1938 1378 3532 1454">
    <p class='ocr_par' dir='ltr' id='par_1_72' title="bbox 1938 1378 3532 1454">
     <span class='ocr_line' id='line_1_72' title="bbox 1938 1378 3532 1454; baseline 0.002 -21"><span class='ocrx_word' id='word_1_544' title='bbox 1938 1379 2098 1433; x_wconf 90' lang='lat' dir='ltr'><strong>stolus</strong></span> <span class='ocrx_word' id='word_1_545' title='bbox 2130 1378 2326 1434; x_wconf 87' lang='lat' dir='ltr'><strong>Paulus</strong></span> <span class='ocrx_word' id='word_1_546' title='bbox 2352 1396 2370 1434; x_wconf 91' lang='lat'><strong><em>:</em></strong></span> <span class='ocrx_word' id='word_1_547' title='bbox 2401 1398 2421 1432; x_wconf 73' lang='grc' dir='ltr'>ι</span> <span class='ocrx_word' id='word_1_548' title='bbox 2460 1380 2651 1452; x_wconf 86' lang='lat' dir='ltr'><strong>Siquis</strong></span> <span class='ocrx_word' id='word_1_549' title='bbox 2677 1398 2762 1437; x_wconf 89' lang='lat' dir='ltr'><strong>vos</strong></span> <span class='ocrx_word' id='word_1_550' title='bbox 2782 1383 2835 1436; x_wconf 90' lang='lat' dir='ltr'><strong>in</strong></span> <span class='ocrx_word' id='word_1_551' title='bbox 2861 1383 3043 1454; x_wconf 86' lang='lat' dir='ltr'><strong>faciem</strong></span> <span class='ocrx_word' id='word_1_552' title='bbox 3063 1384 3253 1438; x_wconf 66' lang='lat' dir='ltr'><strong>credit?</strong></span> <span class='ocrx_word' id='word_1_553' title='bbox 3282 1402 3302 1435; x_wconf 74' lang='grc' dir='ltr'><strong>ι</strong></span> <span class='ocrx_word' id='word_1_554' title='bbox 3339 1382 3438 1439; x_wconf 88' lang='lat' dir='ltr'><strong>Ubi</strong></span> <span class='ocrx_word' id='word_1_555' title='bbox 3459 1392 3532 1439; x_wconf 89' lang='lat' dir='ltr'><strong>est</strong></span> 
     </span>
    </p>
   </div>
   <div class='ocr_carea' id='block_1_73' title="bbox 1940 1470 3534 1546">
    <p class='ocr_par' dir='ltr' id='par_1_73' title="bbox 1940 1470 3534 1546">
     <span class='ocr_line' id='line_1_73' title="bbox 1940 1470 3534 1546; baseline 0.006 -23"><span class='ocrx_word' id='word_1_556' title='bbox 1940 1470 2076 1541; x_wconf 89' lang='lat' dir='ltr'><strong>quod</strong></span> <span class='ocrx_word' id='word_1_557' title='bbox 2099 1471 2280 1525; x_wconf 88' lang='lat' dir='ltr'><strong>iterum</strong></span> <span class='ocrx_word' id='word_1_558' title='bbox 2307 1472 2429 1526; x_wconf 86' lang='lat' dir='ltr'><strong>dicit</strong></span> <span class='ocrx_word' id='word_1_559' title='bbox 2461 1488 2482 1528; x_wconf 91' lang='lat'><strong><em>:</em></strong></span> <span class='ocrx_word' id='word_1_560' title='bbox 2513 1490 2535 1525; x_wconf 68' lang='grc' dir='ltr'>ι</span> <span class='ocrx_word' id='word_1_561' title='bbox 2571 1472 2639 1528; x_wconf 90' lang='lat' dir='ltr'><strong>In</strong></span> <span class='ocrx_word' id='word_1_562' title='bbox 2667 1475 2831 1546; x_wconf 87' lang='lat' dir='ltr'><strong>plagis</strong></span> <span class='ocrx_word' id='word_1_563' title='bbox 2857 1492 3013 1545; x_wconf 90' lang='lat' dir='ltr'><strong>supra</strong></span> <span class='ocrx_word' id='word_1_564' title='bbox 3041 1478 3246 1531; x_wconf 89' lang='lat' dir='ltr'><strong>modum</strong></span> <span class='ocrx_word' id='word_1_565' title='bbox 3267 1516 3282 1542; x_wconf 94' lang='lat'><strong>,</strong></span> <span class='ocrx_word' id='word_1_566' title='bbox 3310 1477 3366 1531; x_wconf 89' lang='lat' dir='ltr'><strong>in</strong></span> <span class='ocrx_word' id='word_1_567' title='bbox 3391 1491 3534 1531; x_wconf 70' lang='lat' dir='ltr'><strong>mor-</strong></span> 
     </span>
    </p>
   </div>
   <div class='ocr_carea' id='block_1_74' title="bbox 1943 1561 3532 1639">
    <p class='ocr_par' dir='ltr' id='par_1_74' title="bbox 1943 1561 3532 1639">
     <span class='ocr_line' id='line_1_74' title="bbox 1943 1561 3532 1639; baseline 0.003 -22"><span class='ocrx_word' id='word_1_568' title='bbox 1943 1561 2073 1617; x_wconf 81' lang='lat' dir='ltr'><strong>tibus</strong></span> <span class='ocrx_word' id='word_1_569' title='bbox 2117 1567 2431 1634; x_wconf 82' lang='lat' dir='ltr'><strong>frequenter,</strong></span> <span class='ocrx_word' id='word_1_570' title='bbox 2471 1564 2525 1618; x_wconf 89' lang='lat' dir='ltr'><strong>in</strong></span> <span class='ocrx_word' id='word_1_571' title='bbox 2554 1566 2835 1619; x_wconf 86' lang='lat' dir='ltr'><strong>carceribus</strong></span> <span class='ocrx_word' id='word_1_572' title='bbox 2863 1566 3201 1622; x_wconf 87' lang='lat' dir='ltr'><strong>abundantius</strong></span> <span class='ocrx_word' id='word_1_573' title='bbox 3238 1586 3259 1623; x_wconf 75' lang='grc' dir='ltr'><strong><em>ι</em></strong></span> <span class='ocrx_word' id='word_1_574' title='bbox 3312 1566 3377 1639; x_wconf 86' lang='grc' dir='ltr'><strong>(ΙΙ</strong></span> <span class='ocrx_word' id='word_1_575' title='bbox 3411 1566 3532 1623; x_wconf 85' lang='lat' dir='ltr'><strong>Cor.</strong></span> 
     </span>
    </p>
   </div>
   <div class='ocr_carea' id='block_1_75' title="bbox 1941 1654 3533 1731">
    <p class='ocr_par' dir='ltr' id='par_1_75' title="bbox 1941 1654 3533 1731">
     <span class='ocr_line' id='line_1_75' title="bbox 1941 1654 3533 1731; baseline 0.003 -22"><span class='ocrx_word' id='word_1_576' title='bbox 1941 1670 2026 1721; x_wconf 71' lang='grc' dir='ltr'><strong>ιι,</strong></span> <span class='ocrx_word' id='word_1_577' title='bbox 2060 1654 2166 1721; x_wconf 71' lang='grc'><strong>20,</strong></span> <span class='ocrx_word' id='word_1_578' title='bbox 2196 1655 2332 1725; x_wconf 68' lang='lat'><strong>23)?</strong></span> <span class='ocrx_word' id='word_1_579' title='bbox 2377 1655 2504 1723; x_wconf 83' lang='lat' dir='ltr'><strong>Qute</strong></span> <span class='ocrx_word' id='word_1_580' title='bbox 2544 1656 2749 1727; x_wconf 88' lang='lat' dir='ltr'><strong>pertulit</strong></span> <span class='ocrx_word' id='word_1_581' title='bbox 2786 1669 3066 1724; x_wconf 89' lang='lat' dir='ltr'><strong>memorat,</strong></span> <span class='ocrx_word' id='word_1_582' title='bbox 3109 1676 3209 1713; x_wconf 91' lang='lat' dir='ltr'><strong>non</strong></span> <span class='ocrx_word' id='word_1_583' title='bbox 3245 1675 3357 1731; x_wconf 65' lang='lat' dir='ltr'><strong>quae</strong></span> <span class='ocrx_word' id='word_1_584' title='bbox 3392 1660 3533 1729; x_wconf 83' lang='lat' dir='ltr'><strong>fecit.</strong></span> 
     </span>
    </p>
   </div>
   <div class='ocr_carea' id='block_1_76' title="bbox 1944 1745 3538 1841">
    <p class='ocr_par' dir='ltr' id='par_1_76' title="bbox 1944 1745 3538 1841">
     <span class='ocr_line' id='line_1_76' title="bbox 1944 1745 3538 1841; baseline 0.002 -39"><span class='ocrx_word' id='word_1_585' title='bbox 1944 1745 2231 1814; x_wconf 73' lang='lat' dir='ltr'><strong>Sit/fecerat</strong></span> <span class='ocrx_word' id='word_1_586' title='bbox 2261 1748 2379 1816; x_wconf 90' lang='lat' dir='ltr'><strong>ﬁdei</strong></span> <span class='ocrx_word' id='word_1_587' title='bbox 2404 1748 2697 1804; x_wconf 81' lang='lat' dir='ltr'><strong>christiana:</strong></span> <span class='ocrx_word' id='word_1_588' title='bbox 2716 1765 2748 1803; x_wconf 90' lang='lat' dir='ltr'><strong>a</strong></span> <span class='ocrx_word' id='word_1_589' title='bbox 2770 1747 2975 1841; x_wconf 57' lang='lat' dir='ltr'><strong>Judtgis</strong></span> <span class='ocrx_word' id='word_1_590' title='bbox 2996 1750 3103 1804; x_wconf 72' lang='lat' dir='ltr'><strong>haec</strong></span> <span class='ocrx_word' id='word_1_591' title='bbox 3132 1750 3243 1821; x_wconf 85' lang='lat' dir='ltr'><strong>fieri</strong></span> <span class='ocrx_word' id='word_1_592' title='bbox 3271 1766 3289 1804; x_wconf 91' lang='lat'><em>:</em></span> <span class='ocrx_word' id='word_1_593' title='bbox 3316 1766 3406 1804; x_wconf 89' lang='lat' dir='ltr'><strong>cur</strong></span> <span class='ocrx_word' id='word_1_594' title='bbox 3430 1750 3538 1805; x_wconf 65' lang='lat' dir='ltr'><strong>hac</strong></span> 
     </span>
    </p>
   </div>
   <div class='ocr_carea' id='block_1_77' title="bbox 1947 1840 2492 1909">
    <p class='ocr_par' dir='ltr' id='par_1_77' title="bbox 1947 1840 2492 1909">
     <span class='ocr_line' id='line_1_77' title="bbox 1947 1840 2492 1909; baseline 0.002 -16"><span class='ocrx_word' id='word_1_595' title='bbox 1947 1840 2118 1893; x_wconf 87' lang='lat' dir='ltr'><strong>miseri</strong></span> <span class='ocrx_word' id='word_1_596' title='bbox 2145 1842 2445 1909; x_wconf 87' lang='lat' dir='ltr'><strong>perpetratis</strong></span> <span class='ocrx_word' id='word_1_597' title='bbox 2465 1840 2492 1894; x_wconf 83' lang='lat'><strong><em>?</em></strong></span> 
     </span>
    </p>
   </div>
   <div class='ocr_carea' id='block_1_78' title="bbox 2017 1932 3541 2009">
    <p class='ocr_par' dir='ltr' id='par_1_78' title="bbox 2017 1932 3541 2009">
     <span class='ocr_line' id='line_1_78' title="bbox 2017 1932 3541 2009; baseline 0.003 -23"><span class='ocrx_word' id='word_1_598' title='bbox 2017 1932 2144 1988; x_wconf 73' lang='lat'><strong>201.</strong></span> <span class='ocrx_word' id='word_1_599' title='bbox 2176 1936 2309 1991; x_wconf 81' lang='lat' dir='ltr'><strong>Ave.</strong></span> <span class='ocrx_word' id='word_1_600' title='bbox 2338 1933 2617 2005; x_wconf 89' lang='lat' dir='ltr'><strong>respondit</strong></span> <span class='ocrx_word' id='word_1_601' title='bbox 2651 1954 2664 1989; x_wconf 91' lang='lat'>:</span> <span class='ocrx_word' id='word_1_602' title='bbox 2693 1936 2842 1992; x_wconf 89' lang='lat' dir='ltr'><strong>Itane</strong></span> <span class='ocrx_word' id='word_1_603' title='bbox 2865 1950 2996 1992; x_wconf 88' lang='lat' dir='ltr'><strong>vero</strong></span> <span class='ocrx_word' id='word_1_604' title='bbox 3020 1950 3117 1992; x_wconf 86' lang='lat' dir='ltr'><strong>vos</strong></span> <span class='ocrx_word' id='word_1_605' title='bbox 3143 1945 3360 2008; x_wconf 89' lang='lat' dir='ltr'><strong>accepta</strong></span> <span class='ocrx_word' id='word_1_606' title='bbox 3386 1937 3541 2009; x_wconf 84' lang='lat' dir='ltr'><strong>alapa</strong></span> 
     </span>
    </p>
   </div>
   <div class='ocr_carea' id='block_1_79' title="bbox 1949 2027 3541 2098">
    <p class='ocr_par' dir='ltr' id='par_1_79' title="bbox 1949 2027 3541 2098">
     <span class='ocr_line' id='line_1_79' title="bbox 1949 2027 3541 2098; baseline 0.003 -17"><span class='ocrx_word' id='word_1_607' title='bbox 1949 2027 2203 2098; x_wconf 73' lang='lat' dir='ltr'><strong>praebetis</strong></span> <span class='ocrx_word' id='word_1_608' title='bbox 2232 2029 2457 2084; x_wconf 89' lang='lat' dir='ltr'><strong>alteram</strong></span> <span class='ocrx_word' id='word_1_609' title='bbox 2488 2030 2799 2085; x_wconf 87' lang='lat' dir='ltr'><strong>maxillam?</strong></span> <span class='ocrx_word' id='word_1_610' title='bbox 2830 2030 2943 2086; x_wconf 86' lang='lat' dir='ltr'><strong>Non</strong></span> <span class='ocrx_word' id='word_1_611' title='bbox 2974 2031 3131 2086; x_wconf 90' lang='lat' dir='ltr'><strong>istam</strong></span> <span class='ocrx_word' id='word_1_612' title='bbox 3161 2032 3312 2086; x_wconf 90' lang='lat' dir='ltr'><strong>vobis</strong></span> <span class='ocrx_word' id='word_1_613' title='bbox 3343 2030 3541 2086; x_wconf 90' lang='lat' dir='ltr'><strong>famam</strong></span> 
     </span>
    </p>
   </div>
   <div class='ocr_carea' id='block_1_80' title="bbox 1949 2117 3543 2193">
    <p class='ocr_par' dir='ltr' id='par_1_80' title="bbox 1949 2117 3543 2193">
     <span class='ocr_line' id='line_1_80' title="bbox 1949 2117 3543 2193; baseline 0.001 -19"><span class='ocrx_word' id='word_1_614' title='bbox 1949 2117 2152 2175; x_wconf 85' lang='lat' dir='ltr'><strong>furiosa</strong></span> <span class='ocrx_word' id='word_1_615' title='bbox 2189 2129 2365 2176; x_wconf 89' lang='lat' dir='ltr'><strong>vestra</strong></span> <span class='ocrx_word' id='word_1_616' title='bbox 2394 2122 2604 2191; x_wconf 89' lang='lat' dir='ltr'><strong>agmina</strong></span> <span class='ocrx_word' id='word_1_617' title='bbox 2634 2138 2730 2193; x_wconf 90' lang='lat' dir='ltr'><strong>per</strong></span> <span class='ocrx_word' id='word_1_618' title='bbox 2760 2132 2923 2177; x_wconf 82' lang='lat' dir='ltr'><strong>totam</strong></span> <span class='ocrx_word' id='word_1_619' title='bbox 2964 2120 3201 2178; x_wconf 87' lang='lat' dir='ltr'><strong>Africam</strong></span> <span class='ocrx_word' id='word_1_620' title='bbox 3229 2138 3349 2177; x_wconf 92' lang='lat' dir='ltr'><strong>cum</strong></span> <span class='ocrx_word' id='word_1_621' title='bbox 3383 2123 3543 2177; x_wconf 88' lang='lat' dir='ltr'><strong>terri-</strong></span> 
     </span>
    </p>
   </div>
   <div class='ocr_carea' id='block_1_81' title="bbox 1948 2213 3544 2286">
    <p class='ocr_par' dir='ltr' id='par_1_81' title="bbox 1948 2213 3544 2286">
     <span class='ocr_line' id='line_1_81' title="bbox 1948 2213 3544 2286; baseline 0.001 -17"><span class='ocrx_word' id='word_1_622' title='bbox 1948 2213 2042 2269; x_wconf 92' lang='lat' dir='ltr'><strong>bili</strong></span> <span class='ocrx_word' id='word_1_623' title='bbox 2066 2214 2393 2284; x_wconf 88' lang='lat' dir='ltr'><strong>turpitudine</strong></span> <span class='ocrx_word' id='word_1_624' title='bbox 2412 2216 2612 2285; x_wconf 89' lang='lat' dir='ltr'><strong>passim</strong></span> <span class='ocrx_word' id='word_1_625' title='bbox 2637 2217 2881 2286; x_wconf 87' lang='lat' dir='ltr'><strong>vagantia</strong></span> <span class='ocrx_word' id='word_1_626' title='bbox 2905 2224 3303 2286; x_wconf 88' lang='lat' dir='ltr'><strong>compararunt.</strong></span> <span class='ocrx_word' id='word_1_627' title='bbox 3326 2214 3544 2271; x_wconf 88' lang='lat' dir='ltr'><strong>Utinam</strong></span> 
     </span>
    </p>
   </div>
   <div class='ocr_carea' id='block_1_82' title="bbox 1951 2304 3544 2376">
    <p class='ocr_par' dir='ltr' id='par_1_82' title="bbox 1951 2304 3544 2376">
     <span class='ocr_line' id='line_1_82' title="bbox 1951 2304 3544 2376; baseline 0.001 -17"><span class='ocrx_word' id='word_1_628' title='bbox 1951 2304 2228 2362; x_wconf 89' lang='lat' dir='ltr'><strong>vobiscum</strong></span> <span class='ocrx_word' id='word_1_629' title='bbox 2252 2307 2648 2376; x_wconf 87' lang='lat' dir='ltr'><strong>paciscerentur</strong></span> <span class='ocrx_word' id='word_1_630' title='bbox 2666 2308 2930 2375; x_wconf 87' lang='lat' dir='ltr'><strong>homines,</strong></span> <span class='ocrx_word' id='word_1_631' title='bbox 2953 2316 3012 2363; x_wconf 89' lang='lat' dir='ltr'><strong>ut</strong></span> <span class='ocrx_word' id='word_1_632' title='bbox 3032 2309 3223 2365; x_wconf 90' lang='lat' dir='ltr'><strong>saltem</strong></span> <span class='ocrx_word' id='word_1_633' title='bbox 3245 2306 3544 2364; x_wconf 89' lang='lat' dir='ltr'><strong>secundum</strong></span> 
     </span>
    </p>
   </div>
   <div class='ocr_carea' id='block_1_83' title="bbox 1950 2398 3546 2471">
    <p class='ocr_par' dir='ltr' id='par_1_83' title="bbox 1950 2398 3546 2471">
     <span class='ocr_line' id='line_1_83' title="bbox 1950 2398 3546 2471; baseline 0.003 -20"><span class='ocrx_word' id='word_1_634' title='bbox 1950 2406 2189 2452; x_wconf 85' lang='lat' dir='ltr'><strong>veterem</strong></span> <span class='ocrx_word' id='word_1_635' title='bbox 2215 2398 2434 2469; x_wconf 88' lang='lat' dir='ltr'><strong>Legem,</strong></span> <span class='ocrx_word' id='word_1_636' title='bbox 2466 2400 2680 2455; x_wconf 91' lang='lat' dir='ltr'><strong>oculum</strong></span> <span class='ocrx_word' id='word_1_637' title='bbox 2705 2415 2801 2469; x_wconf 89' lang='lat' dir='ltr'><strong>pro</strong></span> <span class='ocrx_word' id='word_1_638' title='bbox 2826 2400 3004 2467; x_wconf 92' lang='lat' dir='ltr'><strong>oculo,</strong></span> <span class='ocrx_word' id='word_1_639' title='bbox 3028 2401 3243 2457; x_wconf 88' lang='lat' dir='ltr'><strong>dentem</strong></span> <span class='ocrx_word' id='word_1_640' title='bbox 3267 2416 3365 2471; x_wconf 90' lang='lat' dir='ltr'><strong>pro</strong></span> <span class='ocrx_word' id='word_1_641' title='bbox 3386 2400 3546 2456; x_wconf 82' lang='lat' dir='ltr'><strong>dente</strong></span> 
     </span>
    </p>
   </div>
   <div class='ocr_carea' id='block_1_84' title="bbox 1952 2492 3548 2566">
    <p class='ocr_par' dir='ltr' id='par_1_84' title="bbox 1952 2492 3548 2566">
     <span class='ocr_line' id='line_1_84' title="bbox 1952 2492 3548 2566; baseline 0.002 -20"><span class='ocrx_word' id='word_1_642' title='bbox 1952 2493 2206 2562; x_wconf 88' lang='lat' dir='ltr'><strong>peteretis</strong></span> <span class='ocrx_word' id='word_1_643' title='bbox 2238 2492 2415 2566; x_wconf 88' lang='lat' dir='ltr'><strong>(Deut.</strong></span> <span class='ocrx_word' id='word_1_644' title='bbox 2443 2508 2570 2559; x_wconf 73' lang='lat' dir='ltr'><strong>XIX,</strong></span> <span class='ocrx_word' id='word_1_645' title='bbox 2607 2492 2704 2565; x_wconf 79' lang='grc'><strong>21)</strong></span> <span class='ocrx_word' id='word_1_646' title='bbox 2728 2531 2745 2559; x_wconf 90' lang='grc'><em>,</em></span> <span class='ocrx_word' id='word_1_647' title='bbox 2776 2508 2882 2549; x_wconf 91' lang='lat' dir='ltr'><strong>non</strong></span> <span class='ocrx_word' id='word_1_648' title='bbox 2911 2508 3010 2563; x_wconf 92' lang='lat' dir='ltr'><strong>pro</strong></span> <span class='ocrx_word' id='word_1_649' title='bbox 3037 2494 3234 2550; x_wconf 87' lang='lat' dir='ltr'><strong>auditis</strong></span> <span class='ocrx_word' id='word_1_650' title='bbox 3256 2494 3436 2551; x_wconf 91' lang='lat' dir='ltr'><strong>verbis</strong></span> <span class='ocrx_word' id='word_1_651' title='bbox 3463 2493 3548 2549; x_wconf 80' lang='lat' dir='ltr'><strong>fu-</strong></span> 
     </span>
    </p>
   </div>
   <div class='ocr_carea' id='block_1_85' title="bbox 1952 2582 2401 2653">
    <p class='ocr_par' dir='ltr' id='par_1_85' title="bbox 1952 2582 2401 2653">
     <span class='ocr_line' id='line_1_85' title="bbox 1952 2582 2401 2653; baseline 0.002 -15"><span class='ocrx_word' id='word_1_652' title='bbox 1952 2594 2062 2639; x_wconf 88' lang='lat' dir='ltr'><strong>stes</strong></span> <span class='ocrx_word' id='word_1_653' title='bbox 2099 2582 2401 2653; x_wconf 86' lang='lat' dir='ltr'><strong>erigeretis.</strong></span> 
     </span>
    </p>
   </div>
   <div class='ocr_carea' id='block_1_86' title="bbox 2025 2695 3550 2767">
    <p class='ocr_par' dir='ltr' id='par_1_86' title="bbox 2025 2695 3550 2767">
     <span class='ocr_line' id='line_1_86' title="bbox 2025 2695 3550 2767; baseline 0 -13"><span class='ocrx_word' id='word_1_654' title='bbox 2025 2696 2252 2754; x_wconf 84' lang='lat' dir='ltr'><strong>CAPUT</strong></span> <span class='ocrx_word' id='word_1_655' title='bbox 2290 2696 2451 2753; x_wconf 82' lang='lat' dir='ltr'><strong>XCII.</strong></span> <span class='ocrx_word' id='word_1_656' title='bbox 2484 2726 2555 2738; x_wconf 91' lang='lat'><strong><em>—</em></strong></span> <span class='ocrx_word' id='word_1_657' title='bbox 2594 2695 2719 2753; x_wconf 75' lang='lat'><strong>202.</strong></span> <span class='ocrx_word' id='word_1_658' title='bbox 2768 2696 2955 2753; x_wconf 79' lang='grc' dir='ltr'><strong>Ρετιῑ..</strong></span> <span class='ocrx_word' id='word_1_659' title='bbox 2997 2697 3177 2755; x_wconf 85' lang='lat' dir='ltr'><strong>dixit:</strong></span> <span class='ocrx_word' id='word_1_660' title='bbox 3207 2697 3344 2767; x_wconf 82' lang='lat' dir='ltr'><strong>Quid</strong></span> <span class='ocrx_word' id='word_1_661' title='bbox 3380 2699 3550 2754; x_wconf 82' lang='lat' dir='ltr'><strong>autem</strong></span> 
     </span>
    </p>
   </div>
   <div class='ocr_carea' id='block_1_87' title="bbox 1955 2788 3549 2862">
    <p class='ocr_par' dir='ltr' id='par_1_87' title="bbox 1955 2788 3549 2862">
     <span class='ocr_line' id='line_1_87' title="bbox 1955 2788 3549 2862; baseline -0.001 -17"><span class='ocrx_word' id='word_1_662' title='bbox 1955 2788 2091 2845; x_wconf 80' lang='lat' dir='ltr'><strong>vobis</strong></span> <span class='ocrx_word' id='word_1_663' title='bbox 2116 2798 2188 2845; x_wconf 88' lang='lat' dir='ltr'><strong>est</strong></span> <span class='ocrx_word' id='word_1_664' title='bbox 2214 2806 2327 2843; x_wconf 90' lang='lat' dir='ltr'><strong>cum</strong></span> <span class='ocrx_word' id='word_1_665' title='bbox 2355 2789 2555 2859; x_wconf 86' lang='lat' dir='ltr'><strong>regibus</strong></span> <span class='ocrx_word' id='word_1_666' title='bbox 2583 2788 2777 2857; x_wconf 65' lang='lat' dir='ltr'><strong>seaculi,</strong></span> <span class='ocrx_word' id='word_1_667' title='bbox 2803 2806 2927 2860; x_wconf 89' lang='lat' dir='ltr'><strong>quos</strong></span> <span class='ocrx_word' id='word_1_668' title='bbox 2955 2807 3214 2862; x_wconf 87' lang='lat' dir='ltr'><strong>nunquam</strong></span> <span class='ocrx_word' id='word_1_669' title='bbox 3239 2790 3549 2845; x_wconf 80' lang='lat' dir='ltr'><strong>Christiani-</strong></span> 
     </span>
    </p>
   </div>
   <div class='ocr_carea' id='block_1_88' title="bbox 1958 2880 3551 2949">
    <p class='ocr_par' dir='ltr' id='par_1_88' title="bbox 1958 2880 3551 2949">
     <span class='ocr_line' id='line_1_88' title="bbox 1958 2880 3551 2949; baseline -0.001 -13"><span class='ocrx_word' id='word_1_670' title='bbox 1958 2892 2035 2936; x_wconf 90' lang='lat' dir='ltr'><strong>tas</strong></span> <span class='ocrx_word' id='word_1_671' title='bbox 2062 2883 2157 2936; x_wconf 89' lang='lat' dir='ltr'><strong>nisi</strong></span> <span class='ocrx_word' id='word_1_672' title='bbox 2187 2881 2385 2936; x_wconf 85' lang='lat' dir='ltr'><strong>invidos</strong></span> <span class='ocrx_word' id='word_1_673' title='bbox 2410 2882 2613 2936; x_wconf 84' lang='lat' dir='ltr'><strong>sensit?</strong></span> <span class='ocrx_word' id='word_1_674' title='bbox 2646 2881 2795 2949; x_wconf 82' lang='lat' dir='ltr'><strong>Quod</strong></span> <span class='ocrx_word' id='word_1_675' title='bbox 2824 2891 2879 2934; x_wconf 90' lang='lat' dir='ltr'><strong>ut</strong></span> <span class='ocrx_word' id='word_1_676' title='bbox 2913 2881 3124 2935; x_wconf 85' lang='lat' dir='ltr'><strong>breviter</strong></span> <span class='ocrx_word' id='word_1_677' title='bbox 3162 2882 3392 2949; x_wconf 87' lang='lat' dir='ltr'><strong>doceant,</strong></span> <span class='ocrx_word' id='word_1_678' title='bbox 3432 2880 3551 2935; x_wconf 76' lang='lat' dir='ltr'><strong>Ma-</strong></span> 
     </span>
    </p>
   </div>
   <div class='ocr_carea' id='block_1_89' title="bbox 1957 2972 3552 3045">
    <p class='ocr_par' dir='ltr' id='par_1_89' title="bbox 1957 2972 3552 3045">
     <span class='ocr_line' id='line_1_89' title="bbox 1957 2972 3552 3045; baseline -0.001 -17"><span class='ocrx_word' id='word_1_679' title='bbox 1957 2973 2187 3030; x_wconf 78' lang='lat' dir='ltr'><strong>cltabteos</strong></span> <span class='ocrx_word' id='word_1_680' title='bbox 2213 2978 2395 3044; x_wconf 86' lang='lat' dir='ltr'><strong>fratres</strong></span> <span class='ocrx_word' id='word_1_681' title='bbox 2419 2990 2510 3027; x_wconf 77' lang='lat' dir='ltr'><strong>rea:</strong></span> <span class='ocrx_word' id='word_1_682' title='bbox 2536 2981 2823 3043; x_wconf 89' lang='lat' dir='ltr'><strong>persecutas</strong></span> <span class='ocrx_word' id='word_1_683' title='bbox 2848 2984 2921 3028; x_wconf 90' lang='lat' dir='ltr'><strong>est</strong></span> <span class='ocrx_word' id='word_1_684' title='bbox 2943 2973 3010 3044; x_wconf 86' lang='lat' dir='ltr'><strong>(ll</strong></span> <span class='ocrx_word' id='word_1_685' title='bbox 3034 2972 3091 3027; x_wconf 75' lang='grc'><strong>11</strong></span> <span class='ocrx_word' id='word_1_686' title='bbox 3093 2974 3273 3028; x_wconf 84' lang='lat' dir='ltr'><strong>achab.</strong></span> <span class='ocrx_word' id='word_1_687' title='bbox 3296 2973 3412 3045; x_wconf 88' lang='lat' dir='ltr'><strong>vu).</strong></span> <span class='ocrx_word' id='word_1_688' title='bbox 3436 2972 3552 3027; x_wconf 78' lang='lat' dir='ltr'><strong>Rea:</strong></span> 
     </span>
    </p>
   </div>
   <div class='ocr_carea' id='block_1_90' title="bbox 1958 3065 3548 3137">
    <p class='ocr_par' dir='ltr' id='par_1_90' title="bbox 1958 3065 3548 3137">
     <span class='ocr_line' id='line_1_90' title="bbox 1958 3065 3548 3137; baseline 0 -18"><span class='ocrx_word' id='word_1_689' title='bbox 1958 3082 2152 3137; x_wconf 84' lang='lat' dir='ltr'><strong>quoque</strong></span> <span class='ocrx_word' id='word_1_690' title='bbox 2178 3076 2277 3120; x_wconf 89' lang='lat' dir='ltr'><strong>tres</strong></span> <span class='ocrx_word' id='word_1_691' title='bbox 2306 3082 2513 3136; x_wconf 91' lang='lat' dir='ltr'><strong>pueros,</strong></span> <span class='ocrx_word' id='word_1_692' title='bbox 2540 3082 2654 3119; x_wconf 90' lang='lat' dir='ltr'><strong>cum</strong></span> <span class='ocrx_word' id='word_1_693' title='bbox 2683 3067 2791 3137; x_wconf 89' lang='lat' dir='ltr'><strong>ipse</strong></span> <span class='ocrx_word' id='word_1_694' title='bbox 2819 3065 3100 3137; x_wconf 86' lang='lat' dir='ltr'><strong>sacrilegus</strong></span> <span class='ocrx_word' id='word_1_695' title='bbox 3127 3076 3287 3133; x_wconf 91' lang='lat' dir='ltr'><strong>esset,</strong></span> <span class='ocrx_word' id='word_1_696' title='bbox 3325 3065 3548 3136; x_wconf 83' lang='lat' dir='ltr'><strong>ﬂammis</strong></span> 
     </span>
    </p>
   </div>
   <div class='ocr_carea' id='block_1_91' title="bbox 1961 3156 3552 3229">
    <p class='ocr_par' dir='ltr' id='par_1_91' title="bbox 1961 3156 3552 3229">
     <span class='ocr_line' id='line_1_91' title="bbox 1961 3156 3552 3229; baseline -0.001 -17"><span class='ocrx_word' id='word_1_697' title='bbox 1961 3159 2156 3213; x_wconf 88' lang='lat' dir='ltr'><strong>nescius</strong></span> <span class='ocrx_word' id='word_1_698' title='bbox 2184 3158 2431 3229; x_wconf 86' lang='lat' dir='ltr'><strong>religiosis</strong></span> <span class='ocrx_word' id='word_1_699' title='bbox 2470 3157 2669 3211; x_wconf 77' lang='lat' dir='ltr'><strong>addixit</strong></span> <span class='ocrx_word' id='word_1_700' title='bbox 2697 3157 2862 3227; x_wconf 89' lang='lat' dir='ltr'><strong>(Dan.</strong></span> <span class='ocrx_word' id='word_1_701' title='bbox 2902 3159 3006 3227; x_wconf 85' lang='lat' dir='ltr'><strong>ut).</strong></span> <span class='ocrx_word' id='word_1_702' title='bbox 3033 3156 3147 3212; x_wconf 79' lang='lat' dir='ltr'><strong>Rea:</strong></span> <span class='ocrx_word' id='word_1_703' title='bbox 3174 3157 3401 3228; x_wconf 75' lang='lat' dir='ltr'><strong>quwsivit</strong></span> <span class='ocrx_word' id='word_1_704' title='bbox 3436 3158 3552 3211; x_wconf 85' lang='lat' dir='ltr'><strong>ani-</strong></span> 
     </span>
    </p>
   </div>
   <div class='ocr_carea' id='block_1_92' title="bbox 1961 3248 3557 3323">
    <p class='ocr_par' dir='ltr' id='par_1_92' title="bbox 1961 3248 3557 3323">
     <span class='ocr_line' id='line_1_92' title="bbox 1961 3248 3557 3323; baseline -0.001 -19"><span class='ocrx_word' id='word_1_705' title='bbox 1961 3268 2097 3305; x_wconf 90' lang='lat' dir='ltr'><strong>mam</strong></span> <span class='ocrx_word' id='word_1_706' title='bbox 2123 3252 2265 3323; x_wconf 88' lang='lat' dir='ltr'><strong>pueri</strong></span> <span class='ocrx_word' id='word_1_707' title='bbox 2294 3250 2577 3306; x_wconf 89' lang='lat' dir='ltr'><strong>Salvatoris</strong></span> <span class='ocrx_word' id='word_1_708' title='bbox 2606 3248 2815 3323; x_wconf 80' lang='lat' dir='ltr'><strong>(Matth.</strong></span> <span class='ocrx_word' id='word_1_709' title='bbox 2840 3266 2915 3316; x_wconf 86' lang='lat' dir='ltr'><strong>xt,</strong></span> <span class='ocrx_word' id='word_1_710' title='bbox 2945 3251 3058 3321; x_wconf 80' lang='grc'><strong>16).</strong></span> <span class='ocrx_word' id='word_1_711' title='bbox 3082 3249 3197 3305; x_wconf 76' lang='lat' dir='ltr'><strong>Rea:</strong></span> <span class='ocrx_word' id='word_1_712' title='bbox 3215 3251 3557 3321; x_wconf 87' lang='lat' dir='ltr'><strong>justissimum</strong></span> 
     </span>
    </p>
   </div>
   <div class='ocr_carea' id='block_1_93' title="bbox 1962 3341 3554 3413">
    <p class='ocr_par' dir='ltr' id='par_1_93' title="bbox 1962 3341 3554 3413">
     <span class='ocr_line' id='line_1_93' title="bbox 1962 3341 3554 3413; baseline -0.001 -15"><span class='ocrx_word' id='word_1_713' title='bbox 1962 3341 2229 3398; x_wconf 89' lang='lat' dir='ltr'><strong>Danielem</strong></span> <span class='ocrx_word' id='word_1_714' title='bbox 2250 3342 2426 3413; x_wconf 85' lang='lat' dir='ltr'><strong>ferinis</strong></span> <span class='ocrx_word' id='word_1_715' title='bbox 2448 3341 2714 3408; x_wconf 89' lang='lat' dir='ltr'><strong>morsibus,</strong></span> <span class='ocrx_word' id='word_1_716' title='bbox 2736 3351 2792 3395; x_wconf 90' lang='lat' dir='ltr'><strong>ut</strong></span> <span class='ocrx_word' id='word_1_717' title='bbox 2814 3342 3044 3412; x_wconf 86' lang='lat' dir='ltr'><strong>putabat,</strong></span> <span class='ocrx_word' id='word_1_718' title='bbox 3068 3341 3248 3413; x_wconf 89' lang='lat' dir='ltr'><strong>objecit</strong></span> <span class='ocrx_word' id='word_1_719' title='bbox 3269 3341 3429 3413; x_wconf 90' lang='lat' dir='ltr'><strong>(Dan.</strong></span> <span class='ocrx_word' id='word_1_720' title='bbox 3454 3341 3554 3413; x_wconf 80' lang='lat' dir='ltr'><strong>v1).</strong></span> 
     </span>
    </p>
   </div>
   <div class='ocr_carea' id='block_1_94' title="bbox 1963 3432 3557 3507">
    <p class='ocr_par' dir='ltr' id='par_1_94' title="bbox 1963 3432 3557 3507">
     <span class='ocr_line' id='line_1_94' title="bbox 1963 3432 3557 3507; baseline -0.001 -18"><span class='ocrx_word' id='word_1_721' title='bbox 1963 3434 2241 3507; x_wconf 85' lang='lat' dir='ltr'><strong>Ipsumque</strong></span> <span class='ocrx_word' id='word_1_722' title='bbox 2280 3434 2557 3489; x_wconf 88' lang='lat' dir='ltr'><strong>Dominum</strong></span> <span class='ocrx_word' id='word_1_723' title='bbox 2597 3432 2854 3488; x_wconf 84' lang='lat' dir='ltr'><strong>Christum</strong></span> <span class='ocrx_word' id='word_1_724' title='bbox 2878 3434 3043 3503; x_wconf 76' lang='lat' dir='ltr'><strong>judea:</strong></span> <span class='ocrx_word' id='word_1_725' title='bbox 3069 3434 3402 3503; x_wconf 89' lang='lat' dir='ltr'><strong>nequissimus</strong></span> <span class='ocrx_word' id='word_1_726' title='bbox 3425 3433 3557 3505; x_wconf 89' lang='lat' dir='ltr'><strong>regis</strong></span> 
     </span>
    </p>
   </div>
   <div class='ocr_carea' id='block_1_95' title="bbox 1965 3523 3558 3598">
    <p class='ocr_par' dir='ltr' id='par_1_95' title="bbox 1965 3523 3558 3598">
     <span class='ocr_line' id='line_1_95' title="bbox 1965 3523 3558 3598; baseline -0.003 -16"><span class='ocrx_word' id='word_1_727' title='bbox 1965 3529 2144 3582; x_wconf 88' lang='lat' dir='ltr'><strong>occidit</strong></span> <span class='ocrx_word' id='word_1_728' title='bbox 2168 3526 2380 3598; x_wconf 78' lang='lat' dir='ltr'><strong>(Matth.</strong></span> <span class='ocrx_word' id='word_1_729' title='bbox 2413 3542 2584 3593; x_wconf 81' lang='lat' dir='ltr'><strong>xxvn,</strong></span> <span class='ocrx_word' id='word_1_730' title='bbox 2609 3523 2725 3597; x_wconf 72' lang='lat'><strong>26).</strong></span> <span class='ocrx_word' id='word_1_731' title='bbox 2750 3523 2883 3581; x_wconf 85' lang='lat' dir='ltr'><strong>Inde</strong></span> <span class='ocrx_word' id='word_1_732' title='bbox 2908 3535 2981 3580; x_wconf 90' lang='lat' dir='ltr'><strong>est</strong></span> <span class='ocrx_word' id='word_1_733' title='bbox 3001 3525 3136 3597; x_wconf 89' lang='lat' dir='ltr'><strong>quod</strong></span> <span class='ocrx_word' id='word_1_734' title='bbox 3154 3526 3425 3596; x_wconf 84' lang='lat' dir='ltr'><strong>Apostolus</strong></span> <span class='ocrx_word' id='word_1_735' title='bbox 3446 3525 3558 3579; x_wconf 80' lang='lat' dir='ltr'><strong>cla-</strong></span> 
     </span>
    </p>
   </div>
   <div class='ocr_carea' id='block_1_96' title="bbox 1966 3617 3559 3690">
    <p class='ocr_par' dir='ltr' id='par_1_96' title="bbox 1966 3617 3559 3690">
     <span class='ocr_line' id='line_1_96' title="bbox 1966 3617 3559 3690; baseline -0.001 -17"><span class='ocrx_word' id='word_1_736' title='bbox 1966 3627 2070 3673; x_wconf 88' lang='lat' dir='ltr'><strong>mat</strong></span> <span class='ocrx_word' id='word_1_737' title='bbox 2102 3635 2121 3673; x_wconf 91' lang='lat'><strong><em>:</em></strong></span> <span class='ocrx_word' id='word_1_738' title='bbox 2156 3636 2175 3670; x_wconf 71' lang='grc' dir='ltr'>ι</span> <span class='ocrx_word' id='word_1_739' title='bbox 2212 3619 2530 3690; x_wconf 88' lang='lat' dir='ltr'><strong>Sapientiam</strong></span> <span class='ocrx_word' id='word_1_740' title='bbox 2568 3618 2820 3689; x_wconf 89' lang='lat' dir='ltr'><strong>loquimur</strong></span> <span class='ocrx_word' id='word_1_741' title='bbox 2862 3618 2993 3672; x_wconf 90' lang='lat' dir='ltr'><strong>inter</strong></span> <span class='ocrx_word' id='word_1_742' title='bbox 3033 3621 3309 3689; x_wconf 87' lang='lat' dir='ltr'><strong>perfectos,</strong></span> <span class='ocrx_word' id='word_1_743' title='bbox 3352 3617 3559 3687; x_wconf 87' lang='lat' dir='ltr'><strong>sapien-</strong></span> 
     </span>
    </p>
   </div>
   <div class='ocr_carea' id='block_1_97' title="bbox 1965 3707 3551 3783">
    <p class='ocr_par' dir='ltr' id='par_1_97' title="bbox 1965 3707 3551 3783">
     <span class='ocr_line' id='line_1_97' title="bbox 1965 3707 3551 3783; baseline -0.003 -17"><span class='ocrx_word' id='word_1_744' title='bbox 1965 3714 2087 3766; x_wconf 88' lang='lat' dir='ltr'><strong>tiam</strong></span> <span class='ocrx_word' id='word_1_745' title='bbox 2115 3729 2217 3766; x_wconf 90' lang='lat' dir='ltr'><strong>non</strong></span> <span class='ocrx_word' id='word_1_746' title='bbox 2243 3713 2394 3783; x_wconf 86' lang='lat' dir='ltr'><strong>hujus</strong></span> <span class='ocrx_word' id='word_1_747' title='bbox 2418 3710 2591 3767; x_wconf 73' lang='lat' dir='ltr'><strong>saeculi</strong></span> <span class='ocrx_word' id='word_1_748' title='bbox 2611 3752 2625 3775; x_wconf 92' lang='lat'><strong>,</strong></span> <span class='ocrx_word' id='word_1_749' title='bbox 2664 3726 2822 3781; x_wconf 87' lang='lat' dir='ltr'><strong>neque</strong></span> <span class='ocrx_word' id='word_1_750' title='bbox 2861 3710 3151 3779; x_wconf 86' lang='lat' dir='ltr'><strong>principum</strong></span> <span class='ocrx_word' id='word_1_751' title='bbox 3184 3711 3337 3781; x_wconf 86' lang='lat' dir='ltr'><strong>hujus</strong></span> <span class='ocrx_word' id='word_1_752' title='bbox 3372 3707 3551 3761; x_wconf 89' lang='lat' dir='ltr'><strong>mundi</strong></span> 
     </span>
    </p>
   </div>
   <div class='ocr_carea' id='block_1_98' title="bbox 1968 3800 3559 3874">
    <p class='ocr_par' dir='ltr' id='par_1_98' title="bbox 1968 3800 3559 3874">
     <span class='ocr_line' id='line_1_98' title="bbox 1968 3800 3559 3874; baseline -0.003 -19"><span class='ocrx_word' id='word_1_753' title='bbox 1968 3819 2080 3874; x_wconf 68' lang='lat' dir='ltr'><strong>qua:</strong></span> <span class='ocrx_word' id='word_1_754' title='bbox 2104 3813 2412 3865; x_wconf 87' lang='lat' dir='ltr'><strong>evacuatur;</strong></span> <span class='ocrx_word' id='word_1_755' title='bbox 2452 3802 2540 3856; x_wconf 90' lang='lat' dir='ltr'><strong>sed</strong></span> <span class='ocrx_word' id='word_1_756' title='bbox 2572 3801 2825 3869; x_wconf 88' lang='lat' dir='ltr'><strong>loquimur</strong></span> <span class='ocrx_word' id='word_1_757' title='bbox 2853 3800 2951 3854; x_wconf 89' lang='lat' dir='ltr'><strong>Dei</strong></span> <span class='ocrx_word' id='word_1_758' title='bbox 2980 3801 3281 3869; x_wconf 87' lang='lat' dir='ltr'><strong>sapientiam</strong></span> <span class='ocrx_word' id='word_1_759' title='bbox 3306 3800 3359 3852; x_wconf 91' lang='lat' dir='ltr'><strong>in</strong></span> <span class='ocrx_word' id='word_1_760' title='bbox 3383 3814 3559 3853; x_wconf 86' lang='lat' dir='ltr'><strong>sacra-</strong></span> 
     </span>
    </p>
   </div>
   <div class='ocr_carea' id='block_1_99' title="bbox 1968 3890 3558 3964">
    <p class='ocr_par' dir='ltr' id='par_1_99' title="bbox 1968 3890 3558 3964">
     <span class='ocr_line' id='line_1_99' title="bbox 1968 3890 3558 3964; baseline -0.001 -16"><span class='ocrx_word' id='word_1_761' title='bbox 1968 3906 2153 3961; x_wconf 88' lang='lat' dir='ltr'><strong>mento,</strong></span> <span class='ocrx_word' id='word_1_762' title='bbox 2185 3910 2296 3964; x_wconf 78' lang='lat' dir='ltr'><strong>qua:</strong></span> <span class='ocrx_word' id='word_1_763' title='bbox 2326 3894 2421 3964; x_wconf 86' lang='lat' dir='ltr'><strong>fuit</strong></span> <span class='ocrx_word' id='word_1_764' title='bbox 2446 3892 2758 3956; x_wconf 88' lang='lat' dir='ltr'><strong>abscondita,</strong></span> <span class='ocrx_word' id='word_1_765' title='bbox 2790 3909 2939 3961; x_wconf 91' lang='lat' dir='ltr'><strong>quam</strong></span> <span class='ocrx_word' id='word_1_766' title='bbox 2978 3892 3233 3945; x_wconf 83' lang='lat' dir='ltr'><strong>constituit</strong></span> <span class='ocrx_word' id='word_1_767' title='bbox 3266 3890 3405 3945; x_wconf 90' lang='lat' dir='ltr'><strong>Deus</strong></span> <span class='ocrx_word' id='word_1_768' title='bbox 3440 3900 3558 3946; x_wconf 85' lang='lat' dir='ltr'><strong>ante</strong></span> 
     </span>
    </p>
   </div>
   <div class='ocr_carea' id='block_1_100' title="bbox 1968 3983 3563 4057">
    <p class='ocr_par' dir='ltr' id='par_1_100' title="bbox 1968 3983 3563 4057">
     <span class='ocr_line' id='line_1_100' title="bbox 1968 3983 3563 4057; baseline -0.004 -13"><span class='ocrx_word' id='word_1_769' title='bbox 1968 3987 2157 4044; x_wconf 68' lang='lat' dir='ltr'><strong>sarcula</strong></span> <span class='ocrx_word' id='word_1_770' title='bbox 2185 3988 2237 4040; x_wconf 90' lang='lat' dir='ltr'><strong>in</strong></span> <span class='ocrx_word' id='word_1_771' title='bbox 2262 3986 2478 4057; x_wconf 86' lang='lat' dir='ltr'><strong>gloriam</strong></span> <span class='ocrx_word' id='word_1_772' title='bbox 2504 3997 2749 4048; x_wconf 88' lang='lat' dir='ltr'><strong>nostram,</strong></span> <span class='ocrx_word' id='word_1_773' title='bbox 2786 4000 2937 4052; x_wconf 84' lang='lat' dir='ltr'><strong>quam</strong></span> <span class='ocrx_word' id='word_1_774' title='bbox 2966 3998 3111 4038; x_wconf 91' lang='lat' dir='ltr'><strong>nemo</strong></span> <span class='ocrx_word' id='word_1_775' title='bbox 3148 3983 3438 4054; x_wconf 82' lang='lat' dir='ltr'><strong>principum</strong></span> <span class='ocrx_word' id='word_1_776' title='bbox 3467 3985 3563 4038; x_wconf 83' lang='lat' dir='ltr'><strong>hu-</strong></span> 
     </span>
    </p>
   </div>
   <div class='ocr_carea' id='block_1_101' title="bbox 1960 4077 3563 4152">
    <p class='ocr_par' dir='ltr' id='par_1_101' title="bbox 1960 4077 3563 4152">
     <span class='ocr_line' id='line_1_101' title="bbox 1960 4077 3563 4152; baseline 0 -17"><span class='ocrx_word' id='word_1_777' title='bbox 1960 4082 2052 4151; x_wconf 87' lang='lat' dir='ltr'><strong>jus</strong></span> <span class='ocrx_word' id='word_1_778' title='bbox 2080 4080 2255 4134; x_wconf 71' lang='lat' dir='ltr'><strong>sa&#39;culi</strong></span> <span class='ocrx_word' id='word_1_779' title='bbox 2283 4078 2532 4150; x_wconf 88' lang='lat' dir='ltr'><strong>cognovit.</strong></span> <span class='ocrx_word' id='word_1_780' title='bbox 2578 4077 2639 4133; x_wconf 88' lang='lat' dir='ltr'><strong>Si</strong></span> <span class='ocrx_word' id='word_1_781' title='bbox 2674 4078 2808 4131; x_wconf 89' lang='lat' dir='ltr'><strong>enim</strong></span> <span class='ocrx_word' id='word_1_782' title='bbox 2836 4077 3221 4147; x_wconf 90' lang='lat' dir='ltr'><strong>cognovissent,</strong></span> <span class='ocrx_word' id='word_1_783' title='bbox 3252 4094 3353 4132; x_wconf 90' lang='lat' dir='ltr'><strong>non</strong></span> <span class='ocrx_word' id='word_1_784' title='bbox 3390 4080 3563 4152; x_wconf 84' lang='lat' dir='ltr'><strong>utique</strong></span> 
     </span>
    </p>
   </div>
   <div class='ocr_carea' id='block_1_102' title="bbox 1970 4169 3557 4244">
    <p class='ocr_par' dir='ltr' id='par_1_102' title="bbox 1970 4169 3557 4244">
     <span class='ocr_line' id='line_1_102' title="bbox 1970 4169 3557 4244; baseline -0.003 -16"><span class='ocrx_word' id='word_1_785' title='bbox 1970 4173 2249 4227; x_wconf 90' lang='lat' dir='ltr'><strong>Dominum</strong></span> <span class='ocrx_word' id='word_1_786' title='bbox 2291 4171 2569 4243; x_wconf 88' lang='lat' dir='ltr'><strong>majestatis</strong></span> <span class='ocrx_word' id='word_1_787' title='bbox 2596 4170 2965 4239; x_wconf 74' lang='lat' dir='ltr'><strong>cruciﬁxissent</strong></span> <span class='ocrx_word' id='word_1_788' title='bbox 3004 4187 3022 4221; x_wconf 75' lang='grc' dir='ltr'><strong><em>ι</em></strong></span> <span class='ocrx_word' id='word_1_789' title='bbox 3066 4169 3110 4240; x_wconf 88' lang='grc' dir='ltr'><strong>(ι</strong></span> <span class='ocrx_word' id='word_1_790' title='bbox 3150 4169 3265 4224; x_wconf 85' lang='lat' dir='ltr'><strong>Cor.</strong></span> <span class='ocrx_word' id='word_1_791' title='bbox 3294 4186 3364 4234; x_wconf 88' lang='lat' dir='ltr'><strong>ll,</strong></span> <span class='ocrx_word' id='word_1_792' title='bbox 3406 4169 3557 4244; x_wconf 85' lang='lat'><strong>6-8).</strong></span> 
     </span>
    </p>
   </div>
   <div class='ocr_carea' id='block_1_103' title="bbox 1974 4261 3564 4335">
    <p class='ocr_par' dir='ltr' id='par_1_103' title="bbox 1974 4261 3564 4335">
     <span class='ocr_line' id='line_1_103' title="bbox 1974 4261 3564 4335; baseline -0.003 -13"><span class='ocrx_word' id='word_1_793' title='bbox 1974 4266 2081 4322; x_wconf 87' lang='lat' dir='ltr'><strong>Sed</strong></span> <span class='ocrx_word' id='word_1_794' title='bbox 2121 4264 2184 4319; x_wconf 90' lang='lat' dir='ltr'><strong>de</strong></span> <span class='ocrx_word' id='word_1_795' title='bbox 2221 4263 2447 4334; x_wconf 87' lang='lat' dir='ltr'><strong>pristinis</strong></span> <span class='ocrx_word' id='word_1_796' title='bbox 2478 4262 2677 4335; x_wconf 89' lang='lat' dir='ltr'><strong>regibus</strong></span> <span class='ocrx_word' id='word_1_797' title='bbox 2711 4262 2925 4333; x_wconf 90' lang='lat' dir='ltr'><strong>paganis</strong></span> <span class='ocrx_word' id='word_1_798' title='bbox 2956 4261 3048 4315; x_wconf 88' lang='lat' dir='ltr'><strong>hoc</strong></span> <span class='ocrx_word' id='word_1_799' title='bbox 3092 4261 3283 4315; x_wconf 88' lang='lat' dir='ltr'><strong>dictum</strong></span> <span class='ocrx_word' id='word_1_800' title='bbox 3325 4263 3411 4316; x_wconf 88' lang='lat' dir='ltr'><strong>sit.</strong></span> <span class='ocrx_word' id='word_1_801' title='bbox 3468 4262 3564 4317; x_wconf 85' lang='lat' dir='ltr'><strong>Vos</strong></span> 
     </span>
    </p>
   </div>
   <div class='ocr_carea' id='block_1_104' title="bbox 1974 4354 3568 4429">
    <p class='ocr_par' dir='ltr' id='par_1_104' title="bbox 1974 4354 3568 4429">
     <span class='ocr_line' id='line_1_104' title="bbox 1974 4354 3568 4429; baseline -0.003 -14"><span class='ocrx_word' id='word_1_802' title='bbox 1974 4369 2177 4425; x_wconf 90' lang='lat' dir='ltr'><strong>autem,</strong></span> <span class='ocrx_word' id='word_1_803' title='bbox 2205 4357 2359 4429; x_wconf 82' lang='lat' dir='ltr'><strong>hujus</strong></span> <span class='ocrx_word' id='word_1_804' title='bbox 2385 4357 2561 4411; x_wconf 65' lang='lat' dir='ltr'><strong>saeculi</strong></span> <span class='ocrx_word' id='word_1_805' title='bbox 2584 4356 2913 4426; x_wconf 86' lang='lat' dir='ltr'><strong>imperatores</strong></span> <span class='ocrx_word' id='word_1_806' title='bbox 2938 4395 2954 4419; x_wconf 93' lang='lat'><strong>,</strong></span> <span class='ocrx_word' id='word_1_807' title='bbox 3000 4354 3122 4424; x_wconf 88' lang='lat' dir='ltr'><strong>quia</strong></span> <span class='ocrx_word' id='word_1_808' title='bbox 3164 4354 3435 4409; x_wconf 86' lang='lat' dir='ltr'><strong>christiani</strong></span> <span class='ocrx_word' id='word_1_809' title='bbox 3460 4371 3568 4411; x_wconf 86' lang='lat' dir='ltr'><strong>esse</strong></span> 
     </span>
    </p>
   </div>
   <div class='ocr_carea' id='block_1_105' title="bbox 1976 4446 3569 4519">
    <p class='ocr_par' dir='ltr' id='par_1_105' title="bbox 1976 4446 3569 4519">
     <span class='ocr_line' id='line_1_105' title="bbox 1976 4446 3569 4519; baseline -0.003 -13"><span class='ocrx_word' id='word_1_810' title='bbox 1976 4452 2280 4515; x_wconf 89' lang='lat' dir='ltr'><strong>desiderant,</strong></span> <span class='ocrx_word' id='word_1_811' title='bbox 2310 4465 2411 4503; x_wconf 90' lang='lat' dir='ltr'><strong>non</strong></span> <span class='ocrx_word' id='word_1_812' title='bbox 2437 4448 2723 4517; x_wconf 90' lang='lat' dir='ltr'><strong>permittitis</strong></span> <span class='ocrx_word' id='word_1_813' title='bbox 2748 4463 2852 4502; x_wconf 88' lang='lat' dir='ltr'><strong>esse</strong></span> <span class='ocrx_word' id='word_1_814' title='bbox 2871 4446 3171 4501; x_wconf 88' lang='lat' dir='ltr'><strong>christianos</strong></span> <span class='ocrx_word' id='word_1_815' title='bbox 3190 4487 3205 4510; x_wconf 88' lang='lat'><strong>,</strong></span> <span class='ocrx_word' id='word_1_816' title='bbox 3233 4462 3348 4500; x_wconf 88' lang='lat' dir='ltr'><strong>cum</strong></span> <span class='ocrx_word' id='word_1_817' title='bbox 3377 4449 3495 4519; x_wconf 87' lang='lat' dir='ltr'><strong>fuco</strong></span> <span class='ocrx_word' id='word_1_818' title='bbox 3522 4457 3569 4502; x_wconf 90' lang='lat' dir='ltr'><strong>et</strong></span> 
     </span>
    </p>
   </div>
   <div class='ocr_carea' id='block_1_106' title="bbox 1978 4537 3571 4604">
    <p class='ocr_par' dir='ltr' id='par_1_106' title="bbox 1978 4537 3571 4604">
     <span class='ocr_line' id='line_1_106' title="bbox 1978 4537 3571 4604; baseline -0.004 -5"><span class='ocrx_word' id='word_1_819' title='bbox 1978 4544 2161 4599; x_wconf 90' lang='lat' dir='ltr'><strong>nebula</strong></span> <span class='ocrx_word' id='word_1_820' title='bbox 2187 4542 2335 4597; x_wconf 83' lang='lat' dir='ltr'><strong>vestri</strong></span> <span class='ocrx_word' id='word_1_821' title='bbox 2358 4540 2608 4595; x_wconf 86' lang='lat' dir='ltr'><strong>mendacii</strong></span> <span class='ocrx_word' id='word_1_822' title='bbox 2637 4538 2835 4595; x_wconf 88' lang='lat' dir='ltr'><strong>eosdem</strong></span> <span class='ocrx_word' id='word_1_823' title='bbox 2862 4538 2991 4592; x_wconf 92' lang='lat' dir='ltr'><strong>bona</strong></span> <span class='ocrx_word' id='word_1_824' title='bbox 3016 4547 3181 4593; x_wconf 88' lang='lat' dir='ltr'><strong>mente</strong></span> <span class='ocrx_word' id='word_1_825' title='bbox 3202 4539 3479 4604; x_wconf 86' lang='lat' dir='ltr'><strong>credentes,</strong></span> <span class='ocrx_word' id='word_1_826' title='bbox 3503 4537 3571 4592; x_wconf 89' lang='lat' dir='ltr'><strong>ad</strong></span> 
     </span>
    </p>
   </div>
   <div class='ocr_carea' id='block_1_107' title="bbox 1978 4632 3571 4709">
    <p class='ocr_par' dir='ltr' id='par_1_107' title="bbox 1978 4632 3571 4709">
     <span class='ocr_line' id='line_1_107' title="bbox 1978 4632 3571 4709; baseline -0.004 -17"><span class='ocrx_word' id='word_1_827' title='bbox 1978 4638 2287 4709; x_wconf 89' lang='lat' dir='ltr'><strong>iniquitatem</strong></span> <span class='ocrx_word' id='word_1_828' title='bbox 2311 4644 2525 4690; x_wconf 90' lang='lat' dir='ltr'><strong>vestram</strong></span> <span class='ocrx_word' id='word_1_829' title='bbox 2546 4650 2754 4705; x_wconf 87' lang='lat' dir='ltr'><strong>prorsus</strong></span> <span class='ocrx_word' id='word_1_830' title='bbox 2774 4632 3046 4698; x_wconf 88' lang='lat' dir='ltr'><strong>adducitis,</strong></span> <span class='ocrx_word' id='word_1_831' title='bbox 3068 4641 3125 4685; x_wconf 90' lang='lat' dir='ltr'><strong>ut</strong></span> <span class='ocrx_word' id='word_1_832' title='bbox 3144 4632 3300 4686; x_wconf 89' lang='lat' dir='ltr'><strong>armis</strong></span> <span class='ocrx_word' id='word_1_833' title='bbox 3322 4633 3428 4687; x_wconf 88' lang='lat' dir='ltr'><strong>suis</strong></span> <span class='ocrx_word' id='word_1_834' title='bbox 3452 4649 3571 4687; x_wconf 88' lang='lat' dir='ltr'><strong>con-</strong></span> 
     </span>
    </p>
   </div>
   <div class='ocr_carea' id='block_1_108' title="bbox 1981 4722 3611 4801">
    <p class='ocr_par' dir='ltr' id='par_1_108' title="bbox 1981 4722 3611 4801">
     <span class='ocr_line' id='line_1_108' title="bbox 1981 4722 3611 4801; baseline -0.004 -16"><span class='ocrx_word' id='word_1_835' title='bbox 1981 4738 2061 4785; x_wconf 88' lang='lat' dir='ltr'><strong>tra</strong></span> <span class='ocrx_word' id='word_1_836' title='bbox 2103 4731 2268 4785; x_wconf 89' lang='lat' dir='ltr'><strong>hostes</strong></span> <span class='ocrx_word' id='word_1_837' title='bbox 2292 4726 2582 4797; x_wconf 73' lang='lat' dir='ltr'><strong>reipublicae</strong></span> <span class='ocrx_word' id='word_1_838' title='bbox 2620 4725 2923 4797; x_wconf 66' lang='lat' dir='ltr'><strong>praeparatis</strong></span> <span class='ocrx_word' id='word_1_839' title='bbox 2965 4722 3370 4801; x_wconf 28' lang='lat' dir='ltr'><strong>in‘CItristianos</strong></span> <span class='ocrx_word' id='word_1_840' title='bbox 3408 4726 3611 4795; x_wconf 57' lang='grc' dir='ltr'><strong>ἔρισαν-η</strong></span> 
     </span>
    </p>
   </div>
   <div class='ocr_carea' id='block_1_109' title="bbox 1980 4815 3604 4894">
    <p class='ocr_par' dir='ltr' id='par_1_109' title="bbox 1980 4815 3604 4894">
     <span class='ocr_line' id='line_1_109' title="bbox 1980 4815 3604 4894; baseline -0.007 -15"><span class='ocrx_word' id='word_1_841' title='bbox 1980 4831 2117 4890; x_wconf 87' lang='lat' dir='ltr'><strong>rant,</strong></span> <span class='ocrx_word' id='word_1_842' title='bbox 2145 4831 2415 4894; x_wconf 76' lang='lat' dir='ltr'><strong>patentque</strong></span> <span class='ocrx_word' id='word_1_843' title='bbox 2442 4836 2494 4873; x_wconf 89' lang='lat' dir='ltr'><strong>se</strong></span> <span class='ocrx_word' id='word_1_844' title='bbox 2518 4817 2839 4873; x_wconf 87' lang='lat' dir='ltr'><strong>suasionibus</strong></span> <span class='ocrx_word' id='word_1_845' title='bbox 2876 4816 3051 4871; x_wconf 88' lang='lat' dir='ltr'><strong>vestris</strong></span> <span class='ocrx_word' id='word_1_846' title='bbox 3080 4815 3187 4871; x_wconf 90' lang='lat' dir='ltr'><strong>Deo</strong></span> <span class='ocrx_word' id='word_1_847' title='bbox 3225 4818 3440 4888; x_wconf 67' lang='lat' dir='ltr'><strong>ofﬁcium</strong></span> <span class='ocrx_word' id='word_1_848' title='bbox 3478 4821 3558 4887; x_wconf 88' lang='lat' dir='ltr'><strong>fa-</strong></span> <span class='ocrx_word' id='word_1_849' title='bbox 3602 4860 3604 4887; x_wconf 48' lang='grc' dir='ltr'><strong>τ</strong></span> 
     </span>
    </p>
   </div>
   <div class='ocr_carea' id='block_1_110' title="bbox 1983 4901 3613 4993">
    <p class='ocr_par' dir='ltr' id='par_1_110' title="bbox 1983 4901 3613 4993">
     <span class='ocr_line' id='line_1_110' title="bbox 1983 4901 3613 4993; baseline -0.009 -20"><span class='ocrx_word' id='word_1_850' title='bbox 1983 4934 2117 4985; x_wconf 90' lang='lat' dir='ltr'><strong>cere,</strong></span> <span class='ocrx_word' id='word_1_851' title='bbox 2139 4917 2182 4971; x_wconf 87' lang='lat' dir='ltr'><strong>si</strong></span> <span class='ocrx_word' id='word_1_852' title='bbox 2201 4932 2291 4969; x_wconf 89' lang='lat' dir='ltr'><strong>nos</strong></span> <span class='ocrx_word' id='word_1_853' title='bbox 2315 4930 2439 4984; x_wconf 88' lang='lat' dir='ltr'><strong>quos</strong></span> <span class='ocrx_word' id='word_1_854' title='bbox 2465 4912 2643 4965; x_wconf 89' lang='lat' dir='ltr'><strong>odistis</strong></span> <span class='ocrx_word' id='word_1_855' title='bbox 2667 4910 2920 4977; x_wconf 87' lang='lat' dir='ltr'><strong>occidant,</strong></span> <span class='ocrx_word' id='word_1_856' title='bbox 2948 4909 3145 4965; x_wconf 86' lang='lat' dir='ltr'><strong>dicente</strong></span> <span class='ocrx_word' id='word_1_857' title='bbox 3167 4908 3387 4964; x_wconf 85' lang='lat' dir='ltr'><strong>Domino</strong></span> <span class='ocrx_word' id='word_1_858' title='bbox 3416 4907 3567 4962; x_wconf 85' lang='lat' dir='ltr'><strong>Chri-</strong></span> <span class='ocrx_word' id='word_1_859' title='bbox 3602 4901 3613 4993; x_wconf 46' lang='grc' dir='ltr'><strong>ἱ</strong></span> 
     </span>
    </p>
   </div>
   <div class='ocr_carea' id='block_1_111' title="bbox 1985 4998 3569 5077">
    <p class='ocr_par' dir='ltr' id='par_1_111' title="bbox 1985 4998 3569 5077">
     <span class='ocr_line' id='line_1_111' title="bbox 1985 4998 3569 5077; baseline -0.008 -12"><span class='ocrx_word' id='word_1_860' title='bbox 1985 5020 2079 5077; x_wconf 91' lang='lat' dir='ltr'><strong>sto,</strong></span> <span class='ocrx_word' id='word_1_861' title='bbox 2120 5028 2140 5063; x_wconf 76' lang='grc' dir='ltr'>ι</span> <span class='ocrx_word' id='word_1_862' title='bbox 2186 5007 2389 5071; x_wconf 86' lang='lat' dir='ltr'><strong>Veniet,</strong></span> <span class='ocrx_word' id='word_1_863' title='bbox 2439 5005 2639 5075; x_wconf 90' lang='lat' dir='ltr'><strong>inquit,</strong></span> <span class='ocrx_word' id='word_1_864' title='bbox 2691 5014 2888 5074; x_wconf 83' lang='lat' dir='ltr'><strong>tempus</strong></span> <span class='ocrx_word' id='word_1_865' title='bbox 2926 5010 2984 5057; x_wconf 88' lang='lat' dir='ltr'><strong>ut</strong></span> <span class='ocrx_word' id='word_1_866' title='bbox 3032 5003 3122 5075; x_wconf 88' lang='lat' dir='ltr'><strong>qui</strong></span> <span class='ocrx_word' id='word_1_867' title='bbox 3168 5017 3255 5058; x_wconf 79' lang='lat' dir='ltr'><strong>tos</strong></span> <span class='ocrx_word' id='word_1_868' title='bbox 3302 4998 3569 5063; x_wconf 85' lang='lat' dir='ltr'><strong>occiderit,</strong></span> 
     </span>
    </p>
   </div>
   <div class='ocr_carea' id='block_1_112' title="bbox 1988 5090 3569 5177">
    <p class='ocr_par' dir='ltr' id='par_1_112' title="bbox 1988 5090 3569 5177">
     <span class='ocr_line' id='line_1_112' title="bbox 1988 5090 3569 5177; baseline -0.009 -19"><span class='ocrx_word' id='word_1_869' title='bbox 1988 5112 2126 5177; x_wconf 89' lang='lat' dir='ltr'><strong>putet</strong></span> <span class='ocrx_word' id='word_1_870' title='bbox 2150 5117 2203 5156; x_wconf 88' lang='lat' dir='ltr'><strong>se</strong></span> <span class='ocrx_word' id='word_1_871' title='bbox 2226 5098 2336 5153; x_wconf 91' lang='lat' dir='ltr'><strong>Deo</strong></span> <span class='ocrx_word' id='word_1_872' title='bbox 2372 5097 2591 5169; x_wconf 78' lang='lat' dir='ltr'><strong>ofﬁcium</strong></span> <span class='ocrx_word' id='word_1_873' title='bbox 2617 5101 2782 5169; x_wconf 88' lang='lat' dir='ltr'><strong>facere</strong></span> <span class='ocrx_word' id='word_1_874' title='bbox 2812 5115 2831 5149; x_wconf 74' lang='grc' dir='ltr'><strong><em>ι</em></strong></span> <span class='ocrx_word' id='word_1_875' title='bbox 2861 5092 3041 5170; x_wconf 78' lang='lat' dir='ltr'><strong>(Joan.</strong></span> <span class='ocrx_word' id='word_1_876' title='bbox 3064 5110 3170 5157; x_wconf 74' lang='lat' dir='ltr'><strong>xvr,</strong></span> <span class='ocrx_word' id='word_1_877' title='bbox 3196 5095 3276 5164; x_wconf 74' lang='lat'><strong>2).</strong></span> <span class='ocrx_word' id='word_1_878' title='bbox 3302 5090 3452 5146; x_wconf 84' lang='lat' dir='ltr'><strong>Nihil</strong></span> <span class='ocrx_word' id='word_1_879' title='bbox 3470 5090 3569 5161; x_wconf 84' lang='lat' dir='ltr'><strong>igi-</strong></span> 
     </span>
    </p>
   </div>
   <div class='ocr_carea' id='block_1_113' title="bbox 1991 5180 3574 5256">
    <p class='ocr_par' dir='ltr' id='par_1_113' title="bbox 1991 5180 3574 5256">
     <span class='ocr_line' id='line_1_113' title="bbox 1991 5180 3574 5256; baseline -0.01 -5"><span class='ocrx_word' id='word_1_880' title='bbox 1991 5207 2070 5252; x_wconf 89' lang='lat' dir='ltr'><strong>tur</strong></span> <span class='ocrx_word' id='word_1_881' title='bbox 2097 5196 2297 5250; x_wconf 86' lang='lat' dir='ltr'><strong>interest</strong></span> <span class='ocrx_word' id='word_1_882' title='bbox 2340 5192 2476 5246; x_wconf 90' lang='lat' dir='ltr'><strong>vobis</strong></span> <span class='ocrx_word' id='word_1_883' title='bbox 2517 5192 2650 5245; x_wconf 87' lang='lat' dir='ltr'><strong>male</strong></span> <span class='ocrx_word' id='word_1_884' title='bbox 2694 5187 2988 5244; x_wconf 86' lang='lat' dir='ltr'><strong>docentibus</strong></span> <span class='ocrx_word' id='word_1_885' title='bbox 3009 5228 3026 5256; x_wconf 93' lang='lat'><strong>,</strong></span> <span class='ocrx_word' id='word_1_886' title='bbox 3058 5191 3227 5240; x_wconf 87' lang='lat' dir='ltr'><strong>utrum</strong></span> <span class='ocrx_word' id='word_1_887' title='bbox 3252 5198 3393 5255; x_wconf 85' lang='lat' dir='ltr'><strong>reges</strong></span> <span class='ocrx_word' id='word_1_888' title='bbox 3439 5180 3574 5236; x_wconf 89' lang='lat' dir='ltr'><strong>orbis</strong></span> 
     </span>
    </p>
   </div>
   <div class='ocr_carea' id='block_1_114' title="bbox 1992 5272 3577 5356">
    <p class='ocr_par' dir='ltr' id='par_1_114' title="bbox 1992 5272 3577 5356">
     <span class='ocr_line' id='line_1_114' title="bbox 1992 5272 3577 5356; baseline -0.013 -12"><span class='ocrx_word' id='word_1_889' title='bbox 1992 5300 2261 5352; x_wconf 89' lang='lat' dir='ltr'><strong>terrarum,</strong></span> <span class='ocrx_word' id='word_1_890' title='bbox 2291 5283 2500 5356; x_wconf 89' lang='lat' dir='ltr'><strong>pagani,</strong></span> <span class='ocrx_word' id='word_1_891' title='bbox 2531 5281 2665 5351; x_wconf 90' lang='lat' dir='ltr'><strong>quod</strong></span> <span class='ocrx_word' id='word_1_892' title='bbox 2689 5278 2839 5347; x_wconf 88' lang='lat' dir='ltr'><strong>absit,</strong></span> <span class='ocrx_word' id='word_1_893' title='bbox 2864 5295 2931 5334; x_wconf 89' lang='lat' dir='ltr'><strong>an</strong></span> <span class='ocrx_word' id='word_1_894' title='bbox 2955 5275 3219 5333; x_wconf 88' lang='lat' dir='ltr'><strong>christiani</strong></span> <span class='ocrx_word' id='word_1_895' title='bbox 3245 5290 3352 5328; x_wconf 90' lang='lat' dir='ltr'><strong>esse</strong></span> <span class='ocrx_word' id='word_1_896' title='bbox 3375 5272 3577 5326; x_wconf 83' lang='lat' dir='ltr'><strong>deside-</strong></span> 
     </span>
    </p>
   </div>
   <div class='ocr_carea' id='block_1_115' title="bbox 1990 5364 3577 5449">
    <p class='ocr_par' dir='ltr' id='par_1_115' title="bbox 1990 5364 3577 5449">
     <span class='ocr_line' id='line_1_115' title="bbox 1990 5364 3577 5449; baseline -0.011 -10"><span class='ocrx_word' id='word_1_897' title='bbox 1990 5392 2135 5449; x_wconf 88' lang='lat' dir='ltr'><strong>rent;</strong></span> <span class='ocrx_word' id='word_1_898' title='bbox 2160 5397 2274 5435; x_wconf 87' lang='lat' dir='ltr'><strong>cum</strong></span> <span class='ocrx_word' id='word_1_899' title='bbox 2304 5378 2504 5433; x_wconf 89' lang='lat' dir='ltr'><strong>eosdem</strong></span> <span class='ocrx_word' id='word_1_900' title='bbox 2540 5384 2717 5430; x_wconf 88' lang='lat' dir='ltr'><strong>contra</strong></span> <span class='ocrx_word' id='word_1_901' title='bbox 2744 5372 2933 5428; x_wconf 86' lang='lat' dir='ltr'><strong>Christi</strong></span> <span class='ocrx_word' id='word_1_902' title='bbox 2964 5367 3212 5443; x_wconf 78' lang='lat' dir='ltr'><strong>familiam</strong></span> <span class='ocrx_word' id='word_1_903' title='bbox 3238 5381 3341 5419; x_wconf 89' lang='lat' dir='ltr'><strong>non</strong></span> <span class='ocrx_word' id='word_1_904' title='bbox 3368 5364 3577 5421; x_wconf 86' lang='lat' dir='ltr'><strong>cessatis</strong></span> 
     </span>
    </p>
   </div>
   <div class='ocr_carea' id='block_1_116' title="bbox 1992 5458 3581 5538">
    <p class='ocr_par' dir='ltr' id='par_1_116' title="bbox 1992 5458 3581 5538">
     <span class='ocr_line' id='line_1_116' title="bbox 1992 5458 3581 5538; baseline -0.013 -4"><span class='ocrx_word' id='word_1_905' title='bbox 1992 5493 2209 5535; x_wconf 89' lang='lat' dir='ltr'><strong>armare.</strong></span> <span class='ocrx_word' id='word_1_906' title='bbox 2241 5472 2463 5529; x_wconf 88' lang='lat' dir='ltr'><strong>Nescitis</strong></span> <span class='ocrx_word' id='word_1_907' title='bbox 2489 5480 2688 5537; x_wconf 88' lang='lat' dir='ltr'><strong>autem,</strong></span> <span class='ocrx_word' id='word_1_908' title='bbox 2725 5476 2815 5522; x_wconf 89' lang='lat' dir='ltr'><strong>aut</strong></span> <span class='ocrx_word' id='word_1_909' title='bbox 2850 5465 3015 5538; x_wconf 87' lang='lat' dir='ltr'><strong>potius</strong></span> <span class='ocrx_word' id='word_1_910' title='bbox 3042 5477 3143 5515; x_wconf 90' lang='lat' dir='ltr'><strong>non</strong></span> <span class='ocrx_word' id='word_1_911' title='bbox 3168 5458 3355 5531; x_wconf 87' lang='lat' dir='ltr'><strong>legistis</strong></span> <span class='ocrx_word' id='word_1_912' title='bbox 3374 5500 3391 5527; x_wconf 88' lang='lat'><strong>,</strong></span> <span class='ocrx_word' id='word_1_913' title='bbox 3443 5458 3581 5533; x_wconf 78' lang='lat' dir='ltr'><strong>quod</strong></span> 
     </span>
    </p>
   </div>
   <div class='ocr_carea' id='block_1_117' title="bbox 1994 5551 3577 5629">
    <p class='ocr_par' dir='ltr' id='par_1_117' title="bbox 1994 5551 3577 5629">
     <span class='ocr_line' id='line_1_117' title="bbox 1994 5551 3577 5629; baseline -0.013 -1"><span class='ocrx_word' id='word_1_914' title='bbox 1994 5574 2203 5629; x_wconf 87' lang='lat' dir='ltr'><strong>crimine</strong></span> <span class='ocrx_word' id='word_1_915' title='bbox 2235 5569 2487 5623; x_wconf 84' lang='lat' dir='ltr'><strong>hominem</strong></span> <span class='ocrx_word' id='word_1_916' title='bbox 2515 5563 2782 5619; x_wconf 87' lang='lat' dir='ltr'><strong>occidentis</strong></span> <span class='ocrx_word' id='word_1_917' title='bbox 2810 5559 2977 5629; x_wconf 84' lang='lat' dir='ltr'><strong>majus</strong></span> <span class='ocrx_word' id='word_1_918' title='bbox 3000 5554 3190 5610; x_wconf 87' lang='lat' dir='ltr'><strong>crimen</strong></span> <span class='ocrx_word' id='word_1_919' title='bbox 3212 5563 3285 5609; x_wconf 90' lang='lat' dir='ltr'><strong>est</strong></span> <span class='ocrx_word' id='word_1_920' title='bbox 3317 5551 3577 5609; x_wconf 70' lang='lat' dir='ltr'><strong>suasor-isi</strong></span> 
     </span>
    </p>
   </div>
   <div class='ocr_carea' id='block_1_118' title="bbox 1994 5645 3582 5723">
    <p class='ocr_par' dir='ltr' id='par_1_118' title="bbox 1994 5645 3582 5723">
     <span class='ocr_line' id='line_1_118' title="bbox 1994 5645 3582 5723; baseline -0.014 0"><span class='ocrx_word' id='word_1_921' title='bbox 1994 5663 2200 5723; x_wconf 77' lang='lat' dir='ltr'><strong>Iezabel</strong></span> <span class='ocrx_word' id='word_1_922' title='bbox 2236 5663 2292 5717; x_wconf 88' lang='lat' dir='ltr'><strong>in</strong></span> <span class='ocrx_word' id='word_1_923' title='bbox 2328 5668 2540 5715; x_wconf 87' lang='lat' dir='ltr'><strong>mortem</strong></span> <span class='ocrx_word' id='word_1_924' title='bbox 2564 5652 2780 5709; x_wconf 85' lang='lat' dir='ltr'><strong>hominis</strong></span> <span class='ocrx_word' id='word_1_925' title='bbox 2804 5648 2935 5721; x_wconf 85' lang='lat' dir='ltr'><strong>justi</strong></span> <span class='ocrx_word' id='word_1_926' title='bbox 2972 5647 3049 5703; x_wconf 90' lang='lat' dir='ltr'><strong>vel</strong></span> <span class='ocrx_word' id='word_1_927' title='bbox 3078 5645 3319 5718; x_wconf 89' lang='lat' dir='ltr'><strong>pauperis</strong></span> <span class='ocrx_word' id='word_1_928' title='bbox 3341 5646 3582 5702; x_wconf 83' lang='lat' dir='ltr'><strong>maritum</strong></span> 
     </span>
    </p>
   </div>
   <div class='ocr_carea' id='block_1_119' title="bbox 1997 5737 3583 5817">
    <p class='ocr_par' dir='ltr' id='par_1_119' title="bbox 1997 5737 3583 5817">
     <span class='ocr_line' id='line_1_119' title="bbox 1997 5737 3583 5817; baseline -0.016 -1"><span class='ocrx_word' id='word_1_929' title='bbox 1997 5776 2146 5816; x_wconf 90' lang='lat' dir='ltr'><strong>suum</strong></span> <span class='ocrx_word' id='word_1_930' title='bbox 2165 5755 2463 5812; x_wconf 73' lang='lat' dir='ltr'><strong>excitaverat</strong></span> <span class='ocrx_word' id='word_1_931' title='bbox 2488 5760 2675 5817; x_wconf 90' lang='lat' dir='ltr'><strong>regem,</strong></span> <span class='ocrx_word' id='word_1_932' title='bbox 2698 5741 2809 5813; x_wconf 89' lang='lat' dir='ltr'><strong>pari</strong></span> <span class='ocrx_word' id='word_1_933' title='bbox 2828 5749 2993 5797; x_wconf 88' lang='lat' dir='ltr'><strong>tamen</strong></span> <span class='ocrx_word' id='word_1_934' title='bbox 3016 5737 3267 5810; x_wconf 87' lang='lat' dir='ltr'><strong>supplicio</strong></span> <span class='ocrx_word' id='word_1_935' title='bbox 3290 5737 3366 5791; x_wconf 90' lang='lat' dir='ltr'><strong>vir</strong></span> <span class='ocrx_word' id='word_1_936' title='bbox 3386 5745 3434 5793; x_wconf 83' lang='lat' dir='ltr'><strong>et</strong></span> <span class='ocrx_word' id='word_1_937' title='bbox 3452 5750 3583 5791; x_wconf 73' lang='lat' dir='ltr'><strong>nam</strong></span> 
     </span>
    </p>
   </div>
   <div class='ocr_carea' id='block_1_120' title="bbox 2001 5830 3584 5919">
    <p class='ocr_par' dir='ltr' id='par_1_120' title="bbox 2001 5830 3584 5919">
     <span class='ocr_line' id='line_1_120' title="bbox 2001 5830 3584 5919; baseline -0.016 -10"><span class='ocrx_word' id='word_1_938' title='bbox 2001 5852 2148 5908; x_wconf 88' lang='lat' dir='ltr'><strong>ambo</strong></span> <span class='ocrx_word' id='word_1_939' title='bbox 2178 5846 2433 5919; x_wconf 83' lang='lat' dir='ltr'><strong>perierunt</strong></span> <span class='ocrx_word' id='word_1_940' title='bbox 2456 5836 2547 5909; x_wconf 85' lang='grc' dir='ltr'><strong>(ΙΙΙ</strong></span> <span class='ocrx_word' id='word_1_941' title='bbox 2570 5837 2697 5907; x_wconf 87' lang='lat' dir='ltr'><strong>Reg.</strong></span> <span class='ocrx_word' id='word_1_942' title='bbox 2720 5832 2860 5917; x_wconf 73' lang='lat' dir='ltr'><strong>xm).</strong></span> <span class='ocrx_word' id='word_1_943' title='bbox 2883 5832 3063 5906; x_wconf 86' lang='lat' dir='ltr'><strong>Neque</strong></span> <span class='ocrx_word' id='word_1_944' title='bbox 3079 5830 3214 5888; x_wconf 83' lang='lat' dir='ltr'><strong>enim</strong></span> <span class='ocrx_word' id='word_1_945' title='bbox 3229 5847 3317 5887; x_wconf 90' lang='lat' dir='ltr'><strong>vos</strong></span> <span class='ocrx_word' id='word_1_946' title='bbox 3333 5830 3584 5919; x_wconf 85' lang='lat' dir='ltr'><strong>aliterrs-</strong></span> 
     </span>
    </p>
   </div>
   <div class='ocr_carea' id='block_1_121' title="bbox 2002 5918 3589 6022">
    <p class='ocr_par' dir='ltr' id='par_1_121' title="bbox 2002 5918 3589 6022">
     <span class='ocr_line' id='line_1_121' title="bbox 2002 5918 3589 6022; baseline -0.019 -17"><span class='ocrx_word' id='word_1_947' title='bbox 2002 5962 2089 6022; x_wconf 87' lang='lat' dir='ltr'><strong>ges</strong></span> <span class='ocrx_word' id='word_1_948' title='bbox 2111 5936 2371 6014; x_wconf 84' lang='lat' dir='ltr'><strong>impellitis</strong></span> <span class='ocrx_word' id='word_1_949' title='bbox 2386 5974 2404 6006; x_wconf 90' lang='lat'><strong>,</strong></span> <span class='ocrx_word' id='word_1_950' title='bbox 2442 5946 2594 6003; x_wconf 83' lang='lat' dir='ltr'><strong>quam</strong></span> <span class='ocrx_word' id='word_1_951' title='bbox 2616 5936 2672 5984; x_wconf 87' lang='lat' dir='ltr'><strong>ut</strong></span> <span class='ocrx_word' id='word_1_952' title='bbox 2704 5942 2843 5999; x_wconf 70' lang='lat' dir='ltr'><strong>sape</strong></span> <span class='ocrx_word' id='word_1_953' title='bbox 2882 5926 3081 5986; x_wconf 81' lang='lat' dir='ltr'><strong>subtilis</strong></span> <span class='ocrx_word' id='word_1_954' title='bbox 3110 5922 3327 5981; x_wconf 76' lang='lat' dir='ltr'><strong>suadela</strong></span> <span class='ocrx_word' id='word_1_955' title='bbox 3368 5918 3589 5994; x_wconf 70' lang='lat' dir='ltr'><strong>{attines</strong></span> 
     </span>
    </p>
   </div>
  </div>
