3998 6466
472 452 583 516 ωδ

472 582 612 647 reges
633 568 834 643 impulit
858 586 912 627 in
939 582 1154 626 reatum.
1185 566 1385 623 Etenim
1413 585 1504 641 per
1529 567 1692 637 ﬁliam
1731 584 1862 623 uxor
1894 567 2064 624 Hero-

472 660 551 721 dis
572 666 854 737 impetravit
869 682 928 720 ac
949 664 1127 720 meruit
1152 662 1206 718 in
1232 664 1370 718 disco
1387 662 1456 716 ad
1478 678 1698 717 mensam
1725 672 1877 732 caput
1899 660 2065 717 Joan-

472 760 550 815 nis
576 756 754 828 aﬂ'erri
783 752 991 833 (Matth.
1023 766 1134 824 xlv,
1162 756 1217 825 8,
1246 754 1324 830 9).
1358 754 1601 810 Pontium
1626 753 1858 809 Pilatum
1884 751 2062 809 Judaei

471 838 558 911 sici
585 862 885 926 coegerunt,
915 862 971 907 ut
998 852 1257 907 Christum
1294 850 1571 905 Dominum
1611 834 1755 903 cruci
1772 848 2022 920 suﬁigeret
2041 890 2057 913 ,

473 950 619 1020 cujus
646 947 941 1019 sanguinem
970 944 1216 998 vindicem
1251 959 1404 1013 super
1429 958 1482 998 se
1509 957 1704 1013 semper
1727 956 1787 994 ac
1810 956 1929 995 suos
1954 954 2063 993 ma-

474 1056 591 1095 nere
615 1040 878 1093 voluerunt
904 1035 1013 1110 (Id.
1043 1052 1195 1091 xxvn
1221 1079 1235 1101 ,
1277 1032 1492 1107 24-26).
1529 1027 1615 1089 Ita
1656 1050 1741 1089 vos
1772 1033 1925 1104 igitur
1950 1048 2063 1087 san-

475 1134 625 1207 guine
647 1141 817 1187 nostro
848 1141 1109 1201 peccantes
1149 1129 1377 1184 obruitis.
1420 1117 1543 1183 Non
1572 1128 1705 1183 enim
1728 1169 1743 1193 ,
1777 1126 1868 1182 etsi
1898 1124 2063 1198 judea:

475 1228 756 1298 percutiat,
801 1242 902 1281 non
937 1220 1112 1280 vestra:
1147 1243 1239 1280 nos
1281 1225 1448 1296 potius
1492 1223 1760 1278 calumniae
1797 1221 2059 1293 ferierunt.

474 1319 612 1376 Dicit
641 1321 772 1375 enim
798 1320 1047 1393 propheta
1077 1318 1241 1374 David
1267 1335 1329 1374 ex
1352 1317 1556 1373 Domini
1582 1317 1769 1374 Christi
1808 1331 2024 1386 persona
2041 1357 2059 1383 ,

479 1431 498 1465 ‹
540 1410 709 1481 Quare
728 1417 1038 1484 fremuerunt
1060 1422 1250 1485 gentes,
1280 1422 1325 1466 et
1351 1412 1528 1486 populi
1553 1410 1778 1465 meditati
1803 1418 1920 1464 sunt
1943 1409 2061 1463 ina-

472 1505 603 1579 nia?
630 1504 909 1559 Astiterunt
934 1521 1072 1576 reges
1101 1514 1266 1571 teme,
1296 1512 1341 1557 et
1369 1503 1622 1573 principes
1649 1510 1981 1556 convenerunt
2004 1501 2061 1556 in

472 1614 654 1664 unum,
684 1597 925 1651 adversus
964 1588 1258 1661 Dominum,
1291 1605 1338 1649 et
1364 1596 1601 1650 adversus
1634 1594 1892 1649 Christum
1926 1595 2056 1666 ejus.

470 1678 866 1761 Disrumpamus
892 1689 1090 1744 vincula
1115 1705 1306 1753 eorum,
1338 1696 1383 1742 et
1419 1688 1719 1759 abjiciamus
1746 1704 1779 1740 a
1803 1685 1944 1741 nobis
1963 1686 2059 1757 ju-

470 1800 595 1857 gum
618 1783 863 1855 ipsorum.
891 1781 990 1848 Qui
1014 1781 1205 1836 habitat
1226 1782 1279 1835 in
1303 1778 1461 1847 caelis,
1491 1779 1719 1835 irridebit
1738 1796 1842 1845 eos,
1870 1788 1918 1834 et
1952 1778 2060 1834 Do-

470 1877 639 1931 minus
676 1874 1005 1931 subsannabit
1047 1874 1182 1929 illos.
1215 1873 1358 1928 Tunc
1388 1873 1619 1945 loquetur
1658 1871 1727 1926 ad
1764 1887 1849 1927 eos
1895 1872 1950 1926 in
1983 1872 2061 1926 ira

470 1978 582 2036 sua,
614 1978 659 2023 et
684 1969 737 2023 in
762 1972 932 2039 furore
959 1984 1050 2021 suo
1077 1965 1391 2022 conturbabit
1414 1982 1518 2021 eos.
1544 1964 1655 2036 Ego
1683 1973 1851 2019 autem
1873 1964 2065 2018 consti-

469 2071 608 2117 tutus
636 2078 749 2115 sum
788 2077 877 2115 rex
905 2061 1047 2116 abeo
1073 2075 1224 2128 super
1250 2058 1377 2115 Sion
1415 2068 1636 2113 montem
1658 2065 1889 2112 sanctum
1916 2057 2057 2129 ejus,

470 2153 756 2227 prcedicans
777 2164 1083 2225 prceceptum
1103 2153 1229 2223 ejus.
1253 2149 1501 2205 Dominus
1520 2149 1649 2204 dixit
1665 2150 1732 2203 ad
1752 2164 1865 2203 me:
1892 2146 2060 2201 Filius

472 2262 614 2300 meus
641 2262 692 2299 es
715 2254 789 2313 tu,
821 2262 912 2317 ego
940 2244 1089 2299 hodie
1112 2243 1261 2316 genui
1292 2252 1355 2297 te.
1381 2239 1508 2296 Pete
1535 2258 1565 2295 a
1588 2257 1665 2296 me
1682 2282 1700 2310 ,
1721 2249 1769 2296 et
1797 2237 1928 2294 dabo
1970 2237 2061 2293 tibi

467 2349 637 2410 gentes
659 2337 1000 2393 haereditatem
1023 2348 1183 2404 luant,
1212 2346 1258 2391 et
1280 2338 1641 2407 possessionem
1664 2343 1802 2389 tuam
1818 2334 2059 2389 terminos

470 2439 637 2487 teme.
663 2428 827 2502 Reges
857 2447 939 2485 eos
963 2431 1015 2485 in
1043 2428 1185 2500 virga
1210 2433 1404 2501 ferrea,
1435 2436 1483 2483 et
1518 2437 1757 2498 tanquam
1794 2441 1882 2481 vas
1909 2425 2062 2497 ﬁguli

464 2520 583 2578 illos
604 2522 927 2578 comminues.
954 2540 975 2574 s
1002 2520 1267 2592 Ipsosque,
1297 2518 1351 2573 id
1364 2528 1438 2575 est
1462 2536 1624 2591 reges,
1649 2536 1711 2575 ne
1728 2518 1875 2591 quasi
1890 2518 2062 2589 ignari

465 2614 545 2669 vel
580 2614 734 2670 nescii
760 2613 988 2685 persequi
1017 2621 1254 2682 cuperent
1281 2608 1597 2666 Christianos
1619 2652 1636 2679 ,
1676 2611 1755 2665 his
1796 2611 2062 2681 preceptis

454 2703 763 2771 admonuit,
790 2718 854 2759 ne
891 2702 1108 2775 perirent
1136 2718 1156 2756 :
1179 2714 1293 2773 quae
1328 2698 1448 2756 illos
1476 2708 1760 2773 praecepta,
1800 2701 1924 2769 quia
1962 2716 2057 2754 ne-

465 2798 652 2866 sciunt,
684 2797 879 2853 utinam
904 2792 1233 2862 duceremus;
1255 2804 1342 2849 aut
1370 2803 1503 2850 certe
1530 2810 1616 2850 vos
1645 2794 1751 2849 illis
1771 2794 1882 2849 sine
1906 2792 2060 2847 dubio

466 2890 813 2958 ostenderetis,
850 2891 893 2945 si
918 2891 1109 2945 velletis
1138 2899 1192 2944 ut
1216 2891 1430 2945 viverent
1450 2906 1468 2955 ;
1496 2889 1573 2945 vel
1590 2896 1741 2957 certe,
1778 2886 1916 2961 quod
1955 2896 2061 2942 ter-

468 2984 594 3039 tium
614 2994 704 3049 est,
727 2985 864 3054 ipsos
884 2983 1076 3038 sibimet
1109 2980 1271 3055 legere
1298 2996 1463 3037 vestra
1488 2981 1682 3036 malitia
1709 2979 2061 3050 permisisset:

467 3076 662 3149 prirnus
686 3074 963 3129 Davidicus
983 3076 1209 3146 psalmus
1228 3072 1330 3130 illis
1351 3076 1555 3129 omnino
1572 3073 1828 3139 suaderet,
1852 3082 1908 3126 ut
1926 3071 2064 3125 chri-

466 3167 619 3223 stiani
648 3168 861 3224 viverent
888 3177 934 3224 et
966 3178 1278 3242 regnarent;
1315 3186 1439 3239 quos
1466 3168 1669 3238 quidem
1704 3166 1837 3220 male
1862 3165 2063 3237 decepi-

466 3265 578 3329 stis,
609 3264 732 3318 dum
767 3263 904 3319 vobis
935 3276 1044 3319 sesc
1071 3264 1406 3318 committunt.
1452 3259 1549 3316 Vos
1580 3276 1795 3331 namque
1818 3250 1921 3313 illis
1947 3274 2061 3329 qua

463 3358 601 3413 mala
624 3370 741 3412 sunt
761 3356 971 3429 fingitis,
1002 3364 1180 3428 etquae
1204 3354 1335 3409 bona
1354 3363 1471 3410 sunt
1492 3352 1775 3407 occultatis.
1812 3342 1925 3405 Hoc
1947 3360 2062 3405 tan-

466 3450 583 3504 dem
612 3440 777 3521 leganl
798 3450 874 3504 vel
900 3449 1081 3513 serius,
1110 3448 1245 3520 quod
1272 3446 1393 3500 olim
1413 3447 1574 3517 legere
1600 3444 1897 3500 debuerunt.
1923 3440 2059 3511 Quid

468 3543 601 3596 enim
642 3540 812 3595 dicit?
846 3559 865 3594 ‹
904 3538 971 3595 Et
996 3556 1165 3610 nunc,
1195 3556 1366 3612 reges,
1408 3536 1708 3611 intelligite;
1751 3537 2055 3605 erudimini,

467 3634 553 3699 qui
576 3624 815 3701 iudicatis
841 3641 1045 3689 terram.
1068 3626 1266 3691 Servite
1286 3630 1505 3687 Domino
1527 3634 1578 3686 in
1600 3632 1796 3699 timore,
1821 3641 1864 3685 et
1889 3629 2061 3685 exsul-

468 3732 569 3780 tale
613 3727 657 3779 ei
702 3741 816 3779 cum
863 3733 1106 3791 tremore;
1155 3722 1908 3796 apprehendite-disciplinam,
1962 3739 2057 3777 ne-

466 3808 669 3888 quando
712 3816 964 3872 irascatur
1009 3802 1280 3881 Dominus,
1330 3826 1375 3871 et
1414 3816 1631 3885 pereatis
1669 3814 1733 3870 de
1779 3817 1859 3869 via
1889 3815 2053 3887 jusla.

467 3907 593 3965 Cum
634 3910 876 3965 exarserit
910 3920 1066 3982 quam
1108 3910 1207 3964 cito
1249 3909 1325 3963 ira
1358 3900 1520 3981 ipsius
1566 3925 1719 3980 super
1758 3925 1844 3963 vos
1868 3949 1882 3974 ,
1928 3907 2059 3962 beati

466 4012 636 4057 omnes
658 4004 743 4075 qui
766 4002 1028 4073 conﬁdunt
1058 4004 1111 4057 in
1138 4019 1195 4056 eo
1232 4021 1252 4055 ι
1285 3994 1454 4077 (Psal.
1482 4001 1562 4076 ιι).
1594 3999 1952 4073 Imperatores,
1978 4001 2060 4055 in-

465 4104 640 4163 quam,
668 4095 987 4149 suasionibus
1016 4094 1262 4167 premitis,
1289 4102 1341 4148 ut
1366 4092 1614 4161 Pilatum,
1645 4109 1811 4163 quem,
1844 4103 1898 4147 ut
1923 4094 2055 4147 dixi-

468 4200 601 4249 mus,
631 4184 799 4239 Judazi
831 4194 1141 4255 presserunt,
1176 4178 1288 4239 licet
1310 4186 1420 4255 ipse
1442 4184 1729 4238 clamaverit
1756 4185 1930 4239 lavans
1960 4202 2057 4255 pn-

470 4277 593 4332 blice
637 4290 815 4330 manus
844 4320 860 4346 ,
906 4286 925 4330 ι
962 4276 1116 4332 Liber
1152 4295 1264 4334 sum
1308 4290 1340 4331 tt
1387 4278 1631 4349 sanguine
1674 4277 1826 4349 hujus
1861 4277 1995 4348 justi
2027 4297 2047 4331 s

470 4368 681 4444 (Matth.
718 4378 875 4425 'xxvu
895 4413 909 4437 ,
951 4371 1043 4442 24)
1074 4389 1093 4426 :
1122 4380 1287 4425 tamen
1322 4370 1572 4443 quomodo
1601 4381 1759 4442 potest
1787 4389 1817 4425 a
1844 4371 2055 4427 crimine

463 4461 683 4517 mundus
711 4470 817 4518 esse
838 4463 922 4535 qui
947 4463 1062 4537 fecit
1082 4463 1108 4517 ?
1136 4462 1241 4519 Sed
1268 4473 1319 4517 ut
1348 4472 1513 4518 vetera
1539 4472 1730 4517 taceam
1748 4507 1763 4533 ,
1797 4465 1849 4518 in
1880 4466 2054 4519 vestris

464 4556 704 4629 exemplis
743 4552 985 4611 advertite
1023 4558 1350 4632 imperatores
1383 4574 1536 4629 quam
1574 4556 1746 4628 plures
1775 4574 1834 4613 ac
1855 4558 2053 4629 judices

462 4660 650 4705 vestros
679 4652 1071 4723 persecutionem
1097 4652 1238 4707 nobis
1273 4652 1507 4725 faciendo
1535 4654 1760 4725 periisse.
1795 4652 1863 4709 Ut
1891 4650 2051 4708 relin-

460 4760 613 4810 quam
637 4742 913 4812 Neronem,
939 4746 1027 4817 qui
1052 4738 1247 4818 primus
1276 4754 1348 4800 est
1378 4754 1667 4817 persecutus
1695 4744 2052 4811 Christianos;

459 4836 813 4894 Domitianum
841 4830 1075 4895 similiter
1104 4837 1327 4894 Neronis
1355 4841 1630 4894 maximam
1656 4852 1848 4911 partem
1868 4882 1883 4907 ,
1915 4830 2049 4894 Tra-

450 4933 657 5006 janum,
687 4924 866 4988 Getam
894 4932 911 4965 ί
934 4975 948 4999 ,
976 4924 1207 5000 Decium,
1253 4930 1599 5001 Valerianum,
1634 4931 2006 4988 Diocletianum
2027 4949 2049 5000 ;

461 5024 607 5095 periit
638 5024 791 5080 etiam
829 5012 1176 5079 Maximianus
1206 5040 1226 5079 :
1254 5014 1340 5098 qui
1366 5020 1481 5080 cum
1507 5024 1660 5079 thura
1689 5025 2046 5096 prmdicarent,

455 5117 672 5172 turensis
697 5116 950 5171 codicibus
977 5112 1239 5173 dominicis
1259 5158 1274 5184 ,
1317 5118 1512 5190 primus
1541 5116 1901 5185 Marcellinus,
1932 5119 2048 5189 epi-

459 5223 640 5279 scopus
668 5204 1015 5263 Romanorum
1042 5210 1127 5281 qui
1149 5210 1270 5283 fuit,
1303 5211 1390 5265 sed
1417 5220 1461 5264 et
1488 5202 1812 5281 Carthaginis
1840 5208 2048 5266 Mensuc

457 5299 585 5367 rius,
614 5296 663 5354 e'l
696 5298 1019 5369 chi'lianus,
1058 5318 1120 5357 ex
1144 5300 1271 5376 ipsis
1291 5293 1550 5374 sacrilegis
1579 5303 1800 5374 ﬂammis
1820 5344 1833 5367 ,
1879 5313 1933 5357 ut
1954 5307 2044 5374 fa-

456 5390 589 5445 villa:
611 5384 687 5445 vel
723 5392 912 5448 cineres
937 5390 1304 5448 remanserunt.
1346 5386 1534 5448 Thuris
1570 5394 1705 5448 enim
1738 5394 2045 5448 conscientia

456 5486 627 5537 omnes
655 5476 924 5554 implicuit,
949 5485 1034 5557 qui
1065 5478 1327 5541 Mensurio
1348 5484 1694 5541 consensistis.
1729 5482 1892 5541 Periit
1919 5476 2055 5540 Μα-⁴

516 5650 809 5733 ξιιξᾶιιὶοιιεξε
828 5668 923 5713 sm.
967 5672 1020 5716 et
1038 5650 1256 5733 loco,
1282 5650 1427 5733 (ictae,
1460 5668 1777 5733 substituunt,
1828 5668 2040 5722 larium.

453 5704 2041 5797 {suismanu”lmeuﬁm‘ni‘sgzsa‘e°‘ga““ltagema;;

453 5791 797 5861 Yartinsmse
823 5791 1107 5861 qum-svio
1122 5791 1597 5861 uincam-semine
1618 5791 2051 5861 concepcuspuma

451 5845 865 5925 fﬁmfzjim‘i‘ivs'i
889 5845 943 5925 ιὲῖ
964 5846 1255 5925 litium-dite
1276 5860 1455 5925 ιιξννέιι-
1480 5855 1575 5925 Sed
1594 5845 2042 5925 ιιιειιψδέιτίρὶίῗοριῖ·

1212 5919 1345 5981 illi“
1572 5906 1725 5972 alteri

446 5969 556 6039 tun,
575 5969 709 6027 fratri
730 5969 953 6030 Antonini
963 5969 1231 6030 caracatlie.‘

1327 451 1601 510 CONTRA
1637 446 1978 510 LITTERAS
2015 436 2380 544 PETlLtANl,
2418 448 2476 508 s.
2518 446 2890 509 AUGUSTINI

3644 446 3756 507 εει

2169 566 2356 632 carius,
2382 564 2527 637 periit
2557 563 2796 621 Ursacius
2822 559 2918 636 (a),
2942 560 3207 633 cunctique
3225 559 3443 616 Comites
3462 559 3634 624 vestri,
3661 560 3757 616 Dei

2169 662 2361 733 pariter
2387 660 2609 715 vindicta
2638 658 2911 729 perierunt.
2955 654 3222 712 Ursacium
3247 671 3463 719 nanque
3491 654 3759 708 barbarica

2169 770 2340 827 pugna
2360 762 2686 825 prostratum,
2714 753 2858 808 stevis
2880 750 3296 823 unguibus-alites
3316 765 3603 818 canumque
3618 749 3757 803 avidi

2168 847 2341 904 dentes
2365 848 2613 904 morsibus
2649 848 3040 920 discerpserunt.
3070 843 3259 901 Nonne
3291 844 3427 899 idem
3454 854 3620 899 vestro
3656 845 3760 898 ins-

2168 940 2319 1012 pulsu
2347 957 2612 1012 percussor
2635 950 2731 1009 est,
2757 941 2865 1012 qui,
2894 950 2952 996 ut
2976 956 3067 996 rete
3083 938 3278 1006 Achab,
3303 955 3450 1010 quem
3477 938 3704 994 diximus
3728 955 3763 991 α

2165 1034 2377 1089 muliere
2403 1051 2721 1106 persuasum,
2754 1035 2953 1106 justum
2988 1050 3266 1105 pauperem
3293 1033 3480 1089 occidit
3509 1032 3599 1105 (Ill
3626 1031 3758 1105 Reg.

2165 1124 2320 1199 xxx)?
2358 1125 2447 1181 Ita
2485 1143 2579 1182 nos
2606 1128 2624 1159 ³
2653 1143 2850 1198 quoque
2873 1128 3044 1198 justas
3072 1135 3120 1180 et
3149 1141 3395 1197 pauperes
3425 1123 3587 1196 (circa
3608 1141 3765 1195 opem

2167 1221 2383 1276 dixerim
2411 1221 2724 1279 mundanam
2755 1222 2776 1254 ⁸
2801 1261 2814 1285 .
2839 1237 2959 1276 nam
2993 1220 3158 1293 gratia
3188 1219 3286 1274 Dei
3310 1219 3363 1274 in
3388 1218 3535 1274 nobis
3560 1234 3666 1273 non
3692 1228 3764 1274 est

2166 1312 2383 1386 pauper)
2431 1330 2534 1369 non
2578 1314 2805 1370 desinitis
2841 1313 3107 1386 jugulare.
3154 1312 3278 1368 Non
3314 1312 3449 1369 enim
3486 1311 3554 1385 (si
3592 1320 3766 1366 tasnen

2165 1421 2323 1461 manu
2350 1423 2450 1462 non
2476 1407 2665 1480 facitis)
2691 1424 2791 1463 non
2812 1408 2987 1479 lingua
3005 1407 3244 1477 carniﬁce
3272 1407 3527 1461 hominem
3544 1406 3767 1478 jugulo-

2166 1499 2262 1553 εἰδι-
2283 1498 2548 1568 Scriptum
2572 1510 2645 1555 est
2670 1500 2804 1554 enim
2831 1515 2850 1554 :
2882 1518 2900 1551 ι
2940 1498 3087 1554 Mors
3114 1509 3160 1555 et
3189 1499 3293 1554 vita
3316 1499 3372 1555 in
3398 1498 3639 1555 manibus
3665 1498 3768 1553 tiss-

2164 1607 2280 1662 guce
2313 1611 2332 1644 ι
2368 1590 2551 1666 (Prov.
2593 1607 2720 1648 xvm
2742 1633 2757 1659 ,
2786 1590 2900 1664 21).
2935 1590 3124 1646 Omnes
3160 1607 3280 1661 ergo
3302 1592 3388 1664 qui
3417 1591 3574 1647 occisi
3598 1599 3759 1658 sunt,

2165 1693 2220 1737 tu
2244 1685 2331 1755 qui
2355 1700 2535 1739 suasor
2557 1699 2610 1740 es
2635 1684 2886 1739 occidisti.
2922 1682 3102 1756 Neque
3134 1685 3271 1739 enim
3296 1698 3478 1740 manus
3496 1685 3767 1754 carniﬁcis

2164 1776 2263 1831 nisi
2284 1778 2460 1849 lingua
2477 1786 2564 1832 tua
2591 1777 2842 1847 fervescit,
2872 1785 2920 1833 et
2938 1776 3026 1832 ille
3053 1776 3196 1831 dirus
3228 1775 3250 1808 ³
3279 1777 3497 1848 pectoris
3525 1777 3677 1832 calor
3712 1776 3765 1830 in

2158 1868 2387 1923 alienum
2420 1869 2718 1940 sanguinem
2746 1868 2908 1923 verbis
2949 1869 3050 1924 tuis
3085 1868 3382 1924 accmditur
3402 1902 3419 1937 ,
3458 1869 3762 1941 sanguinem

2150 1962 2356 2032 justum
2385 1963 2463 2017 sui
2487 1962 2737 2017 vindicem
2760 1960 3044 2029 diﬂ'usoris.

2234 2054 2362 2110 205.
2400 2056 2536 2112 Ave.
2574 2054 2851 2126 respondit
2879 2072 2895 2109 :
2927 2054 3061 2109 Huic
3094 2053 3214 2110 loco
3250 2059 3361 2108 tam
3389 2052 3610 2124 copiose
3644 2068 3678 2107 a
3710 2062 3763 2110 te

2163 2156 2483 2219 exaggerato
2510 2156 2671 2218 atque
2697 2146 2924 2218 digesto,
2955 2145 3044 2202 ubi
3070 2146 3140 2203 de
3182 2145 3399 2217 regibus
3428 2145 3617 2203 saeculi
3670 2144 3767 2201 ad-

2162 2255 2352 2298 versus
2377 2257 2475 2298 nos
2506 2241 2767 2298 invidiose
2815 2241 3137 2313 loquimini,
3184 2242 3233 2298 si
3281 2239 3461 2296 debite
3488 2239 3766 2311 digneque

2162 2333 2539 2406 respondeam,
2566 2350 2757 2391 vereor
2795 2349 2863 2390 ne
2891 2350 2977 2390 me
3003 2348 3216 2406 quoque
3242 2332 3547 2390 criminaris
3568 2348 3767 2404 regum
3794 2382 3797 2383 ν

2163 2427 2494 2484 iracundiam
2519 2428 2573 2483 in
2598 2442 2695 2484 vos
2719 2428 2988 2483 concitare
3014 2427 3271 2484 voluisse.
3290 2426 3607 2497 Quanquam
3636 2438 3766 2482 cum

2164 2534 2316 2575 more
2342 2529 2522 2576 vestro
2548 2519 2919 2577 universaliter
2955 2519 3010 2575 in
3044 2533 3236 2575 omnes
3264 2519 3573 2576 Catholica:
3598 2517 3769 2590 hujus

2165 2614 2479 2672 invectionis
2509 2617 2707 2686 impetu
2760 2614 2951 2671 fet-eris
2975 2614 3028 2681 ⁸,
3066 2630 3168 2672 nec
3200 2618 3292 2670 ine
3320 2612 3503 2685 utique
3526 2616 3767 2685 prater-

2164 2706 2351 2763 mittis.
2378 2706 2590 2763 Curabo
2614 2717 2798 2762 tamen
2826 2705 3143 2773 ostendere,
3173 2706 3219 2762 si
3249 2715 3506 2777 potuero,
3559 2715 3614 2761 te
3662 2705 3769 2762 hoc

2164 2797 2342 2868 potius
2361 2796 2555 2854 iecisse
2582 2798 2709 2852 talia
2732 2797 2983 2864 dicendo,
3006 2812 3167 2868 quam
3188 2812 3281 2852 me
3302 2797 3500 2853 talibus
3522 2810 3763 2869 respon-

2160 2889 2364 2946 dendo.
2395 2891 2473 2945 Ac
2502 2891 2732 2960 primum
2755 2889 2879 2945 vide
2902 2889 3353 2961 quemadmodum
3394 2889 3493 2946 tibi
3542 2898 3601 2946 tn
3646 2889 3766 2961 ipss

2162 2982 2464 3040 adveneris
2492 3002 2507 3039 :
2534 2991 2683 3041 certe
2711 2985 2872 3040 istum
2908 2984 3084 3040 locum
3120 2985 3204 3040 sic
3245 2996 3474 3040 exorsus
3499 2999 3580 3051 es,
3614 2984 3766 3049 Quid

2162 3086 2331 3131 autem
2348 3077 2485 3131 vobis
2505 3087 2577 3132 est
2602 3092 2722 3131 cum
2742 3075 2943 3147 regibus
2965 3077 3159 3143 saeculi,
3178 3090 3301 3148 quos
3318 3092 3576 3148 numquam
3596 3074 3765 3132 Chri-

2161 3170 2394 3226 stianitas
2412 3170 2512 3225 nisi
2528 3169 2725 3225 invidos
2748 3170 2950 3225 sensit?
2976 3170 3070 3226 His
3094 3171 3275 3226 verbis
3293 3169 3549 3242 prohibes
3572 3169 3767 3241 utique

2161 3276 2263 3318 nos
2289 3262 2356 3317 ad
2387 3278 2538 3334 rcges
2567 3262 2749 3319 saeculi
2777 3262 3056 3318 accedere.
3106 3262 3175 3317 Et
3218 3263 3375 3333 paulo
3414 3271 3535 3332 post
3574 3261 3763 3319 dicis:

2159 3354 2432 3427 Ipsosque,
2460 3354 2516 3408 id
2541 3364 2613 3408 est
2637 3362 2798 3426 reges,
2827 3368 2892 3409 ne
2914 3355 3059 3425 quasi
3086 3354 3256 3425 ignari
3287 3355 3366 3409 vel
3402 3354 3562 3409 nescii
3588 3368 3767 3425 perse-

2160 3449 2249 3520 qui
2299 3456 2537 3517 cuperem
2579 3447 2911 3512 Christianos,
2947 3448 3028 3502 his
3056 3448 3319 3519 pmeptis
3344 3447 3656 3515 admonuit,
3702 3462 3769 3503 sse

2160 3542 2381 3611 perirent
2408 3556 2427 3596 :
2450 3550 2566 3611 qua
2598 3540 2721 3596 illos
2767 3550 3042 3612 praerepta,
3088 3542 3207 3612 quia
3246 3540 3517 3610 nesciunt,
3558 3541 3768 3597 atina-ss

2162 3634 2453 3690 deserentes
2471 3650 2495 3699 ς
2524 3644 2611 3689 αα
2636 3642 2768 3689 certe
2790 3651 2880 3690 vos
2903 3633 3013 3689 illis
3049 3636 3157 3689 sine
3197 3634 3350 3689 dubio
3384 3635 3726 3693 ostendentis
3746 3678 3763 3704 ,

2161 3728 2207 3782 si
2250 3727 2439 3783 velletis
2458 3738 2515 3782 ut
2554 3728 2793 3783 viverent.
2843 3726 3125 3796 Quomodo
3154 3727 3316 3799 igitur
3345 3743 3443 3784 nos
3466 3740 3655 3799 regum
3683 3729 3767 3785 vis

2160 3836 2281 3877 esse
2308 3820 2590 3877 doctores?
2612 3821 2679 3876 Et
2708 3821 2876 3876 nostri
2923 3820 3162 3891 quidem,
3195 3821 3242 3876 si
3271 3836 3374 3893 qua
3403 3822 3484 3877 eis
3522 3823 3766 3880 amicitia

2161 3924 2245 3972 est
2268 3931 2391 3971 cum
2414 3916 2634 3987 regibus
2657 3915 2986 3982 Christianis,
3032 3916 3077 3970 si
3101 3930 3165 3971 ea
3186 3915 3325 3971 bene
3342 3923 3588 3985 utuntur,
3622 3916 3767 3973 nihil

2160 4020 2425 4083 peccant:
2455 4011 2501 4065 si
2525 4011 2614 4081 qui
2638 4026 2768 4066 vero
2806 4009 2931 4065 inde
2964 4011 3323 4078 extolluntur,
3370 4012 3541 4066 multo
3587 4011 3766 4067 levius

2160 4118 2319 4174 quam
2344 4117 2440 4158 vos
2468 4112 2709 4173 peccant.
2740 4101 2906 4159 Vobis
2935 4103 3101 4171 enim,
3133 4104 3223 4175 qui
3250 4105 3329 4160 sic
3354 4118 3452 4159 nos
3481 4105 3718 4177 argnitis
3745 4146 3762 4172 ,

2159 4196 2287 4268 quid
2316 4197 2413 4252 fuit
2454 4211 2576 4251 cum
2624 4209 2754 4267 rege
2798 4212 3021 4267 pagano,
3072 4205 3147 4263 et,
3194 4194 3336 4268 quod
3379 4206 3464 4252 est
3514 4198 3762 4269 gravius,

2159 4298 2400 4361 apostata
2432 4296 2490 4345 et
2527 4288 2807 4343 christiani
2850 4289 3084 4344 ominis
3126 4289 3281 4344 hoste
3320 4288 3559 4357 Iuliano,
3592 4306 3621 4343 a
3648 4303 3765 4362 quo

2158 4381 2310 4437 vobis
2347 4381 2594 4436 basilicas
2636 4380 2791 4452 nasi
2833 4389 3038 4437 vestras
3066 4380 3218 4436 reddi
3250 4382 3623 4453 deprecantes,
3656 4383 3766 4438 hoc

2158 4471 2357 4542 in'ejus
2388 4471 2546 4528 laude
2576 4472 2861 4542 posuistis,
2890 4475 3030 4543 quod
3058 4473 3199 4544 apud
3240 4488 3352 4528 eum
3401 4475 3513 4528 sola
3548 4475 3765 4547 justitia

2160 4562 2326 4618 locum
2356 4563 2602 4619 haberet?
2627 4563 2829 4633 Quibus
2858 4564 3035 4619 verbis
3076 4564 3261 4637 (credo
3298 4566 3440 4621 enim
3466 4581 3565 4621 vos
3591 4568 3764 4624 htine

2157 4655 2476 4730 intelligere)
2504 4665 2560 4712 et
2584 4656 2884 4712 idololatria
2916 4656 3131 4721 Juliani,
3157 4668 3216 4713 et
3256 4658 3522 4728 apostasia
3547 4659 3763 4728 justitia

2156 4758 2240 4831 est
2268 4750 2556 4819 appellata.
2583 4749 2819 4805 Tenetur
2844 4750 3055 4822 petitio,
3096 4764 3260 4822 quam
3302 4750 3471 4806 vestri
3516 4752 3762 4823 majores

2157 4841 2449 4908 dedcmnt;
2466 4842 2777 4898 constitutio
2796 4843 2841 4909 ⁵,
2867 4859 3027 4914 quam
3068 4844 3521 4914 impetraverunt;
3539 4845 3709 4905 Gesta
3736 4890 3758 4921 ,

2220 4980 2236 5011 ί
2263 4978 2401 5039 Editi,
2426 4991 2520 5031 vos.
2549 4985 2603 5030 At
2624 4985 2753 5039 Mss,
2776 4992 2880 5032 nos.

2219 5043 2240 5075 ³
2264 5040 2577 5092 Floriacensis
2593 5042 2768 5103 codex,
2791 5041 3133 5095 nundinam.

2218 5105 2361 5161 ,‘Am.
2388 5111 2442 5154 et
2462 5112 2586 5165 Mss,
2611 5104 2783 5155 durus.

2218 5164 2337 5233 fsic
2356 5175 2456 5217 Am.
2483 5174 2536 5216 et
2558 5173 2666 5217 Mss.
2691 5174 2748 5217 At
2769 5174 2845 5233 Er.
2869 5173 2922 5217 et
2938 5174 3069 5229 Lov.,
3091 5168 3287 5233 feraris.

2214 5231 2237 5263 ⁸
2261 5239 2361 5293 Am.
2389 5237 2439 5279 et
2463 5236 2558 5290 En,
2581 5242 2727 5293 quam
2750 5230 2986 5281 dederunt
3008 5230 3297 5283 constantia.
3330 5232 3423 5282 Sed
3442 5233 3756 5290 nullusCon-

2152 5290 2631 5361 stantioimgeratori
2653 5290 2790 5342 locus
2808 5294 2859 5361 in
2888 5293 2980 5343 hac
3006 5295 3361 5361 Donatistarum
3398 5296 3618 5361 historia,
3656 5315 3755 5354 nec

2151 5355 2215 5428 ab
2231 5366 2298 5428 eo
2320 5354 2671 5428 Donatistarum
2691 5357 3148 5428 @mineﬂpetitmn
3173 5357 3436 5421 quidquam
3470 5369 3556 5410 aut
3588 5354 3753 5428 impe-

2151 5423 2348 5468 tratum.
2372 5423 2529 5474 Quare
2544 5431 2661 5489 pro,
2680 5422 2986 5480 constantia;
3011 5422 3242 5489 restituta
3257 5428 3355 5489 e_st_
3369 5435 3462 5485 per
3485 5422 3754 5489 Levani'en-

2148 5491 2237 5530 ses
2272 5491 2387 5540 νοις,
2422 5480 2720 5543 constitutio,
2777 5492 2922 5544 quam
2977 5486 3033 5531 et
3072 5483 3227 5531 nostri
3278 5480 3465 5535 habent
3521 5486 3751 5539 Gallicani

2208 5605 2288 5679 (ε)
2312 5607 2491 5679 me
2506 5616 2700 5679 causas
2944 5603 3406 5679 dammam
3434 5609 3562 5679 me
3577 5612 3751 5679 scon-

2147 5674 2224 5719 tra
2248 5670 2626 5737 Parmenianum.
2664 5675 2733 5719 De
2766 5669 2959 5737 Ursacio
2991 5670 3138 5737 etiam
3175 5669 3357 5737 ibidem
3387 5685 3401 5721 :
3437 5692 3460 5720 ι
3483 5673 3750 5737 Displicent

2156 5748 2181 5779 ι
2193 5731 2346 5797 vobis,
2369 5746 2395 5778 ι
2424 5732 2509 5791 ait,
2536 5748 2560 5777 ι
2581 5738 2800 5793 tempora
2815 5732 2983 5782 nescio
2999 5732 3137 5795 enim
3151 5735 3353 5797 Leontii,
3368 5731 3577 5797 Ursacii;
3594 5744 3749 5788 Maca-

2156 5810 2180 5842 s
2200 5795 2293 5852 rii,
2324 5799 2378 5858 et
2404 5801 2710 5845 cancrorum.
2735 5810 2758 5839 ι
2784 5800 2838 5843 Et
2854 5794 3151 5858 nugustinus
3179 5794 3332 5857 infra,
3358 5798 3407 5847 in
3428 5794 3561 5847 libro
3576 5809 3748 5850 contra

2147 5856 2454 5922 Cresconium
2495 5858 2673 5917 tertio,
2700 5868 2809 5919 mp.
2830 5855 3041 5922 iL'sibi
3066 5869 3164 5921 pro
3187 5855 3460 5922 Donatistis
3490 5862 3742 5922 Olijectat:

2155 5936 2179 5968 s
2200 5919 2292 5970 Sed
2331 5920 2875 5985 posteaquamorsacio
2924 5926 2978 5985 et
3022 5919 3283 5985 zenOphilo
3326 5919 3747 5985 persequentibus

2156 5998 2182 6033 ι
2200 5978 2557 6034 comnmnicafe
2590 5978 2827 6035 noluisset
2863 5997 2885 6029 ν
2916 5980 3131 6036 Silvanus
3154 5978 3168 5984 ’
3186 5978 3420 6037 Cirtensis
3450 5978 3710 6052 opusopus
3724 6022 3742 6052 ,
