3998 6466
175 430 273 499 32$

176 558 258 616 ubi
295 542 683 629 allegaveruni.
737 540 1015 628 Evigilate,
1068 556 1125 610 et
1165 549 1422 609 attendite
1473 567 1488 607 :
1541 550 1756 607 inimico

1507 422 1708 488 LIBER
1747 418 2124 490 SECUNDUS.

3333 431 3440 501 $96

1865 547 2062 605 ibidem
2082 554 2409 617 versaretur,
2430 556 2554 607 etiam
2591 552 2815 610 istorum
2852 551 3170 612 feminarum
3216 555 3336 626 Dei,
3385 561 3439 617 in
3468 574 3473 585 ’

174 649 361 707 Christi
384 626 422 715 ,V
444 644 702 720 a‘p’o'statze
724 687 741 713 ,
780 626 1087 703 adversario
1128 634 1572 710 Christianorum,
1602 648 1759 699 servo
1863 640 2058 712 quibus
2084 642 2204 697 htec
2220 650 2337 698 acta
2357 652 2498 712 sunt,
2517 653 2573 700 tu
2589 626 2704 716 ipse
2715 656 3163 704 commemorares
3174 651 3436 721 exenipla,

171 740 577 808 daemoniorum,
602 738 800 797 talibus
824 740 1003 796 verbis
1032 737 1142 806 ille,
1171 736 1281 807 ille,
1306 742 1482 794 vester
1501 737 1591 793 ille
1610 734 1755 793 Pcu-

169 832 266 890 tius
300 830 640 904 supplicavit.
668 831 747 889 lte
780 838 942 903 nunc,
973 836 1027 888 et
1048 831 1205 887 nobis
1228 826 1413 900 dicite,
1450 826 1585 897 Quid
1618 828 1757 884 vobis

179 926 243 980 est
266 930 382 979 cum
410 926 611 996 regibus
632 923 807 981 δέεαιιὶ
820 924 848 981 γ
865 928 922 981 ιιι
951 922 1097 981 surdi
1123 918 1297 980 surdis
1318 920 1527 995 populis
1542 918 1750 993 legatis,

167 1018 301 1091 quod
317 1035 439 1074 eum
462 1019 593 1091 ipsis
611 1020 797 1075 audire
812 1034 916 1074 non
934 1018 1089 1075 vultis
1113 1008 1397 1089 :Stipulam
1412 1008 1464 1072 in
1481 1017 1625 1072 oculo
1641 1020 1751 1088 fra-

169 1112 249 1166 tris
266 1104 337 1164 lui
350 1110 506 1178 vides,
526 1110 783 1167 ’trbbemin
804 1111 1047 1166 oculatuo
1073 1114 1172 1166 non
1190 1109 1324 1165 vides
1342 1108 1645 1181 (Molliunt,
1668 1098 1749 1179 3).

229 1200 354 1259 204.
382 1196 541 1272 Quid,
570 1203 765 1275 inquis,
799 1203 936 1258 ‘uob’is
959 1210 1033 1257 est
1056 1214 1169 1255 cum
1186 1202 1386 1273 regibus
1402 1201 1595 1269 swtttli,
1626 1210 1751 1270 quos

168 1311 418 1360 nunquam
448 1284 808 1349 Christianitas
856 1294 952 1348 nisi
1007 1292 1201 1347 invidos
1233 1293 1433 1348 sensit?
1476 1288 1587 1347 Hoc
1628 1305 1751 1347 cum

170 1385 409 1454 dixisses,
432 1401 754 1442 enumerare
778 1393 999 1441 conatus
1025 1400 1102 1450 es,
1133 1390 1267 1456 quos
1292 1394 1446 1456 reges
1471 1383 1601 1455 juSti
1626 1392 1754 1440 ‘sen-

167 1466 328 1531 serin't
373 1477 622 1532 inimicos
651 1470 801 1533 :“nec
839 1474 1187 1533 considerasti
1226 1472 1368 1548 quod
1412 1476 1592 1547 plures
1622 1484 1755 1533 enu-

168 1567 354 1623 merari
373 1568 603 1638 possint,
619 1578 751 1641 quos
770 1564 1051 1623 habuerint
1066 1568 1285 1623 amicos.
1311 1566 1468 1623 Pater
1481 1555 1761 1623 Abraham

169 1674 195 1713 a
220 1674 349 1730 rege
380 1656 636 1714 divinitus
674 1646 947 1714 admonito
990 1674 1059 1715 ne
1104 1659 1445 1715 attaminar'et
1480 1660 1595 1730 ejus
1624 1668 1756 1714 uxo-

170 1766 296 1817 rem,
327 1748 385 1805 et
412 1751 738 1807 amicissime
787 1746 1001 1807 habitus
1052 1757 1177 1817 est,
1231 1759 1284 1805 et
1324 1764 1520 1805 munus
1549 1750 1754 1824 accepit

173 1841 313 1918 (Gen.
359 1838 484 1915 xx).
514 1841 661 1899 Isaac
692 1843 833 1899 ﬁlius
860 1842 976 1914 ejus
1010 1850 1190 1913 regem
1220 1840 1464 1898 similiter
1488 1843 1753 1897 amicissi-

170 1950 306 1990 mum
336 1944 594 2006 expertus
626 1933 707 1991 est
734 1933 844 2009 (Id.
873 1950 1021 2003 xxvi,
1047 1936 1159 2009 ll).
1190 1930 1356 1991 Jacob
1386 1936 1438 1990 in
1464 1932 1754 2008 Egyptum

171 2043 342 2109 arege
372 2024 764 2084 honorabiliter
786 2038 1064 2101 exceptus,
1106 2044 1228 2085 eum
1279 2031 1440 2085 etiam
1485 2026 1755 2086 benedicit

174 2118 265 2191 (Id.
304 2120 492 2192 van).
524 2120 660 2192 Quid
691 2122 880 2194 loquar
908 2120 973 2178 de
1000 2120 1110 2178 filio
1137 2122 1252 2194 ejus
1279 2121 1499 2194 Joseph,
1524 2124 1613 2194 qui
1636 2133 1756 2194 post

173 2213 395 2268 Carceris
426 2213 823 2269 tribulationem
848 2257 862 2282 ,
908 2230 1013 2287 quo
1056 2216 1201 2272 velut
1250 2216 1373 2288 igne
1401 2216 1539 2271 sicut
1567 2231 1753 2272 aurum

172 2304 377 2359 castitas
424 2304 543 2375 ejus
598 2304 819 2375 probata
863 2315 965 2373 est,
1011 2306 1217 2377 magnis
1255 2305 1323 2363 ab
1350 2322 1415 2363 eo
1445 2306 1757 2362 sublimatus

172 2392 454 2451 honoribus
484 2392 596 2468 (Id.
628 2410 785 2452 xxxix
810 2396 858 2452 et
884 2397 1015 2468 xu),
1048 2397 1255 2466 iurabat
1282 2399 1438 2453 etiam
1479 2412 1576 2469 per
1612 2396 1753 2453 Pha-

172 2488 335 2542 raonis
363 2486 594 2543 salutem
618 2485 728 2565 (Id.
763 2504 895 2554 XLII,
922 2488 1034 2560 15),
1059 2504 1161 2545 non
1187 2495 1436 2561 tanquam
1452 2488 1622 2562 typho
1646 2490 1758 2545 cla-

173 2587 264 2649 tus,
294 2580 391 2636 sed
418 2579 810 2636 benevolentiae
837 2595 943 2635 non
961 2578 1216 2651 ingratus.
1234 2580 1393 2652 Regis
1413 2578 1518 2635 illia
1531 2580 1756 2654 Moysen

173 2671 435 2743 adoptavit
464 2662 662 2743 (Exod.
692 2688 752 2741 ιι,
783 2670 895 2744 10).
925 2672 1091 2728 David
1118 2673 1183 2728 ad
1208 2670 1580 2743 alienigenam,
1612 2674 1756 2744 regis

173 2763 327 2821 Israel
378 2765 690 2835 compulsus
720 2764 1020 2837 iniquitate,
1047 2764 1284 2835 confugit
1314 2764 1335 2838 (
1353 2762 1369 2819 l
1403 2756 1531 2835 Reg.
1562 2770 1752 2836 xxvn).

174 2855 306 2913 Elias
331 2864 455 2912 ante
480 2871 700 2911 currum
738 2855 957 2925 peSsimi
988 2855 1147 2927 regis,
1178 2864 1283 2910 non
1315 2857 1458 2911 illius
1480 2856 1708 2926 imperio
1737 2897 1753 2924 ,

177 2949 264 3006 sed
321 2965 415 3006 suo
457 2949 694 3006 cucurrit
740 2948 996 3022 obsequio
1040 2947 1142 3021 (lli
1184 2950 1312 3025 Reg.
1345 2964 1497 3017 xvm,
1534 2947 1754 3021 ιιι-46).

176 3042 391 3101 Elisazus
432 3044 662 3115 hospitze
709 3042 954 3111 mulieri,
1008 3042 1052 3097 si
1096 3036 1223 3112 quid
1268 3042 1367 3097 sibi
1399 3041 1537 3097 forte
1566 3057 1598 3097 a
1627 3056 1756 3113 rege

174 3150 259 3207 per
303 3136 419 3207 ejus
463 3130 906 3192 intercessionem
945 3135 1185 3206 pra-stari
1222 3134 1399 3202 vellet,
1431 3134 1588 3191 etiam
1617 3137 1757 3191 ultro

174 3226 489 3285 oderendum
516 3225 853 3300 putavit(|V
890 3224 1015 3299 Reg.
1069 3243 1143 3294 ιν,
1194 3227 1313 3298 15).
1366 3226 1473 3283 Sed
1525 3227 1593 3282 ad
1642 3229 1755 3298 ipsa

170 3317 267 3389 jam
298 3328 544 3391 tempora
592 3314 824 3385 veniam,
856 3320 1069 3391 quando
1106 3320 1346 3391 captivus
1393 3319 1486 3375 Dei
1529 3319 1756 3390 pepulus

172 3410 482 3481 habebatur,
505 3402 613 3481 ubi,
629 3421 687 3468 ut
706 3413 888 3468 mitius
908 3412 1114 3483 loquar,
1135 3413 1267 3467 mira
1282 3411 1372 3467 tibi
1388 3413 1601 3482 irrepsit
1622 3408 1759 3467 obii-

172 3507 267 3563 vio.
334 3505 531 3562 Volens
585 3506 727 3567 enim
788 3506 1015 3577 probare
1068 3506 1212 3576 quod
1273 3518 1427 3576 reges
1486 3514 1757 3576 nunquam

174 3590 535 3653 Christianitas
562 3600 662 3654 nisi
680 3598 887 3654 invidos
907 3598 1155 3666 senserit,
1183 3597 1614 3654 commemorasti
1645 3606 1755 3654 tres

175 3704 358 3760 pueros
386 3698 442 3744 et
472 3686 766 3757 Daniclem,
792 3704 910 3760 quae
937 3690 1078 3760 passi
1108 3696 1232 3745 sunt
1256 3705 1285 3742 a
1314 3690 1755 3760 persequentibus

176 3782 399 3852 regibus,
428 3797 527 3837 nec
553 3780 735 3849 rebus,
769 3798 874 3835 non
904 3780 1093 3837 vicinis
1121 3781 1160 3848 ⁸,
1192 3778 1286 3836 sed
1311 3780 1466 3850 plane
1505 3780 1633 3851 ipsis
1656 3782 1756 3837 ad-

178 3870 373 3926 moneri
417 3870 659 3943 potuisti,
708 3872 877 3944 qualis
926 3871 1041 3945 ipse
1084 3887 1179 3926 rex
1225 3880 1346 3942 post
1396 3872 1755 3928 innocentium

177 3962 494 4019 ﬂammarum
528 3965 840 4019 miraculum
867 4004 884 4031 ,
916 3963 1030 4019 sive
1061 3966 1116 4017 in
1147 3964 1254 4018 Deo
1286 3963 1551 4019 laudando
1594 3973 1753 4035 atque

178 4054 503 4124 praedicando
523 4097 541 4123 ,
573 4055 686 4110 sive
714 4055 766 4109 in
798 4055 927 4126 ipsis
954 4054 1135 4125 pueris
1172 4054 1499 4110 honorandis
1527 4056 1751 4113 exStite-

178 4146 268 4214 rit;
296 4148 510 4218 qualem
557 4163 652 4202 rex
683 4146 924 4202 habuerit
950 4147 1248 4213 Danielem,
1282 4154 1335 4202 et
1365 4158 1468 4202 neu
1493 4160 1754 4203 recusan-

178 4245 269 4293 tem
293 4241 485 4311 quibus
510 4239 821 4296 muneribus
846 4240 1201 4307 exornaverit,
1228 4248 1349 4296 eum
1378 4241 1466 4298 ille
1491 4240 1753 4298 honorem

179 4328 402 4387 debitum
422 4326 657 4388 reddens
683 4333 840 4403 regite
872 4333 1142 4403 potestati,
1171 4320 1312 4404 quod
1337 4333 1467 4389 satis
1493 4333 1546 4389 in
1575 4334 1754 4391 verbis

180 4424 278 4494 ejus
304 4436 548 4497 apparet,
573 4418 770 4482 donum
810 4420 901 4483 Dei
919 4442 1023 4498 quo
1044 4427 1296 4498 praeditus
1314 4438 1427 4483 erat
1447 4429 1749 4497 indicando,

178 4517 569 4589 interpretando
611 4519 728 4591 ejus
780 4520 1043 4574 somnium
1097 4534 1204 4576 non
1258 4522 1546 4578 subtraxit.
1600 4522 1755 4581 Unde

176 4621 280 4663 cum
306 4609 381 4665 ab
405 4610 597 4666 invidis
627 4612 792 4666 sancti
832 4612 929 4667 viri
955 4613 998 4678 ⁸,
1024 4611 1279 4683 sacrilega
1343 4615 1555 4670 vesania
1608 4616 1755 4671 calu-

178 4702 505 4770 mniantibus,
537 4702 734 4757 invitus
763 4718 882 4757 eum
911 4719 1004 4758 rex
1030 4703 1081 4759 in
1104 4704 1271 4759 lacum
1300 4704 1509 4761 leonum
1541 4706 1753 4763 mittere

177 4805 460 4865 cogeretur,
492 4812 795 4868 quanquam
841 4797 1009 4851 tristis
1056 4796 1109 4851 id
1148 4795 1358 4863 fecerit,
1413 4801 1753 4871 praesumpsit

177 4900 284 4941 eum
329 4898 508 4943 tamen
539 4903 636 4959 per
664 4888 917 4943 auxilium
966 4886 1058 4943 Dei
1104 4889 1185 4943 sui
1233 4888 1438 4943 salvum
1489 4890 1747 4946 futurum.

177 4976 346 5050 Itaque
393 4997 515 5036 cum
563 4980 655 5036 ille
698 4980 962 5035 refrenata
1015 4977 1270 5035 divinitus
1326 4981 1539 5036 leonum
1603 4983 1753 5039 rabie

176 5071 386 5129 vixisset
411 5074 645 5142 illaesus,
675 5072 900 5129 sollicita
946 5080 1002 5129 et
1038 5073 1209 5130 amica
1238 5088 1371 5130 voce
1412 5076 1554 5146 regis
1586 5076 1752 5145 ipsius

174 5163 264 5219 sibi
316 5165 625 5236 przemissa,
668 5173 724 5222 et
774 5165 887 5238 ipse
930 5181 1051 5221 cum
1104 5166 1473 5224 benedictione
1524 5167 1592 5224 de
1634 5168 1752 5225 lacu

176 5260 457 5328 respondit,
491 5261 623 5327 Rex,
664 5261 718 5316 in
758 5261 1001 5316 naculum
1046 5261 1152 5316 vive
1190 5260 1374 5334 (Dan.
1418 5261 1604 5336 tit-v1).
1646 5263 1753 5320 Cur

174 5345 295 5405 istas
323 5367 507 5424 regum
549 5367 671 5407 cum
709 5353 909 5408 sanctis
935 5352 1225 5419 amicitias,
1255 5368 1378 5409 cum
1413 5370 1591 5411 sermo
1622 5364 1742 5413 tuus

183 5517 208 5570 ε
222 5510 359 5570 actus
380 5512 456 5570 est
487 5504 803 5570 iniexsilium.
828 5522 852 5552 ι
881 5505 1123 5557 Usuardus
1143 5504 1261 5570 falsa
1292 5504 1450 5570 aliqua
1475 5515 1526 5559 et
1547 5525 1575 5558 a
1596 5515 1753 5561 Dona-

172 5563 297 5633 tistis
315 5566 513 5633 conﬁcta
547 5568 1020 5633 hiswriadeceptus,
1045 5563 1490 5633 pseudomarty'rem
1521 5576 1754 5633 Donatum

173 5626 263 5674 sub
285 5631 471 5679 Ursacio
511 5636 563 5680 et
599 5630 867 5682 Marcellino
1120 5632 1287 5682 scribit
1317 5626 1370 5680 iri
1406 5632 1751 5697 atartyrologio,

173 5685 386 5739 calendis
401 5691 671 5742 martit's.in
692 5690 799 5742 haec
818 5646 1002 5742 verlia:
1037 5710 1060 5740 ι
1086 5693 1261 5742 Eodem
1293 5692 1375 5742 die
1411 5695 1563 5742 sancti
1586 5696 1751 5742 Donati

172 5685 386 5739 calendis
401 5691 671 5753 martit's,in
692 5690 799 5743 lucc
818 5685 1002 5744 verba:
1037 5710 1060 5740 ι
1086 5693 1261 5743 Eodem
1293 5692 1375 5742 die
1411 5685 1563 5743 sanc'ti
1586 5685 1755 5745 Donati

180 5762 204 5793 ι
224 5752 462 5822 martyris.
485 5756 567 5816 qui
592 5756 685 5804 sub
714 5754 880 5817 judice
903 5755 1006 5818 (vel
1027 5753 1172 5818 duce)
1192 5755 1385 5807 Ursacio
1410 5761 1463 5806 et
1483 5753 1754 5807 Marcellino

181 5824 204 5854 ι
219 5812 411 5863 tribuno
430 5828 599 5868 passus
621 5823 717 5868 est.
733 5832 758 5865 ι

236 5892 762 6015 ita“:
780 5899 918 5964 editi,
938 5912 1027 5955 nec
1044 5899 1185 5955 rebus
1219 5898 1363 5955 modo
1380 5898 1564 5953 uicinis.

1858 730 1945 791 vel
1985 740 2097 790 non
2144 732 2451 803 vidisti,vel
2492 735 2676 795 videre
2710 739 2946 807 noluisti,
2965 739 3051 795 vel
3086 740 3230 811 quod
3258 744 3441 800 nescio

1859 829 2304 900 quemadmodum
2338 846 2580 899 excuses,
2595 833 2710 889 visa
2730 844 2962 907 notaque
2978 834 3216 891 tabuisti?
3228 836 3381 903 Quod
3396 836 3442 893 si

1860 930 1930 987 te,
1949 921 2086 978 sicut
2110 934 2286 979 causze
2308 925 2556 995 pessima:
2576 923 2931 994 defensorem,
2950 927 3181 984 studium
3200 928 3444 985 falsitatis

1856 1017 2154 1075 astruendaa
2171 1033 2275 1074 non
2306 1018 2604 1091 impediret,
2634 1030 2690 1077 et
2718 1029 2769 1077 te
2796 1022 3061 1077 nolentem
3089 1022 3181 1078 vel
3208 1022 3445 1077 nescien-

1856 1118 1962 1166 tem
1983 1106 2000 1144 λ
2019 1125 2048 1166 a
2066 1111 2182 1167 luce
2197 1113 2433 1168 veritatis
2446 1122 2735 1183 averteret;
2753 1113 2991 1186 profecto
3007 1130 3163 1187 reges
3179 1115 3439 1187 quosdam

1860 1202 2051 1271 bonos,
2076 1202 2335 1275 quosdam
2364 1214 2541 1261 autem
2554 1205 2745 1275 malos,
2767 1214 2821 1263 et
2839 1206 2973 1263 alios
2984 1216 3287 1263 sanctorum
3309 1206 3439 1262 smi-

1855 1309 1968 1362 cos,
1989 1295 2120 1351 alios
2142 1296 2385 1352 inimicos
2408 1299 2525 1353 sine
2555 1298 2659 1353 ulla
2703 1297 3014 1355 difﬁcultate
3049 1300 3333 1357 recoleres.
3375 1297 3444 1354 Ea

1858 1384 2117 1443 miramur
2144 1388 2285 1459 quod
2317 1400 2374 1445 se
2399 1388 2866 1447 Circumcelliones
2904 1394 3069 1448 vestri
3097 1392 3179 1449 sic
3198 1391 3444 1464 praecipi-

1856 1489 1990 1536 tant.
2036 1479 2166 1550 Quis
2210 1492 2329 1552 post
2363 1492 2415 1538 te
2441 1484 2708 1551 currebat,
2738 1484 3007 1541 obsecro?
3034 1495 3090 1542 te
3119 1487 3237 1557 quis
3263 1486 3442 1543 Maca-

1855 1572 1987 1640 rius,
2019 1574 2138 1645 quis
2166 1574 2318 1632 miles
2349 1576 2768 1649 insequebatur?
2810 1578 3013 1651 Nempe
3059 1580 3114 1635 in
3158 1580 3443 1652 abruptum

1856 1662 2101 1720 falsitatis
2128 1665 2286 1738 hujus
2322 1669 2501 1724 nullus
2542 1680 2784 1725 nostrum
2822 1678 2877 1726 te
2911 1670 3139 1741 impulit.
3177 1669 3287 1727 Cur
3313 1686 3442 1743 ergo

1856 1758 2052 1815 clausis
2078 1761 2247 1816 oculis
2273 1761 2349 1818 sic
2376 1762 2459 1818 isti
2486 1778 2740 1834 praeceps,
2771 1772 2831 1819 ut
2855 1778 2981 1819 cum
3017 1762 3267 1833 dixisses,
3310 1763 3447 1831 Quid

1856 1859 2021 1905 autem
2048 1851 2185 1907 vobis
2213 1863 2282 1908 est
2320 1866 2434 1907 cum
2461 1855 2662 1925 regibus
2702 1857 2874 1911 swcuti
2898 1856 2924 1911 ?
2954 1868 3059 1911 non
3086 1854 3404 1927 adjungeres
3428 1896 3444 1923 ,

1856 1956 1991 2014 quos
2018 1958 2162 2014 saepe
2186 1942 2557 2001 Christianitas
2584 1947 2795 2003 invidos
2820 1948 3014 2013 sensit;
3040 1948 3135 2003 sed
3154 1958 3263 2003 non
3286 1946 3445 2003 dubi-

1858 2044 2001 2092 tares
2030 2035 2229 2102 dicere,
2279 2054 2402 2110 quos
2442 2050 2700 2110 nunquam
2730 2038 3084 2095 Cltristianitas
3126 2038 3223 2096 nisi
3250 2040 3447 2095 invidos

1856 2128 2056 2183 sensit?
2080 2128 2226 2185 Itane
2257 2146 2386 2186 vero
2414 2146 2514 2187 nec
2538 2132 2652 2202 ipse
2676 2132 2938 2203 cegitasti,
2959 2146 3057 2187 nec
3087 2140 3180 2187 eos
3205 2132 3295 2203 qui
3317 2131 3449 2187 scri-
3548 2198 3554 2205 ι

1858 2229 1945 2291 pta
1977 2229 2062 2275 tua
2088 2221 2349 2292 legerent,
2376 2223 2699 2293 cogitaturos
2728 2224 2922 2291 putasti
2946 2218 3022 2276 tot
3046 2230 3234 2293 regum
3260 2236 3447 2279 exem-

1868 2312 1955 2384 pla
1982 2312 2072 2368 tibi
2097 2313 2460 2377 reclamantia,
2489 2313 2666 2369 Nescit
2691 2315 2817 2385 quid
2844 2314 3091 2384 loquatur
3110 2314 3136 2368 τ

1928 2403 2054 2461 205.
2102 2406 2183 2460 An
2234 2407 2356 2477 quia
2406 2407 2481 2461 illi
2531 2420 2664 2478 quos
2717 2408 3156 2474 commemoravi,
3205 2414 3448 2463 veterum

1860 2506 2158 2567 temporum
2195 2495 2446 2565 fuerunt,
2477 2497 2595 2552 ideo
2625 2497 2717 2552 tibi
2748 2513 2842 2553 eos
2868 2497 3001 2552 nihil
3039 2498 3310 2553 adversari
3354 2512 3446 2553 ar-

1857 2585 2094 2655 bitraris,
2124 2587 2244 2659 quia
2275 2603 2380 2643 non
2407 2586 2611 2655 dixisti,
2641 2587 2787 2656 Quos
2812 2603 3081 2658 nunquam
3109 2588 3315 2658 justitia
3340 2587 3447 2646 nisi

1860 2680 2068 2737 invidos
2089 2683 2284 2751 sensit;
2313 2681 2406 2738 sed
2431 2683 2636 2751 dixisti,
2664 2700 2790 2756 quos
2810 2700 3066 2755 nunquam
3086 2682 3447 2740 Christianitas

1859 2774 1956 2829 nisi
1982 2774 2177 2829 invidos
2235 2775 2435 2830 sensit:
2470 2791 2535 2831 ex
2578 2775 2669 2831 illo
2712 2775 2936 2832 fortasse
2976 2785 3215 2845 tempore
3262 2778 3448 2833 volens

1858 2882 1950 2922 eos
1978 2866 2199 2937 intelligi
2229 2866 2386 2938 justis
2420 2866 2687 2936 invidere,
2719 2883 2784 2924 ex
2819 2885 2925 2939 quo
2950 2868 3224 2924 christiani
3263 2869 3447 2939 appel-

1859 2957 1957 3012 lari
1994 2956 2311 3028 cmperunt?
2338 2959 2473 3027 Quid
2513 2975 2639 3030 ergo
2678 2959 2779 3015 sibi
2819 2961 3005 3015 volunt
3030 2961 3272 3031 exempla
3299 2970 3447 3016 vetc-

1861 3067 1978 3106 rum
2011 3060 2332 3122 temporum,
2362 3051 2550 3122 quibus
2575 3050 2678 3108 hoc
2694 3052 2835 3122 quod
2857 3050 3224 3123 imprudenter
3244 3052 3445 3127 dixisti,

1858 3144 2245 3216 imprudentius
2267 3144 2461 3202 docere
2490 3144 2751 3201 voluisti?
2776 3142 3041 3217 Numquid
3068 3148 3211 3201 enim
3239 3146 3449 3204 Macha-

1858 3234 1978 3302 baei,
2007 3236 2089 3292 vel
2122 3246 2229 3292 tres
2261 3236 2411 3307 pueri
2431 3279 2446 3306 ,
2490 3237 2576 3293 vel
2608 3235 2812 3302 Daniel,
2845 3253 2950 3292 non
2978 3246 3261 3309 antequam
3289 3236 3448 3293 Chri-

1857 3337 1970 3384 stus
1995 3318 2046 3384 iu
2071 3338 2212 3384 terra
2238 3340 2547 3385 nasceretur
2569 3371 2586 3397 ,
2619 3330 2702 3383 vel
2728 3338 2950 3401 egerunt
2978 3331 3065 3385 illa
3096 3331 3179 3386 vel
3208 3330 3449 3401 pertule-

1858 3414 2014 3476 runt?
2074 3420 2275 3476 Deinde
2318 3436 2412 3476 cur
2440 3464 2454 3490 ,
2502 3428 2563 3475 ut
2605 3421 2762 3492 paulo
2802 3429 2928 3477 ante
2991 3423 3447 3492 commemoravi,

1858 3500 2070 3566 Juliano
2117 3525 2244 3568 vero
2272 3508 2685 3567 Christianitatis
2729 3511 2909 3567 invido
2945 3512 3325 3583 supplicastisl
3351 3529 3448 3569 cur

1857 3601 1923 3657 ab
1957 3618 2021 3657 eo
2059 3600 2305 3659 basilicas
2339 3604 2577 3675 petistis?
2610 3618 2704 3658 cur
2731 3604 2869 3673 apud
2907 3619 3031 3660 eum
3078 3605 3246 3659 solam
3291 3605 3450 3674 justi-

1858 3692 1984 3748 tiam
2012 3693 2185 3749 locum
2214 3694 2410 3750 habere
2439 3694 2678 3749 dixistis?
2706 3694 2762 3750 Si
2791 3694 3203 3750 Christianitatis
3228 3694 3447 3753 invidus

1858 3784 1973 3841 hsce
2023 3786 2201 3857 audit,
2242 3787 2367 3858 quid
2418 3794 2541 3841 sunt
2570 3802 2601 3841 a
2629 3787 2819 3856 quibus
2860 3786 2976 3842 haec
3003 3787 3187 3841 audit?
3218 3790 3287 3843 At
3310 3805 3438 3845 vero

1855 3876 2257 3944 Constantinus,
2289 3893 2618 3948 nequaquam
2636 3876 2912 3932 christiani
2939 3879 3169 3932 nominis
3199 3876 3407 3935 invidus
3427 3922 3445 3950 ,

1855 3969 1950 4024 sed
1981 3972 2135 4039 plane
2162 3969 2453 4025 christiano
2503 3969 2716 4023 nomine
2741 3969 3038 4040 gloriosus,
3083 3986 3292 4026 memor
3331 3971 3447 4044 spei

1856 4077 2012 4132 quam
2035 4063 2253 4132 gerebat
2280 4063 2331 4116 in
2361 4062 2593 4129 Christo,
2629 4077 2724 4132 pro
2764 4062 2877 4131 ejus
2918 4063 3119 4119 unitate
3150 4065 3445 4136 justissime

1851 4150 2096 4222 judicans
2124 4193 2139 4218 ,
2186 4153 2452 4223 accepturi
2481 4168 2510 4206 a
2541 4153 2691 4207 vobis
2721 4169 2819 4208 nec
2859 4153 2923 4207 ad
2962 4169 3019 4209 se
3061 4152 3446 4226 appellantibus

1855 4243 2073 4300 meruit.
2123 4242 2295 4299 Ambo
2327 4243 2438 4315 jam
2474 4244 2779 4299 christiauis
2806 4246 3151 4316 temporibus,
3194 4246 3287 4302 sed
3339 4265 3445 4303 non

1854 4334 2069 4392 fuerunt
2093 4336 2250 4389 ambo
2270 4333 2542 4390 christiani
2575 4354 2588 4391 :
2616 4335 2757 4407 quod
2782 4337 2823 4391 si
2851 4336 3009 4392 ambo
3035 4337 3445 4394 Christianitatis

1856 4424 2043 4494 invidi,
2076 4442 2171 4483 cur
2194 4427 2260 4482 ad
2293 4444 2453 4482 unum
2480 4444 2663 4483 eorum
2698 4428 2774 4484 sic
2803 4430 3133 4499 appellastis,
3165 4430 3318 4487 alteri
3348 4448 3444 4487 eo-

1854 4535 1974 4576 rum
2025 4521 2102 4575 sic
2148 4521 2487 4591 supplicastis
2517 4516 2579 4574 ’?
2610 4519 2920 4576 Petentibus
2965 4521 3105 4576 enim
3154 4520 3446 4593 majoribus

1854 4612 2067 4679 vestris,
2098 4613 2398 4684 episcopale
2418 4612 2676 4683 judicium
2707 4612 2932 4669 dederat
2954 4612 3356 4683 Constantinus,
3390 4627 3446 4673 et

1854 4707 1994 4777 apud
2028 4705 2271 4772 Romam,
2302 4715 2355 4761 et
2383 4706 2521 4776 apud
2563 4707 2836 4764 Arelatum
2884 4725 2897 4762 :
2943 4723 3170 4779 quorum
3211 4713 3441 4782 primum

1854 4798 1992 4869 apud
2021 4814 2143 4853 eum
2172 4797 2481 4862 accusastis,
2526 4797 2593 4852 ab
2623 4798 2793 4853 altero
2834 4799 2899 4854 ad
2944 4817 3066 4855 eum
3112 4803 3440 4873 appellastis.

1856 4890 1913 4947 Si
1937 4901 2134 4957 autem,
2164 4890 2306 4960 quod
2337 4906 2515 4945 verum
2544 4901 2642 4958 est,
2676 4907 2813 4947 unus
2850 4909 3033 4949 eorum
3078 4895 3130 4950 in
3176 4896 3441 4951 Christum

1854 4982 2173 5048 crediderat,
2200 4982 2383 5036 altera
2403 4980 2615 5040 Christo
2637 4994 3059 5054 apostataverat;
3089 5003 3184 5042 cur
3199 4987 3444 5043 christia-

1855 5089 1957 5130 uus
1984 5074 2267 5129 consulens
2297 5074 2483 5128 unitati
2513 5076 2888 5142 contemnitur,
2919 5085 2971 5132 ct
2994 5086 3231 5147 apostata
3257 5077 3441 5132 favens

1855 5166 2099 5224 divisioni
2130 5165 2410 5221 laudatur?
2435 5164 2815 5224 Constantinus
2840 5170 2990 5225 vobis
3015 5169 3259 5223 basilicas
3280 5167 3439 5237 jussit

1854 5252 2067 5323 auferri,
2102 5256 2344 5313 Julianus
2368 5258 2595 5313 restitui.
2622 5257 2758 5328 Quid
2790 5259 2978 5314 horum
2996 5256 3299 5314 christiana:
3322 5259 3437 5329 paci

1853 5352 2137 5408 conveniat
2174 5351 2331 5407 vultis
2369 5352 2562 5409 nosse?
2597 5352 2729 5408 lllud
2766 5355 2887 5409 fecit
2924 5353 3010 5423 qui
3042 5351 3345 5407 crediderat
3385 5353 3437 5409 in

1853 5444 2143 5513 Christum,
2176 5444 2278 5501 hoc
2317 5446 2438 5502 fecit
2468 5447 2555 5517 qui
2585 5446 2857 5502 dimiserat
2894 5446 3178 5501 Christum.
3208 5444 3251 5502 Ο
3277 5463 3437 5519 quam

1852 5539 2020 5595 velles
2043 5539 2222 5595 dicere
2251 5556 2265 5593 :
2298 5538 2435 5595 Male
2460 5538 2656 5595 factum
2691 5549 2773 5594 est
2799 5546 2854 5592 ut
2879 5536 3087 5593 Juliano
3127 5539 3200 5595 ita
3236 5541 3438 5613 suppli-

2030 5614 2052 5642 ἢ

1959 5659 2012 5703 In
2034 5660 2161 5715 Mss,
2182 5656 2287 5704 ette
2308 5652 2545 5715 uomuerit
2554 5650 2628 5715 uel
2645 5649 2945 5715 nescieram.

1918 5718 1938 5749 ί
1968 5715 2086 5766 Editi
2125 5710 2264 5783 post,
2297 5713 2367 5765 sic
2403 5710 2707 5783 supplicassis
2724 5750 2763 5783 ,Δ
2786 5713 3205 5783 prosequebantur
3240 5716 3311 5783 sic
3335 5732 3364 5783 _:_
3391 5715 3441 5769 si

1918 5728 1938 5749 ι
1968 5728 2086 5766 eum
2125 5728 2264 5783 pOSt,
2297 5728 2367 5765 διο
2403 5728 2707 5783 supplicassis
2724 5750 2737 5773 ,
2786 5728 3205 5826 prosequebantur
3240 5729 3311 5765 sne
3343 5732 3354 5765 :
3391 5728 3433 5769 St

1854 5777 2162 5847 autemquod
2184 5788 2349 5827 verum
2362 5780 2448 5835 est,
2467 5773 2729 5847 petentibus
2747 5779 2849 5847 twn
2869 5775 2955 5847 (ve
2977 5808 2993 5839 ,
3018 5775 3433 5847 cummaioribus

2067 5845 2185 5899 etc.,
2200 5849 2503 5902 rursumque
2547 5838 2672 5885 intra
2715 5838 3027 5901 repetebant,
3064 5839 3114 5893 si
3135 5838 3294 5893 autem
3312 5841 3447 5902 (vel;

1856 5901 1905 5951 Si
1926 5898 2060 5974 ergo)
2082 5898 2208 5964 quod
2230 5910 2393 5949 verum
2424 5898 2520 5956 est,
2557 5909 2681 5968 unus
2702 5898 2883 5964 eorum,
2912 5898 3339 5968 etc.'Corriguntur
3361 5898 3437 5955 me

1858 5962 2073 6013 διὼειώο
2092 5968 2316 6012 veterum
2333 5964 2781 6022 manuscriptomm.
