3998 6468
505 413 611 472 327

504 547 740 604 caretur,
766 534 862 594 sed
887 533 992 588 hoc
1011 526 1138 600 quid
1157 522 1224 581 ad
1251 535 1351 578 uos
1387 519 1660 592 pertinet?
1688 515 1842 581 Quod
1868 513 1915 568 si
1943 511 2089 567 dice-

505 646 615 695 res,
643 637 697 684 et
735 627 790 681 in
824 625 907 680 his
942 618 1156 693 quidem
1181 613 1358 670 verbis
1387 613 1491 667 tuis
1519 609 1794 666 Catholica
1816 606 2087 668 vinceret,

505 722 570 776 ad
601 719 754 789 cujus
779 723 989 772 sanctos
1015 717 1128 764 toto
1155 707 1287 762 orbe
1314 704 1535 760 dilfusos
1565 701 1734 756 multo
1761 698 1937 752 minus
1965 707 2092 765 per-

506 814 640 868 tinet
666 785 933 880 quidquid
971 801 1168 868 dicitis,
1213 798 1282 854 de
1313 796 1507 868 quibus
1534 793 1716 857 vultis,
1744 790 1882 844 sicut
1907 785 2089 842 vultis.

504 903 609 962 Sed
630 916 737 956 non
759 907 907 969 potes
934 895 1134 969 dicere,
1165 892 1304 946 male
1331 889 1528 944 factum
1550 895 1609 940 ut
1635 883 1849 940 Juliano
1871 881 1942 935 ita
1963 891 2093 947 sup-

507 995 792 1065 plicaretur
823 1007 838 1042 :
866 985 1295 1058 oppilatrlauces,
1321 981 1518 1052 premit
1542 979 1773 1048 linguam
1801 972 2094 1030 domestica

505 1063 826 1148 auctoritas;
858 1079 1076 1136 Pontius
1097 1077 1241 1144 fecit,
1270 1074 1490 1130 Pontius
1511 1067 1846 1141 supplicavit,
1872 1063 2094 1121 Pontius

505 1183 800 1247 apostatam
821 1171 1176 1244 justissimum
1203 1167 1363 1232 dixit,
1391 1164 1612 1220 Pontius
1641 1158 1782 1230 apud
1795 1164 2093 1227 apostatam
2134 1194 2136 1196 τ

505 1243 675 1323 solam
709 1243 966 1336 justitiam
995 1263 1174 1317 locum
1206 1258 1404 1313 habere
1432 1252 1761 1325 praedicavit.
1795 1249 1890 1303 His
1917 1243 2096 1301 verbis

507 1361 610 1416 sibi
644 1356 888 1412 Pontium
916 1354 1245 1425 supplicasse
1281 1352 1334 1404 in
1371 1348 1563 1404 eodem
1590 1343 1850 1412 rescripto
1879 1353 1977 1394 suo
2001 1351 2098 1391 no-

509 1450 751 1507 minatim
780 1450 898 1504 sine
922 1447 1146 1517 ambage
1166 1445 1280 1514 ipse
1300 1441 1541 1497 Julianus
1560 1434 1842 1507 expressit.
1870 1431 2100 1486 Exstant

509 1544 856 1614 allegationes
881 1548 1074 1595 vestrae
1103 1555 1116 1590 :
1149 1552 1256 1591 non
1298 1534 1413 1588 haec
1442 1532 1640 1586 incerta
1681 1525 1842 1591 fama,
1879 1521 1975 1578 sed
2002 1534 2100 1590 pu-

507 1613 645 1694 blica
675 1643 1018 1691 monumenta
1046 1638 1330 1687 testantur.
1352 1627 1436 1682 An
1464 1624 1600 1680 forte
1615 1622 1738 1693 quia
1764 1627 1950 1674 contra
1976 1613 2098 1668 uni-

509 1740 675 1787 tatem
736 1728 973 1792 Christi,
1031 1723 1272 1796 petitioni
1326 1727 1522 1774 vestrae
1578 1712 1778 1784 aliquid
1833 1705 2100 1766 concessit

511 1827 776 1892 apostata,
813 1832 996 1873 verum
1047 1823 1199 1886 putas
1245 1826 1364 1868 esse
1405 1806 1548 1879 quod
1593 1806 1792 1860 dictum
1818 1809 1919 1865 est,
1960 1796 2101 1868 apud

509 1926 633 1968 eum
661 1912 830 1966 solam
861 1909 1036 1963 locum
1067 1907 1262 1962 habere
1282 1898 1587 1974 justitiam?
1615 1899 1738 1968 quia
1766 1909 1895 1950 vero
1929 1893 2101 1961 impe-

510 2013 716 2058 ratores
742 1999 1039 2066 christiani,
1067 1996 1208 2068 quod
1245 1995 1423 2048 Valere
1461 1991 1787 2045 arbitrantur
1813 1985 1880 2039 ad
1904 1982 2101 2038 Christi

511 2094 791 2157 unitatem,
826 2099 1013 2146 contra
1051 2097 1288 2142 vestram
1310 2089 1548 2137 statuunt
1572 2080 1921 2142 voluntatem,
1948 2072 2102 2127 Chri-

512 2182 794 2238 stianitatis
847 2179 1012 2234 invidi
1058 2173 1427 2247 appellantur?
1472 2171 1561 2228 Sic
1611 2169 1876 2239 desipiant
1913 2177 2102 2220 omnes

513 2275 769 2335 haeretici.
799 2283 856 2330 et
881 2271 1138 2340 resipiant
1163 2278 1222 2323 ut
1248 2283 1353 2322 non
1385 2266 1491 2320 sint
1516 2263 1775 2318 haeretici.

583 2365 712 2422 206.
756 2365 820 2419 Et
861 2363 970 2426 ubi,
1000 2360 1226 2430 inquies,
1257 2358 1532 2428 impletum
1562 2364 1644 2408 est
1669 2350 1809 2422 quod
1842 2348 2101 2404 Dominus

487 2486 489 2489 -
513 2457 660 2521 dicit,
703 2453 874 2509 Veniet
910 2443 1127 2521 tempus,
1156 2459 1213 2502 ut
1231 2450 1316 2519 qui
1340 2463 1425 2501 vos
1459 2443 1716 2508 occiderit,
1746 2449 1886 2512 putet
1913 2456 1966 2494 se
1995 2438 2101 2491 Deo

513 2548 727 2619 ofﬁcium
762 2550 928 2618 facere
949 2542 1128 2615 (Joan.
1152 2557 1264 2605 xvr,
1288 2540 1387 2610 2)?
1410 2538 1592 2606 Neque
1618 2536 1760 2590 enim
1788 2534 1888 2586 hoc
1907 2531 1974 2586 de
2004 2531 2104 2584 Pa-

511 2641 661 2712 ganis
685 2638 789 2694 dici
820 2638 1009 2708 potuit;
1036 2636 1125 2706 qui
1153 2649 1258 2689 non
1289 2642 1506 2703 propter
1539 2631 1724 2692 Deum,
1759 2626 1855 2680 sed
1883 2632 2102 2694 propter

513 2732 655 2787 idola
679 2729 1013 2786 Christianos
1040 2725 1514 2798 persequebantur.
1537 2719 1654 2774 Non
1681 2717 1896 2781 videtis,
1929 2715 1975 2768 si
2002 2715 2104 2768 hoc

513 2824 582 2878 de
611 2824 692 2877 his
720 2819 1130 2892 imperatoribus
1172 2818 1370 2872 dictum
1415 2822 1590 2879 esset,
1633 2811 1723 2881 qui
1766 2807 1999 2880 gaudent
2038 2806 2105 2860 de

514 2915 733 2970 nomine
770 2913 1099 2974 christiano,
1140 2909 1243 2962 hoc
1289 2923 1382 2962 eos
1411 2907 1591 2975 utique
1635 2902 1909 2974 praecipue
1939 2898 2106 2953 fuisse

511 3007 780 3078 iussuros,
809 3013 868 3060 ut
905 3001 1288 3060 occideremini
1320 3017 1334 3053 :
1384 2998 1528 3069 quod
1567 3010 1838 3065 nunquam
1885 2993 2106 3048 omnino

511 3099 806 3172 jusserunt.
839 3097 947 3152 Sed
975 3096 1138 3150 vestri
1170 3093 1344 3148 hostili
1388 3105 1538 3145 more
1565 3088 1770 3158 legibus
1800 3097 2103 3154 repugnan-

514 3190 584 3246 do
614 3204 798 3260 poenas
827 3187 1034 3242 debitas
1061 3186 1248 3247 luunt;
1279 3192 1334 3237 et
1360 3181 1689 3235 voluntarias
1726 3187 1927 3231 mortes
1956 3189 2100 3243 suas,

514 3279 643 3337 dum
665 3280 817 3334 nobis
835 3277 1126 3332 invidiosas
1151 3281 1359 3344 putant,
1388 3272 1488 3326 sibi
1518 3269 1841 3340 perniciosas
1871 3280 1975 3320 non
2001 3280 2105 3335 pu-

514 3380 648 3428 tant.
681 3370 845 3439 Quod
864 3371 909 3424 si
937 3369 1004 3423 de
1029 3367 1245 3435 regibus
1270 3379 1468 3420 nomen
1487 3362 1684 3417 Christi
1717 3357 2106 3414 honorantibus

516 3462 646 3518 illud
666 3478 696 3516 a
724 3463 947 3516 Domino
969 3459 1168 3514 dictum
1193 3471 1313 3511 esse
1334 3456 1680 3520 arbitrantur,
1710 3459 1954 3522 quaerant
1977 3447 2106 3521 quid

516 3555 789 3611 Catholica
819 3554 870 3606 in
897 3551 1113 3606 Oriente
1146 3563 1395 3619 perpessa
1417 3548 1507 3610 sit,
1539 3545 1749 3616 quando
1777 3544 1972 3599 Valens
1998 3543 2104 3597 im-

522 3647 740 3718 perabat
765 3646 1001 3699 arianus.
1025 3645 1163 3698 Ecce
1187 3642 1460 3706 haberem,
1484 3655 1590 3710 quo
1621 3639 1970 3708 intelligerem
1999 3637 2101 3690 im-

519 3739 718 3808 pletum
748 3751 889 3801 esse,
919 3735 1057 3806 quod
1088 3734 1342 3789 Dominus
1366 3733 1459 3797 ait,
1501 3730 1675 3786 Veniet
1697 3740 1920 3801 tempus,
1944 3737 1999 3782 ut
2019 3728 2104 3796 qui

516 3845 601 3884 vos
638 3828 898 3893 occiderit,
930 3837 1067 3897 putet
1102 3843 1153 3880 se
1183 3825 1396 3896 ofﬁcium
1439 3822 1546 3876 Deo
1574 3825 1740 3892 facere
1766 3837 1784 3874 :
1812 3837 1878 3874 ne
1909 3819 2010 3873 sibi
2036 3817 2105 3873 ad

516 3917 672 3974 famae
705 3918 927 3988 gloriam
960 3916 1194 3971 haeretici
1226 3922 1582 3979 assumerent,
1612 3912 1656 3966 si
1691 3909 1817 3980 quid
1847 3909 2107 3963 adversus

518 4025 704 4066 eorum
743 4024 984 4065 errorem
1024 4009 1376 4074 imperatores
1417 4002 1665 4059 catholici
1704 4001 2103 4072 praecepissent.

518 4101 900 4156 Verumtamen
935 4108 1145 4168 tempus
1182 4096 1312 4150 illud
1349 4102 1472 4165 post
1500 4093 1868 4148 ascensionem
1897 4090 2106 4145 Domini

520 4193 840 4262 completum
858 4205 977 4245 esse
996 4188 1422 4252 reminiscimur;
1450 4193 1630 4240 sancta
1656 4184 1928 4253 Scriptura
1949 4181 2107 4251 hujus

520 4285 601 4340 rei
641 4284 789 4338 testis
827 4281 1079 4336 omnibus
1110 4289 1234 4335 nota
1277 4285 1380 4334 est.
1418 4276 1588 4332 Judaei
1613 4275 1871 4346 putabant
1907 4287 1967 4328 se
1985 4272 2106 4327 otti-

523 4379 664 4430 cium
709 4375 819 4430 Deo
859 4372 1068 4439 facere,
1097 4387 1219 4426 cum
1261 4369 1546 4438 Apostolos
1589 4366 1921 4422 occidebant.
1967 4363 2108 4419 Inter

522 4469 624 4524 hos
663 4468 754 4538 qui
793 4464 1026 4520 ofﬁcium
1091 4463 1202 4518 Deo
1260 4460 1653 4516 arbitrabantur
1713 4472 1772 4512 se
1830 4455 2104 4521 exhibere,

479 4566 490 4572 '
525 4562 683 4617 etiam
700 4559 896 4615 Saulus
926 4565 1108 4612 noster
1127 4595 1143 4622 ,
1170 4552 1406 4610 nondum
1436 4559 1614 4606 noster
1636 4590 1649 4612 ,
1678 4547 1778 4602 fuit
1804 4564 1816 4600 :
1849 4548 1919 4602 ita
1940 4547 2110 4602 uthoc

527 4652 667 4707 inter
695 4650 878 4706 laudes
904 4663 1027 4704 suas
1066 4645 1360 4717 praeteritas
1394 4651 1448 4699 et
1473 4640 1860 4698 obliviscendas
1886 4655 2109 4695 enume-

526 4755 627 4811 ret,
663 4746 710 4800 Η
717 4746 924 4806 ebrwus,
949 4741 1138 4812 inquit,
1160 4755 1224 4794 ea:
1241 4737 1490 4804 Hebreis,
1511 4735 1788 4791 secundum
1804 4734 1960 4804 legem
1981 4734 2111 4804 pha-

526 4840 738 4904 risazus,
767 4835 1039 4891 secundum
1075 4831 1447 4888 aemulationem
1493 4843 1789 4899 persequens
1834 4823 2113 4878 Ecclesium

533 4929 790 5002 (Philipp.
817 4942 897 4993 ιιι,
929 4924 984 4991 5,
1017 4922 1094 4996 6).
1129 4924 1265 4978 Ecce
1287 4920 1380 4991 qui
1409 4919 1626 4990 putabat
1653 4917 1886 4972 ofﬁcium
1916 4929 1974 4969 se
2002 4915 2113 4969 Deo

530 5023 743 5085 facere,
773 5033 893 5074 cum
936 5015 1164 5072 iaciebat
1195 5012 1338 5084 quod
1377 5027 1502 5066 mox
1538 5011 1654 5081 ipse
1688 5022 1974 5079 perpessus
2009 5016 2110 5061 est.

532 5114 664 5172 Nam
702 5112 1048 5185 quadraginta
1091 5107 1262 5164 Judaei
1303 5105 1710 5174 conjuraverant
1752 5109 1810 5155 ut
1851 5099 2117 5154 interﬁce-

531 5213 656 5264 rent
680 5220 804 5260 eum
826 5245 841 5271 ,
883 5200 1094 5273 quando
1127 5197 1255 5254 fecit
1281 5196 1385 5251 hoc
1415 5194 1627 5250 tribuno
1656 5193 1992 5248 innotescere
2016 5230 2031 5257 ,
2060 5196 2118 5244 ut

531 5313 715 5356 eorum
760 5295 979 5352 insidias
1015 5302 1221 5350 armato
1257 5291 1425 5344 milite
1459 5298 1643 5358 septas
1685 5286 1937 5342 evaderet
1963 5283 2115 5357 (Act.

533 5406 684 5455 nm,
717 5387 924 5459 12-53).
972 5383 1081 5440 Sed
1119 5390 1354 5438 nondum
1391 5389 1507 5435 erat
1533 5379 1623 5449 qui
1652 5378 1701 5432 ei
1729 5377 1948 5443 diceret,
1979 5373 2119 5442 Quid

538 5481 632 5536 tibi
656 5488 759 5546 est,
788 5494 897 5534 non
922 5493 1044 5534 cum
1072 5475 1306 5546 regibus,
1331 5471 1424 5528 sed
1450 5486 1570 5526 cum
1599 5469 1822 5525 tribunis
1849 5468 2119 5538 armisque

544 5571 846 5642 regalibus?
870 5586 975 5626 non
999 5578 1113 5625 erat
1145 5567 1240 5640 qui
1274 5567 1326 5621 ei
1355 5565 1575 5628 diceret,
1602 5561 1784 5618 Audes
1808 5577 1904 5631 per
1923 5561 2118 5616 milites

536 5679 777 5737 quaerere
797 5662 1095 5727 tuitionem,
1121 5676 1244 5716 cum
1270 5660 1527 5714 Dominus
1555 5665 1674 5711 tuus
1699 5670 1794 5725 per
1814 5669 1906 5709 eos
1929 5653 2119 5709 ductus

538 5758 614 5815 sit
638 5758 704 5813 ad
726 5753 1304 5829 passionem?Nondum
1324 5759 1477 5806 erant
1506 5751 1604 5806 ista
1621 5749 1987 5812 deliramenta,
2022 5744 2120 5802 sed

535 5859 724 5910 contra
749 5849 864 5905 haec
890 5847 1065 5904 futura
1081 5847 1191 5917 jam
1218 5855 1351 5918 tunc.
1371 5845 1459 5900 illa
1492 5843 1814 5914 parabantur
1846 5840 2108 5912 exempla.

1383 401 1655 463 CONTRA
1690 391 2033 458 LITTERAS
2068 390 2432 464 PETILIANI,
2471 392 2529 452 S.
2570 389 2940 454 AUGUSTINI

3678 388 3786 447 328

2270 507 2395 564 207.
2436 509 2575 578 Quin
2604 510 2764 564 etiam
2789 505 3097 564 terribiliter
3129 516 3428 576 proponere
3457 517 3620 560 ausus
3644 517 3707 560 es
3730 513 3787 561 et

2199 601 2378 657 dicere
2407 621 2419 656 :
2454 601 2559 657 Sed
2579 611 2635 655 ut
2657 611 2840 656 caetera
2868 608 3080 662 taceam,
3111 598 3165 652 in
3201 596 3376 652 uestris
3414 595 3662 665 exemplis
3690 595 3787 648 ad-

2199 695 2371 749 uertite
2401 736 2418 763 ,
2443 695 2773 766 imperatores
2799 693 3124 764 quamplura
3141 708 3202 746 ac
3217 691 3418 763 judices
3444 700 3637 744 uestros
3664 705 3782 759 pcr-

2199 790 2502 844 secutionem
2531 788 2675 845 nobis
2703 787 2936 859 faciendo
2971 787 3197 858 periisse.
3223 784 3337 840 Hoc
3362 784 3415 839 in
3442 782 3671 854 epistola
3703 790 3787 837 tua

2201 895 2324 936 cum
2364 881 2633 951 legissem,
2671 879 3028 935 intentissime
3052 877 3425 947 exspectabam
3456 875 3584 946 quid
3611 873 3786 930 dictu-

2201 987 2324 1041 rus,
2360 981 2416 1028 et
2439 986 2574 1042 quos
2612 980 3023 1028 enumeraturus
3061 984 3212 1026 esses
3247 986 3262 1024 :
3292 983 3413 1024 cum
3454 981 3584 1024 ecce
3622 965 3787 1032 mihi,

2202 1065 2352 1136 quasi
2376 1065 2759 1137 relinquendo,
2785 1065 2994 1136 coepisti
3033 1077 3458 1120 commemorare
3478 1060 3753 1116 Neronem
3773 1100 3790 1128 ,

2204 1158 2560 1214 Domitianum
2583 1200 2598 1225 ,
2629 1159 2916 1229 Trajanum
2934 1200 2949 1225 ,
2985 1156 3204 1213 Getam‘
3226 1198 3242 1225 ,
3269 1155 3488 1210 Decium
3509 1196 3524 1221 ,
3549 1152 3810 1226 Valeria-0

2200 1266 2352 1314 num.
2380 1251 2785 1318 Diocletianum,
2809 1249 3203 1305 Maximianum.
3232 1247 3426 1302 Fateor
3442 1246 3626 1316 plures
3643 1257 3788 1300 esse:

2206 1342 2301 1398 sed
2331 1351 2386 1397 tu
2413 1357 2632 1413 prorsus
2657 1352 2844 1398 contra
2863 1355 2998 1412 quos
3027 1339 3284 1409 loquaris,
3316 1337 3513 1392 oblitus
3542 1351 3626 1391 es.
3649 1334 3791 1389 Non-

2203 1450 2273 1490 ne
2313 1436 2401 1490 isti
2435 1449 2624 1490 omnes
2668 1433 2857 1504 pagani
2897 1432 3130 1495 fuerunt,
3159 1437 3215 1486 et
3240 1427 3620 1484 universaliter
3649 1425 3790 1480 chri-

2204 1528 2435 1582 stianum
2461 1541 2657 1581 nomen
2687 1540 2784 1595 pro
2822 1523 2936 1580 suis
2981 1521 3138 1577 idolis
3173 1519 3440 1591 persecuti
3476 1515 3644 1572 sunt?
3674 1514 3791 1568 Evi-

2204 1618 2306 1689 gila
2352 1632 2479 1686 ergo
2515 1634 2528 1668 :
2561 1631 2684 1670 nam
2736 1615 2822 1670 isti
2865 1610 3260 1669 communionis
3293 1617 3492 1664 nostra}
3530 1619 3642 1660 non
3683 1603 3794 1659 lue.

2205 1718 2358 1774 runt;
2384 1710 2638 1765 unitatem
2663 1709 2857 1779 ipsam,
2877 1706 2964 1762 vel
2986 1704 3127 1760 unde
3150 1718 3273 1770 nos,
3293 1701 3427 1757 sicut
3453 1713 3551 1755 vos
3572 1695 3791 1768 putatis,

2205 1805 2291 1860 vel
2321 1803 2460 1859 unde
2499 1817 2629 1868 vos,
2661 1802 2800 1858 sicut
2831 1799 3077 1856 Christus
3103 1797 3292 1862 docet,
3337 1793 3561 1850 existis'
3581 1831 3598 1856 ,
3633 1798 3793 1844 totam

2207 1896 2679 1967 persequebantur.
2738 1893 2820 1949 Tu
2874 1901 3051 1946 autem
3103 1900 3462 1959 proposueras
3505 1881 3795 1938 ostendere

2208 1999 2420 2044 nostros
2447 1989 2796 2058 imperatores
2838 1999 2902 2039 ac
2930 1982 3138 2054 judices
3166 1977 3598 2050 persecutionem
3649 1971 3796 2026 vobis

2207 2081 2451 2138 faciendo
2479 2079 2725 2148 periisse.
2758 2078 2839 2130 An
2869 2090 2970 2130 nec
2995 2082 3051 2129 tu
3086 2069 3292 2141 exigis‘
3330 2076 3390 2122 ut
3416 2068 3550 2122 istos
3571 2078 3795 2133 compu-

2208 2183 2413 2236 temus,
2445 2171 2566 2240 quia
2605 2169 2912 2237 relinquens
2942 2179 3037 2221 eos
3079 2158 3516 2219 commemorasti
3564 2156 3754 2211 dicens
3777 2195 3794 2222 ,

2211 2267 2257 2322 U
2263 2277 2278 2319 ι
2304 2265 2584 2335 relinquant
2605 2260 2860 2316 Neronem
2884 2274 2902 2314 :
2929 2265 2985 2314 et
3007 2256 3106 2311 sub
3127 2256 3223 2310 ista
3253 2253 3534 2308 relictione
3563 2263 3665 2319 per
3690 2261 3792 2302 caa-

2207 2367 2353 2413 teros
2378 2352 2741 2411 cucurristi"?
2767 2350 2905 2418 Quid
2934 2363 3068 2420 opus
3092 2347 3189 2401 fuit
3212 2359 3339 2415 ergo
3373 2353 3433 2399 ut
3459 2353 3798 2398 commemo-

2206 2455 2452 2505 rarentur
2489 2445 2557 2500 ad
2582 2459 2697 2500 rem
2725 2457 2834 2497 non
2871 2437 3241 2514 pertinentes?
3268 2433 3377 2491 Sed
3406 2432 3535 2504 quid
3570 2431 3642 2485 ad
3671 2427 3799 2486 me?

2208 2540 2324 2597 Jam
2369 2539 2501 2593 istos
2544 2544 2722 2592 tecum
2761 2532 3006 2602 relinquo
3039 2547 3054 2586 :
3083 2542 3227 2584 nunc
3269 2526 3459 2581 saltem
3503 2520 3801 2593 procedant

2209 2631 2298 2687 isti
2325 2645 2458 2701 quos
2478 2626 2772 2700 promisisti
2798 2639 2955 2696 quam
2980 2623 3181 2693 plures.
3209 2618 3321 2674 Nisi
3346 2617 3484 2673 forte
3511 2623 3800 2688 propterea

2209 2740 2314 2780 non
2341 2723 2702 2787 inveniuntur,
2731 2721 2855 2790 quia
2885 2731 2977 2773 eos
3005 2715 3227 2787 periisse
3251 2711 3456 2768 dixisti.

2279 2817 2404 2872 208.
2448 2814 2701 2884 Sequeris
2743 2812 2886 2866 enim
2920 2809 3065 2879 jam,
3105 2815 3160 2862 et
3193 2805 3476 2876 episcopos
3511 2801 3799 2866 nominas,

2209 2921 2344 2977 quos
2372 2906 2439 2960 de
2479 2904 2767 2959 traditione
2793 2900 3039 2956 codicum
3078 2897 3266 2953 soletis
3293 2907 3538 2964 arguere.
3569 2892 3648 2947 De
3677 2891 3801 2960 qui-

2208 2999 2308 3055 bus
2335 3007 2388 3054 et
2411 3011 2509 3052 nos
2538 2997 2774 3051 solemus
2797 2991 3124 3063 respondere
3148 3007 3162 3044 :
3191 2990 3296 3044 Aut
3320 3003 3428 3043 non
3457 2983 3720 3056 probatis,
3750 2989 3804 3038 et

2209 3092 2275 3146 ad
2301 3092 2569 3147 neminem
2606 3085 2870 3158 pertinet;
2911 3092 3004 3139 aut
3043 3081 3312 3153 probatis,
3353 3088 3409 3134 et
3434 3077 3504 3133 ad
3542 3090 3640 3131 nos
3685 3090 3805 3130 non

2210 3186 2460 3257 pertinet.
2507 3183 2671 3238 Suam
2701 3180 2844 3237 enim
2881 3176 3146 3233 sarcinam
3175 3177 3554 3244 portaverunt,
3590 3166 3680 3222 vel
3710 3165 3804 3220 ιω.

2209 3292 2333 3334 nam
2362 3277 2445 3331 vel
2489 3274 2682 3330 malam
2715 3291 2730 3326 :
2761 3281 2818 3329 et
2856 3270 3055 3326 bonam
3093 3265 3308 3337 quidem
3349 3261 3657 3324 credimus;
3706 3257 3802 3314 sed

2209 3368 2578 3442 qualemlibet,
2609 3374 2789 3421 tamen
2815 3377 2967 3419 suam
2997 3378 3012 3414 :
3044 3360 3182 3416 sicut
3202 3355 3366 3413 vestri
3393 3353 3539 3420 mali,
3571 3366 3678 3407 nec
3700 3351 3801 3422 ipsi

2209 3471 2480 3527 vestram,
2526 3472 2626 3512 nec
2667 3471 2764 3511 vos
2813 3456 3083 3524 ipsorum;
3131 3448 3227 3505 sed
3275 3454 3510 3502 vestrum
3554 3443 3799 3499 omnium

2209 3551 2512 3610 communis
2541 3548 2774 3619 pessima
2817 3547 3024 3601 sarcina
3069 3541 3304 3598 schisma
3348 3546 3453 3594 est.
3493 3535 3605 3591 Hoc
3654 3548 3801 3605 saepe

2207 3645 2316 3716 jam
2337 3643 2590 3699 diximus.
2615 3639 2822 3695 Exhibe
2849 3638 3007 3708 igitur
3027 3651 3134 3690 non
3155 3634 3528 3704 episcoporum
3554 3628 3800 3694 nomina,

2212 3739 2304 3796 sed
2336 3740 2718 3807 imperatorum
2744 3747 2806 3787 ac
2823 3731 3060 3802 judicum
3086 3737 3414 3792 nostrorum,
3441 3723 3530 3796 qui
3553 3737 3654 3778 vos
3681 3737 3804 3792 pcr-

2211 3831 2485 3904 sequendo
2514 3829 2806 3900 perierunt.
2836 3826 2949 3881 Hoc
2976 3825 3116 3880 enim
3143 3833 3522 3892 proposueras,
3552 3817 3661 3872 hoc
3691 3830 3803 3887 pro-

2212 3927 2436 3982 miseras
2455 3965 2470 3991 ,
2499 3921 2565 3976 ad
2597 3921 2704 3976 hoc'
2729 3933 2825 3974 nos
2853 3916 3238 3973 intentissimos
3267 3912 3494 3968 feceras.
3533 3909 3711 3973 Audi,
3737 3909 3804 3961 in-

2212 4018 2346 4089 quit,
2375 4016 2521 4087 periit
2550 4012 2828 4076 Macarius,
2863 4009 3010 4082 periit
3044 4005 3306 4072 Ursacius,
3333 4001 3600 4069 cunctique
3631 3997 3804 4054 Comi-

2213 4120 2285 4165 tes
2314 4109 2496 4172 vestri,
2533 4105 2630 4160 Dei
2660 4105 2849 4176 pariter
2883 4099 3105 4155 vindicta
3147 4096 3420 4168 perierunt.
3465 4092 3610 4146 Duos
3657 4089 3804 4144 solos

2212 4196 2675 4263 commemorasti,
2705 4207 2932 4265 quorum
2975 4197 3165 4245 neuter
3209 4189 3499 4256 imperator
3537 4181 3666 4236 fuit.
3710 4178 3804 4235 Cui

2213 4295 2316 4350 hoc
2357 4292 2597 4364 placeat,
2635 4300 2819 4360 quaeso
2863 4284 2954 4340 te?
3000 4282 3093 4336 tibi
3133 4282 3249 4350 ipse
3287 4292 3466 4334 nonne
3502 4271 3803 4343 displiccs?

2213 4384 2488 4442 Promittis
2512 4396 2671 4452 quam
2696 4379 2877 4450 plures
2899 4375 3251 4444 imperatores
3273 4385 3338 4424 ac
3356 4367 3568 4438 judices
3587 4373 3805 4418 nostros
3854 4415 3859 4424 ,

2214 4486 2268 4533 te
2293 4479 2852 4532 commemoraturum,
2880 4467 2967 4536 qui
2996 4479 3089 4518 vos
3117 4458 3485 4532 persequendo
3514 4457 3800 4526 perierint,

2215 4577 2269 4622 et
2294 4565 2467 4622 tacitis
2492 4560 2902 4632 imperatoribus
2927 4557 3177 4611 nominas
3209 4554 3342 4608 duos
3371 4549 3453 4604 vel
3477 4547 3698 4616 judices
3722 4545 3804 4601 vel

2215 4658 2470 4715 Comites.
2497 4653 2629 4709 Illud
2655 4653 2796 4708 enim
2823 4649 2964 4720 quod
2992 4646 3256 4717 adjungis,
3283 4641 3560 4711 Cunctique
3587 4638 3809 4695 Comites

2215 4750 2364 4805 vestri
2391 4747 2484 4801 Dei
2513 4745 2700 4818 pariter
2727 4741 2947 4796 uindicta
2990 4739 3272 4811 perierunt,
3304 4733 3368 4789 ad
3399 4749 3513 4787 rem
3554 4747 3667 4786 non
3701 4744 3812 4801 per-

2216 4844 2370 4898 tinet.
2399 4840 2511 4896 lloc
2551 4837 2748 4908 quippe
2777 4833 2936 4889 modo
2959 4832 3068 4902 jam
3095 4829 3293 4885 dudum
3321 4827 3496 4882 locum
3537 4824 3706 4879 istum
3746 4821 3808 4874 ﬁ-

2217 4936 2334 4991 nire
2371 4931 2624 5005 potuisti,
2664 4940 2720 4983 ut
2745 4927 2964 4982 omnino
3003 4923 3275 4980 neminem
3321 4917 3651 4974 nominares.
3704 4913 3812 4968 Cur

2219 5043 2347 5099 ergo
2374 5029 2722 5096 imperatores
2745 5029 2957 5075 nostros
2984 5060 2997 5083 ,
3030 5017 3078 5071 id
3112 5024 3213 5079 est,
3241 5021 3438 5068 nostra:
3464 5009 3810 5066 communio-

2220 5119 2304 5174 nis
2335 5134 2439 5172 non
2469 5111 2936 5171 commcmorasti?
2968 5110 3046 5163 An
3070 5105 3290 5161 timuisti
3319 5119 3386 5159 ne
3410 5116 3532 5158 reus
3555 5101 3812 5170 majesta-

2221 5213 2290 5266 tis
2310 5207 2670 5267 accusareris?
2698 5206 2797 5262 Ubi
2827 5214 2908 5260 est
2935 5197 3428 5259 Circumcellionica
3468 5191 3815 5251 'l‘ortitudol

2287 5418 2304 5450 ⁸
2330 5414 2448 5465 Editi
2470 5414 2563 5463 hoc
2580 5423 2773 5461 rursum
2795 5406 2921 5471 loco,
2955 5403 3183 5468 Varium;
3203 5415 3314 5455 cum
3342 5407 3543 5453 veteres
3566 5405 3677 5448 Mss.
3697 5408 3816 5448 eon-

2221 5485 2405 5529 stanter
2430 5477 2601 5534 ferant,
2626 5479 2802 5523 Getam.

2287 5520 2719 5599 radicem—Vedii,
2739 5520 2965 5586 adsistitis.
3004 5528 3172 5580 Melius
3192 5536 3322 5590 Mss,
3345 5524 3513 5578 existis
3541 5536 3561 5574 :
3585 5536 3614 5572 a
3636 5520 3817 5580 verbo,

2223 5615 2402 5713 “fasin:
2439 5671 2545 5712 Mss.
2564 5659 2682 5709 Editi
2701 5672 2838 5716 vero,
2863 5671 2920 5708 ac
2942 5669 3026 5707 nos
3049 5659 3101 5705 tu
3122 5652 3298 5726 euigis.

2285 5727 2308 5759 δ
2331 5706 2932 5783 Xu.'"éi'ti§éf,‘cietét¥ds
2967 5706 3228 5769 cucurristi
3267 5728 3284 5766 :
3324 5713 3498 5764 amissa
3542 5706 3821 5775 particula,

2221 5802 2310 5886 pe:
2323 5825 2640 5902 'Floriacensis
2661 5852 2803 5897 vetus
2825 5844 3001 5907 codex,
3031 5835 3434 5894 Cerctccllionica.
