3998 6470
185 348 287 405 323

184 458 388 522 Deinde
416 461 547 533 quid
579 462 690 533 agis
718 461 819 516 ‘de
839 460 963 527 illis,
993 474 1125 529 quos
1152 467 1231 514 tot
1259 460 1504 529 superius
1532 462 1777 515 nomina-

191 557 273 619 sti,
301 553 393 623 qui
425 552 628 608 rectius
656 553 748 607 tibi
777 559 1000 622 possunt
1026 550 1205 606 dicere
1234 569 1247 604 :
1280 552 1417 619 Quid
1443 566 1539 607 nos
1564 566 1773 621 quaer-

191 646 319 703 bas?
347 645 581 701 Causam
608 645 751 701 enim
794 654 937 699 tuam
970 643 1101 698 nihil
1128 643 1480 713 adiuverunt:
1513 650 1567 698 et
1596 652 1772 697 tamen

191 735 449 791 nominati
480 744 625 791 sunt.
660 734 860 790 Deinde
888 734 1057 805 qualis
1075 750 1153 800 es,
1174 735 1372 805 quieos
1396 748 1529 805 quos
1555 734 1784 803 periisse

193 843 588 885 commemoras
610 869 625 895 ,
654 828 934 882 nominare
962 824 1253 881 formidas?
1286 826 1485 882 Saltem
1527 826 1671 895 ipsos
1696 826 1782 893 ju-

191 922 334 975 dices
350 918 708 983 velComites,
726 931 858 988 quos
872 916 1068 972 videris
1085 932 1190 970 non
1209 916 1467 979 timuisse,
1484 916 1669 986 plures
1682 931 1752 970 no
1764 944 1785 955 -

191 1013 445 1066 minares.
478 1009 798 1065 Remansisti
821 1018 999 1063 autem
1014 1008 1078 1061 ad
1102 1008 1384 1063 Macarium
1405 1017 1458 1062 et
1475 1007 1778 1063 Ursacium.

192 1104 339 1159 itane
369 1116 533 1171 quam
582 1100 762 1170 plures
788 1100 883 1165 illi,
915 1098 1021 1153 duo
1048 1098 1134 1153 isti
1164 1099 1323 1152 sunt?
1355 1100 1432 1152 An
1466 1097 1606 1166 quod
1628 1097 1785 1167 pueri

193 1196 502 1261 didicimus,
530 1193 674 1262 sapis
690 1192 783 1247 ?Si
798 1193 941 1247 enim
963 1206 1171 1261 quxras
1193 1206 1255 1245 ex
1280 1206 1386 1253 me,
1413 1190 1518 1243 duo
1543 1190 1663 1259 quis
1685 1204 1785 1242 nu-

193 1301 372 1340 merus
398 1285 492 1347 sit,
524 1282 832 1353 singularis,
862 1297 930 1336 an
966 1281 1215 1350 pluralis;
1248 1279 1375 1349 quid
1410 1294 1529 1333 esse
1566 1293 1788 1348 respon-

192 1378 370 1441 deam,
427 1374 532 1428 nisi
579 1372 876 1443 pluralem?
925 1372 1030 1427 Sed
1075 1371 1248 1426 adhuc
1282 1372 1439 1425 etiam
1480 1373 1500 1401 '
1539 1384 1642 1424 non
1692 1370 1786 1423 de-

186 1468 248 1520 ‘tit
277 1464 423 1536 quod
470 1465 667 1519 dicam.
700 1463 889 1517 Eximo
928 1461 1049 1516 inde
1088 1462 1372 1516 Macarium
1402 1478 1414 1512 :
1451 1476 1620 1530 neque
1646 1462 1787 1513 enim

195 1558 373 1612 dixisti
402 1556 672 1627 quomodo
700 1555 932 1625 perierit.
964 1556 1044 1609 An
1070 1553 1204 1608 forte
1230 1555 1467 1624 quisquis
1489 1569 1582 1609 vos
1610 1567 1789 1623 perse-

188 1651 410 1720 quitur,
457 1650 557 1704 nisi
609 1650 661 1703 in
702 1648 801 1702 hac
831 1656 969 1702 terra
1014 1646 1169 1701 fuerit
1216 1647 1550 1713 immortalis,
1578 1646 1790 1716 quando

196 1752 442 1795 mortuus
471 1739 670 1807 fuerit,
702 1748 920 1810 propter
957 1755 1053 1794 vos
1091 1747 1331 1793 mortuus
1368 1738 1791 1793 existimabitur?

187 1834 353 1900 Quid,
387 1834 432 1887 si
463 1849 569 1887 non
616 1834 669 1887 in
697 1841 806 1886 tam
854 1832 1013 1902 longo
1054 1831 1276 1901 imperio
1305 1832 1706 1893 Constantinus,
1738 1838 1792 1886 et

198 1933 302 1977 tam
330 1924 496 1994 longa
528 1922 780 1978 felicitate
804 1923 1042 1987 vixisset,
1074 1922 1161 1992 qtti
1182 1922 1387 1991 primus
1417 1922 1671 1976 adversus
1693 1936 1787 1975 ve—

199 2026 367 2071 strum
400 2031 642 2073 errorem
687 2016 851 2071 multa
878 2016 1188 2082 constituit;
1220 2026 1273 2071 et
1300 2014 1447 2087 quid,
1477 2016 1519 2070 si
1558 2031 1663 2070 non
1692 2015 1790 2069 Ju-

190 2110 367 2164 lianus
395 2117 506 2163 tam
534 2109 641 2164 cito
668 2109 916 2179 abreptus
943 2119 1084 2163 esset
1112 2123 1143 2163 e
1169 2108 1292 2173 vita,
1317 2108 1406 2178 qui
1437 2107 1586 2165 vobis
1608 2107 1790 2162 basili-

196 2215 282 2254 cas
309 2200 461 2256 dedit
489 2198 604 2269 (a)?
631 2198 842 2270 quando
873 2199 969 2253 ista
996 2199 1262 2269 garriendi
1289 2200 1446 2254 finem
1478 2199 1724 2254 faceretis
1748 2199 1788 2266 ³,

197 2307 315 2347 cum
340 2300 398 2349 et
423 2292 589 2347 modo
611 2301 785 2347 tacere
813 2292 1029 2345 nolitis?
1057 2291 1165 2347 Nec
1202 2302 1377 2347 tamen
1411 2293 1637 2347 dicimus
1667 2309 1786 2360 nos,

192 2385 315 2441 ideo
342 2387 453 2441 cito
484 2394 751 2439 mortuum
773 2384 1063 2451 Iulianum,
1096 2386 1218 2455 quia
1247 2386 1395 2441 vobis
1423 2386 1669 2441 basilicas
1695 2386 1790 2441 de-

200 2478 289 2533 dit.
336 2479 637 2533 Possumus
675 2479 815 2534 enim
858 2494 976 2533 esse
1015 2480 1065 2534 in
1114 2479 1195 2534 his
1223 2480 1421 2549 pariter
1447 2481 1667 2549 c0piosi,
1697 2480 1787 2535 sed

195 2569 443 2623 nolumus
470 2583 593 2623 esse
619 2569 817 2638 pariter
853 2569 996 2624 vani.
1029 2568 1277 2635 Proinde,
1309 2578 1367 2624 ut
1401 2570 1579 2625 dicere
1601 2586 1782 2640 cmpe-

192 2673 306 2715 ram
332 2702 348 2727 ,
378 2675 446 2716 ex
490 2660 595 2715 illis
621 2660 827 2715 duobus
860 2675 1083 2715 secerno
1111 2662 1394 2716 Macarium
1415 2662 1456 2717 ⁸.
1484 2663 1615 2717 Cum
1644 2665 1786 2719 enim

196 2753 325 2808 duos
348 2753 727 2823 proposuisses
751 2795 766 2817 ,
797 2753 971 2823 ipsum
1002 2762 1055 2807 et
1086 2753 1388 2819 Ursacium;
1424 2756 1659 2825 repetisti
1695 2772 1788 2809 no-

198 2861 314 2900 men
340 2844 579 2911 Ursacii,
604 2853 661 2899 ut
687 2845 837 2899 nobis
863 2845 1176 2900 ostenderes
1214 2861 1370 2915 quam
1414 2857 1637 2901 mortem
1669 2863 1784 2899 me-

198 2939 383 3002 ruerit,
410 2948 466 2993 et
495 2937 675 2993 dixisti
720 2955 735 2992 :
783 2937 1049 2993 Ursacium
1089 2954 1303 3007 namque
1330 2940 1590 2993 barbarica
1617 2956 1786 3010 pugna

198 3039 525 3097 prostratum,
561 3029 705 3083 strvis
734 3029 982 3100 unguibus
1006 3029 1170 3095 alites,
1201 3046 1477 3101 canumque
1501 3031 1634 3083 avidi
1658 3030 1783 3084 den-

196 3130 257 3175 tes
278 3121 535 3175 morsibus
562 3121 951 3191 discerpserunt.
982 3120 1134 3177 Unde
1154 3120 1284 3177 satis
1309 3130 1546 3193 apparet,
1575 3138 1695 3179 cum
1721 3125 1786 3177 de

194 3211 419 3266 llacario
450 3211 709 3280 majorem
738 3211 987 3265 invidiam
1018 3210 1196 3267 facere
1235 3213 1471 3280 soleatis,
1503 3213 1572 3268 ita
1604 3224 1662 3268 ut
1688 3230 1785 3269 nos

194 3301 548 3369 Macarianos,
577 3318 680 3357 non
718 3302 1039 3359 Ursacianos
1065 3305 1371 3375 appelletis;
1407 3306 1572 3361 multo
1618 3309 1786 3361 maxi-

193 3410 274 3451 me
298 3405 350 3449 te
379 3395 450 3449 de
479 3394 569 3447 illo
593 3394 755 3449 fuisse
779 3395 1065 3462 dicturum,
1091 3396 1133 3449 si
1162 3394 1228 3450 de
1251 3406 1421 3451 morte
1443 3397 1558 3465 ejus
1586 3397 1781 3467 aliquid

200 3486 306 3539 tale
336 3484 522 3538 dicere
552 3484 831 3552 potuisses.
862 3483 937 3537 Ex
971 3484 1053 3538 his
1086 3484 1263 3554 itaque
1290 3484 1518 3547 duobus,
1546 3487 1630 3541 ubi
1663 3488 1780 3556 pl:-

193 3575 355 3629 ralem
405 3588 684 3628 numerum
719 3574 958 3643 posuisti,
992 3574 1235 3644 sejuncto
1261 3576 1511 3644 Macario,
1542 3588 1782 3633 remanet

194 3660 443 3719 Ursacius
472 3680 665 3719 nomen
695 3666 969 3735 proprium
1000 3667 1206 3721 numeri
1238 3667 1533 3737 singularis.
1568 3670 1664 3725 Ubi
1699 3684 1779 3725 est

196 3755 349 3825 igitur
381 3766 486 3808 tam
517 3755 747 3823 plurium
769 3756 789 3787 ⁸
821 3757 1029 3810 illorum
1061 3767 1164 3810 tam
1210 3757 1385 3812 minax
1423 3768 1472 3812 et
1510 3762 1778 3815 tremenda

196 3847 507 3915 promissio?

264 3937 384 3991 209.
426 3937 545 3992 Jam
596 3936 720 3990 illud
768 3953 924 4007 quant
972 3938 1253 3994 ridiculum
1302 3940 1390 4007 sit,
1432 3940 1521 4010 qui
1569 3956 1780 4010 quoquo

196 4029 347 4082 modo
378 4031 525 4101 loqui
570 4038 870 4097 noverunt,
901 4040 1155 4100 quantum
1199 4032 1412 4100 opinor,
1461 4031 1777 4101 intelligunt,
1816 4098 1823 4103 μ

197 4121 330 4190 quod
358 4136 479 4176 cum
506 4121 734 4176 dixisses
754 4162 769 4186 ,
809 4120 968 4175 Periit
1010 4120 1289 4186 Macarius,
1320 4124 1465 4189 periit
1504 4122 1774 4191 Ursacius,

198 4214 456 4281 cunctique
485 4212 703 4266 Comites
727 4212 895 4277 vestri,
928 4211 1023 4266 Dei
1048 4213 1236 4282 pariter
1257 4214 1474 4268 vindicta
1503 4216 1779 4284 perierunt;

195 4309 437 4372 tanquam
476 4301 813 4372 exigentibus
853 4311 908 4356 ιιι
952 4304 1243 4372 probares,
1275 4305 1396 4375 quia
1432 4321 1614 4360 revera
1650 4307 1777 4362 nihil

196 4393 333 4447 aliud
359 4394 441 4448 vel
462 4392 676 4448 auditor
694 4393 777 4448 vel
807 4393 975 4448 lector
994 4394 1250 4464 exigeret,
1282 4395 1459 4450 statim
1487 4398 1779 4451 connexui-

196 4486 261 4540 sti
290 4500 535 4557 magnum
561 4480 961 4550 documentum,
995 4500 1100 4554 quo
1133 4486 1388 4555 probares
1428 4495 1648 4541 cunctos
1673 4487 1777 4542 Co-

194 4579 343 4634 mites
370 4588 584 4633 nostros
615 4577 709 4632 Dei
751 4578 945 4647 pariter
971 4576 1200 4631 vindicta
1232 4578 1471 4648 periisse.
1507 4577 1775 4633 llrsacium

194 4688 398 4741 namque
424 4669 690 4724 barbarica
713 4709 726 4734 ,
752 4669 946 4739 inquis,
976 4686 1147 4741 pugna
1168 4680 1493 4737 prostratum,
1513 4672 1654 4725 sa’vis
1681 4688 1777 4725 un-

192 4764 361 4834 guibus
387 4765 553 4829 alites,
578 4778 861 4832 canumque
879 4762 1013 4815 avidi
1037 4762 1207 4815 dentes
1230 4764 1476 4816 morsibus
1497 4764 1774 4834 discerpse-

192 4866 323 4909 runt.
356 4856 466 4912 lloc
510 4854 673 4910 modo
704 4862 875 4925 potest
903 4854 1037 4908 alius
1080 4855 1325 4909 similiter
1363 4858 1605 4910 nesciens
1646 4859 1772 4927 qttid

192 4946 445 5017 loquatur,
476 4946 680 5012 dicere,
710 4960 899 4999 omnes
927 4945 1207 5014 episcopos
1229 4955 1436 5000 vestros
1481 4948 1567 5000 Dei
1601 4948 1770 5003 vindi-

252 5084 267 5113 ³
294 5089 353 5131 tta
380 5091 483 5132 \tss.
514 5088 568 5130 At
588 5080 722 5135 editi,
748 5078 864 5143 quid
885 5078 973 5143 nisi.

251 5146 271 5175 ²
296 5153 340 5192 ιιι
376 5144 626 5193 Mss.:sed
666 5143 730 5192 ad
761 5140 859 5191 'ltoc
902 5142 1062 5191 etiam.
1106 5141 1224 5191 Editi
1262 5148 1424 5189 tamen
1462 5155 1557 5189 non
1600 5140 1764 5191 male:

188 5206 277 5254 Sed
297 5206 455 5256 adhuc
477 5204 639 5255 etiam.
669 5212 722 5253 Al.
746 5217 864 5265 vero
888 5210 1061 5265 postea
1077 5204 1237 5253 minus
1253 5204 1383 5265 bene
1409 5204 1648 5261 ferebant,
1675 5217 1767 5253 uou

187 5267 304 5316 desit
325 5270 451 5331 quod
476 5266 655 5316 dicam.
684 5275 756 5315 lia:
780 5264 965 5331 duobus
986 5264 1122 5315 video
1139 5264 1404 5315 .tlacarituu
1432 5278 1449 5313 :
1475 5272 1526 5314 et
1553 5279 1640 5327 per
1678 5279 1766 5315 nos

188 5327 498 5395 emendantur
526 5342 587 5377 ex
615 5327 967 5388 manuscriptis.
1041 5393 1045 5395 Δ
1214 5385 1225 5395 .

247 5392 268 5421 ³
292 5404 382 5439 am.
406 5400 457 5440 et
476 5403 649 5439 omnes
672 5397 794 5445 Mss,
818 5401 1015 5451 garrire
1029 5392 1267 5441 tacerem.

248 5452 269 5481 ⁸
290 5454 356 5500 sic
380 5462 482 5501 uss.
512 5459 567 5501 Αι
591 5452 707 5499 editi
728 5456 974 5511 corrupte,
1013 5462 1156 5499 cerno
1178 5458 1460 5498 Macarrum.

245 5516 357 5579 ξεν,
384 5522 588 5579 ειη)νά
611 5525 752 5579 quam
776 5510 1003 5574 plurium.
1352 5570 1361 5579 ,
1427 5568 1448 5579 ,,
1569 5575 1579 5579 ,
1616 5570 1626 5579 .

244 5576 314 5635 (a)
334 5578 537 5637 Imperio
574 5568 863 5639 potitus_'_est_
892 5572 1224 5639 Constantinus
1252 5570 1391 5639 annis
1425 5568 1530 5618 fere
1567 5570 1765 5639 triginta

180 5631 381 5695 duobus,
398 5631 598 5686 auctore
624 5632 828 5683 Ettsebio
853 5636 898 5681 in
925 5637 1032 5695 ejus
1056 5636 1173 5681 vita.
1199 5631 1410 5679 Julianus
1437 5644 1552 5680 vero
1575 5632 1764 5695 imperii

180 5701 276 5761 sui,
301 5706 401 5760 post
421 5698 678 5747 Constantii
704 5694 939 5761 patruelis
956 5694 1162 5761 ’obitum,
1188 5706 1314 5742 anno
1330 5707 1426 5740 uno
1448 5698 1499 5739 et
1516 5694 1766 5761 mensibus

178 5757 369 5809 circiter
392 5768 582 5822 septem
622 5758 896 5822 transactis,
930 5758 973 5804 in
1016 5757 1180 5818 pra'lio
1215 5763 1377 5804 contra
1399 5763 1564 5802 Persas
1600 5757 1761 5817 periit,

180 5824 335 5869 a-tat'ts
356 5819 477 5871 anno
502 5822 752 5883 trigesimo
770 5819 937 5880 primo.

414 5907 636 5965 Sascr.
680 5905 952 5963 Aticusr.
990 5903 1101 5963 IX.

1524 340 1725 403 Lmen
1764 345 2137 431 SECUNDUS.

1887 470 1971 515 cta
2006 463 2056 514 in
2088 476 2302 517 carcere
2330 463 2587 521 defecisse
2620 484 2631 520 :
2666 474 2718 522 ct
2747 481 2866 523 cum
2894 469 2960 525 ab
2991 486 3055 526 eo
3081 470 3237 528 fuerit
3267 474 3473 546 ﬂagita-

1889 561 2001 606 tum
2056 552 2199 607 unde
2247 553 2349 609 hoc
2398 557 2618 625 probet,
2677 559 2965 630 adiungere
3001 564 3219 627 statim,
3252 564 3476 635 Optatos

1892 658 2121 713 namque
2161 644 2228 699 de
2273 646 2523 702 satellitio
2557 647 2797 705 Gildonis
2826 664 3137 719 accusatus,
3168 656 3255 710 tali
3283 670 3481 725 genere

1893 735 2080 789 mortis
2118 737 2409 791 exstinctus
2438 747 2541 793 est.
2586 740 2690 795 Has
2720 758 2883 813 nugas
2910 745 3094 801 audire
3133 756 3187 802 et
3212 748 3483 805 discutere

1891 832 1947 879 et
1973 825 2223 882 refellere
2262 829 2504 899 cogimur
2534 849 2547 885 :
2582 842 2783 888 tantum
2827 836 3074 892 timemus
3114 838 3341 896 infirmis
3366 884 3379 907 ,
3414 858 3483 898 ne

1895 915 2167 971 intellectu
2208 919 2441 976 tardiore
2480 922 2532 975 in
2565 934 2771 980 vestros
2812 927 3028 998 laqueos
3069 932 3315 987 celeriter
3358 950 3483 988 cur-

1893 1017 2033 1062 rant.
2069 1009 2229 1065 lstum
2268 1022 2443 1068 autem
2485 1013 2764 1070 Ursacium
2787 1059 2801 1081 ,
2834 1020 2878 1073 si
2910 1020 3041 1075 forte
3081 1022 3216 1079 bene
3241 1024 3400 1089 vixit,
3431 1037 3489 1081 et

1893 1113 2020 1153 vere
2062 1101 2129 1154 ita
2165 1112 2406 1158 mortuus
2442 1115 2544 1168 est,
2576 1110 2937 1165 consolabitur
2963 1115 3246 1181 promissio
3278 1116 3369 1170 Dei
3402 1117 3483 1169 di-

1894 1190 2099 1255 centis,
2141 1191 2453 1262 Sanguinem
2493 1198 2776 1253 animarum
2820 1212 3095 1256 vestrarum
3125 1206 3383 1274 exquiram
3422 1207 3485 1260 de

1895 1283 2125 1336 munibus
2152 1287 2375 1339 omnium
2401 1290 2671 1343 bestiarum
2707 1291 2855 1362 (Gen.
2884 1310 2957 1356 ιχ,
2987 1295 3063 1369 5).

1965 1371 2091 1427 210.
2121 1372 2273 1440 Quod
2303 1386 2479 1431 autem
2511 1380 2661 1435 nobis
2693 1384 3085 1441 calnmniamini
3114 1430 3126 1451 ,
3155 1389 3415 1458 dicentes,
3447 1407 3480 1447 a

1896 1461 2051 1515 nobis
2076 1463 2126 1515 in
2154 1479 2249 1518 vos
2296 1465 2362 1519 ad
2395 1468 2719 1547 iracundiam
2753 1488 2905 1543 reges
2950 1479 3131 1532 sznculi
3179 1482 3478 1547 concitari,

1894 1550 2021 1605 dum
2048 1568 2140 1608 eos
2171 1570 2274 1607 non
2289 1556 2542 1612 docentes
2561 1546 2796 1616 divinam
2818 1562 3164 1636 Scripturam,
3184 1572 3278 1625 sed
3303 1574 3481 1642 potius

1896 1645 2138 1700 militiam
2183 1658 2419 1704 nostram
2469 1655 2802 1723 suggerimus
2828 1674 2841 1709 :
2872 1673 2976 1713 non
3029 1671 3154 1729 puto
3187 1679 3285 1719 vos
3314 1680 3484 1737 usque

1895 1734 2031 1790 adeo
2078 1736 2271 1794 surdos
2310 1755 2429 1796 esse
2472 1744 2726 1800 adversus
2756 1746 2867 1816 ipsa
2908 1759 3212 1807 sanctorum
3238 1734 3485 1813 codicum

1896 1825 2141 1895 eloquia,
2176 1838 2233 1883 ut
2279 1846 2383 1885 non
2413 1833 2588 1902 potius
2614 1836 2843 1892 timeatis
2886 1854 2951 1893 ne
2978 1843 3225 1899 noverint
3263 1860 3346 1900 ea.
3380 1847 3487 1903 Sed

1896 1917 2073 1973 velitis
2098 1918 2279 1977 nolitis
2304 1963 2317 1985 ,
2346 1924 2546 1980 intrant
2568 1927 2861 1985 Ecclesiam
2882 1972 2897 1997 ,
2929 1941 2983 1987 et
3009 1933 3052 1987 si
3082 1950 3178 1989 nos
3205 1944 3442 1995 tacemus
3468 1983 3484 2005 ,

1897 2008 2187 2067 lectoribus
2217 2014 2504 2072 admovent
2532 2034 2716 2077 aurem
2739 2039 2752 2075 :
2773 2032 2952 2093 atque,
2988 2033 3044 2079 ut
3072 2026 3140 2082 de
3168 2032 3377 2087 caneris
3407 2042 3484 2087 ta-

1896 2114 2045 2156 ceam
2073 2143 2089 2169 ,
2138 2104 2295 2160 istum
2330 2108 2499 2177 ipsum
2529 2111 2840 2184 plerumque
2887 2118 3150 2185 psalmum
3178 2162 3190 2185 ,
3221 2136 3379 2192 quem
3431 2136 3486 2179 tu

1896 2198 2327 2252 comtnemorasti
2353 2241 2368 2265 ,
2403 2200 2755 2259 intentissime
2781 2207 3066 2277 accipiunt.
3097 2210 3285 2267 Dixisti
3316 2215 3483 2281 enim,

1896 2282 2038 2352 quod
2064 2299 2159 2341 eos
2188 2302 2293 2343 non
2310 2287 2615 2359 doceamus,
2645 2309 2745 2351 nec
2774 2311 2869 2352 eos
2894 2300 3134 2356 volentes
3163 2304 3401 2361 sinamus
3428 2320 3488 2363 ut

1897 2376 2142 2431 noverint
2170 2379 2311 2446 quod
2364 2384 2619 2452 scriptum
2670 2396 2772 2453 est,
2810 2389 2876 2441 Et
2904 2408 3067 2459 nunc,
3093 2412 3269 2466 reges,
3293 2400 3487 2455 intelli-

1895 2465 2029 2534 gite;
2070 2471 2375 2537 erudimini,
2407 2476 2494 2543 qui
2523 2478 2773 2547 judicatis
2812 2491 2997 2536 terram
3022 2465 3240 2542 :sertu'te
3268 2489 3485 2547 Domino

1894 2557 1948 2610 in
1976 2559 2173 2629 timore,
2202 2572 2249 2617 et
2290 2568 2535 2621 exsultate
2574 2571 2618 2622 ei
2660 2587 2775 2625 cum
2823 2583 3037 2630 tremore
3076 2594 3095 2631 :
3139 2584 3483 2651 apprehendi-

1897 2655 1943 2699 te
1989 2649 2348 2721 disciplinam,
2401 2660 2665 2727 nequando
2730 2662 2978 2719 irascatur
3037 2649 3325 2737 Dominus,
3374 2684 3481 2730 etc.

1894 2735 2108 2794 Credite
2135 2750 2189 2796 et
2237 2744 2334 2799 ista
2390 2750 2631 2815 cantari,
2665 2760 2717 2805 et
2757 2753 2877 2808 illos
2916 2757 3101 2814 audire
3133 2778 3148 2815 :
3179 2762 3272 2817 sed
3300 2735 3484 2835 utique

1893 2829 2117 2923 audiunt
2144 2842 2199 2889 et
2223 2835 2352 2891 illud
2382 2841 2628 2909 superius
2660 2842 2709 2896 in
2739 2844 2928 2900 eodem
2958 2850 3195 2918 psalmo,
3227 2855 3369 2923 quod
3395 2829 3476 2923 tu,

1895 2918 1998 2974 nisi
2021 2919 2196 3007 fallor,
2222 2938 2502 2997 propterea
2536 2936 2807 3001 prmterire
2832 2938 3044 2994 noluisti
3070 2942 3117 3009 ¹,
3151 2960 3219 2999 ne
3244 2918 3484 3004 timuisse

1896 3009 2285 3083 intelligereris.
2316 3019 2550 3076 Audiunt
2592 3039 2720 3095 ergo
2749 3034 2803 3080 et
2842 3028 2969 3082 illud
3006 3048 3019 3083 :
3054 3030 3302 3089 Dominus
3350 3039 3480 3093 dixit

1893 3102 1962 3155 ad
1988 3121 2066 3159 me
2089 3148 2103 3169 ,
2137 3106 2305 3164 Filius
2330 3129 2467 3167 meus
2509 3132 2559 3168 es
2603 3126 2673 3183 tu,
2714 3135 2804 3189 ego
2830 3121 2978 3177 hodie
3002 3106 3154 3194 genui
3194 3138 3242 3181 te
3271 3146 3289 3183 :
3316 3142 3427 3201 pete
3450 3150 3484 3187 a

1892 3212 1988 3263 me,
2021 3208 2066 3252 et
2092 3200 2221 3256 dabo
2248 3204 2337 3258 tibi
2371 3217 2539 3277 gentes
2568 3210 2910 3267 ltwreditatem
2951 3225 3091 3271 luam
3127 3232 3173 3273 et
3198 3200 3479 3291 possessio-

1892 3306 2007 3344 nem
2049 3301 2187 3347 tuam
2221 3299 2457 3353 terminos
2480 3302 2809 3372 terra:(Psal.
2844 3305 2926 3376 tt).
2957 3307 3073 3375 Quo
3097 3313 3277 3367 audito
3298 3317 3481 3387 utique

1892 3384 2151 3441 mirantur
2175 3403 2293 3445 esse
2318 3391 2524 3462 aliquos
2550 3395 2638 3464 qui
2667 3394 2787 3451 huic
2814 3398 3109 3456 lnereditati
3129 3402 3328 3461 Christi
3350 3384 3480 3465 con—

1891 3472 2175 3546 tradicunt,
2209 3490 2263 3535 et
2288 3497 2404 3537 eam
2428 3485 2492 3539 ad
2536 3488 2776 3558 exiguam
2810 3502 3011 3560 partem
3045 3503 3199 3552 terra:
3231 3500 3476 3573 redigere

1890 3580 2151 3624 conantur
2182 3590 2195 3623 :
2226 3575 2585 3648 mirantesque
2628 3579 2857 3638 fortasse
2905 3597 3152 3655 quaerunt
3178 3602 3398 3661 propter
3425 3595 3479 3648 id

1889 3661 2029 3727 quod
2075 3663 2126 3716 in
2158 3670 2608 3737 consequentibus
2634 3673 2895 3741 audiunt,
2927 3676 3124 3733 Servile
3162 3679 3382 3738 Domino
3421 3686 3475 3739 in

1887 3752 2099 3817 timore;
2123 3757 2174 3811 in
2207 3774 2313 3828 quo
2344 3761 2417 3814 illi
2446 3764 2649 3819 servire
2679 3767 2916 3834 possint,
2945 3769 2996 3822 in
3025 3782 3283 3840 quantum
3314 3791 3469 3843 reges

1887 3852 2028 3897 sunt.
2062 3844 2258 3902 Omnes
2286 3852 2425 3903 enim
2463 3852 2707 3908 homines
2749 3859 2951 3912 servire
2978 3859 3087 3914 Deo
3109 3861 3342 3918 debent:
3376 3867 3475 3920 ali-

1889 3940 1966 3986 ter
1992 3939 2259 3991 communi
2283 3941 2605 4007 conditione,
2634 3960 2734 4014 qua
2766 3945 3008 4004 homines
3029 3961 3185 4019 sunt;
3207 3953 3363 4009 aliter
3386 3957 3470 4010 di-

1885 4026 2054 4116 versis
2081 4027 2234 4082 donis
2255 4072 2267 4091 ,
2292 4033 2430 4101 quod
2473 4034 2559 4090 ille
2586 4035 2731 4091 aliud
2767 4038 2876 4108 agit
2906 4040 2956 4094 in
2986 4041 3149 4097 rebus
3189 4044 3435 4101 humanis
3455 4091 3471 4116 ,

1886 4115 1975 4169 ille
2004 4117 2165 4174 aliud.
2199 4120 2313 4176 Non
2358 4126 2499 4180 enim
2537 4127 2822 4184 auferenda
2868 4131 3003 4187 idola
3039 4133 3106 4189 de
3134 4144 3294 4204 terra,
3327 4140 3469 4209 quod

1887 4214 2032 4300 tanto
2076 4219 2203 4265 ante
2251 4212 2483 4270 futurum
2533 4219 2844 4288 prsedictum
2896 4234 2978 4280 est
3017 4223 3152 4300 (Isai
3181 4244 3257 4297 tt,
3291 4231 3356 4287 l8
3381 4273 3395 4297 ,
3424 4244 3472 4287 et

1883 4298 2043 4356 Zach.
2082 4321 2195 4370 χιιι,
2225 4307 2305 4379 2),
2338 4321 2520 4379 posset
2547 4314 2827 4385 quisquam
2852 4298 3043 4387 jubere
3072 4322 3334 4391 privatus.
3366 4326 3474 4380 Ha-

1882 4392 2010 4447 bent
2039 4410 2165 4467 ergo
2216 4416 2389 4471 reges,
2417 4413 2635 4473 excepta
2671 4409 2885 4477 generis
2924 4409 3137 4465 humani
3174 4414 3467 4483 societate,

1883 4498 1949 4539 eo
1990 4487 2104 4557 ipso
2130 4506 2237 4561 quo
2262 4510 2415 4563 reges
2437 4505 2579 4563 sunt,
2611 4500 2754 4554 unde
2801 4502 2879 4555 sic
2925 4500 3154 4557 Domino
3194 4506 3467 4574 serviant,

1882 4580 2151 4647 quomodo
2179 4600 2281 4637 non
2309 4598 2530 4654 possunt
2558 4589 2647 4659 qui
2680 4605 2834 4661 reges
2860 4608 2965 4647 non
2998 4602 3140 4649 sunt.

1950 4670 2077 4725 2H.
2112 4672 2213 4727 ista
2241 4690 2368 4746 ergo
2388 4693 2508 4732 cum
2535 4681 2820 4751 cogitant”,
2850 4683 3070 4740 audiunt
3098 4696 3152 4742 et
3178 4687 3305 4745 illud
3329 4694 3468 4761 quod

1881 4758 1947 4813 de
1988 4762 2153 4818 tribus
2182 4767 2360 4833 pueris
2392 4768 2503 4837 ipse
2545 4776 2975 4828 commemorasti
2998 4817 3011 4840 ,
3040 4785 3096 4830 et
3136 4758 3470 4837 audiuntso—

1881 4853 2157 4910 lemnitate
2196 4858 2441 4913 mirabili.
2475 4860 2624 4916 Tunc
2653 4865 2793 4917 enim
2833 4867 3017 4921 eadem
3050 4854 3323 4941 Scriptura
3351 4891 3467 4927 ma—

1879 4945 2019 4998 xime
2064 4946 2116 4998 in
2165 4946 2399 5001 Ecclesia
2449 4960 2720 5015 cantatur,
2774 4957 2986 5025 quando
3040 4960 3151 5030 ipsa
3208 4962 3467 5016 festivitas

1879 5033 2227 5089 ferventiorcs
2259 5036 2382 5091 facit
2428 5041 2585 5093 etiam
2624 5057 2717 5097 eos
2746 5046 2833 5114 qui
2866 5056 3060 5101 emtero
3100 5065 3241 5102 anno
3270 5051 3469 5119 pigrio-

1877 5139 1963 5177 res
1994 5137 2134 5179 sunt.
2165 5127 2299 5194 Quid
2328 5145 2455 5201 ergo
2494 5133 2686 5201 putatis
2724 5138 2884 5190 animi
2921 5139 3115 5194 habere
3145 5140 3464 5193 christianos

1877 5217 2243 5287 imperatores,
2277 5238 2396 5277 cum
2446 5226 2664 5281 audiunt
2694 5238 2800 5284 tres
2836 5245 3027 5299 pueros
3061 5232 3251 5286 missos
3297 5234 3347 5287 in
3377 5250 3466 5289 ca-

1874 5311 2074 5361 minum
2126 5310 2261 5380 ignis
2310 5313 2543 5369 ardentis
2583 5318 2702 5386 quia
2729 5321 2837 5389 regi
2878 5319 2943 5373 ad
2993 5320 3321 5389 iniquitatem
3369 5325 3465 5378 ad-

1873 5402 2058 5456 orandi
2084 5403 2354 5460 simulacri
2382 5407 2402 5437 ³
2423 5410 2724 5465 consentire
2750 5412 3063 5477 noluerunt;
3099 5412 3195 5465 nisi
3230 5423 3283 5467 ut
3312 5420 3461 5486 cogi-

1936 5562 2115 5674 ;(ti‘éliti,
2140 5562 2342 5614 voluisti.
2378 5568 2549 5615 Verius
2582 5575 2707 5627 Mss,
2732 5564 2922 5617 noluisti
2951 5577 2967 5613 :
2993 5574 3045 5615 ut
3070 5575 3203 5629 patet
3227 5584 3371 5635 supra
3398 5588 3458 5625 ex

1938 5641 1966 5674 ιι
2002 5641 2044 5674 1..

1868 5641 1918 5675 no
1933 5688 1952 5718 ³
1969 5641 2025 5735 ii.
2048 5694 2176 5751 Mss;
2208 5693 2300 5751 Ista
2322 5700 2436 5749 ergo
2458 5702 2565 5737 cum
2590 5689 2807 5751 cogitent.

1932 5751 1951 5814 ἒ
1977 5746 2409 5814 γιιιιίιδὶηιιιιησιοᾱ.
2447 5753 2614 5814 Verius
2639 5746 2741 5799 itas.
2758 5786 2771 5806 ,
2794 5746 3045 5801 simulacri
3067 5767 3085 5814 ;
3108 5756 3153 5804 id
3181 5764 3256 5806 est
3289 5764 3456 5809 statim

1872 5811 2313 5872 Nabuchodonosor,
2342 5824 2405 5859 ex
2431 5812 2636 5860 Dattielis
2654 5826 2755 5875 (λη).
2777 5815 2822 5862 5.

2890 5893 3161 5981 (Onam)
