3998 6468
557 399 650 453 551

553 520 668 568 teat
697 512 836 582 piam
865 511 1162 569 libertatem
1187 522 1488 566 sanctorum
1522 527 1621 566 nec
1660 511 1801 579 regia
1829 517 2091 580 potestate
2113 549 2128 575 ,

552 619 654 660 nec
693 619 865 672 pmnze
915 605 1240 660 immanitate
1275 619 1428 672 posse
1474 603 1758 672 superari?
1796 602 2134 673 gaudentque

552 711 613 752 se
642 711 747 752 non
778 712 896 754 esse
924 712 992 752 ex
1037 711 1259 752 numero
1304 697 1486 751 talium
1515 710 1698 766 regum
1719 736 1735 762 ,
1765 694 1853 764 qui
1888 701 2132 749 contem-

555 795 734 856 plores
780 787 1041 843 idolorum
1089 788 1240 858 quasi
1287 788 1573 857 sacrilegos
1625 786 1930 857 puniebant.
1963 786 2131 842 Porro

551 890 729 935 autem
759 895 878 934 cum
910 881 960 935 in
989 881 1437 952 consequentibus
1475 880 1728 945 audiunt,
1772 879 2017 935 eumdem
2043 894 2134 936 rc-

547 985 687 1039 gem,
722 986 826 1024 non
849 970 1022 1025 solum
1072 987 1398 1041 puerorum,
1425 971 1518 1026 sed
1547 981 1602 1026 et
1641 971 1973 1025 ﬂammarum
2023 971 2132 1026 Deo

549 1062 894 1118 servientium
950 1072 1096 1119 tanto
1139 1064 1395 1120 miraculo
1444 1064 1721 1129 territum,
1767 1063 1926 1118 etiam
1957 1063 2128 1132 ipsum

544 1153 776 1222 cmpisse
802 1153 913 1209 Deo
941 1155 1144 1211 servire
1168 1155 1222 1209 in
1250 1157 1439 1210 timore
1460 1197 1474 1221 ,
1499 1165 1552 1210 et
1581 1155 1849 1210 exsultare
1873 1169 1994 1208 cum
2024 1163 2130 1210 tre-

545 1259 718 1310 more,
742 1254 794 1300 ct
819 1247 1237 1315 apprchendisse
1257 1246 1610 1315 disciplinam;
1634 1261 1809 1300 nonne
1830 1245 2130 1315 intelligunt

545 1336 668 1391 ideo
698 1336 796 1393 ista
821 1352 940 1392 esse
967 1338 1285 1407 conscripta,
1305 1347 1358 1391 et
1389 1346 1531 1391 tanta
1557 1336 1866 1393 celebritate
1892 1335 2124 1398 recitari,

544 1436 600 1480 ut
631 1435 683 1481 ct
711 1427 879 1482 servis
912 1428 1000 1482 Dei
1044 1444 1111 1483 ne
1151 1427 1216 1482 ad
1261 1427 1594 1496 sacrilegium
1643 1425 1857 1496 regibus
1905 1423 2124 1490 cedant,

544 1527 596 1570 et
620 1517 749 1586 ipsis
779 1519 989 1588 regibus
1016 1527 1071 1571 ut
1108 1518 1174 1571 ad
1218 1517 1526 1585 religionem
1559 1516 1668 1569 Deo
1713 1515 1968 1578 credant,
1999 1528 2126 1583 pro-

544 1612 810 1675 ponantur
833 1606 1111 1675 exempla?
1143 1606 1390 1661 Volentes
1408 1619 1533 1675 ergo
1558 1611 1614 1660 et
1641 1603 1726 1659 isti
1753 1619 1818 1658 cx
1846 1603 2008 1674 ipsius
2034 1601 2128 1656 ad-

546 1695 840 1752 monitione
862 1697 1089 1768 psalmi,
1118 1712 1276 1767 quem
1306 1707 1360 1750 tu
1380 1709 1589 1766 quoque
1617 1694 1886 1749 inseruisti
1915 1692 2128 1762 scriptis

545 1787 680 1853 tuis,
708 1786 1004 1857 intelligere
1029 1828 1042 1850 ,
1071 1787 1338 1842 eterudiri
1360 1827 1373 1849 ,
1395 1795 1446 1840 et
1468 1786 1669 1840 servire
1714 1785 1937 1839 Domino
1962 1784 2012 1838 in
2063 1784 2129 1837 ti-

544 1895 728 1946 more,
778 1881 1124 1936 ctcxsultare
1161 1895 1282 1935 cum
1325 1892 1586 1947 tremore,
1637 1889 1690 1934 et
1724 1877 2126 1949 apprchendere

545 1972 910 2041 disciplinam,
937 1989 1093 2043 quam
1124 1975 1323 2028 intente
1347 1971 1566 2026 audiunt
1585 1970 1710 2040 quid
1742 1971 1829 2025 illc
1856 1984 1951 2025 rex
1982 1976 2127 2040 post-

549 2078 610 2117 ea
664 2063 874 2118 dixerit.
931 2063 1071 2117 Dixit
1117 2063 1258 2118 enim
1301 2063 1691 2131 propositurum
1741 2076 1800 2116 se
1851 2059 2126 2116 decretum

545 2153 793 2208 omnibus
842 2155 1050 2224 populis
1079 2155 1268 2225 quibus
1313 2153 1688 2224 imperitabat,
1722 2161 1780 2208 ut
1807 2152 2126 2224 quicumque

542 2247 802 2304 dixissent
851 2245 1232 2316 blaSphcmiam
1286 2246 1338 2299 in
1371 2246 1538 2300 Deum
1578 2245 1799 2310 Sidrac,
1843 2244 2042 2309 Misac,
2071 2253 2125 2299 et

542 2339 852 2410 Ahdcnago,
884 2338 1199 2404 interirent,
1225 2346 1279 2392 ct
1320 2336 1512 2392 domus
1538 2351 1724 2392 eorum
1756 2335 2123 2406 dispergeren-

542 2441 646 2486 tur.
679 2431 743 2486 Et
789 2429 833 2484 si
881 2429 982 2483 hoc
1019 2443 1143 2484 eum
1171 2427 1471 2483 decrevisse
1509 2436 1868 2495 cegnoscunt,
1919 2441 1986 2480 ne
2010 2425 2123 2480 bla-

539 2524 910 2594 spliemarctur
957 2520 1100 2575 Deus
1141 2529 1466 2589 temperator
1509 2519 1741 2590 ignium,
1774 2527 1828 2573 et
1871 2519 2124 2574 liberator

538 2614 698 2669 trium
745 2627 1031 2682 puerorum
1065 2626 1080 2677 ;
1122 2611 1361 2680 proiecto
1411 2610 1644 2680 cogitant
1677 2609 1802 2679 quid
1831 2609 2122 2664 decernere

539 2705 767 2760 debeant
795 2705 844 2757 in
873 2718 1037 2773 regno
1065 2717 1184 2767 suo,
1217 2716 1286 2757 ne
1315 2701 1367 2754 in
1407 2702 1518 2754 suis
1548 2700 1790 2755 ﬁdelibus
1835 2700 1974 2754 idem
2007 2700 2121 2769 ipse

540 2795 683 2851 Deus
727 2793 1036 2850 cxsuflletur
1065 2793 1319 2847 remissor
1363 2801 1738 2862 peccatorum,
1772 2798 1828 2847 ct
1867 2790 2121 2846 liberator

535 2891 645 2959 jam
673 2887 833 2942 totius
856 2887 1004 2942 orbis
1034 2897 1315 2940 terrarum.

609 2979 738 3036 212.
773 2979 906 3035 Vide
934 2979 1148 3049 itaque,
1179 2993 1300 3032 cum
1347 2976 1604 3033 adversus
1641 2992 1734 3032 vos
1776 2976 1974 3048 aliquid
2025 2991 2121 3047 pro

539 3071 740 3126 unitate
763 3069 1022 3125 catholica
1050 3083 1204 3139 rcges
1229 3067 1501 3123 christiani
1522 3067 1868 3130 constituunt,
1889 3082 1955 3122 ne
1984 3065 2122 3122 forte

540 3163 594 3216 in
646 3160 798 3216 labiis
850 3158 1041 3216 vestris
1095 3166 1348 3231 tanquam
1393 3159 1782 3228 Seripturarum
1821 3157 2120 3214 divinarum

537 3250 813 3322 imperitos
842 3266 936 3306 eos
962 3250 1195 3322 arguatis
1219 3290 1238 3316 ,
1267 3250 1319 3304 in
1345 3249 1506 3304 corde
1549 3257 1724 3304 autem
1765 3257 1942 3304 vestro
1991 3249 2120 3304 satis

536 3345 722 3398 doctos
763 3357 884 3399 esse
911 3342 1154 3398 deleatis.
1186 3341 1317 3410 Quis
1360 3343 1503 3395 enim
1537 3340 1668 3396 ferat
1694 3340 1848 3394 istam
1888 3351 2117 3395 vestram

537 3434 847 3506 sacrilegam
873 3433 1214 3504 odiosumque
1234 3432 1516 3498 fallaciam,
1550 3431 1600 3485 in
1624 3431 1739 3501 ipso
1769 3448 1874 3486 uno
1903 3431 2119 3487 Daniele

537 3540 689 3595 rcges
734 3537 1020 3592 accusare,
1049 3524 1170 3596 quia
1215 3524 1269 3578 in
1314 3523 1484 3577 lacum
1526 3523 1738 3577 leonum
1782 3523 1976 3578 missus
2004 3532 2118 3588 est;

537 3626 589 3671 et
610 3631 764 3687 reges
792 3632 897 3670 non
927 3614 1142 3670 laudare
1161 3656 1177 3682 ,
1206 3614 1328 3685 quia
1359 3613 1657 3668 sublimiter
1676 3613 1970 3667 honoratus
1995 3623 2077 3667 est
2101 3629 2116 3679 ;

536 3725 656 3764 cum
700 3709 862 3766 etiam
906 3707 1119 3780 quando
1161 3708 1357 3762 missus
1401 3715 1514 3774 cst,
1545 3705 1712 3775 magis
1759 3721 1882 3761 eum
1911 3705 2117 3760 salvum

539 3801 791 3866 futurum,
811 3814 968 3870 quam
987 3799 1322 3865 moriturum,
1339 3797 1453 3869 ipse
1479 3813 1571 3852 rex
1587 3796 1850 3864 crederet,
1871 3796 2006 3852 etde
2029 3797 2120 3852 illo

536 3893 791 3947 sollicitus
812 3907 916 3946 non
931 3890 1193 3946 coeuarct?
1213 3887 1631 3958 DeindeZaudetis
1655 3887 1833 3944 dicere
1859 3888 2116 3942 Christia-

537 3985 640 4051 nis,
659 3983 792 4051 Quid
815 3981 948 4036 vobis
964 3990 1037 4035 est
1052 3997 1166 4034 cum
1186 3979 1384 4051 regibus
1403 3978 1600 4032 swcnli?
1615 3980 1736 4049 quia
1753 3977 1978 4032 Daniela
1996 3993 2120 4048 rege

538 4073 959 4143 persecutionem
989 4085 1175 4140 passus
1194 4079 1297 4133 est;
1312 4078 1364 4124 et
1394 4086 1497 4123 non
1531 4069 1796 4139 respicere
1825 4069 1998 4138 ipsum
2022 4069 2121 4124 Da-

538 4164 732 4217 uielem
753 4162 957 4217 somnia
977 4159 1190 4230 regibus
1215 4159 1439 4215 ﬁdeliter
1459 4159 1913 4230 interpretantem,
1945 4159 2117 4214 domi-

459 4305 464 4309 .
537 4271 662 4309 num
691 4271 867 4324 regem
885 4253 1256 4324 appellantem,
1282 4268 1502 4307 munera
1518 4262 1573 4308 et
1593 4252 1829 4310 honores
1854 4253 2120 4323 accipien-

536 4346 909 4416 tem?ltcmque
923 4355 972 4400 et
989 4345 1042 4400 in
1055 4345 1253 4401 eisdem
1267 4345 1435 4399 tribus
1451 4346 1644 4414 pueris,
1659 4345 1798 4416 quod
1813 4355 2120 4401 recusantes

535 4422 759 4492 addrare
771 4444 998 4490 statuam
1012 4435 1062 4489 in
1077 4435 1315 4490 ﬂammas
1331 4435 1478 4488 missi
1492 4445 1634 4502 sunt,
1653 4435 1863 4490 invidite
1880 4436 2118 4491 ﬂammas

537 4529 606 4583 de
633 4527 844 4600 regibus
863 4526 1114 4594 excitare;
1147 4525 1287 4596 quod
1323 4533 1496 4580 autem
1523 4541 1553 4580 a
1581 4541 1706 4596 rege
1733 4526 1811 4580 sic
1851 4527 2118 4596 prasdieati

537 4629 591 4674 et
620 4619 698 4674 sic
721 4617 966 4674 honorati
991 4627 1135 4682 sunt,
1170 4625 1346 4672 tacere
1390 4627 1444 4671 et
1464 4615 1830 4672 abscondere?
1861 4616 1997 4672 Ecce
2022 4633 2116 4673 rex

542 4711 698 4765 fuerit
743 4717 1070 4782 persecutor,
1111 4723 1232 4763 eum
1263 4707 1459 4778 objecit
1507 4707 1749 4763 leonibus
1794 4707 2066 4762 Dauielem
2100 4726 2114 4763 :

539 4803 664 4874 quid
695 4819 813 4858 eum
841 4818 908 4858 eo
935 4802 1088 4857 salvo
1116 4810 1330 4872 recepto
1357 4801 1595 4871 gaudens
1631 4809 1686 4856 et
1713 4800 1987 4872 gratulans
2017 4801 2118 4857 ini-

541 4897 706 4950 niieos
749 4894 864 4964 ejus
900 4891 1234 4948 dilaniandos
1259 4899 1313 4946 et
1354 4891 1743 4947 consumendos
1773 4891 1975 4947 eisdem
2005 4892 2120 4948 leo-

540 4995 695 5049 nibus
724 4992 867 5047 misit
888 4990 1049 5062 (Dan.
1079 4987 1257 5060 ll-Vl),
1289 4989 1386 5043 fuit
1407 4998 1735 5058 persecutor,
1763 5004 1831 5043 an
1860 5003 1964 5043 non
1991 4987 2120 5044 fuit?

539 5088 673 5142 Voto
701 5085 1044 5156 respondeas.
1072 5083 1127 5139 Si
1152 5083 1292 5138 enim
1325 5081 1438 5145 fuit,
1471 5097 1564 5137 cur
1590 5083 1639 5137 ei
1667 5082 1849 5138 Daniel
1878 5084 1991 5153 ipse
2013 5099 2119 5138 non

540 5180 764 5245 restitit,
797 5193 916 5231 cum
947 5175 1239 5244 przcscrtim
1282 5183 1422 5227 tanta
1471 5173 1829 5230 familiaritate
1868 5173 2120 5230 facillime

514 5251 800 5337 'pntuissct
829 5285 844 5323 :
875 5276 926 5321 et
956 5264 1110 5319 nobis
1136 5263 1332 5330 dicitis,
1361 5272 1420 5318 ut
1445 5278 1597 5334 reges
1616 5264 1682 5318 ab
1709 5263 1985 5318 hominum
2009 5279 2122 5331 pcr-

539 5360 810 5414 secutione
840 5357 1197 5413 revocemus?
1217 5355 1270 5410 Si
1297 5363 1474 5409 autem
1499 5364 1774 5424 propterea
1815 5364 2120 5423 perseeutor

541 5466 647 5503 non
676 5450 798 5513 fuit,
831 5449 953 5518 quia
991 5447 1168 5502 scelus
1201 5447 1254 5500 in
1291 5455 1532 5500 sanctum
1563 5446 1731 5498 virum
1773 5445 2117 5498 commissum

537 5539 831 5605 justissime
877 5535 1490 5606 vindicavit;quomodo
1533 5534 1906 5588 vindicandum
1953 5544 2036 5588 est
2087 5549 2116 5587 a

546 5628 758 5698 regibus
785 5669 799 5692 ,
827 5628 966 5697 quod
1010 5627 1206 5682 Christi
1254 5627 1599 5682 Sacramenta
1654 5625 2002 5679 exsulﬂantur
2026 5667 2041 5688 ,
2074 5625 2120 5679 si

545 5718 828 5788 Propheta:
879 5719 1115 5774 membra
1140 5759 1155 5784 ,
1189 5719 1310 5787 quia
1357 5717 1407 5770 in
1437 5716 1726 5785 periculum
1759 5717 1919 5770 missa
1963 5725 2118 5783 sunt,

545 5812 623 5867 sic
649 5811 898 5866 vindicari
954 5811 1300 5866 meruerunt?
1330 5811 1456 5863 Itent
1497 5809 1732 5863 COilCC‘iO
1817 5819 1867 5863 et
1901 5807 2121 5862 tnzuiife-

1403 399 1674 455 CONTRA
1716 395 2053 454 LITTERAS
2092 394 2452 463 PETILIANI,
2493 395 2552 452 S.
2593 397 2957 456 AUGUSTINI

3724 401 3823 456 3.3-9.

2242 517 2380 563 stum
2409 521 2522 575 est,
2556 519 2948 580 persecutorem
2994 509 3155 566 fuisse
3183 525 3393 582 regem,
3419 526 3541 568 cum
3567 520 3678 568 tres
3709 529 3823 583 puc-

2239 614 2357 664 ros,
2387 600 2527 671 quod
2577 602 2919 658 simulacrum
2948 602 3173 659 adorare
3215 603 3521 670 uoluerint,
3573 605 3723 660 misit
3771 607 3822 660 in

2238 688 2502 746 ﬂammam
2533 711 2546 750 :
2577 693 2670 749 sed
2695 709 2875 766 quaero
2915 703 3091 750 utrum
3119 695 3277 751 fuerit
3312 706 3660 768 perseeutor,
3702 714 3823 755 cum

2237 783 2366 839 illud
2396 784 2667 841 decretum
2695 787 3004 857 proposuit,
3033 796 3091 842 ut
3119 787 3394 843 interirent
3426 798 3481 845 et
3507 789 3705 846 domus
3734 805 3822 845 eo-

2236 893 2354 932 rum
2403 887 2774 946 vastarentur,
2824 880 2916 950 qui
2963 880 3394 950 blasphemarent
3441 899 3608 938 unum
3656 883 3818 939 Deum

2235 967 2459 1023 verum?
2483 967 2538 1024 Si
2564 970 2705 1024 enim
2730 984 3039 1040 persecutor
3063 969 3196 1036 fuit,
3229 987 3325 1028 cur
3346 973 3414 1028 ad
3439 974 3600 1030 verba
3626 989 3814 1044 perse-

2235 1059 2433 1114 cutoris
2485 1059 2851 1128 rcspondetis,
2884 1061 3051 1116 Amen
3083 1062 3187 1132 (a)?
3213 1061 3268 1117 Si
3319 1071 3498 1118 autem
3547 1079 3654 1118 non
3693 1063 3816 1130 fuit,

2234 1163 2328 1203 cur
2356 1165 2450 1205 eos
2494 1161 2860 1220 persecutores
2886 1152 3062 1209 dicitis
3083 1194 3096 1218 ,
3125 1155 3214 1225 qui
3255 1170 3350 1210 vos
3397 1171 3426 1209 a
3465 1155 3817 1224 blasphemiae

2235 1239 2412 1296 furore
2432 1241 2725 1298 deterrent?
2747 1243 2804 1300 Si
2830 1245 2971 1300 enim
2993 1256 3190 1317 cogunt
3213 1261 3308 1302 vos
3327 1247 3627 1317 supplicare
3652 1245 3813 1313 idolo,

2234 1331 2308 1385 illi
2350 1341 2474 1386 sunt
2516 1333 2717 1390 similes
2761 1335 2926 1405 impio
2972 1337 3119 1408 regi,
3167 1351 3262 1392 vos
3291 1337 3462 1393 tribus
3505 1337 3689 1408 pueris
3723 1356 3737 1392 :
3769 1339 3812 1394 si

2229 1433 2405 1478 autem
2435 1423 2717 1493 prohibent
2744 1443 3044 1498 repugnare
3074 1427 3291 1485 Christo
3309 1472 3325 1497 ,
3354 1445 3447 1484 vos
3473 1431 3602 1486 estis
3632 1431 3813 1502 impii,

2230 1514 2275 1568 si
2301 1514 2400 1570 hoc
2428 1515 2615 1572 facitis.
2641 1517 2775 1584 Quid
2806 1521 2912 1574 sint
2938 1527 3114 1575 autem
3144 1521 3251 1587 illi,
3285 1521 3330 1577 si
3360 1521 3462 1578 hoc
3509 1522 3818 1579 terribiliter

2231 1613 2440 1670 vetant,
2472 1622 2571 1678 ego
2599 1623 2707 1662 non
2734 1608 2856 1665 dico
2883 1627 2898 1663 :
2927 1618 2984 1664 tu
3029 1611 3204 1666 inveni
3229 1611 3372 1668 aliud
3395 1613 3540 1684 quod
3565 1613 3747 1682 dicas,
3770 1615 3814 1670 si

2227 1696 2344 1767 pios
2370 1697 2715 1764 imperatores
2742 1715 2846 1755 non
2874 1701 2954 1756 vis
2971 1700 3167 1758 dicere.

2299 1786 2424 1842 2I3.
2453 1787 2507 1844 Si
2550 1789 2665 1844 hsce
2703 1792 2943 1862 exempla
2974 1793 3042 1849 de
3084 1793 3298 1850 Daniele
3327 1805 3380 1851 et
3425 1795 3597 1852 tribus
3637 1798 3814 1865 pueris

2230 1893 2327 1947 ego
2355 1894 2856 1938 commemorassem
2884 1924 2898 1948 ,
2932 1882 3153 1940 fortasse
3190 1885 3468 1942 resisteres
3487 1928 3502 1953 ,
3534 1896 3588 1942 et
3615 1887 3672 1942 in
3703 1887 3812 1944 htec

2230 1978 2408 2023 nostra
2448 1978 2684 2040 tempora
2728 1986 2795 2028 ex
2843 1973 2947 2028 illis
2989 1975 3314 2043 temporibus
3369 1976 3510 2031 sumi
3553 1993 3663 2032 non
3715 1978 3810 2035 de-

2229 2059 2407 2114 buisse
2432 2061 2693 2118 clamares
2721 2080 2734 2117 :
2765 2062 2874 2119 Deo
2901 2064 3098 2134 gratias
3117 2106 3131 2130 ,
3158 2065 3295 2136 quod
3320 2081 3382 2122 ea
3412 2067 3525 2137 ipse
3552 2069 3804 2137 posuisti,

2227 2149 2294 2203 ad
2333 2149 2384 2204 id
2413 2151 2624 2220 quidem
2646 2153 2786 2223 quod
2815 2155 3032 2211 volebas
3056 2196 3070 2220 ,
3099 2156 3195 2212 sed
3222 2157 3370 2213 vides
3401 2174 3463 2213 ea
3509 2160 3690 2230 potius
3716 2175 3806 2214 va-

2228 2238 2391 2296 luisse
2414 2240 2479 2296 ad
2522 2241 2573 2297 id
2595 2242 2737 2314 quod
2779 2244 3016 2300 nolebas.
3048 2247 3243 2302 Annon
3282 2256 3366 2303 est
3393 2248 3491 2303 ista
3515 2259 3691 2304 vestra
3719 2249 3809 2304 fal-

2227 2329 2378 2396 lacia;
2402 2330 2495 2387 sed
2515 2347 2667 2388 error
2693 2333 2953 2389 humanus
2979 2336 3086 2390 est?
3106 2335 3317 2392 Utinam
3349 2338 3417 2393 ita
3445 2339 3535 2394 sit.
3568 2339 3807 2396 Emend:

2226 2435 2374 2491 ergo;
2405 2437 2471 2476 ne
2493 2422 2710 2491 timeas,
2743 2439 2849 2480 non
2877 2424 3000 2480 inde
3029 2428 3134 2482 eris
3162 2428 3335 2483 minor
3365 2447 3378 2483 :
3403 2429 3510 2484 imo
3541 2447 3671 2486 vero
3701 2447 3809 2486 ma-

2221 2512 2356 2583 joris
2380 2513 2573 2584 ingenii
2603 2524 2686 2570 est
2707 2558 2722 2582 ,
2741 2516 3090 2572 animositatis
3111 2517 3350 2574 ﬂammas
3379 2521 3688 2576 conﬁtendo
3719 2538 3807 2578 ex-

2225 2603 2512 2674 stinguere,
2535 2621 2694 2676 quam
2737 2606 2980 2662 falsitatis
3006 2608 3224 2663 nebulas
3245 2610 3590 2681 intelligendo
3613 2613 3804 2668 vitare.

2297 2695 2522 2752 CAPUT
2549 2696 2730 2752 XCIII.
2759 2697 2972 2752 ~2l4.
3005 2699 3185 2753 Ρετιι.
3216 2699 3347 2754 dixit
3377 2718 3389 2754 :
3423 2699 3519 2756 Ubi
3550 2701 3635 2756 (ea:
3680 2702 3804 2771 Dei,

2224 2785 2310 2840 ubi
2329 2786 2667 2844 cltristianitas
2693 2798 2851 2844 vestra
2871 2800 2965 2857 est,
2987 2791 3031 2845 si
3057 2791 3219 2846 cwdcs
3250 2802 3295 2846 et
3336 2803 3518 2848 mortes
3548 2796 3720 2866 facitis
3747 2812 3806 2849 ac

2213 2878 2404 2948 jubetis
2419 2879 2446 2933 Ρ

2293 2970 2419 3027 215.
2449 2973 2581 3028 Anc.
2632 2973 2906 3044 respondit
2939 2991 2952 3028 :
2982 2973 3063 3029 Ad
3134 2975 3236 3030 hoc
3284 2975 3404 3031 vide
3453 2975 3576 3046 quid
3626 2976 3808 3031 dicant

2223 3059 2530 3116 cohzeredcs
2557 3061 2754 3118 Christi
2785 3079 2880 3134 per
2917 3072 3087 3118 totum
3133 3066 3316 3120 orbem
3375 3075 3653 3121 terrarum.
3681 3066 3807 3122 Cze-

2223 3151 2320 3209 des
2364 3161 2419 3209 et
2469 3162 2670 3210 mortes
2716 3171 2816 3211 nec
2858 3155 3081 3212 facimus
3129 3172 3226 3213 nec
3279 3157 3528 3227 jubemus
3567 3169 3672 3215 :et
3705 3160 3806 3215 ista

2223 3243 2538 3302 facientibus
2588 3247 2758 3302 multo
2813 3247 3122 3303 sceleratius
3169 3249 3403 3315 saivitis,
3443 3251 3531 3320 qui
3587 3251 3703 3306 lucc
3753 3252 3805 3305 in

2225 3337 2500 3394 hominum
2544 3338 2812 3394 mentibus
2852 3347 3035 3394 contra
3065 3340 3228 3394 vitam
3274 3349 3524 3396 :eternam
3561 3342 3808 3396 commit-

2223 3433 2355 3488 titis.

2293 3523 2517 3581 CAPUT
2551 3523 2730 3579 XCIV.
2753 3553 2824 3564 -—
2845 3523 2970 3579 216.
3002 3523 3188 3578 Ρετιι..
3211 3523 3343 3578 dixit
3371 3541 3384 3577 :
3419 3525 3481 3579 Si
3507 3524 3694 3578 amicos
3713 3541 3808 3579 nos

2222 3617 2372 3672 vultis
2392 3657 2406 3681 ,
2437 3633 2591 3685 quare
2618 3617 2798 3670 invitos
2836 3617 3132 3670 attrahitis?
3160 3616 3220 3672 Si
3250 3627 3416 3671 autem
3454 3617 3680 3673 inimicos
3704 3617 3811 3686 ﬁn-

2223 3710 2358 3780 gitis,
2383 3725 2472 3762 cur
2497 3707 2723 3764 occiditis
2753 3708 2980 3762 inimicos
3000 3708 3026 3762 ?

2293 3800 2416 3853 217.
2447 3800 2582 3855 AUC.
2610 3799 2886 3868 respondit
2911 3817 2924 3853 :
2967 3798 3075 3854 Nec
3104 3799 3300 3854 invitos
3327 3799 3676 3867 attrahimus,
3706 3815 3806 3855 nec

2224 3893 2513 3947 occidimus
2547 3892 2792 3947 inimicos
2821 3909 2833 3944 :
2864 3892 2955 3946 sed
2997 3907 3348 3962 qumcumque
3375 3892 3651 3946 vobiscum
3697 3892 3807 3962 agi-

2224 3997 2373 4048 mus,
2407 3997 2705 4052 quanquam
2751 3981 2903 4036 vobis
2941 3996 3160 4052 agamus
3193 3982 3371 4036 invitis
3396 4023 3410 4046 ,
3438 3997 3502 4036 ex
3546 3983 3807 4038 charitate

2224 4085 2400 4130 tamen
2430 4074 2655 4145 agimus,
2679 4081 2738 4128 tit
2757 4073 2997 4129 volentes
3015 4088 3111 4127 vos
3137 4073 3444 4144 corrigatis.
3474 4075 3807 4145 correctique

2223 4165 2430 4220 vivatis.
2471 4164 2603 4219 Nam
2641 4179 2798 4219 nemo
2828 4163 2957 4218 vivit
3003 4164 3196 4218 invitus
3230 4173 3316 4219 :et
3348 4173 3521 4219 tamen
3557 4179 3694 4234 puer
3748 4174 3806 4220 ut

2225 4257 2327 4313 hoc
2349 4257 2533 4313 volens
2557 4256 2726 4312 discat
2750 4253 2846 4328 (b),
2876 4257 3070 4311 invitus
3109 4256 3340 4326 vapulat,
3369 4265 3424 4311 et
3447 4257 3547 4310 hoc
3572 4257 3810 4326 plerum-

2223 4365 2328 4419 que
2345 4349 2412 4404 ab
2433 4348 2647 4404 homine
2672 4348 3005 4404 eharissimo.
3030 4348 3096 4402 Et
3115 4346 3229 4402 hmc
3254 4347 3468 4418 quidem
3486 4347 3638 4402 vobis
3658 4364 3810 4418 reges

2193 4441 2493 4506 dicerent,
2520 4441 2562 4493 si
2602 4439 2855 4504 ferirent;
2896 4438 2964 4493 ad
3009 4441 3109 4493 hoc
3135 4439 3281 4494 enim
3331 4454 3516 4493 eorum
3570 4450 3809 4508 potestas

2223 4529 2474 4585 divinitus
2497 4528 2738 4584 ordinata
2765 4537 2885 4584 est:
2917 4526 3011 4583 sed
3034 4541 3154 4582 cum
3199 4536 3254 4584 et
3301 4527 3388 4582 isti
3416 4542 3522 4582 non
3567 4528 3807 4594 feriunt,

2222 4636 2318 4677 vos
2343 4621 2601 4677 clamatis.

2293 4713 2518 4768 CAPUT
2549 4712 2706 4766 XCV.
2731 4710 2939 4766 —‘2l8.
2970 4709 3154 4764 PETIL.
3182 4709 3348 4764 dixit:
3379 4708 3506 4776 Quae
3533 4718 3705 4763 autem
3733 4726 3809 4761 ra-

2226 4805 2292 4857 tio
2317 4812 2408 4867 cst,
2437 4818 2604 4871 quwve
2629 4802 2965 4854 inconstantia
2987 4801 3242 4864 vanitatis,
3264 4800 3400 4870 quod
3420 4815 3534 4853 cum
3558 4817 3650 4854 nos
3675 4802 3808 4872 falso

2223 4893 2462 4949 vocabulo
2490 4893 2669 4946 dicatis
2696 4893 2974 4952 Ittcreticos,
3003 4891 3404 4945 communionem
3431 4901 3663 4944 nostram
3690 4908 3801 4944 nta-

2224 5005 2442 5060 gnopere
2467 4987 2727 5058 cupiatis?

2287 5140 2359 5203 (a)
2383 5148 2481 5208 ttu_c
2501 5143 2712 5208 pertinet
2747 5137 2868 5208 illud
2887 5139 3132 5208 Augustini
3160 5139 3207 5208 in
3234 5139 3378 5200 Epist.
3404 5137 3516 5208 illis,
3532 5137 3810 5208 aduocati-

2224 5201 2349 5260 stas,
2365 5216 2415 5249 n.
2435 5203 2463 5250 7
2487 5201 2513 5263 ς’
2534 5218 2557 5246 ι
2580 5209 2654 5263 an,
2668 5201 2897 5263 ignoratis
2921 5201 3068 5250 verba
3088 5201 3222 5263 regis
3244 5213 3377 5263 esse,
3396 5201 3547 5263 signa
3561 5205 3608 5248 et
3629 5206 3810 5263 ostenta

2233 5281 2256 5310 ι
2277 5259 2386 5325 qua:
2405 5261 2516 5324 fecit
2537 5260 2656 5312 mihi
2688 5259 2919 5329 homines
2960 5271 3085 5312 Deus
3115 5259 3350 5318 eicetsus,
3388 5259 3565 5329 placuit
3604 5259 3727 5309 mihi
3761 5259 3810 5329 in

2233 5341 2256 5370 ι
2278 5323 2542 5391 Conspectu.
2561 5337 2664 5374 meo
2697 5323 2982 5373 anmmtiare
2996 5361 3013 5391 _,
3041 5336 3184 5386 quam
3218 5334 3442 5391 magnum
3476 5328 3520 5372 et
3556 5329 3729 5391 potens
3751 5323 3812 5370 sit

2233 5403 2255 5432 α
2276 5383 2474 5448 regnum
2495 5383 2618 5448 eius,
2636 5397 2836 5448 regnum
2856 5383 3213 5448 sempiternum,
3226 5390 3271 5448 et
3292 5383 3498 5448 potestas
3518 5383 3624 5443 ejus
3647 5383 3700 5448 in
3723 5395 3812 5448 sa:-

2231 5465 2253 5493 ¢
2277 5445 2386 5496 cuia
2408 5445 2730 5516 scr/mulorum}9
2746 5456 2812 5494 An
2835 5459 2943 5516 cum
2958 5445 3058 5494 hoc
3078 5445 3346 5516 audieritis,
3363 5457 3459 5493 non
3482 5445 3808 5516 respnde-tis,

2232 5526 2254 5556 ι
2278 5517 2456 5565 Amen;
2483 5515 2534 5556 et
2566 5509 2657 5558 hoc
2674 5509 2800 5559 dicto
2833 5507 2959 5557 clara
2983 5519 3130 5565 voce,
3153 5507 3212 5555 ad
3246 5507 3453 5556 edictum
3475 5507 3613 5568 regis
3645 5519 3736 5554 vos
3765 5508 3811 5553 in

2232 5588 2255 5616 ι
2277 5577 2440 5618 sancta
2462 5568 2768 5619 solemnitate
2797 5569 3034 5629 signatis?
3049 5585 3070 5612 ι
3093 5574 3142 5616 tn
3172 5569 3384 5617 Gotthico
3405 5567 3560 5616 oﬂicio
3583 5567 3810 5617 diceban-

2224 5640 2304 5696 tur
2317 5631 2423 5696 lucc
2437 5632 2484 5678 in
2517 5631 2717 5696 sabbato
2737 5639 2918 5687 sancto,
2944 5639 2996 5679 et
3009 5629 3411 5696 respondebatur,
3434 5638 3600 5677 Amen.

2287 5691 2370 5754 (b)_
2382 5689 2531 5754 i’ortc,
2543 5692 2946 5754 legendum,Nam
2968 5689 3106 5740 nemo
3126 5689 3222 5740 vult
3244 5690 3432 5754 invitus,
3450 5697 3495 5740 et
3516 5697 3681 5740 tamen
3697 5701 3810 5752 puer

2225 5760 2277 5804 ut
2299 5751 2455 5816 volens
2479 5751 2652 5812 discut,
2673 5761 2788 5816 etc_.,
2809 5765 2869 5801 ex
2878 5763 3049 5814 puncta
3064 5751 3295 5816 particula
3315 5753 3430 5815 hoc,
3456 5765 3569 5815 qua
3585 5765 3614 5803 a
3638 5751 3811 5802 vetere

2225 5815 2388 5865 codice
2413 5814 2696 5865 Floriacensi
2720 5814 2901 5864 aberat.
