3998 6466
167 431 281 491 333.

229 545 354 599 219.
387 542 527 598 Aac.
556 539 829 612 respondit
855 558 868 594 :
893 539 948 597 Si
991 540 1367 595 haereticorum
1412 539 1746 593 communio-

164 650 281 694 lem
310 648 637 704 magnopere
660 646 975 702 caperemus
999 673 1013 696 ,
1044 630 1239 700 corrigi
1269 644 1363 684 vos
1388 629 1454 684 ab
1496 630 1746 684 hazretico

163 743 345 783 errore
376 728 642 782 nollemus
671 744 685 780 :
712 741 831 781 cum
862 734 1037 779 autem
1067 725 1168 778 hoc
1200 723 1473 778 vobiscum
1504 729 1751 791 agamus,

163 838 227 878 ne
255 822 374 877 sitis
403 821 641 876 lucretici
664 862 679 887 ,
708 821 975 891 quomodo
1014 820 1386 875 haereticorum
1423 818 1755 873 communio-

164 930 285 969 nem
332 926 661 984 magnopere
698 910 983 981 cupimus?
1012 911 1282 966 Dissensio
1326 910 1518 979 Quippe
1562 923 1658 962 vos
1701 918 1757 963 et

162 1006 358 1060 divisio
409 1004 537 1059 facit
580 1004 861 1059 licerelicos
893 1020 905 1056 :
934 1018 1034 1072 pax
1065 1017 1193 1057 vero
1227 1011 1278 1057 et
1306 1001 1478 1056 unitas
1510 999 1630 1055 facit
1664 1014 1755 1055 ca-

162 1096 413 1151 tbolieos.
460 1097 594 1149 Cum
640 1110 767 1165 ergo
809 1094 931 1151 inde
978 1094 1081 1149 huc
1110 1094 1339 1161 venitis,
1368 1094 1612 1149 desinitis
1637 1106 1757 1147 esse

161 1189 303 1260 quod
333 1188 567 1254 odimus,
597 1197 650 1243 et
680 1188 909 1257 iucipitis
934 1196 1058 1243 esse
1086 1188 1226 1258 quod
1255 1202 1517 1243 amamus.

227 1278 462 1337 CAPUT
490 1280 747 1334 XCVI.—
763 1280 889 1335 2'20.
923 1280 1104 1334 Ρετιι..
1138 1280 1307 1333 dixit:
1338 1277 1528 1349 Eligite
1553 1278 1755 1332 tandem

160 1374 218 1426 de
267 1372 473 1426 duobus
517 1372 735 1425 alterunt
777 1373 898 1442 quid
941 1372 1186 1425 dicatis‘.
1221 1370 1283 1426 Si
1307 1371 1591 1425 innocentia
1623 1369 1757 1423 vobis

162 1472 251 1529 est,
277 1480 373 1516 cur
396 1480 489 1517 nos
516 1466 653 1533 {erm
689 1464 989 1517 sectamini!
1015 1473 1102 1516 aut
1122 1465 1166 1517 si
1184 1480 1293 1518 reos
1312 1480 1402 1518 nos
1424 1463 1613 1528 dicitis,
1635 1461 1759 1534 quid

162 1572 251 1610 aes
268 1555 502 1626 qurrritis
532 1557 864 1610 innocentes?

227 1648 359 1702 221.
404 1650 541 1702 Aea.
601 1648 921 1719 respondit:
951 1650 996 1704 Ο
1026 1649 1383 1704 acutissimam
1430 1648 1755 1718 complexio-

166 1754 315 1804 nem,
358 1754 427 1793 an
481 1742 655 1808 potius
702 1740 1086 1810 ineptissimam
1132 1741 1539 1811 loquacitatem!
1570 1740 1755 1796 Nonne

160 1833 231 1887 ibi
264 1832 491 1901 proponi
522 1833 659 1886 solet
688 1841 744 1887 ut
769 1834 996 1903 eligatur
1022 1833 1248 1887 alterum
1280 1833 1343 1886 de
1375 1832 1582 1886 duolms
1611 1833 1748 1901 quod

166 1924 570 1993 respondeatur,
607 1925 693 1979 ubi
726 1932 1009 1995 utrumque
1034 1941 1140 1979 non
1176 1934 1347 1995 potest
1370 1926 1531 1995 eligi?
1558 1925 1685 1979 Nam
1709 1925 1754 1978 si

166 2013 287 2068 mihi
319 2028 673 2083 proponeres,
697 2022 755 2069 ut
774 2016 1027 2084 eligerem
1050 2015 1276 2069 alterum
1303 2015 1372 2070 de
1398 2016 1604 2070 duobus
1629 2014 1753 2086 quid

164 2104 399 2160 dicerem
426 2146 441 2167 ,
493 2115 670 2159 utrum
718 2106 1030 2161 innocentes
1056 2122 1121 2160 an
1160 2115 1413 2161 nocentes
1440 2105 1605 2161 simus
1627 2148 1641 2170 ,
1673 2107 1753 2160 vel

167 2210 343 2249 rursus
374 2210 441 2249 ex
470 2195 589 2250 aliis
615 2195 823 2251 duobus
849 2198 961 2251 sive
989 2212 1053 2252 ex
1081 2197 1195 2251 istis
1219 2238 1235 2263 ,
1265 2211 1373 2252 non
1404 2211 1616 2267 possem
1648 2197 1751 2251 nisi

160 2302 320 2340 uuttm
376 2288 579 2358 eligere
626 2288 767 2358 quod
814 2288 1052 2344 dicerem
1086 2307 1099 2343 :
1131 2303 1272 2344 nunc
1318 2304 1448 2344 vero
1500 2289 1753 2359 prepouis

166 2377 269 2432 ειη-ε
298 2378 431 2439 duo,
471 2387 647 2433 utrum
678 2395 773 2433 nos
802 2381 1115 2435 innocentes
1142 2382 1327 2443 simus,
1359 2396 1426 2436 an
1458 2399 1549 2436 vos
1572 2382 1645 2436 rei
1676 2382 1751 2435 si-

164 2468 257 2533 tis,
289 2479 347 2522 et
374 2470 457 2523 vis
488 2478 542 2523 ut
571 2486 738 2524 unum
772 2487 837 2525 ex
869 2472 951 2525 his
995 2471 1202 2525 duobus
1250 2474 1437 2542 eligam
1477 2473 1616 2542 quod
1664 2487 1751 2527 re-

162 2560 479 2628 spondeam.
513 2564 581 2615 Λι
602 2578 703 2633 ego
732 2563 856 2617 nolo
887 2580 1047 2617 unum
1074 2564 1285 2629 dicere;
1310 2565 1431 2634 quia
1471 2575 1753 2637 utrumque

160 2651 296 2719 dico,
332 2646 393 2707 et
414 2668 515 2709 nos
547 2654 856 2711 innocentes
876 2696 892 2722 ,
925 2667 979 2710 et
1010 2671 1108 2710 vos
1140 2670 1279 2709 reos.
1311 2655 1419 2710 Nos
1452 2671 1570 2711 esse
1597 2657 1752 2713 inno-

164 2752 339 2798 centes
366 2743 597 2799 dicimus
623 2760 653 2799 a
680 2744 828 2801 falsis
850 2754 904 2801 et
924 2746 1268 2802 calumniosis
1290 2746 1749 2804 criminationibus

166 2838 371 2901 vestris,
398 2837 725 2909 quicumque
753 2840 804 2893 iu
835 2838 1106 2893 Catholica
1139 2854 1421 2908 possumus
1448 2841 1589 2894 salva
1618 2858 1751 2897 eon-

167 2930 378 2984 scientia
417 2929 638 2994 dicere,
673 2946 770 2985 nec
806 2940 1020 2985 sanctos
1047 2930 1259 2986 codices
1298 2947 1394 2986 nos
1436 2932 1749 2999 tradidisse,

164 3036 263 3077 nec
281 3021 542 3077 idolorum
566 3012 1043 3093 supplicationibus
1061 3026 1421 3092 consensisse,
1444 3040 1546 3081 nec
1568 3042 1753 3096 quem-

164 3127 315 3181 quam
354 3113 652 3179 occidisse;
683 3116 766 3170 vel
797 3115 839 3169 si
880 3115 1006 3185 quid
1048 3116 1190 3169 aliud
1221 3117 1344 3170 mali
1387 3118 1572 3172 soletis
1614 3118 1750 3187 obji-

164 3219 279 3259 cere
308 3221 322 3258 :
350 3220 451 3260 nec
477 3220 571 3259 eos
601 3206 690 3276 qui
720 3206 853 3261 forte
874 3247 890 3274 ,
933 3205 1074 3276 quod
1113 3205 1327 3276 quidem
1375 3222 1478 3263 nec
1520 3207 1586 3262 de
1623 3208 1752 3278 ipsis

167 3296 447 3365 probastis,
468 3297 567 3352 ista
595 3297 861 3364 fecerunt,
881 3306 1065 3351 contra
1097 3312 1194 3351 nos
1223 3313 1441 3367 regnum
1465 3300 1745 3367 cmiorum,

167 3386 252 3440 sed
277 3396 465 3441 contra
490 3401 549 3442 se
578 3388 723 3457 ipsos
761 3387 1020 3442 clausisse
1048 3404 1061 3439 :
1085 3388 1207 3457 quia
1251 3389 1614 3458 unusquisque
1650 3406 1747 3443 no-

166 3486 332 3531 strum
360 3478 619 3532 sarcinam
646 3485 795 3532 suam
826 3486 1002 3549 portat
1028 3477 1047 3548 (
1070 3477 1242 3531 Galat.
1269 3495 1340 3542 vi,
1370 3479 1463 3548 5).
1494 3480 1629 3534 Ecce
1656 3480 1751 3534 ha-

164 3568 259 3624 bes
281 3584 467 3624 unum.
494 3570 553 3623 Et
576 3585 670 3624 vos
699 3585 888 3624 omnes
910 3578 1164 3625 nocentes
1190 3580 1244 3625 et
1276 3570 1567 3624 sceleratos
1590 3584 1709 3623 esse
1730 3611 1744 3635 ,

168 3676 269 3715 non
294 3660 428 3715 alios
457 3660 683 3716 aliorum
708 3662 1022 3716 criminibus
1050 3677 1169 3732 quae
1191 3663 1327 3732 apud
1356 3678 1446 3716 vos
1474 3677 1503 3715 a
1534 3661 1752 3731 quibus-

169 3753 286 3807 dam
312 3755 738 3819 committuntur,
764 3763 819 3809 et
853 3771 881 3808 a
910 3755 1223 3825 quibusdam
1263 3755 1744 3824 reprehenduntur,

165 3842 267 3898 sed
285 3844 499 3900 crimine
527 3845 852 3911 schismatis,
878 3862 904 3898 a
928 3862 1033 3915 quo
1058 3847 1447 3901 inuuanissimo
1468 3846 1748 3915 sacrilegio

171 3951 324 3990 nemo
348 3946 584 3992 vestrum
628 3952 686 3992 se
718 3947 891 4007 potest
930 3938 1109 3992 dicere
1137 3939 1427 3993 immunem
1451 3980 1465 4004 ,
1498 3938 1747 4006 quamdiu

173 4042 274 4081 non
300 4029 662 4083 communicat
688 4030 872 4084 unitati
900 4031 1136 4084 omnium
1168 4031 1426 4099 gentium,
1458 4029 1557 4083 nisi
1586 4045 1747 4099 coga-

173 4126 255 4172 tur
278 4119 454 4175 dicere
481 4120 547 4176 de
576 4120 813 4175 Ecclesia
843 4137 961 4191 qum
992 4138 1084 4191 per
1118 4139 1304 4176 omm-s
1346 4130 1527 4193 gentes
1555 4121 1746 4176 dili‘un-

175 4209 323 4277 ditur,
351 4212 613 4282 incipiens
642 4215 707 4268 ab
735 4212 1029 4268 Jerusalem
1050 4256 1063 4279 ,
1091 4214 1358 4268 Christum
1390 4214 1548 4268 fuisse
1595 4230 1748 4269 men-

174 4300 319 4354 titum
362 4303 380 4373 (
404 4302 529 4357 Luc.
569 4320 725 4369 sxw,
755 4304 885 4376 47).
936 4305 1070 4359 Ecce
1114 4304 1278 4359 habes
1321 4306 1568 4358 alterum.
1616 4306 1749 4360 Ecce

177 4392 366 4447 reddidi
391 4395 483 4449 tibi
510 4395 619 4448 duo
640 4438 653 4462 ,
680 4411 901 4465 quorum
940 4405 992 4449 tu
1026 4396 1240 4450 volebas
1270 4407 1323 4450 ut
1352 4412 1513 4449 unum
1545 4395 1750 4450 dicere-

176 4494 304 4536 mus.
344 4483 534 4556 Utique
577 4486 851 4541 attendere
893 4486 1119 4541 debuiin
1172 4499 1455 4556 utrumque
1506 4504 1537 4541 a
1595 4487 1750 4543 nobis

178 4587 322 4641 posse
347 4575 480 4641 dici;
519 4586 576 4631 et
618 4576 805 4632 saltem
828 4619 842 4643 ,
873 4578 917 4631 si
955 4578 1054 4632 hoc
1084 4577 1297 4633 volebas
1323 4618 1336 4641 ,
1382 4593 1571 4647 rogare
1615 4593 1712 4633 nos
1733 4622 1747 4645 ,

179 4677 229 4721 ut
257 4685 406 4724 unum
430 4668 762 4737 diceremus,
786 4684 904 4723 cum
933 4670 1141 4724 videres
1170 4670 1289 4740 quia
1321 4662 1600 4740 utrumque
1628 4686 1751 4740 pos-

180 4774 339 4816 scmus
348 4800 359 4813 .

242 4850 356 4904 222.
389 4851 496 4906 Sed
538 4850 582 4905 si
622 4851 910 4904 innocentia
954 4850 1089 4904 vobis
1134 4860 1237 4914 est,
1278 4851 1485 4922 inquis,
1528 4868 1618 4905 cur
1661 4869 1751 4907 nos

178 4942 300 5007 {erro
316 4941 578 4995 sectamini
595 4941 621 4994 ?
650 4941 915 5010 Respicite
944 4941 1213 5011 paululum
1237 4950 1476 4996 catervas
1507 4952 1711 4997 vestras
1732 4985 1747 5010 ,

179 5046 284 5099 qua:
309 5048 409 5088 non
438 5034 659 5102 antiquo
698 5048 844 5087 more
870 5041 1149 5102 parentum
1185 5046 1399 5087 suorum
1440 5032 1568 5086 solis
1604 5032 1751 5085 fusti-

180 5120 267 5176 bus
303 5136 595 5189 armantur,
640 5124 735 5179 scd
774 5134 829 5181 ct
863 5140 1077 5181 secures
1124 5133 1179 5180 et
1219 5125 1432 5181 lanceas
1461 5134 1515 5180 et
1550 5125 1752 5196 gladios

178 5212 479 5271 addiderunt
504 5235 515 5270 :
540 5226 595 5271 et
625 5217 895 5286 agnoscite
922 5232 1146 5286 quorum
1174 5217 1349 5288 potius
1376 5234 1474 5271 vox
1505 5234 1623 5273 esse
1653 5218 1751 5272 de-

178 5302 303 5372 beat,
326 5309 461 5376 Quid
486 5326 584 5364 nos
605 5309 745 5364 ferro
767 5309 1078 5364 sectamini?
1104 5310 1202 5363 Aut
1222 5313 1265 5364 si
1285 5327 1394 5364 reos
1420 5328 1529 5375 nos,
1554 5310 1749 5381 inquis,

178 5397 350 5463 dicitis,
378 5403 501 5471 quid
524 5420 616 5455 nos
654 5404 878 5473 qutrritis
907 5403 1233 5456 innocentes?
1269 5402 1365 5457 llic
1387 5402 1620 5458 breviter
1662 5418 1750 5457 re-

178 5494 400 5559 Spondeo
425 5513 439 5549 :
470 5494 596 5549 Ideo
624 5494 921 5565 qttznrimiui
950 5495 1027 5549 rei
1055 5493 1122 5548 ab
1148 5493 1545 5559 innocentibus,
1570 5503 1627 5547 ut
1653 5494 1750 5549 de-

176 5583 349 5639 sinatis
377 5602 498 5643 esse
537 5589 647 5654 rei,
679 5596 735 5643 et
763 5587 1025 5658 incipiatis
1060 5600 1181 5642 esse
1229 5586 1562 5640 innocentes.
1611 5585 1751 5641 Ecce

176 5685 451 5750 utrumque
494 5680 631 5751 elegi
678 5688 959 5748 nostrum,
986 5689 1043 5735 et
1083 5679 1151 5735 ad
1189 5689 1424 5735 vestrum
1470 5686 1750 5746 utrumque

179 5773 413 5839 respondi
443 5790 457 5825 :
491 5771 651 5827 modo
679 5781 734 5827 tu
758 5774 895 5843 elige
923 5789 1086 5828 unum
1114 5773 1181 5833 de
1206 5772 1412 5829 duobus
1436 5788 1449 5827 :
1483 5770 1745 5826 innocen-

244 5880 258 5908 ⁸
282 5880 378 5931 Sola
400 5884 547 5934 editio
567 5890 696 5945 Lov.,
718 5884 846 5947 quod
860 5881 1045 5935 dicatis.

1478 426 1687 483 LIBER
1725 425 2099 486 SECUNDUS.

3343 436 3454 495 δδι

1862 547 1943 594 tes
1970 539 2119 605 estis,
2142 554 2208 593 an
2233 542 2523 597 nocentes?
2552 540 2731 613 Neque
2755 551 2905 611 potes
2928 552 3209 615 utrmnque
3234 546 3448 604 dicere:

1862 633 1958 689 sed
2000 633 2087 689 die
2130 642 2447 704 utrumque,
2492 636 2537 690 si
2580 636 2687 691 hoc
2725 636 2915 707 placet.
2956 638 3114 694 Certe
3156 640 3298 695 enim
3343 656 3451 695 non

1862 726 2086 795 potestis
2115 725 2167 779 in
2195 727 2379 780 eadem
2407 742 2565 781 causa
2596 743 2715 783 esse
2744 729 3053 785 innocentes
3073 772 3086 795 ,
3114 730 3170 785 in
3197 746 3298 802 qua
3320 731 3452 787 estis

1865 828 2135 873 nocentes.
2158 817 2213 873 Si
2242 832 2369 889 ergo
2395 819 2703 875 innocentes
2726 821 2874 886 estis,
2909 822 3072 877 nolite
3102 823 3282 878 mirari
3310 823 3451 894 quod

1862 907 1928 961 ad
1956 923 2139 979 pacem
2169 910 2465 979 quaerimini
2497 926 2526 964 a
2558 910 2809 967 fratribus
2834 929 2846 964 :
2871 912 2916 966 si
2954 921 3132 969 autem
3164 923 3454 979 nocentes,

1864 999 2028 1053 nolite
2072 1000 2253 1053 mirari
2296 1001 2435 1071 quod
2480 1001 2545 1057 ad
2598 1018 2805 1071 ptenam
2832 1003 3186 1073 qmeriminia
3218 1005 3450 1075 regibus.

1860 1090 1968 1146 Sed
1989 1092 2109 1162 quia
2139 1091 2327 1146 horum
2357 1094 2582 1148 duorum
2608 1096 2833 1149 alterum
2864 1096 3014 1151 vobis
3042 1098 3309 1167 usurpatis
3330 1138 3344 1159 ,
3367 1099 3450 1152 al-

1862 1191 2033 1237 terum
2061 1198 2089 1235 a
2114 1182 2266 1237 nobis
2292 1183 2484 1238 auditis
2512 1202 2525 1237 :
2556 1185 2822 1254 usurpatis
2849 1187 2993 1241 enim
3018 1187 3171 1241 vobis
3198 1187 3454 1242 innocen-

1861 1274 2011 1339 tiam,
2034 1291 2064 1329 a
2091 1276 2244 1331 nobis
2270 1286 2449 1331 autem
2470 1276 2664 1332 auditis
2684 1278 2825 1348 quod
2844 1280 3003 1348 impie
3022 1280 3245 1335 vivatis:
3267 1283 3451 1350 accipe

1862 1366 2050 1421 iterum
2101 1366 2168 1422 de
2217 1377 2441 1438 utroque
2469 1368 2594 1438 quid
2632 1369 2824 1424 dicam.
2854 1370 2910 1425 Si
2942 1371 3252 1426 innocentes
3279 1372 3409 1427 estis
3432 1413 3449 1437 ,

1862 1475 2025 1529 quare
2053 1459 2247 1514 Christi
2289 1461 2594 1517 testimonio
2632 1461 3030 1517 contradicitis?
3058 1465 3111 1519 Si
3142 1474 3318 1518 autem
3351 1480 3452 1517 no-

1861 1563 2062 1616 centes,
2097 1569 2259 1621 quare
2284 1554 2351 1608 ad
2381 1554 2499 1622 ejus
2527 1554 2944 1609 misericordiam
2987 1571 3090 1609 non
3129 1557 3451 1627 confugitis?

1861 1643 1991 1699 Nam
2016 1655 2067 1698 et
2098 1645 2456 1699 testimonium
2481 1646 2597 1714 ejus
2619 1646 2788 1700 estde
2815 1646 2960 1702 orbis
2989 1647 3186 1701 unitate
3206 1687 3222 1713 ,
3264 1655 3319 1702 et
3347 1649 3451 1702 mi~

1859 1734 2149 1791 scricordia
2176 1736 2291 1805 ejus
2325 1737 2374 1791 in
2404 1736 2635 1791 fraterna
2660 1738 2944 1793 charitate.

1930 1827 2156 1881 CAPUT
2185 1826 2616 1884 XCVIl.-—225.
2655 1830 2841 1885 Ρετιι.
2879 1829 3007 1884 dixit
3039 1848 3052 1883 :
3088 1829 3371 1897 Postremo,
3396 1840 3454 1885 ut

1857 1936 1996 1991 sa'pe
2014 1921 2127 1990 jam
2153 1921 2393 1976 diximus.
2424 1921 2588 1989 qualis
2616 1930 2685 1974 est
2713 1931 2875 1975 vestra
2906 1923 3234 1993 pra‘sumptio
3254 1964 3267 1985 ,
3299 1930 3353 1975 ut
3381 1923 3447 1976 de

1857 2015 2059 2084 regibus
2103 2013 2453 2083 pra’sumatis,
2484 2013 2677 2067 dicente
2715 2013 2899 2075 David,
2934 2032 2954 2065 ι
2990 2013 3190 2068 Bonum
3227 2023 3300 2068 est
3337 2032 3453 2086 spe-

1858 2121 1973 2158 rare
2001 2107 2052 2157 in
2091 2104 2309 2158 Domino
2334 2145 2347 2167 ,
2384 2120 2538 2172 quam
2581 2120 2786 2174 sperare
2814 2105 2869 2157 in
2900 2105 3102 2158 homine
3124 2120 3143 2158 :
3167 2105 3352 2159 bonum
3379 2113 3452 2160 est

1858 2211 2060 2264 sperare
2080 2195 2133 2248 in
2147 2194 2385 2259 Domino,
2409 2211 2560 2264 quant
2584 2211 2789 2265 sperare
2806 2196 2857 2249 in
2881 2196 3193 2266 principibus
3224 2215 3241 2249 ι
3275 2196 3447 2269 (Psal.

1857 2302 2015 2351 vatt,
2046 2287 2099 2350 8,
2127 2286 2205 2357 9).

1927 2380 2051 2433 224.
2078 2380 2209 2435 Are.
2258 2380 2531 2449 respondit
2556 2398 2569 2433 :
2597 2380 2705 2435 Nos
2735 2396 2839 2435 non
2868 2396 3147 2451 speramus
3189 2382 3239 2436 in
3270 2382 3449 2437 homi-

1857 2486 1954 2534 ne;
1980 2470 2093 2535 sed,
2121 2480 2375 2541 quantum
2407 2487 2710 2540 possumus,
2740 2473 2984 2527 homines
3012 2474 3361 2528 admonemus
3390 2483 3452 2529 ut

1857 2562 1908 2616 in
1935 2562 2157 2617 Domino
2177 2572 2391 2631 Spercnt
2413 2580 2425 2616 :
2445 2579 2543 2617 nec
2562 2577 2843 2632 speramus
2872 2564 2921 2617 in
2951 2564 3304 2633 principibus;
3328 2565 3444 2631 sed,

1856 2665 2109 2726 quantum
2145 2670 2447 2724 possumus,
2486 2656 2754 2725 principes
2785 2656 3135 2711 admonemus
3169 2666 3229 2711 ut
3259 2658 3308 2710 iu
3338 2657 3447 2711 Do-

1855 2746 2002 2800 mino
2031 2754 2276 2815 sperent,
2305 2755 2359 2801 et
2384 2749 2428 2803 si
2458 2747 2656 2817 aliquid
2688 2762 2715 2800 a
2747 2748 3073 2817 principibus
3099 2763 3195 2818 pro
3225 2749 3450 2803 utilitate

1859 2839 2111 2895 Ecclesia:
2139 2839 2387 2908 petimus,
2422 2854 2528 2892 non
2557 2839 2609 2892 in
2633 2839 2712 2893 eis
2740 2848 2917 2894 tamen
2943 2854 3239 2909 speramus.
3267 2838 3451 2909 Neque

1856 2931 1997 2983 enim
2028 2939 2081 2984 et
2112 2931 2397 2999 Apostolus
2421 2930 2473 2983 in
2502 2928 2594 2983 illo
2618 2929 2829 2983 tribuno
2857 2930 3091 2998 speravit
3119 2938 3368 3000 tanquam
3393 2931 3447 2985 in

1857 3020 2125 3089 principe,
2158 3034 2189 3074 a
2217 3034 2323 3089 quo
2353 3020 2452 3075 sibi
2484 3020 2590 3089 egit
2632 3030 2687 3073 ut
2717 3020 3040 3076 deductorcs
3072 3020 3327 3075 darentur
3355 3037 3445 3076 ar-

1856 3116 2019 3179 mati;
2063 3122 2155 3167 aut
2199 3114 2249 3168 in
2300 3113 2432 3182 ipsis
2480 3114 2699 3168 armatis
2740 3122 2988 3185 tanquam
3019 3116 3074 3169 in
3107 3115 3443 3180 hominibus,

1855 3221 2079 3276 quorum
2120 3206 2461 3261 multitudine
2506 3215 2689 3275 septus
2733 3206 2902 3262 evasit
2946 3206 3162 3262 insidias
3206 3208 3447 3277 perdito-

1855 3315 1969 3351 rum
2006 3298 2157 3368 (Act.
2182 3312 2328 3361 χχιιι,
2358 3297 2529 3351 12-55
2555 3296 2595 3369 ).
2621 3294 2727 3353 Sed
2758 3312 2856 3351 nec
2886 3313 2982 3352 vos
3008 3298 3180 3367 ipSos,
3213 3298 3350 3368 quod
3378 3299 3446 3353 ab

1852 3388 2178 3458 Imperatore
2222 3388 2457 3443 basilicze
2512 3390 2664 3443 vobis
2709 3398 2767 3443 ut
2810 3388 3159 3445 redderentur
3204 3390 3441 3459 petistis,

1853 3482 2143 3551 arguimus,
2179 3490 2427 3551 tauquam
2460 3482 2510 3535 in
2537 3481 2751 3536 Juliauo
2783 3481 3021 3552 principe
3060 3484 3399 3553 speraveritis
3424 3501 3442 3537 :

1854 3574 1945 3627 sed
1978 3573 2272 3643 arguimus,
2308 3573 2445 3641 quod
2477 3572 2543 3627 de
2568 3572 2762 3627 Christi
2793 3572 3097 3627 testimonio
3125 3572 3447 3642 desperave-

1854 3665 1970 3719 ritis
1992 3708 2005 3731 ,
2047 3681 2076 3718 a
2119 3664 2271 3733 cujus
2314 3666 2514 3718 unitate
2542 3665 2684 3734 ipsas
2714 3664 2959 3719 basilicas
2997 3666 3309 3735 separastis.
3340 3665 3453 3720 Eaﬂ

1852 3758 1993 3809 enim
2038 3756 2258 3825 jubente
2310 3755 2522 3809 inimico
2567 3754 2761 3809 Christi
2803 3754 3123 3823 accepistis,
3157 3754 3208 3806 in
3251 3753 3457 3822 quibus}

1849 3850 1997 3916 jussa
2042 3848 2234 3903 Christi
2268 3847 2685 3900 contemneretis
2706 3888 2721 3912 ,
2764 3845 2887 3899 dum
2916 3846 3147 3897 validum
3178 3853 3230 3897 et
3257 3857 3445 3897 verum

1853 3940 2006 3994 vobis
2035 3939 2245 3993 videtur
2271 3937 2411 4007 quod
2442 3937 2684 3991 Julianus
2714 3935 2989 3989 constituit
3018 3977 3031 3996 ,
3062 3934 3247 3989 dicens
3269 3976 3283 3996 ,
3330 3932 3443 3986 Iloc

1851 4050 2046 4105 quoque
2083 4029 2485 4101 supplicantibus
2516 4029 2827 4099 Rogutiano,
2862 4026 3065 4091 Pontio,
3099 4026 3372 4092 Cassiano,
3400 4035 3445 4078 et

1853 4124 2045 4179 caneris
2067 4122 2334 4192 episcopis,
2359 4120 2448 4174 sed
2471 4132 2516 4174 et
2540 4119 2754 4185 clericis,
2780 4118 2969 4172 accedit
2990 4118 3057 4171 ad
3080 4119 3357 4183 cumulum,
3392 4128 3445 4169 ut

1852 4216 2054 4270 abolitis
2084 4231 2197 4285 qua:
2222 4214 2458 4267 adversus
2484 4230 2566 4267 eos
2599 4212 2706 4266 sine
2740 4213 2982 4280 rescripto
3011 4227 3274 4282 perperam
3302 4221 3444 4281 gesta

1854 4316 1989 4371 sunt,
2022 4307 2074 4359 in
2100 4307 2361 4376 antiquata
2390 4314 2575 4358 statum
2595 4313 2775 4356 cuncta
2800 4311 3087 4357 revocentur
3110 4317 3129 4355 :
3149 4301 3443 4357 invalidum

1854 4411 2030 4453 autem
2060 4407 2115 4453 et
2156 4397 2342 4452 falsum
2384 4395 2525 4466 quod
2571 4395 2816 4449 Christus
2858 4392 3171 4458 constituit,
3218 4392 3441 4447 dicens:

1858 4490 2014 4544 Erilis
2044 4490 2168 4543 milii
2198 4498 2343 4542 testes
2372 4487 2425 4541 in
2452 4486 2758 4551 Jerusalem,
2789 4494 2832 4539 et
2864 4485 2916 4537 in
2952 4492 3108 4536 totam
3136 4482 3377 4537 Juda‘am
3398 4490 3447 4535 et

1857 4583 2180 4644 Samariam,
2222 4590 2267 4634 et
2297 4596 2453 4649 usque
2479 4578 2532 4632 in
2560 4588 2716 4632 totam
2744 4586 2928 4630 terram
2960 4576 2978 4648 (
3004 4574 3090 4628 Id.
3135 4591 3173 4639 ι,
3206 4574 3297 4643 8).
3332 4573 3462 4643 ΟῐιειΔ

1857 4688 2128 4729 sccramus
2157 4687 2271 4735 vos,
2305 4669 2629 4739 corrigimini
2658 4686 2670 4722 :
2696 4666 2867 4723 redite
2895 4667 2960 4720 ad
2989 4667 3125 4721 hanc
3148 4664 3445 4720 evidentis-

1856 4766 2046 4819 simam
2075 4765 2235 4819 totius
2262 4762 2406 4817 orbis
2432 4762 2689 4815 unitatem
2716 4803 2729 4827 ,
2761 4768 2818 4813 ut
2846 4777 2948 4815 non
2986 4760 3163 4815 verbis
3188 4767 3445 4829 apostata:

1856 4857 2080 4923 Iuliani,
2124 4855 2219 4911 sed
2263 4854 2439 4909 verbis
2475 4852 2769 4907 Salvatoris
2795 4852 3026 4919 Christi,
3074 4851 3126 4905 in
3168 4852 3441 4921 autiqumu

1857 4961 2049 5005 statum
2078 4957 2264 5004 cuncta
2292 4956 2627 5001 revocentur.
2656 4945 2975 5000 Miseremini
3017 4944 3207 4999 animrc
3230 4953 3437 4998 vestrcc.

1858 5044 1973 5099 Non
1998 5042 2105 5113 jam
2137 5038 2543 5095 Constantinum
2572 5047 2626 5093 et
2654 5037 2921 5092 Julianum
2950 5049 3320 5105 comparamus
3340 5074 3353 5097 ,
3389 5041 3444 5085 ut

1859 5154 2014 5207 quam
2047 5138 2153 5190 sint
2181 5136 2412 5203 impares
2440 5131 2890 5186 demenstrcmus.
2934 5129 3051 5184 Non
3093 5127 3347 5189 dicimus,
3388 5123 3442 5177 Si

1862 5247 1954 5285 vos
1980 5248 2083 5285 non
2117 5228 2371 5300 sperastis
2398 5226 2449 5280 in
2478 5225 2693 5279 homine
2727 5233 2781 5277 et
2810 5224 2860 5277 in
2895 5222 3131 5292 principe
3154 5261 3167 5284 ,
3194 5233 3313 5271 cum
3345 5215 3414 5267 ho

1860 5326 1988 5379 mini
2020 5322 2323 5394 imperatori
2368 5333 2571 5390 pagano
2620 5326 2673 5371 et
2716 5324 2967 5385 apostata:
3007 5310 3251 5374 dixistis,
3301 5307 3444 5378 quod

1858 5416 1999 5486 apud
2020 5432 2133 5468 cum
2162 5414 2269 5467 sola
2288 5411 2493 5482 justitia
2520 5408 2687 5462 locum
2714 5406 2948 5469 haberet,
2978 5401 3167 5471 quibus
3198 5398 3445 5469 precibus

1860 5517 1915 5563 et
1940 5509 2239 5576 Reseripto,
2268 5505 2403 5558 sicut
2431 5502 2499 5556 ihi
2523 5501 2776 5569 scriptum
2810 5505 2909 5561 est,
2935 5495 3069 5547 sicut
3107 5492 3445 5563 allegationis

1861 5610 2005 5669 gesta
2036 5605 2313 5660 testantur,
2365 5610 2483 5663 pars
2524 5591 2714 5646 Donati
2760 5584 3125 5643 univcrsalitcr
3169 5602 3263 5642 usa
3319 5598 3447 5642 est:

1859 5690 2028 5743 multo
2057 5688 2231 5742 minus
2260 5699 2353 5739 nes
2376 5682 2643 5738 criminari
2667 5695 2697 5732 a
2718 5678 2869 5733 vobis
2889 5677 3165 5745 debemus,
3190 5688 3440 5749 tanquam

1859 5795 2134 5851 speremus
2154 5780 2206 5832 in
2230 5777 2442 5831 homine
2468 5782 2520 5828 et
2544 5775 2594 5826 in
2623 5770 2883 5841 principe,
2906 5770 2950 5825 si
2976 5770 3100 5841 quid
3128 5788 3157 5827 a
3178 5772 3439 5827 Constan-

1864 5874 1972 5928 tino
2003 5870 2083 5925 vel
2128 5886 2157 5925 a
2203 5867 2409 5924 creteris
2454 5862 2759 5920 christianis
2807 5865 3216 5936 imperatoribus
3242 5909 3257 5936 ,
3300 5865 3442 5921 nulla
