3998 6468
582 422 685 477 535

585 539 835 606 sacrilega
859 536 1154 592 adulatione
1183 533 1494 604 petivimus;
1538 544 1630 589 aut
1666 534 1708 587 si
1745 531 1869 603 quid
1901 532 2001 600 ipsi
2040 545 2146 586 non

584 629 883 698 petentibus
922 626 1103 691 nobis,
1148 640 1412 681 memores
1457 624 1677 679 rationis
1719 639 1875 694 quam
1923 622 2150 677 Domino

583 719 836 774 reddituri
863 726 1005 782 sunt,
1034 717 1132 771 sub
1160 716 1312 785 c‘ujus
1336 715 1512 770 verbis
1535 724 1766 770 tremunt
1787 728 1907 768 cum
1933 711 2156 766 audiunt

583 826 700 879 quae
748 811 859 879 ipse
902 805 1359 870 commemorasti,
1408 805 1475 859 Et
1517 821 1670 869 nunc,
1709 820 1868 876 reges,
1908 802 2152 871 intelligi-

586 909 652 965 te,
681 911 810 963 etc.,
842 907 895 951 ct
919 897 1022 951 alia
1050 896 1212 951 multa
1233 939 1249 964 ,
1285 898 1421 951 ultro
1447 911 1545 967 pro
1588 895 1836 952 Ecclesia:
1878 893 2153 949 catholicae

584 993 781 1046 unitate
807 991 1153 1045 constituunt.
1178 988 1281 1046 Sed
1309 999 1456 1044 taceo
1485 987 1552 1044 de
1572 986 1921 1042 Constantino
1949 1001 1961 1038 :
1991 983 2152 1038 Chrio

582 1091 722 1137 stum
738 1091 794 1138 et
807 1080 1071 1136 Julianum
1088 1080 1238 1136 vobis
1257 1080 1602 1150 Opponimns;
1623 1092 1806 1147 parum
1829 1076 1965 1141 dico,
1988 1075 2154 1130 Deum

581 1182 637 1228 et
667 1173 959 1236 hominem,
985 1172 1178 1228 Filium
1205 1173 1302 1227 Dei
1330 1181 1384 1226 et
1410 1171 1573 1224 lilium
1603 1169 1881 1240 gehennze,
1911 1168 2157 1223 Salvato-

582 1279 699 1320 rem
738 1265 1034 1320 animarum
1075 1273 1376 1319 nostrarum
1424 1271 1478 1316 et
1524 1259 1923 1316 interfectorem
1967 1259 2157 1312 anima:

581 1372 712 1412 sum.
736 1357 846 1413 Cur
878 1357 930 1412 in
968 1357 1202 1412 basilicis
1237 1355 1568 1426 possidendis
1596 1353 1789 1408 Juliani
1821 1351 2157 1419 Rescriptum

587 1449 797 1513 tenetis,
815 1459 870 1503 et
892 1450 944 1504 in
964 1448 1214 1503 Ecclesia:
1235 1461 1365 1517 pace
1384 1443 1749 1514 amplectenda
1770 1442 1965 1498 Christi
1986 1441 2158 1496 Evan-

583 1540 779 1609 gelium
805 1554 908 1594 non
938 1537 1164 1593 tenetis?
1190 1537 1490 1594 Clamamus
1520 1543 1576 1590 et
1604 1549 1722 1600 nos,
1748 1533 1875 1599 Quae
1895 1547 2160 1602 perperam

585 1640 722 1700 gesta
747 1639 882 1692 sunt,
900 1629 955 1682 in
975 1630 1237 1697 antiquum
1263 1637 1452 1681 statuat
1471 1635 1653 1680 cuncta
1677 1635 1990 1678 revocentur.
2018 1622 2163 1676 Antia

587 1721 744 1789 quius
773 1729 855 1775 est
885 1719 1226 1790 Evangelium
1254 1717 1450 1773 Christi
1475 1759 1490 1782 ,
1522 1732 1679 1787 quam
1705 1714 2033 1784 Rescriptum
2062 1713 2160 1770 Ju-

589 1810 715 1864 liani
741 1828 754 1863 :
781 1809 1051 1880 antiquior
1075 1819 1158 1864 est
1179 1809 1352 1864 unitas
1371 1806 1590 1872 Christi,
1613 1821 1768 1877 quam
1794 1821 1918 1875 pars
1935 1805 2157 1860 Donati:

588 1902 911 1972 antiquiores
953 1911 1080 1957 sunt
1107 1902 1362 1957 Ecclesize
1409 1914 1594 1970 preces
1643 1898 1712 1953 ad
1756 1898 2036 1953 Dominum
2067 1912 2162 1967 pro

590 1993 792 2048 unitate
814 1993 1010 2048 Christi
1035 2034 1050 2059 ,
1082 2007 1238 2063 quam
1262 1990 1538 2060 Rogatiani
1569 1998 1622 2043 et
1645 1989 1820 2043 Pontii
1848 1997 1902 2044 et
1926 1987 2161 2042 Cassiani

589 2085 660 2139 ad
686 2083 953 2140 Julianum
984 2100 1080 2154 pro
1105 2093 1257 2156 parte
1279 2083 1487 2138 Donati.
1529 2083 1610 2136 An
1639 2097 1914 2152 perperam
1943 2082 2156 2151 geritur,

590 2189 714 2230 cum
752 2189 904 2245 reges
931 2176 1213 2244 prohibent
1240 2174 1589 2238 divisionem;
1632 2182 1688 2228 et
1733 2187 1836 2227 non
1884 2187 2162 2242 perperam

592 2267 809 2336 geritur,
837 2283 957 2322 cum
992 2267 1226 2337 episcopi
1265 2266 1508 2322 dividunt
1547 2267 1838 2322 unitatem?
1877 2267 2161 2336 Perperam

587 2358 807 2425 geritur,
837 2372 958 2413 cum
985 2357 1050 2412 ad
1079 2357 1466 2413 defendendam
1495 2357 1784 2412 Ecelesiam
1809 2399 1824 2423 ,
1852 2357 2048 2413 Christi
2085 2366 2163 2412 te—

587 2447 837 2503 stimonio
882 2462 1034 2518 reges
1075 2447 1342 2514 serviunt;
1387 2456 1444 2503 et
1486 2463 1591 2502 non
1633 2463 1909 2517 perperam
1936 2448 2160 2518 geritur,

587 2552 708 2592 cum
737 2537 804 2593 ad
832 2537 1126 2608 negandam
1152 2538 1463 2604 Eeclesiam,
1495 2539 1688 2593 Christi
1719 2540 2021 2594 testimonio
2047 2540 2162 2608 cpi-

587 2630 732 2698 scopi
759 2630 1170 2685 contradicunt?
1193 2630 1548 2686 Obsecramus
1573 2645 1698 2701 ergo
1715 2673 1730 2697 ,
1763 2639 1822 2686 ut
1848 2645 1950 2686 non
1977 2641 2161 2686 contra

587 2718 925 2790 Evangelium
944 2760 958 2785 ,
987 2720 1081 2775 sed
1121 2718 1414 2774 secundum
1442 2721 1782 2790 Evangelium
1813 2721 1972 2776 etiam
2001 2721 2162 2776 verba

588 2809 752 2878 ipsius
787 2809 979 2865 Juliani
999 2851 1013 2876 ,
1045 2810 1134 2865 cui
1177 2810 1255 2866 sic
1292 2810 1659 2880 supplicastis,
1689 2810 1992 2880 audiantur,
2021 2821 2074 2867 et
2100 2829 2161 2868 ea

588 2915 706 2968 quae
735 2915 1009 2970 perperam
1038 2909 1184 2971 gesta
1210 2909 1352 2968 sunt,
1383 2901 1435 2955 in
1464 2902 1735 2972 antiquum
1759 2911 1952 2960 statum
1975 2912 2161 2959 cuncta

591 2999 928 3046 ιονοοθιιῑιιτ.

658 3083 882 3140 CAPUT
924 3083 1384 3139 MHDL—225.
1427 3084 1608 3138 Ρετιι..
1653 3083 1824 3140 dixit:
1863 3085 1993 3152 Vos,
2036 3103 2159 3158 vos,

587 3177 774 3242 miseri,
802 3177 1018 3248 appello,
1047 3179 1133 3249 qui
1158 3178 1558 3248 persecutionum
1586 3186 1720 3231 metu
1745 3180 2012 3246 perterriti,
2041 3181 2162 3234 dum

588 3277 776 3321 vestras
805 3268 1024 3334 divitias,
1052 3283 1153 3321 non
1190 3267 1384 3320 animas
1422 3267 1676 3337 quaeritis,
1719 3285 1818 3322 non
1866 3279 1967 3322 tam
2011 3271 2162 3338 ﬁdem

588 3359 836 3429 perﬁdam
861 3359 1162 3413 traditarum
1181 3358 1409 3429 diligitis,
1432 3375 1583 3429 quam
1602 3367 1776 3412 contra
1796 3359 2018 3429 ipsorum
2048 3378 2160 3414 ma-

591 3451 772 3516 litiam,
802 3467 1014 3520 quorum
1039 3451 1175 3504 nobis
1203 3450 1480 3518 patrocinia
1507 3451 1833 3520 comparastis
1861 3469 1873 3505 :
1896 3468 1993 3504 non
2015 3453 2163 3506 aliter

593 3557 742 3610 quam
769 3550 824 3593 ut
848 3541 1088 3611 mtufragi
1115 3541 1166 3594 in
1193 3540 1426 3611 ﬂuctibus
1454 3542 1640 3610 [luctus
1673 3543 1881 3595 subeunt
1910 3544 2157 3612 ruituros,

589 3633 796 3700 satque‘
818 3631 870 3684 in
899 3648 1080 3702 magno
1108 3632 1221 3685 vitae
1243 3631 1465 3700 periculo
1490 3641 1735 3701 appetunt
1755 3633 1890 3702 quod
1921 3635 2119 3689 timetur
2140 3653 2159 3691 :

589 3723 720 3780 velut
745 3728 1039 3794 tyrannicus
1061 3725 1204 3796 {uror
1231 3734 1284 3776 ut
1310 3725 1553 3776 neminem
1579 3732 1780 3787 metuat,
1815 3727 1915 3779 vult
1939 3743 2051 3781 cum
2069 3745 2160 3783 suo

592 3814 812 3884 periculo
839 3815 914 3868 vel
933 3814 1097 3868 timeri
1117 3831 1135 3869 :
1155 3814 1245 3877 sic,
1277 3814 1348 3868 sic
1364 3813 1433 3866 ad
1456 3829 1623 3868 arcem
1652 3814 1671 3845 ¹
1695 3814 1906 3869 malitiae
1925 3819 2158 3889 confugi-

590 3913 654 3966 tis
677 3951 693 3978 ,
746 3911 1082 3966 innocentium
1113 3911 1299 3964 daama
1338 3911 1415 3965 vel
1457 3927 1628 3982 poenas
1655 3911 1762 3963 sine
1795 3920 1954 3964 vestra
1977 3910 2158 3980 formi-

588 4005 706 4057 dine
729 4003 1019 4073 spectaturi.
1046 4003 1107 4057 Si
1126 4004 1220 4056 hoc
1249 4010 1320 4056 est
1350 4002 1505 4055 vitare
1529 3999 1827 4069 periculum,
1859 4004 2033 4072 fugere
2067 4000 2159 4054 sub

585 4095 818 4157 ruinam;
843 4110 1035 4147 necnon
1064 4093 1209 4146 etiam
1233 4092 1532 4146 damnabilis
1561 4092 1685 4160 [ides
1709 4101 1801 4158 est,
1825 4091 1977 4160 ﬁdem
2003 4092 2160 4144 latro-

586 4189 641 4240 ni
668 4203 881 4240 servarc.
909 4185 1172 4240 Postremo
1213 4185 1456 4238 dementis
1499 4184 1627 4237 lucri
1671 4184 2022 4237 commercium
2063 4192 2155 4248 est,

587 4288 775 4333 vestras
796 4279 990 4330 animas
1020 4277 1245 4346 perdere,
1277 4291 1339 4329 ne
1365 4275 1563 4328 divitias
1588 4274 1848 4327 amittatis.
1871 4272 2007 4326 Dicit
2028 4274 2160 4327 enim

589 4366 834 4420 Dominus
855 4364 1081 4420 Christus
1104 4380 1122 4417 :
1149 4383 1167 4415 ι
1206 4363 1265 4418 Si
1295 4379 1490 4416 onmem
1515 4363 1758 4416 mundum
1787 4363 2095 4433 lucrifacias,
2113 4371 2160 4418 et

585 4457 806 4510 animam
835 4465 972 4508 tuam
1004 4453 1183 4524 perdas
1204 4495 1217 4517 ,
1250 4469 1401 4524 quant
1428 4453 1570 4506 dabis
1605 4454 2042 4507 commutationem
2066 4471 2158 4526 pro

587 4549 756 4600 anima
776 4556 862 4599 tua
898 4563 916 4597 ι
945 4543 1156 4618 (Matth.
1187 4560 1296 4611 XVI,
1325 4543 1456 4614 26)?

654 4635 779 4692 2‘26.
810 4638 941 4691 Aac.
970 4633 1242 4704 reSpondit
1265 4651 1279 4686 :
1304 4633 1460 4690 Utilis
1497 4641 1641 4688 esset
1687 4632 1786 4688 ista
1828 4633 2154 4702 exhortatio,

587 4729 774 4794 fateor,
804 4729 847 4782 si
878 4743 936 4782 ea
966 4727 1242 4797 quisquam
1275 4727 1327 4780 iu
1354 4726 1490 4781 bona
1516 4739 1672 4780 causa
1703 4734 1956 4780 uteretur.
1975 4725 2160 4781 Omni-

587 4837 656 4875 no
681 4822 818 4876 bene
844 4820 1144 4874 deterruisti
1180 4819 1442 4883 homines,
1473 4819 1684 4873 divitias
1710 4833 2019 4888 praeponere
2045 4819 2157 4873 ani-

586 4927 685 4964 ma:
711 4926 838 4964 sum.
867 4909 969 4964 Sed
1004 4925 1095 4962 vos
1119 4909 1205 4978 qui
1245 4908 1358 4964 haec
1395 4909 1617 4963 audistis
1639 4949 1652 4972 ,
1679 4919 1728 4963 et
1759 4924 1854 4962 nos
1885 4910 2153 4977 paululum

583 5003 759 5056 audite
785 5019 798 5056 :
825 5000 923 5054 hoc
950 5000 1088 5053 enim
1115 5009 1168 5053 et
1194 5014 1288 5053 nos
1312 4999 1554 5062 dicimus,
1577 4999 1673 5054 sed
1695 4999 1950 5053 attendite
1974 5015 2155 5070 quem-

582 5093 886 5146 admodum.
914 5090 968 5146 Si
1003 5091 1149 5143 vobis
1179 5089 1446 5143 minantur
1483 5103 1634 5159 reges
1661 5089 1867 5145 auferre
1907 5089 2115 5144 divitias
2136 5131 2151 5156 ,

580 5183 703 5252 quia
727 5181 893 5236 Judrei
922 5179 1210 5235 secundum
1231 5195 1443 5235 carnem
1466 5195 1569 5234 non
1587 5181 1737 5244 estis,
1765 5189 1854 5234 aut
1873 5181 1993 5250 quia
2013 5180 2151 5235 idola

580 5273 665 5327 vel
690 5273 952 5327 dtemonia
999 5285 1102 5323 non
1141 5269 1315 5324 colitis
1335 5310 1348 5330 ,
1380 5278 1471 5322 aut
1494 5269 1613 5339 quia
1646 5269 1698 5322 in
1724 5270 1894 5323 nullas
1925 5268 2154 5324 haereses

582 5363 995 5426 transiet-inlini,
1041 5359 1133 5415 sed
1175 5361 1226 5413 in
1260 5361 1457 5415 unitate
1502 5359 1758 5416 catholica
1800 5362 2150 5430 permanetis;

578 5454 755 5522 eligite
783 5454 956 5522 potius
985 5452 1158 5520 perire
1182 5449 1394 5505 divitias
1421 5461 1644 5516 vestras,
1673 5465 1740 5504 ne
1766 5450 1862 5518 ipsi
1885 5451 2147 5519 pereatis:

579 5542 672 5596 sed
700 5558 796 5597 nec
819 5541 960 5596 aliud
979 5542 1284 5612 quidquam,
1307 5557 1404 5596 nec
1429 5543 1593 5612 ipsam
1623 5542 1964 5610 temporalem
1989 5545 2145 5596 vitam

576 5634 732 5688 saluti
761 5643 972 5688 tetcrua:
1001 5649 1117 5704 qua:
1145 5634 1196 5688 in
1221 5633 1432 5689 Christo
1455 5642 1538 5690 est
1560 5633 1878 5705 pra-feratis.
1897 5635 1950 5690 Si
1975 5645 2148 5690 autem

639 5766 656 5797 ¹
677 5766 748 5813 sic
763 5771 868 5813 Mss.
895 5771 948 5813 Αι
966 5765 1098 5820 editi,
1117 5765 1292 5828 sicque.

636 5829 655 5858 ’
677 5836 776 5876 Am.
804 5835 853 5876 et
877 5833 1150 5887 Er.,artcm.

1437 417 1698 474 CONTRA
1741 413 2076 471 LITTERAS
2115 411 2468 481 PETILIANI,
2509 413 2566 470 S.
2609 413 2974 471 AUCUSTINI

3726 421 3828 477 536

2260 527 2412 598 rcges
2438 527 2588 584 vobis
2615 537 2896 599 propterea
2939 529 3131 584 damna
3176 528 3259 584 vel
3301 529 3698 588 damnationem
3739 535 3838 588 mi-

2260 627 2472 683 nantur,
2505 620 2624 689 quia
2652 621 2779 674 estis
2809 619 3044 696 ἣξει-,βιίοἰ
3068 636 3083 686 ;
3117 629 3318 676 terrent
3339 637 3432 676 vos
3462 623 3554 688 illi,
3583 639 3690 677 non
3717 639 3838 680 ern-

2260 707 2466 773 deliter,
2501 709 2593 763 sed
2639 710 3055 764 misericorditer
3079 727 3092 763 :
3116 725 3210 765 vos
3243 720 3418 767 autem
3459 727 3566 767 non
3608 713 3837 781 fortiter,

2259 797 2352 852 sed
2381 799 2719 867 pertinaciter
2741 815 2844 854 non
2875 800 3090 855 timetis.
3123 800 3315 856 Audite
3352 817 3479 873 ergo
3508 803 3733 859 Petrum
3762 806 3841 860 di-

2203 901 2211 910 ‘
2260 898 2489 955 centcm,
2524 889 2650 955 Quae
2668 901 2833 944 autem
2857 890 3021 961 gloria
3044 901 3134 957 est,
3163 893 3208 947 si
3232 904 3491 962 peccantes
3512 911 3690 964 pinnas
3712 899 3840 966 pati-

2261 982 2384 1035 mini
2413 981 2470 1054 (1
2503 981 2640 1038 Petr.
2665 999 2722 1050 tt,
2752 983 2896 1053 20)?
2939 991 2998 1039 ut
3034 999 3207 1052 neque
3244 985 3330 1040 hic
3359 984 3597 1041 habeatis
3627 995 3838 1042 terrena

2261 1072 2468 1137 solatia,
2502 1087 2599 1127 nec
2629 1073 2682 1127 in
2713 1072 2890 1129 futuro
2914 1074 3111 1130 saeculo
3144 1075 3302 1130 vitam
3342 1084 3598 1132 teternam
3624 1093 3640 1142 ;
3671 1077 3765 1132 sed
3791 1088 3836 1134 et

2262 1161 2349 1217 hic
2392 1165 2660 1233 angustias
2706 1163 3024 1230 infelicium,
3058 1175 3114 1221 et
3150 1165 3220 1220 ibi
3255 1165 3527 1237 gehennas
3557 1166 3832 1224 haeretico-

2262 1253 2423 1307 rum?
2446 1254 2606 1309 Vides
2630 1270 2756 1325 ergo
2782 1263 2858 1320 tu,
2891 1255 3076 1319 frater,
3109 1271 3229 1311 cum
3259 1271 3365 1327 quo
3402 1259 3532 1312 mihi
3581 1275 3728 1313 nunc
3754 1277 3832 1315 res

2261 1353 2362 1410 est,
2403 1344 2550 1413 prius
2592 1353 2645 1400 te
2680 1345 2877 1402 debere
2920 1347 3204 1402 ostendere
3252 1357 3426 1403 utrum
3479 1359 3668 1405 teneas
3710 1355 3831 1407 veri

2262 1442 2444 1501 tatem,
2469 1445 2526 1491 et
2554 1444 2678 1492 tunc
2705 1437 2971 1493 exhortari
3004 1439 3283 1508 homines,
3314 1449 3373 1495 ut
3399 1457 3497 1511 pro
3522 1457 3584 1496 ea
3617 1445 3843 1500 tenenda

2263 1527 2429 1595 parati
2458 1527 2564 1582 sint
2591 1543 2776 1584 carere
2807 1529 3052 1586 omnibus
3081 1546 3198 1600 qua:
3230 1535 3594 1602 temporaliter
3618 1544 3803 1591 tenent
3827 1556 3838 1590 ε

2263 1634 2383 1674 cum
2408 1620 2511 1676 hoc
2532 1636 2637 1675 non
2663 1622 2944 1686 ostendas;
2973 1623 3095 1693 quia
3119 1639 3222 1678 non
3268 1634 3452 1694 potes;
3477 1642 3583 1681 non
3613 1629 3740 1698 quia
3767 1629 3841 1683 in-

2262 1711 2471 1780 genium
2498 1711 2649 1767 deeSt
2671 1753 2685 1776 ,
2713 1713 2808 1768 sed
2839 1713 2961 1783 quia
2987 1714 3126 1769 mala
3152 1731 3310 1770 causa
3347 1725 3464 1784 est;
3494 1734 3593 1774 cur
3621 1719 3841 1776 festinas

2264 1803 2721 1860 exhortationibus
2743 1806 2846 1860 tuis
2872 1805 3044 1862 facere
3075 1807 3318 1864 homines
3355 1819 3409 1864 et
3434 1810 3719 1866 mendicos
3745 1814 3760 1844 ¹
3790 1823 3838 1868 et

2265 1897 2557 1968 imperitos,
2584 1907 2638 1953 et
2662 1907 2880 1968 egentes
2909 1908 2963 1954 et
2986 1910 3248 1968 errantes,
3271 1910 3323 1957 et
3342 1917 3610 1972 pannosos
3636 1914 3695 1960 et
3713 1921 3840 1960 con-

2266 1989 2544 2051 tentiosos,
2573 1997 2628 2044 et
2651 1989 2924 2046 famelicos
2948 1999 3000 2046 et
3024 1991 3304 2047 haareticos
3320 2035 3334 2058 ,
3361 2003 3416 2049 et
3442 1994 3494 2048 in
3521 1995 3622 2051 hoc
3644 1997 3841 2051 szcculo

2266 2081 2403 2137 bona
2433 2081 2742 2150 temporalia
2771 2083 3059 2151 perdentes
3087 2093 3141 2138 et
3169 2082 3222 2137 in
3258 2083 3451 2138 Christi
3476 2085 3683 2156 judicio
3709 2090 3840 2142 mala

2265 2182 2462 2228 aeterna
2489 2173 2853 2228 invenientes?
2873 2172 3073 2228 Cautus
3097 2184 3273 2229 autem
3302 2175 3460 2240 illius,
3487 2177 3574 2246 qui
3605 2177 3841 2232 timendo

2266 2263 2528 2334 ﬂagellum
2559 2265 2724 2334 patris
2745 2265 2946 2320 recedit
2969 2280 2999 2319 a
3023 2265 3185 2320 cubili
3216 2268 3478 2335 serpentis
3499 2309 3513 2330 ,
3555 2283 3657 2322 nec
3684 2284 3842 2338 vapu-

2267 2353 2357 2417 lat,
2387 2368 2487 2408 nec
2514 2354 2670 2424 perit.
2695 2353 2794 2420 Qui
2821 2363 2996 2410 autem
3025 2354 3240 2410 dolores
3257 2355 3548 2425 disciplina:
3567 2373 3682 2428 prae
3703 2359 3724 2390 ’
3751 2374 3841 2413 sua

2267 2444 2558 2515 perniciosa
2587 2445 2858 2502 voluntate
2879 2447 3208 2513 contemnit,
3252 2456 3307 2503 et
3334 2449 3566 2518 vapulat,
3598 2458 3656 2505 et
3687 2453 3841 2521 perit.

2263 2535 2378 2590 Jam
2407 2550 2510 2591 non
2541 2535 2812 2608 intelligis,
2842 2537 2924 2591 vir
2949 2537 3168 2602 diserte,
3195 2539 3446 2610 quoniam
3473 2540 3562 2610 qui
3594 2555 3694 2610 pro
3716 2559 3842 2612 pace

2265 2625 2458 2680 Christi
2485 2626 2735 2683 omnibus
2765 2628 2990 2683 terrenis
3025 2629 3277 2696 caruerit,
3317 2629 3484 2686 Deum
3525 2631 3727 2689 habet:
3757 2635 3842 2704 qui

2264 2725 2438 2770 autem
2463 2732 2558 2785 pro
2583 2727 2732 2787 parte
2760 2720 2946 2776 Donati
2970 2721 3053 2776 vel
3079 2735 3278 2791 paucos
3307 2739 3556 2780 nummos
3591 2726 3843 2796 perdide-

2265 2807 2351 2872 rit,
2384 2823 2476 2862 cor
2502 2825 2606 2863 non
2636 2809 2797 2865 habet
2819 2810 2860 2862 ³.

2334 2899 2558 2956 CAPUT
2595 2901 2780 2956 XCIX.
2816 2933 2878 2942 —
2912 2902 3038 2958 227.
3079 2904 3266 2960 PETIL.
3315 2905 3449 2962 dixit
3482 2924 3496 2961 :
3533 2907 3646 2964 Nos
3676 2921 3842 2964 autem

2264 3005 2510 3059 pauperes
2529 2992 2706 3060 spiritu
2729 2992 2936 3060 (Matth.
2962 2999 3028 3059 v,’
3049 2995 3082 3049 5
3103 2995 3143 3064 ),
3173 3013 3274 3050 non
3302 2997 3487 3052 diuitiis
3511 3001 3780 3054 metuimus
3799 3001 3840 3066 δ,

2263 3080 2352 3132 sed
2376 3081 2574 3136 divitias
2595 3083 2946 3153 formidamus.
2979 3083 3090 3140 Nos
3128 3087 3258 3140 nihil
3284 3087 3519 3144 habentes
3543 3133 3559 3156 ,
3591 3101 3638 3144 et
3669 3096 3842 3146 omnia

2265 3171 2569 3240 possidentes
2591 3173 2609 3245 (
2629 3171 2668 3227 ll
2695 3171 2812 3228 Cor.
2842 3191 2918 3242 γι,
2943 3176 3010 3231 10
3028 3174 3070 3248 ),
3093 3194 3296 3232 censunt
3321 3183 3542 3235 animam
3562 3184 3837 3249 credimus,

2264 3265 2540 3334 nostrisque
2565 3267 2722 3335 pomis
2747 3276 2791 3320 et
2819 3269 3062 3338 sanguine
3092 3279 3305 3325 αξιοι-ηαδ
3330 3271 3529 3328 divitias
3567 3275 3682 3328 caeli
3707 3293 3838 3330 mer-

2263 3371 2456 3410 camur.
2487 3356 2575 3411 Sic
2600 3358 2732 3412 idem
2756 3358 2777 3389 ⁸
2803 3358 3053 3414 Dominus
3075 3361 3218 3428 dicit,
3253 3381 3272 3414 ι
3311 3362 3412 3430 Qui
3437 3365 3713 3434 perdiderit
3732 3368 3842 3421 sub-

2262 3449 2500 3502 stantiam
2522 3466 2686 3516 suam,
2717 3452 3009 3521 centuplum
3035 3454 3240 3523 recipiet
3268 3471 3396 3509 eam.
3433 3474 3454 3508 ι

2331 3539 2457 3596 228.
2506 3543 2638 3598 Anc.
2679 3543 2950 3611 respondit
3003 3562 3016 3598 :
3066 3544 3134 3598 Et
3179 3546 3278 3600 hoc
3326 3547 3390 3600 ad
3441 3563 3554 3602 rem
3608 3551 3839 3616 pertinet

2261 3645 2602 3686 commonere
2644 3632 3086 3702 quemadmodum
3133 3636 3385 3706 scriptum
3430 3646 3530 3692 est.
3571 3637 3701 3693 Nam
3749 3642 3837 3694 ubi

2261 3721 2395 3775 nihil
2424 3721 2644 3792 impedit
2670 3724 3016 3779 intentionem
3049 3741 3242 3793 meam,
3273 3728 3316 3781 si
3346 3728 3471 3798 quid
3501 3730 3569 3784 de
3593 3731 3837 3800 Scripta-

2260 3813 2335 3868 ris
2372 3811 2510 3868 fallis
2541 3823 2631 3869 aut
2674 3815 2870 3872 falleris
2895 3857 2912 3880 ,
2943 3818 3075 3872 nihil
3117 3834 3269 3874 curo.
3302 3819 3418 3876 Non
3447 3837 3574 3892 ergo
3602 3824 3672 3877 ita
3702 3827 3834 3880 seri-

2261 3913 2408 3972 ptum
2439 3914 2519 3959 est
2544 3947 2559 3971 ,
2591 3906 2690 3974 Qui
2737 3907 3028 3976 perdiderit
3069 3910 3418 3965 substantiam
3467 3927 3654 3977 suam;
3696 3915 3786 3968 sed
3814 3956 3829 3979 ,

2264 3996 2363 4060 Qui
2397 3995 2669 4064 perdiderit
2696 3999 2915 4051 animam
2952 4015 3096 4053 suam
3127 4011 3333 4071 prapter
3361 4019 3438 4056 me
3463 4003 3678 4073 (Hatth.
3719 4022 3830 4072 xvi,

2259 4086 2328 4142 25
2349 4086 2386 4154 ).
2421 4087 2495 4157 De
2523 4089 2813 4144 substantia
2839 4105 2967 4145 vero
2994 4107 3098 4147 non
3139 4093 3392 4162 scriptum
3424 4104 3537 4162 est,
3565 4096 3666 4163 Qui
3709 4113 3832 4167 per-

2259 4176 2493 4244 diderit;
2523 4179 2618 4236 sed
2643 4221 2658 4246 ,
2689 4181 2787 4246 Qui
2811 4181 3054 4237 dimiserit
3083 4183 3190 4254 (Id.
3223 4201 3333 4249 xxx,
3360 4185 3461 4255 29)
3499 4204 3511 4239 :
3541 4203 3642 4243 nec
3667 4189 3833 4250 solam

2259 4269 2608 4324 substantiam
2650 4273 2884 4341 pecuniae
2908 4315 2923 4337 ,
2954 4273 3046 4328 sed
3091 4284 3145 4328 et
3185 4275 3348 4330 multa
3392 4278 3516 4332 alia.
3548 4278 3628 4333 Tu
3658 4290 3830 4334 autem

2261 4362 2469 4418 interim
2509 4379 2612 4416 non
2644 4364 2915 4433 perdidisti
2962 4366 3308 4422 substantiam
3344 4385 3358 4421 :
3391 4378 3568 4423 utrum
3601 4387 3727 4426 vero
3754 4372 3832 4424 di.

2261 4454 2467 4508 miseris
2486 4496 2501 4518 ,
2526 4454 2666 4524 quod
2695 4455 2772 4510 sic
2799 4456 2866 4510 de
2896 4465 3202 4526 paupertate
3224 4458 3468 4528 gloriaris
3492 4501 3505 4523 ,
3536 4461 3718 4515 nescio
3747 4479 3760 4514 :
3789 4463 3831 4514 si

2259 4543 2395 4600 forte
2423 4547 2522 4600 scit
2561 4546 2662 4602 hoc
2689 4548 2888 4618 collega
2930 4563 3080 4604 meus
3113 4549 3430 4604 Fortunatus
3457 4592 3471 4615 ,
3499 4552 3619 4622 quia
3651 4554 3703 4606 in
3736 4569 3827 4608 ca-

2258 4636 2380 4692 dem
2424 4637 2637 4692 civitate
2679 4639 2843 4704 estis,
2884 4656 3150 4710 nunquam
3201 4641 3329 4694 mihi
3379 4641 3671 4706 indicavit,
3711 4647 3829 4714 quia

2257 4743 2522 4796 nunquam
2569 4730 2899 4797 quaesieram.
2943 4729 3316 4786 Verumtamen
3362 4733 3570 4788 etiamsi
3618 4735 3718 4789 hoc
3757 4735 3831 4790 fe-

2257 4817 2372 4872 cisti
2391 4861 2406 4883 ,
2439 4829 2492 4872 tu
2522 4819 2634 4887 ipse
2658 4828 2840 4873 contra
2885 4829 2935 4874 te
2966 4821 3015 4873 iu
3055 4820 3152 4874 hac
3180 4821 3289 4890 ipsa
3317 4830 3404 4876 tua
3431 4823 3654 4892 epistola
3687 4839 3828 4877 cmu-

2258 4909 2564 4962 mcmorasti
2591 4909 2936 4978 apostolicqu
2982 4911 3339 4965 testimonium
3384 4929 3398 4964 :
3442 4912 3505 4968 Si
3533 4914 3826 4967 distribuere

2257 4997 2425 5051 omnia
2459 5014 2569 5051 mea
2617 4999 2949 5067 pauperibus,
2979 5008 3026 5053 et
3069 4999 3323 5054 tradidero
3361 5017 3544 5072 corpus
3587 5020 3752 5057 meum
3779 5012 3828 5055 ut

2256 5090 2499 5154 ardeam,
2543 5089 2836 5144 churitatem
2883 5100 3050 5144 autem
3099 5107 3200 5144 non
3249 5091 3456 5146 habeam
3481 5135 3495 5157 ,
3537 5093 3670 5146 nihil
3711 5094 3826 5146 mihi

2258 5179 2457 5249 prodest
2481 5179 2534 5250 (l
2562 5179 2679 5234 Cor.
2707 5195 2818 5245 χιιι,
2844 5181 2934 5252 '5).
2963 5180 3018 5236 Si
3040 5182 3179 5235 enim
3205 5181 3470 5236 haberetis
3490 5182 3825 5246 charitatem,

2256 5284 2362 5322 non
2387 5269 2688 5337 objiceretis
2717 5270 2898 5340 ignaro
2919 5311 2934 5338 ,
2963 5279 3018 5326 et
3042 5270 3190 5326 vobis
3221 5270 3488 5341 incognito
3515 5272 3630 5326 orbi
3661 5281 3825 5325 terra-

2320 5460 2337 5492 ί
2359 5459 2492 5516 Editi,
2516 5462 2767 5512 mendaces
2794 5473 2812 5511 :
2835 5462 3095 5526 castigandi
3115 5475 3178 5512 ex
3201 5461 3551 5525 manuscriptis.

2316 5523 2336 5552 θ
2361 5528 2410 5570 ln
2437 5522 2596 5572 editis.
2621 5535 2723 5572 pro.

2317 5535 2336 5552 -
2361 5535 2410 5570 ιιι
2437 5535 2596 5580 cuius,
2620 5535 2723 5584 pro.

2317 5583 2338 5614 ³
2363 5588 2408 5630 In
2429 5591 2567 5641 Ven.,
2592 5597 2678 5632 cur
2695 5596 2788 5633 non
2808 5583 2985 5635 habet?
3104 5591 3163 5633 Μ.

2316 5643 2338 5674 ⁸
2360 5645 2432 5693 sic
2451 5657 2623 5694 omnes
2646 5653 2748 5694 Mss.
2774 5647 2890 5695 mliti
2914 5659 3048 5706 vero,
3071 5659 3163 5696 non
3183 5645 3372 5697 divitias
3388 5659 3618 5695 amamus.

2314 5706 2335 5737 ⁸
2360 5713 2422 5769 tta
2452 5706 2713 5769 Petilianus
2743 5709 2788 5755 in
2810 5715 2914 5755 Mss.
2941 5716 2994 5758 At
3019 5711 3062 5756 in
3088 5709 3252 5769 editis,
3277 5707 3398 5757 sicut
3424 5707 3568 5758 idem.
3596 5736 3654 5744 η
3690 5715 3823 5756 Juxta

2256 5767 2396 5817 ttorel
2417 5768 2563 5817 Eletn.
2585 5770 2760 5827 Critic.,
2785 5783 2832 5830 p.
2857 5768 2936 5828 87,
2961 5769 3067 5820 σαιιὶ
3102 5767 3369 5821 mereamur
3399 5783 3416 5820 :
3444 5769 3708 5879 saltantem,
3730 5778 3818 5818 etc.
