3998 6516
238 390 343 443 ΞἿἹ

242 523 355 563 rum
383 549 397 571 ,
429 520 532 561 nec
560 505 673 576 ipsa
714 505 899 560 saltem
929 503 1146 575 probata
1175 504 1394 559 crimina
1427 504 1672 557 Afrorum
1703 504 1740 554 ί.
1772 500 1829 556 Si

243 596 517 652 haberetis
542 597 858 652 charitatcm
881 637 896 660 ,
925 612 1029 650 non
1056 596 1109 651 in
1137 596 1327 652 vestris
1352 595 1629 650 calumniis
1660 595 1828 664 linge-

243 691 391 757 retis,
416 691 513 745 sed
539 692 594 745 in
617 690 792 745 verbis
820 687 1027 744 Domini
1048 689 1477 744 mhifestissime
1496 701 1823 757 expressam,

242 800 393 853 usque
414 784 467 836 in
499 792 656 835 totam
680 791 862 836 terram
888 781 1035 853 (Act.
1057 797 1095 848 ι,
1128 781 1161 837 8
1178 781 1217 851 ),
1243 781 1632 852 cognosceretis
1648 780 1826 833 unita-

243 890 365 931 tem.
391 878 448 933 Si
464 890 645 935 autem
664 881 765 935 hoc
783 896 884 934 non
904 880 1095 946 fecisti,
1112 878 1235 949 quid
1253 878 1496 949 gloriaris
1514 875 1663 947 quasi
1682 874 1824 931 fece—

241 967 348 1022 ris?
374 967 524 1024 ltane
553 985 682 1025 vero
706 970 915 1024 divitias
958 969 1251 1024 formidatis
1276 1010 1289 1033 ,
1326 976 1381 1022 ut
1408 967 1537 1023 nihil
1568 966 1823 1022 habentes

240 1061 415 1113 omnia
463 1061 815 1130 possideatis?
848 1062 941 1117 Dic
994 1062 1090 1116 ista
1137 1060 1356 1129 collega:
1406 1068 1498 1114 tuo
1553 1057 1819 1127 Crispino,

238 1152 324 1218 qui
358 1151 520 1205 modo
552 1151 705 1221 juxta
749 1151 1040 1222 Hipponem
1082 1160 1317 1206 nostram
1353 1150 1679 1220 comparavit
1704 1147 1823 1201 fun-

237 1241 383 1304 dum,
418 1240 509 1295 ubi
544 1253 806 1312 mergeret
839 1243 1083 1297 homines
1112 1243 1163 1296 in
1188 1240 1505 1311 profundum
1538 1239 1636 1311 (a).
1669 1238 1821 1295 Unde

237 1329 337 1386 hoc
367 1340 421 1386 et
449 1345 552 1401 ego
597 1332 816 1386 nimium
844 1334 865 1364 ⁸
913 1333 1036 1386 novi
1067 1349 1081 1385 :
1114 1341 1169 1386 tu
1218 1332 1352 1385 forte
1382 1332 1555 1385 nescis
1579 1372 1592 1393 .
1623 1339 1675 1384 et
1702 1330 1821 1384 ideo

234 1440 458 1480 securus
510 1426 743 1492 clamas,
794 1426 1005 1481 Divitias
1054 1426 1407 1497 formidamus.
1450 1424 1605 1481 Unde
1656 1424 1821 1478 miror

234 1515 374 1585 quod
391 1516 494 1570 ista
508 1532 608 1571 vox
624 1526 735 1584 tua,
754 1517 885 1571 utad
903 1531 999 1571 nos
1016 1517 1340 1586 perveniret,
1359 1516 1530 1586 ipsum
1549 1515 1815 1568 transiliit.

234 1606 375 1663 inter
402 1606 809 1663 Constantinam
851 1609 1043 1678 quippe
1085 1609 1175 1663 ubi
1224 1617 1279 1662 tu
1308 1623 1401 1672 es,
1439 1617 1491 1662 et
1523 1607 1815 1676 Hipponem

232 1698 319 1751 ubi
365 1713 467 1767 ego
514 1714 633 1753 sum
654 1740 669 1764 ,
698 1696 912 1753 Calama
954 1698 1044 1752 ubi
1089 1698 1176 1753 ille
1205 1707 1287 1753 est
1309 1740 1324 1765 ,
1358 1697 1579 1752 vicinior
1603 1697 1815 1767 quidem

232 1788 407 1850 nobis,
428 1788 526 1843 sed
554 1796 729 1843 tamen
758 1790 1066 1859 interposita
1094 1797 1193 1843 est.
1226 1788 1387 1843 Miror
1404 1803 1531 1857 ergo
1551 1789 1818 1858 quomodo

231 1896 336 1934 non
366 1880 461 1935 ille
489 1881 636 1949 prior
664 1881 875 1950 excepit
906 1879 1042 1934 hanc
1079 1894 1294 1944 vocem,
1323 1888 1378 1934 et
1401 1883 1721 1947 repercussit
1750 1893 1817 1933 ne

232 1971 486 2025 transiret
530 1969 597 2025 ad
636 1984 766 2035 nos,
807 1979 861 2024 et
904 1970 1158 2024 adversus
1205 1979 1257 2024 le
1297 1968 1597 2023 divitiarum
1636 1968 1815 2023 Iaudes

229 2063 397 2117 multo
426 2061 701 2130 copiosius
738 2061 999 2116 recitavit.
1031 2060 1147 2115 Non
1178 2060 1351 2114 solum
1379 2059 1518 2115 enim
1561 2074 1666 2113 non
1703 2058 1815 2113 for-

229 2155 394 2209 midat
426 2154 523 2209 ille
544 2154 752 2208 divitias
775 2193 790 2219 ,
831 2154 925 2208 sed
950 2162 1007 2208 et
1048 2161 1209 2207 amat.
1258 2152 1323 2206 Et
1360 2160 1503 2207 certe
1530 2150 1597 2205 de
1620 2160 1814 2204 cmtero

228 2246 541 2315 priusquam
569 2244 718 2311 edas,
742 2244 905 2299 recita
935 2243 1011 2298 illi
1039 2244 1158 2298 talia
1191 2261 1205 2297 :
1233 2243 1278 2297 si
1301 2256 1405 2297 non
1430 2241 1809 2305 emendaverit,

227 2334 640 2404 respondemus.
673 2334 753 2388 Tu
792 2343 968 2388 autem
989 2373 1006 2401 ,
1035 2332 1081 2387 si
1108 2348 1292 2388 verum
1339 2341 1421 2387 est
1447 2330 1587 2401 quod
1614 2346 1814 2400 pauper

226 2426 339 2492 sis,
370 2426 443 2479 ibi
489 2424 658 2480 babes
685 2424 902 2479 fratrem
946 2438 1123 2479 meum
1170 2422 1517 2477 Fortunatum
1557 2438 1571 2474 :
1608 2420 1813 2476 facilius

226 2519 350 2574 inde
396 2520 613 2588 placere
658 2517 858 2589 poteris
903 2516 979 2571 illi
1025 2516 1241 2587 collegae
1287 2528 1447 2579 meo,
1490 2529 1647 2584 quam
1690 2513 1813 2569 huic

226 2619 336 2665 tuo.
1428 2656 1431 2657 ,

295 2700 529 2757 CAPUT
569 2700 629 2755 C.
658 2730 730 2740 —
765 2699 890 2755 229.
918 2699 1103 2755 PETIL.
1138 2695 1271 2753 dixit
1314 2716 1328 2751 :
1376 2696 1488 2751 Nos
1515 2696 1689 2749 timore
1716 2694 1813 2748 Dei

223 2811 320 2866 quo
344 2795 579 2860 vivimus,
608 2810 780 2861 pwnas
807 2803 852 2846 et
880 2802 1061 2845 mortes
1089 2808 1213 2862 quas
1241 2791 1410 2862 gladio
1437 2790 1600 2861 facilis
1621 2805 1720 2842 non
1743 2790 1809 2841 ti-

224 2905 416 2942 memus
443 2903 464 2941 :
486 2888 577 2942 sed
604 2887 659 2939 id
696 2886 859 2940 solum
899 2885 1108 2954 denique
1147 2884 1365 2955 fugimus
1385 2924 1399 2949 ,
1430 2882 1565 2945 quod
1588 2896 1809 2935 commu-

227 2981 376 3033 nione
394 2980 697 3049 nequissima
721 2979 916 3032 animas
932 2977 1203 3048 jugulatis,
1227 2974 1443 3029 Domino
1464 2975 1574 3043 ipso
1594 2974 1807 3039 dicente,

228 3089 251 3121 s
296 3069 475 3124 Nolite
504 3070 679 3123 timere
705 3085 787 3123 eos
812 3069 899 3138 qui
927 3083 1107 3139 corpus
1134 3065 1366 3119 occidunt
1383 3105 1399 3129 ,
1431 3065 1652 3117 animum
1678 3063 1809 3117 enim

224 3163 449 3215 occidere
478 3177 581 3213 non
611 3168 857 3229 possunt;
898 3159 985 3213 sed
1024 3158 1188 3211 timete
1212 3157 1374 3227 potius
1411 3172 1526 3210 eum
1552 3156 1637 3225 qui
1665 3155 1810 3209 habet

221 3261 523 3322 potestatem
552 3250 575 3282 ³
618 3266 801 3319 corpus
845 3260 891 3309 et
932 3249 1154 3302 animam
1196 3249 1388 3301 mittere
1423 3247 1475 3299 in
1531 3246 1810 3317 gehennam

218 3345 352 3415 ignis
388 3364 408 3396 ι
460 3342 687 3415 (Matth.
714 3359 768 3409 x,
796 3341 865 3397 28

286 3438 423 3493 230.
468 3438 600 3493 Avo.
665 3434 940 3505 respondit
990 3450 1004 3488 :
1053 3433 1204 3503 Quod
1257 3432 1428 3496 dicis,
1483 3446 1579 3486 vos
1636 3430 1807 3485 facitis

218 3544 330 3583 non
368 3526 552 3598 gladio
582 3527 774 3581 visibili
795 3567 808 3590 ,
836 3525 929 3581 sed
960 3524 1051 3579 illo
1079 3525 1146 3579 de
1188 3538 1293 3594 quo
1321 3523 1517 3577 dictum
1554 3530 1655 3587 est,
1684 3519 1807 3573 Filii

221 3621 491 3674 hominum
513 3619 685 3673 dentes
706 3634 876 3672 eorum
900 3633 1043 3670 arma
1068 3626 1113 3670 et
1143 3616 1359 3685 sagittae,
1378 3622 1423 3667 et
1444 3614 1617 3683 lingua
1636 3628 1808 3665 eorum

221 3713 427 3784 gladius
448 3720 628 3764 acutus
654 3708 832 3783 (Psal.
863 3724 966 3774 LVI,
985 3708 1065 3777 5).
1097 3707 1207 3761 Hoc
1230 3707 1373 3761 enim
1414 3704 1591 3776 gladio
1623 3701 1805 3757 crimi-

222 3816 407 3860 natore
434 3812 491 3861 et
516 3804 899 3859 calumniatore
929 3801 1072 3855 orbis
1115 3799 1405 3870 incogniti,
1440 3796 1806 3866 imperitorum

219 3896 428 3951 animas
454 3894 750 3949 trucidatis.
781 3892 839 3947 Si
880 3899 1056 3946 autem
1085 3890 1510 3945 communionem
1541 3885 1804 3954 nequissi-

223 4003 361 4041 mam
390 4000 639 4050 accusas,
670 3998 796 4039 ecce
824 3998 937 4047 ore,
965 3996 1069 4036 non
1100 3996 1239 4046 meo,
1266 3980 1360 4034 sed
1389 3990 1499 4047 tuo,
1525 3979 1803 4045 ascendas,

223 4078 522 4133 descendas
543 4119 559 4142 ,
606 4076 773 4130 intres
794 4117 809 4142 ,
838 4075 1068 4129 verseris
1094 4115 1109 4141 ,
1152 4072 1514 4141 tergiverseris
1539 4112 1553 4136 ,
1588 4072 1708 4126 talis
1747 4086 1807 4127 es

221 4172 392 4241 qualis
424 4170 674 4239 Optatus.
705 4168 761 4223 Si
791 4177 965 4221 autem
991 4165 1133 4220 redis
1157 4165 1222 4218 ad
1250 4180 1343 4220 cor
1364 4205 1379 4229 ,
1408 4173 1463 4219 et
1485 4165 1723 4218 invenies
1752 4172 1807 4219 te

223 4280 323 4319 non
347 4279 475 4319 esse
496 4263 679 4328 talem,
699 4276 804 4315 non
832 4260 953 4330 quia
976 4267 1146 4313 tecum
1168 4257 1507 4314 Sacramenta
1533 4272 1639 4311 non
1658 4271 1805 4311 com—

222 4356 557 4420 municavit,
585 4353 679 4409 sed
722 4353 844 4423 quia
871 4351 963 4407 tibi
1007 4350 1304 4420 displicuit;
1346 4348 1591 4403 absolves
1620 4348 1804 4403 orbem

225 4459 493 4503 terrarum
536 4445 850 4501 criminibus
891 4444 1114 4511 alienis,
1144 4452 1198 4497 et
1238 4440 1475 4497 invenies
1502 4455 1598 4496 vos
1632 4439 1806 4510 impli-

222 4552 369 4596 catos
395 4540 622 4596 crimine
643 4538 965 4593 schismatis.

289 4630 523 4687 CAPUT
570 4629 654 4686 Cl.
708 4659 779 4669 —
828 4628 953 4682 251.
994 4627 1176 4682 PBTIL.
1220 4624 1395 4679 dixit:
1434 4623 1535 4679 Vos
1572 4641 1689 4695 ergo
1717 4625 1804 4694 qui

226 4724 501 4793 falsissimo
527 4720 775 4789 baptismo
803 4719 951 4773 vultis
973 4717 1129 4771 lavari
1152 4733 1305 4785 quam
1330 4716 1488 4779 nasci,
1517 4731 1617 4768 non
1639 4713 1803 4768 solunt

223 4822 382 4867 vestra
403 4812 587 4865 delicta
613 4828 714 4864 non
740 4809 944 4880 ponitis,
971 4823 1138 4860 verum
1166 4807 1359 4858 animas
1386 4815 1572 4859 vestras
1600 4820 1803 4857 reorum

223 4903 517 4957 criminibus
543 4901 781 4956 oneratis.
826 4898 891 4953 Ut
931 4899 1062 4952 enim
1097 4914 1228 4967 aqua
1264 4896 1544 4949 nocentium
1570 4912 1603 4948 a
1631 4906 1803 4949 sancto

225 4994 427 5063 Spiritu
465 5001 676 5047 vacuata
714 5000 825 5055 est,
863 4990 935 5043 ita
979 4988 1129 5059 plane
1171 4987 1357 5055 referta
1396 4996 1468 5040 est
1508 4986 1801 5040 criminibus

223 5082 572 5137 Traditorum.
606 5081 917 5149 Quicumque
940 5079 1091 5148 igitur
1125 5077 1274 5129 miser
1306 5076 1366 5128 ab
1396 5076 1682 5145 hujusmodi
1709 5078 1801 5129 ba-

225 5175 456 5245 ptizaris,
486 5172 531 5226 si
556 5171 813 5225 mendacio
838 5185 1007 5223 carere
1042 5167 1278 5235 volueris,
1313 5167 1627 5238 perfunderis
1656 5166 1805 5239 falsi.

224 5275 339 5318 tate.
380 5262 446 5318 Si
484 5262 668 5316 delicta
695 5262 859 5314 carnis
882 5260 1080 5313 volebas
1100 5258 1362 5313 excludere
1385 5299 1399 5321 ,
1428 5274 1627 5312 reorum
1652 5274 1799 5313 acce-

223 5354 367 5407 dente
382 5353 406 5384 ⁸
433 5352 733 5408 conscientia
756 5351 996 5422 percipies
1022 5358 1069 5405 et
1092 5359 1306 5403 reatum.
1338 5348 1397 5403 Si
1413 5349 1635 5402 avaritia:
1649 5349 1799 5418 ﬂam-

224 5459 355 5496 mam
370 5444 570 5497 volebas
585 5443 917 5512 exstinguere,
938 5439 1253 5511 perfunderis
1268 5438 1467 5508 fraude,
1482 5438 1800 5509 perfunderis

283 5579 299 5645 ξ
327 5577 379 5645 in
406 5576 552 5625 editis
566 5574 966 5645 locohgfrorum,
989 5580 1215 5635 corrupte
1238 5571 1516 5635 legebatur,
1536 5572 1764 5634 fratrum.

281 5641 303 5670 ³
325 5641 399 5687 sic
551 5644 608 5687 At
629 5637 764 5695 editi,
788 5635 1030 5685 nimirum.

284 5701 309 5731 ³
323 5699 582 5749 Petilianus
602 5701 651 5748 in
674 5693 782 5746 Mss.
808 5699 939 5757 citat,
964 5695 1102 5745 habet
1124 5693 1183 5757 in,
1197 5699 1487 5757 potestatem.

282 5762 305 5793 δ
328 5762 635 5810 Fioriaccns'ts
647 5769 789 5810 vetus
808 5755 982 5820 codex,
1005 5755 1306 5808 accendente.

282 5828 354 5887 (ιε)
379 5826 491 5873 \ide
514 5838 653 5874 supra
697 5837 794 5873 can.
826 5822 891 5868 83

1567 381 1767 441 LIBER
1801 377 2176 444 SECUNDUS.

3403 397 3504 453 5'58
3538 398 3545 401 ’

1934 503 2137 569 scelere,
2171 507 2489 576 perfunderis
2514 517 2559 562 et
2588 512 2780 580 furore.
2816 507 3078 563 Postremo
3104 511 3147 563 si
3176 511 3353 576 credis,
3385 514 3503 579 quia
3536 550 3541 559 .

1931 595 2223 663 accipientis
2260 606 2307 650 et
2331 598 2497 653 dantis
2521 610 2591 653 est
2616 600 2761 668 ﬁdes,
2794 601 2857 655 ab
2883 617 2941 655 eo
2962 602 3049 671 qui
3069 602 3306 669 interﬁcit
3345 603 3508 656 homi-

1932 701 2064 749 nem,
2092 687 2337 757 sanguine
2363 689 2675 757 perfunderis
2702 691 2895 760 fratris.
2929 690 3011 744 Ita
3040 693 3224 763 agitur,
3252 702 3308 745 ut
3332 694 3417 763 qui
3440 694 3508 746 ad

1933 776 2247 848 Baptismum
2273 783 2509 837 innocens
2534 798 2756 853 veneras,
2782 803 2812 839 a
2837 784 3098 856 Baptismo
3124 785 3300 841 redeas
3335 787 3504 855 parri-

1930 870 2063 923 cida.

1998 959 2123 1016 252.
2156 962 2289 1018 Anc.
2323 964 2633 1034 respondit:
2660 966 2859 1022 Vellem
2887 983 3007 1024 cum
3034 970 3112 1024 eis
3133 968 3501 1034 sermocinari,

1928 1052 2016 1120 qui
2039 1052 2213 1108 verbis
2235 1054 2348 1109 istis
2374 1054 2525 1111 lectis
2551 1058 2635 1112 vel
2661 1059 2854 1113 auditis
2880 1060 3322 1116 acclamaverunt.
3348 1060 3504 1115 Tales

1927 1144 2066 1197 enim
2099 1160 2202 1199 non
2235 1145 2429 1202 habent
2451 1163 2606 1203 aures
2630 1150 2681 1203 in
2712 1150 2873 1205 corde
2898 1193 2910 1214 ,
2939 1151 3033 1206 sed
3062 1166 3154 1206 cor
3179 1152 3231 1205 in
3259 1151 3498 1205 auribus.

1925 1234 2127 1306 chant
2152 1245 2328 1293 tamen
2364 1239 2555 1293 iterum
2582 1249 2635 1294 et
2664 1241 2851 1295 iterum
2874 1282 2887 1305 ,
2918 1252 2973 1296 et
2996 1243 3228 1311 cogitent
3251 1282 3266 1308 ,
3292 1249 3347 1297 et
3373 1256 3498 1295 scn-

1926 1328 2056 1382 tiant
2086 1329 2103 1360 ¹
2130 1344 2213 1393 ea,
2247 1344 2351 1399 non
2382 1329 2507 1400 quid
2538 1339 2761 1399 sonent,
2790 1332 2883 1387 sed
2911 1332 3036 1402 quid
3063 1333 3290 1401 sapiant.
3320 1332 3500 1386 Primo

1925 1430 1981 1473 ut
2006 1419 2106 1474 hoc
2132 1421 2373 1475 ultimum
2401 1422 2663 1476 excutiam
2695 1439 2707 1475 :
2738 1422 2823 1476 lla
2854 1439 2971 1493 ergo
2998 1424 3075 1491 ﬁt,
3104 1423 3297 1494 inquis,
3329 1430 3385 1475 ut
3410 1422 3498 1490 qui

1922 1511 1997 1563 ad
2012 1510 2327 1581 Baptismum
2346 1513 2586 1567 innocens
2607 1529 2829 1579 veneras,
2850 1530 2879 1566 a
2901 1512 3160 1585 Baptismo
3184 1514 3357 1568 redeas
3382 1530 3502 1583 par-

1922 1602 2081 1654 ricida
2106 1619 2118 1653 :
2144 1603 2406 1672 responde
2434 1604 2580 1673 prius
2600 1645 2614 1668 ,
2647 1605 2765 1673 quis
2794 1604 2859 1657 ad
2887 1603 3213 1673 Baptismum
3244 1604 3501 1660 innocens

1922 1692 2099 1747 veniat
2128 1695 2180 1758 ³,
2209 1695 2548 1764 cxceptoillo
2586 1695 2675 1765 qui
2706 1710 2810 1749 non
2839 1694 2958 1749 ideo
2985 1695 3128 1749 venit
3163 1694 3420 1763 baptizari
3444 1703 3503 1749 ut

1921 1786 2036 1854 ejus
2064 1786 2370 1841 ablueretur
2416 1787 2706 1857 iniquitas,
2748 1787 2845 1843 sed
2888 1794 2946 1841 ut
2994 1786 3147 1841 nobis
3189 1784 3509 1842 humilitatis

1921 1878 2250 1948 praeberetur
2276 1880 2611 1934 auctoritas?
2650 1879 2784 1946 Quid
2831 1879 2973 1934 enim
3021 1879 3317 1933 dimittetur
3345 1878 3501 1932 inno-

1920 1970 2095 2025 centi?
2123 1972 2227 2023 Aut
2263 1985 2397 2026 vero
2429 1971 2502 2025 ita
2531 1986 2595 2026 es
2619 1972 2874 2042 eloquens
2899 1971 2920 2004 ³
2940 2014 2954 2037 ,
2983 1982 3041 2025 ut
3068 1972 3319 2026 ostendas
3349 1971 3502 2026 nobis

1918 2061 2201 2131 quamdam
2231 2062 2587 2117 innocentiam
2615 2064 2982 2132 peccatricem.
3011 2062 3201 2117 Nonne
3227 2062 3379 2117 audis
3421 2063 3501 2117 di-

1918 2160 2127 2207 centem
2157 2150 2482 2221 Scripturam
2506 2194 2521 2217 ,
2561 2152 2726 2207 Nemo
2766 2154 2984 2208 mundus
3013 2170 3043 2206 a
3072 2162 3275 2224 peccato
3303 2154 3354 2207 in
3381 2171 3501 2207 con-

1918 2252 2089 2313 spectu
2115 2254 2234 2311 tuo,
2264 2260 2352 2297 nec
2382 2243 2553 2313 infans
2593 2244 2741 2315 cujus
2775 2254 2846 2298 est
2891 2244 2991 2298 diei
3026 2244 3178 2298 unius
3219 2244 3319 2296 vita
3352 2259 3503 2312 super.

1918 2343 2102 2387 ten-am
2128 2334 2259 2401 (Job
2290 2350 2402 2401 xiv,
2428 2350 2529 2388 sec.
2562 2333 2778 2407 LXX)?
2804 2334 2935 2389 Nam
2962 2335 3104 2389 unde
3132 2334 3198 2389 ad
3225 2333 3500 2389 remissio—

1916 2438 2037 2478 nem
2066 2434 2403 2494 peccatorum
2448 2434 2503 2480 ct
2529 2440 2651 2480 cum
2683 2424 2971 2480 infantibus
3005 2425 3272 2481 curritur?
3312 2425 3503 2481 Nonne

1916 2516 2067 2573 audis
2090 2518 2247 2572 aliam
2278 2536 2291 2570 :
2327 2516 2437 2588 Ego
2478 2518 2531 2572 in
2570 2518 2833 2588 iniquitate
2871 2527 3137 2588 conceptus
3173 2536 3284 2571 sum
3312 2516 3495 2589 (Psal.

1916 2624 1979 2675 ι,
2010 2607 2109 2680 7)?
2140 2609 2340 2664 Deinde
2379 2610 2422 2664 si
2466 2620 2744 2680 propterea
2789 2609 2931 2665 redit
2976 2608 3234 2679 parricida
3252 2608 3351 2679 .qui
3381 2609 3498 2663 sine

1916 2701 2200 2779 parricidio
2220 2712 2455 2768 venerat,
2480 2703 2599 2773 quia
2628 2717 2750 2757 eum
2776 2702 3035 2772 parricida
3057 2702 3314 2771 baptizat;
3337 2710 3496 2771 quot-

1914 2794 2045 2863 Quot
2073 2793 2140 2848 ab
2168 2792 2360 2864 Optato
2392 2795 2638 2864 baptizati
2669 2793 2963 2860 redierunt,
2995 2795 3170 2864 Optati
3198 2792 3318 2848 facti
3349 2802 3493 2847 sunt.

1914 2887 1994 2942 Ite
2023 2904 2163 2942 nunc
2183 2930 2197 2955 ,
2227 2895 2279 2942 et
2306 2888 2459 2942 nobis
2487 2888 2702 2957 objicite
2726 2928 2740 2952 ,
2768 2886 2909 2957 quod
2940 2890 2991 2941 in
3016 2900 3112 2940 vos
3163 2900 3346 2955 regum
3394 2885 3498 2938 ira-

1914 2980 2159 3035 cundiam
2198 2979 2547 3034 concitemus.
2594 2978 2710 3033 Non
2763 2979 3001 3033 metuitis
3042 2993 3111 3034 ne
3159 2993 3188 3031 a
3217 2978 3367 3032 vobis
3417 2985 3497 3031 tot

1912 3073 2151 3130 Gildonis
2167 3074 2420 3129 satellites
2437 3071 2789 3143 inquirantur,
2810 3079 2937 3141 quot
2956 3070 3199 3125 homines
3218 3069 3286 3123 ab
3300 3068 3496 3138 Optato

1913 3166 2169 3236 baptizari
2197 3166 2516 3236 potuerunt?
2545 3164 2777 3220 Videsne
2806 3164 3018 3219 tandem
3046 3163 3491 3233 quemadmodum

1912 3258 2011 3313 ista
2050 3268 2137 3313 tua
2192 3259 2453 3313 sententia
2476 3300 2489 3323 ,
2538 3258 2674 3312 sicut
2700 3258 2875 3312 vesica
2903 3255 2951 3321 ⁸,
2987 3271 3095 3310 non
3134 3254 3307 3309 solum
3352 3253 3493 3308 inani

1911 3366 2063 3414 sono,
2095 3350 2188 3405 sed
2220 3351 2378 3405 etiam
2410 3350 2460 3403 in
2491 3351 2663 3418 capite
2689 3356 2867 3404 vestro
2890 3343 3188 3417 crepuerit?

1981 3442 2106 3497 255.
2147 3442 2263 3496 Jam
2292 3450 2485 3496 cmtcra
2531 3440 2805 3511 superiora
2826 3481 2840 3505 ,
2873 3455 2991 3510 qua:
3036 3453 3177 3493 nunc
3202 3439 3499 3493 refellenda

1911 3532 2306 3602 proposuimus,
2339 3530 2461 3585 talia
2490 3539 2632 3597 sunt,
2662 3538 2720 3584 ut
2747 3530 2968 3585 omnino
2999 3529 3120 3583 talis
3146 3530 3367 3598 quisque
3395 3528 3490 3582 ba-

1911 3623 2137 3692 ptizatus
2167 3621 2340 3677 redire
2369 3621 2593 3686 dicatur,
2613 3620 2788 3689 qualis
2808 3618 2963 3674 fuerit
2986 3635 3015 3673 a
3036 3635 3141 3689 quo
3170 3619 3488 3688 baptizatur.

1909 3714 2015 3770 Sed
2040 3714 2179 3768 absit
2205 3722 2442 3783 utquam
2473 3712 2702 3766 delirans
2732 3713 2831 3765 ista
2862 3710 2996 3765 dicis
3019 3752 3033 3777 ,
3064 3717 3171 3763 tam
3199 3708 3352 3763 deliri
3378 3724 3407 3761 a
3438 3717 3492 3763 te

1910 3805 2131 3859 redeant
2171 3818 2304 3873 quos
2350 3802 2601 3871 baptizas.
2650 3801 2718 3855 Et
2767 3817 2924 3869 quam
2970 3800 3106 3854 belle
3136 3800 3157 3831 ⁸
3190 3799 3281 3852 tibi
3312 3798 3498 3852 sonuit

1910 3894 2051 3966 quod
2080 3895 2277 3959 dixisti,
2313 3892 2644 3963 Perfunderis
2673 3892 2887 3961 fraude,
2917 3890 3233 3960 perfunderis
3259 3891 3444 3945 scelere
3466 3930 3482 3953 ,

1911 3986 2227 4059 perfunderis
2247 3994 2291 4039 et
2306 3984 2502 4057 furore!
2516 3984 2593 4036 Tu
2606 3997 2734 4037 vero
2755 3983 2855 4037 nisi
2879 3982 3075 4044 lurore.
3095 3996 3199 4035 non
3217 3980 3484 4050 perfusus,

1910 4079 2003 4134 sed
2031 4079 2261 4147 repletus
2287 4090 2465 4143 esses,
2496 4076 2594 4129 ista
2622 4088 2726 4127 non
2756 4072 3077 4128 ell‘underes.
3106 4072 3269 4136 Itane,
3304 4072 3487 4126 utalia

1910 4179 2135 4234 taceam,
2162 4167 2482 4237 quicumque
2504 4179 2608 4219 non
2638 4164 2781 4217 avari
2809 4162 2873 4217 ad
2899 4177 3096 4216 avaros.
3111 4162 3342 4230 collegas
3370 4168 3487 4215 tuos

1909 4262 1989 4317 vel
2021 4260 2361 4331 presbyteros
2406 4267 2615 4311 vestros
2640 4253 2938 4324 baptizandi
2969 4252 3206 4315 veniunt,
3238 4251 3381 4305 avari
3403 4266 3488 4305 rc-

1909 4353 2106 4416 deunt;
2138 4359 2193 4405 et
2230 4350 2549 4419 quicumque
2595 4345 2761 4401 sobrii
2806 4343 2873 4398 ad
2922 4344 3038 4398 illas
3067 4342 3174 4395 vini
3203 4342 3487 4410 voragines

1909 4454 2127 4502 currunt
2147 4453 2204 4499 ut
2228 4444 2588 4514 baptizentur,
2618 4438 2813 4495 ebriosi
2835 4434 3207 4492 revertuntur?
3234 4433 3333 4489 Ista
3364 4449 3489 4488 sen-

1910 4539 2100 4593 tientes
2126 4545 2179 4591 ct
2212 4538 2311 4590 ista
2350 4534 2634 4589 suadentes
2654 4572 2669 4598 ,
2698 4529 2904 4585 audetis
2928 4528 3087 4583 etiam
3114 4537 3362 4595 tanquam
3394 4524 3484 4577 ad-

1909 4646 2094 4685 versus
2123 4644 2220 4683 nos
2250 4640 2668 4683 commemorare
2686 4664 2702 4689 ,
2733 4622 2873 4692 quod
2901 4621 3057 4690 paulo
3087 4628 3211 4673 ante
3240 4617 3485 4686 superius

1908 4720 2128 4792 posuisti
2154 4760 2169 4786 ,
2198 4718 2397 4772 Bonum
2422 4725 2492 4770 est
2515 4730 2717 4785 sperare
2743 4714 2795 4766 in
2822 4711 3074 4777 Domino,
3102 4726 3253 4779 quant
3286 4724 3488 4778 sperare

1907 4816 1960 4868 in
1987 4810 2412 4867 homine:bonum
2433 4817 2505 4861 est
2531 4821 2734 4876 sperare
2760 4806 2813 4858 in
2840 4803 3079 4870 Domino,
3104 4818 3254 4870 quam
3282 4816 3486 4871 sperare

1907 4908 1959 4960 in
1989 4903 2296 4975 principibus
2324 4899 2507 4971 ('Psal.
2532 4913 2696 4963 cxvn,
2727 4896 2781 4963 8,
2813 4894 2900 4967 9).
2929 4894 3066 4963 Quid
3094 4894 3235 4949 aliud
3258 4891 3479 4953 docetis,

1906 5012 2109 5068 quaeso,
2135 5010 2294 5066 quam
2320 5008 2425 5047 non
2452 4992 2505 5045 in
2530 4990 2774 5056 Domino,
2802 4988 2896 5043 sed
2924 4988 2975 5041 iu
3003 4986 3220 5041 homine
3239 4997 3480 5053 sperare,

1906 5087 2118 5160 quando
2144 5086 2302 5141 talem
2343 5082 2459 5138 lieri
2500 5082 2675 5137 dicitis
2717 5079 3040 5150 baptizatum
3065 5118 3080 5143 ,
3112 5076 3282 5146 qualis
3325 5071 3481 5126 fuerit
3578 5146 3581 5151 Ι

1905 5178 2234 5251 baptizator?
2275 5186 2328 5232 et
2355 5176 2475 5246 quia
2519 5174 2679 5229 istum
2707 5172 2859 5228 vobis
2885 5167 3186 5240 baptizandi
3215 5163 3483 5218 assumitis

1906 5269 2253 5341 principatum
2278 5308 2294 5334 ,
2324 5265 2544 5321 credant
2568 5263 2722 5319 vobis
2748 5262 3022 5323 homines;
3050 5268 3105 5312 et
3129 5256 3216 5325 qui
3246 5263 3398 5307 erant
3426 5252 3480 5307 in

1908 5361 2135 5416 Domino
2159 5357 2419 5429 speraturi
2441 5397 2457 5423 ,
2493 5364 2710 5425 Sperent
2750 5354 2802 5409 in
2828 5345 3193 5422 principibus?
3220 5344 3331 5398 lmo
3356 5358 3484 5398 vero

1969 5503 1985 5533 ¹
2013 5501 2085 5549 sic
2104 5504 2211 5549 Mss.
2238 5502 2292 5546 At
2315 5493 2449 5562 editi,
2475 5490 2689 5562 sentient.

1966 5564 1987 5593 ³
2013 5562 2145 5619 Editi,
2172 5561 2376 5609 venerat.
2402 5562 2531 5612 uss,
2555 5556 2724 5619 veniat.

1966 5624 1990 5655 ³
2012 5607 2349 5673 statim:
2376 5622 2462 5665 Aut
2481 5607 2575 5663 non
2593 5612 2662 5663 ita
2682 5624 2733 5660 es
2755 5607 2989 5666 eloquens.

1968 5689 1989 5718 ⁸
2012 5661 2679 5736 iii"'u"s;."'siiiis"iér6;iua
2721 5677 2803 5719 tua
2838 5661 2931 5717 non
2974 5669 3230 5725 sententta,
3270 5661 3357 5715 sed
3401 5673 3473 5717 ut;

1902 5760 2064 5861 milia
2088 5814 2200 5859 ante
2225 5805 2388 5865 editis,
2413 5800 2542 5849 betw-
