3998 6462
490 324 602 382 559

489 457 600 498 non
628 439 845 496 audiant
881 452 977 496 vos
1002 480 1017 507 ,
1048 438 1140 494 sed
1169 439 1256 494 illa
1287 439 1462 510 potius
1493 436 1796 493 testimonia
1826 451 1946 506 quae
1975 449 2072 505 po-

492 533 646 588 suisti
670 541 854 588 contra
882 546 980 588 nos
1007 531 1056 598 ‘;
1085 539 1139 586 et
1170 529 1368 600 aliquid
1394 529 1553 585 etiam
1581 527 1875 584 terribilius
1905 543 1917 579 :
1951 527 2073 596 quia

494 638 602 681 non
621 625 813 691 solum,
839 624 1034 679 Bonum
1059 631 1129 678 est
1157 638 1363 693 sperare
1383 622 1436 675 in
1458 619 1678 677 Domino
1701 637 1853 691 quam
1873 635 2078 690 sperare

491 717 545 770 in
568 716 804 782 homine;
827 714 922 772 sed
942 715 1122 779 etiam,
1147 712 1454 768 Maledictus
1477 713 1640 768 omnis
1660 711 1748 783 qui
1773 727 1915 783 spem
1933 726 2079 766 suam

491 809 634 878 ponit
662 809 716 862 in
742 807 942 861 homine
966 805 985 879 (
1000 805 1191 861 Jerem.
1218 820 1350 873 xvu,
1373 805 1468 875 5).

543 898 785 956 CAPUT
811 898 917 955 Cll.
939 929 1010 939 —
1028 899 1154 956 254.
1184 899 1370 955 Ρετιῑ..
1399 898 1568 952 dixit:
1594 895 1872 951 Imitamini
1899 895 2082 949 saltem

495 990 796 1062 Prophetas,
829 993 916 1063 qui
942 1009 1061 1048 suas
1082 993 1280 1047 animus
1307 1007 1479 1046 sacras
1507 989 1641 1061 falso
1671 989 1971 1059 baptismate
1998 988 2078 1042 de-

488 1085 591 1155 cipi
615 1085 908 1139 timuerunt.
946 1083 1092 1139 Dixit
1135 1099 1352 1154 namque
1379 1083 1612 1154 primitus
1640 1080 1910 1145 Jeremias,
1937 1079 2078 1150 apud

485 1178 669 1247 impios
689 1178 916 1234 homines
936 1194 1120 1248 aquam
1143 1194 1251 1232 esse
1274 1176 1584 1231 mendacem.
1611 1194 1630 1228 ι
1650 1176 1819 1244 Aqua,
1849 1194 1868 1228 ›
1892 1173 2074 1244 inquit,

495 1290 514 1323 ι
543 1271 784 1337 mendax,
817 1288 920 1326 non
948 1271 1095 1326 habet
1122 1271 1294 1340 fidem.
1339 1289 1358 1322 ι

554 1361 683 1418 235.
729 1364 864 1418 Anc.
907 1361 1182 1432 respondit
1221 1378 1236 1415 :
1277 1360 1378 1427 Qui
1423 1359 1817 1430 Scripturarum
1862 1358 2078 1428 ignarus

484 1455 603 1510 hmc
634 1453 815 1520 audit,
846 1469 946 1510 nec
976 1461 1029 1509 te
1056 1453 1227 1508 credit
1251 1462 1344 1508 aut
1379 1452 1458 1507 sic
1490 1458 1754 1506 errantem
1785 1459 1844 1505 ut
1871 1449 2077 1505 nescias

485 1545 614 1616 quid
643 1545 898 1616 loquaris,
924 1553 1018 1600 aut
1044 1545 1121 1599 sic
1148 1543 1417 1600 fallentem
1439 1551 1497 1598 ut
1521 1557 1678 1613 quem
1711 1541 1964 1598 fefelleris
1986 1556 2079 1597 ne-

487 1637 629 1692 sciat
649 1635 775 1707 quid
803 1637 1079 1707 loquatur,
1115 1645 1265 1706 putat
1299 1634 1586 1691 Jeremiam
1617 1633 1928 1704 prophetam
1956 1649 2078 1688 cum

487 1726 748 1798 baptizari
783 1727 974 1793 vellet,
1014 1727 1331 1797 praecavisse
1369 1740 1438 1782 ne
1475 1725 1544 1780 ab
1570 1723 1876 1780 hominibus
1903 1724 2081 1794 impiis

486 1816 878 1887 baptizaretur,
909 1825 964 1872 et
998 1816 1076 1872 sic
1113 1818 1210 1871 ista
1240 1815 1457 1871 dixisse.
1487 1813 1605 1882 Quo
1641 1815 1785 1871 enim
1811 1814 2078 1885 pertinet,

486 1909 632 1980 quod
655 1918 938 1981 antequam
967 1909 1071 1966 hoc
1092 1909 1453 1965 testimonium
1473 1923 1703 1979 poneres
1723 1908 1925 1975 dixisti,
1948 1907 2080 1962 Imi-

488 2001 670 2056 tsmini
696 1999 875 2056 saltem
906 2000 1194 2070 Prophetas
1214 2043 1228 2068 ,
1258 2001 1344 2074 qui
1368 2018 1490 2056 suas
1521 2002 1718 2056 animas
1745 2016 1919 2056 sacras
1947 2001 2080 2070 falso

487 2091 788 2162 baptismate
814 2092 978 2163 decipi
1008 2093 1325 2148 timuerunt.“
1351 2092 1515 2160 Quasi
1549 2091 1796 2149 Ieremia:
1823 2090 2078 2162 tempori-

491 2199 594 2241 .tus
630 2186 907 2256 quisquam
947 2195 1282 2241 sacramento
1319 2185 1574 2256 Baptismi
1613 2185 1949 2250 ablueretur,
1979 2184 2081 2240 nisi

490 2275 636 2344 quod
675 2289 735 2330 se
773 2275 918 2346 ipsos
948 2275 1052 2330 illis
1079 2275 1305 2331 lavacris
1329 2290 1448 2346 qua)
1483 2276 1739 2332 Dominus
1775 2275 2078 2346 redarguit,

489 2364 750 2421 Pharisazi
779 2381 914 2436 pene
943 2381 1039 2436 per
1063 2366 1240 2421 omnia
1271 2376 1537 2421 momenta
1571 2366 1874 2436 ﬁngebant,
1907 2375 1962 2422 et
2000 2365 2080 2420 le-

491 2465 608 2511 ctos
628 2463 682 2510 et
699 2456 893 2513 calices
913 2462 970 2513 et
991 2457 1322 2527 paropsides,
1346 2458 1484 2513 sicut
1504 2458 1556 2512 in
1583 2458 1868 2528 Evangelia
1890 2457 2083 2529 legitur

491 2546 709 2617 (Matth.
735 2562 887 2617 xxm,
907 2547 1024 2622 25).
1047 2547 1327 2615 Quomodo
1349 2565 1475 2620 ergo
1501 2549 1670 2619 potuit
1687 2549 1948 2606 Jeremias
1969 2557 2085 2604 tan-

490 2653 654 2709 quam
688 2638 1010 2710 baptismum
1037 2639 1350 2696 desiderans
1373 2681 1386 2705 ,
1417 2649 1472 2694 et
1508 2639 1577 2694 ab
1615 2640 1792 2710 impiis
1826 2640 2084 2710 baptizari

491 2728 756 2798 devitans,
785 2731 888 2786 ista
911 2731 1148 2786 dixisse?
1179 2730 1292 2786 Hoc
1316 2745 1444 2800 ergo
1469 2730 1622 2796 dixit,
1648 2745 1768 2785 cum
1793 2728 1863 2785 de
1888 2731 2085 2800 populo

491 2821 697 2877 inﬁdeli
724 2830 1059 2892 quereretur,
1081 2822 1232 2892 cujus
1262 2821 1510 2892 pessimis
1535 2821 1771 2876 moribus
1798 2821 2086 2876 tribulaba-

493 2923 603 2980 tur,
633 2927 738 2969 non
764 2927 826 2970 se
845 2915 1203 2970 commiscens
1228 2914 1380 2970 factis
1401 2929 1588 2970 eorum
1612 2931 1626 2968 :
1649 2914 1738 2984 qui
1764 2922 1938 2970 tamen
1963 2929 2084 2970 cor-

491 3004 754 3074 poraliter
781 3019 890 3061 non
927 3019 986 3060 se
1023 3005 1092 3060 ab
1127 3005 1218 3060 illo
1258 3006 1456 3074 populo
1493 3004 1820 3075 segregavit,
1853 3020 1953 3060 nec
1981 3005 2085 3060 alia

495 3104 830 3152 sacramenta
849 3097 1111 3168 quaesivit,
1136 3112 1294 3166 quam
1319 3097 1410 3151 ille
1433 3087 1659 3166 populus
1681 3095 1971 3151 secundum
1993 3095 2085 3151 Le-

494 3189 579 3259 gis
607 3188 846 3244 ordinem
878 3189 950 3243 illi
979 3189 1201 3258 tempori
1230 3203 1461 3257 congrua
1491 3187 1754 3242 sumebat.
1783 3187 1934 3241 Hunc
1958 3201 2086 3256 ergo

494 3281 753 3352 pepulum
797 3280 938 3336 male
978 3281 1240 3336 viventem
1269 3280 1402 3334 dixit
1432 3280 1634 3349 plagam
1655 3318 1671 3344 ,
1701 3292 1804 3348 qua
1833 3293 1926 3332 cor
1956 3277 2085 3347 justi

495 3372 730 3442 graviter
755 3370 1082 3437 caedebatur,
1114 3372 1228 3426 sive
1259 3370 1360 3424 hoc
1383 3368 1450 3424 de
1480 3384 1540 3426 se
1567 3369 1681 3438 ipso
1710 3368 1945 3436 diceret,
1973 3369 2086 3424 sive

494 3464 553 3519 in
575 3478 634 3519 se
656 3463 774 3533 ipso
794 3462 1049 3532 ﬁguraret
1070 3477 1190 3532 quae
1211 3462 1382 3516 futura
1407 3460 1678 3516 cernebat.
1704 3460 1792 3516 Sic
1813 3461 1953 3516 enim
1977 3461 2082 3516 ait:

494 3552 735 3620 Domine,
759 3569 948 3608 memor
965 3561 1069 3607 esto
1092 3567 1209 3616 met,
1234 3560 1282 3606 et
1307 3553 1454 3606 visita
1479 3568 1578 3617 me,
1604 3560 1652 3604 et
1674 3551 1986 3606 innocentem
2009 3568 2088 3606 me

498 3650 582 3718 fac
607 3647 668 3700 ab
693 3646 1051 3700 insectantibus
1077 3661 1156 3698 me
1182 3661 1281 3698 non
1308 3645 1358 3698 in
1385 3643 1763 3714 longanimitate
1785 3658 1802 3697 :
1822 3643 1946 3696 scito
1965 3659 2088 3712 quo-

495 3739 648 3794 modo
674 3739 949 3808 acceperim
979 3739 1043 3793 de
1072 3745 1120 3792 te
1146 3737 1506 3808 imprOperium
1535 3736 1597 3791 ab
1627 3737 1704 3790 his
1731 3737 1817 3806 qui
1844 3745 2088 3806 spernunt

494 3847 750 3889 sermones
789 3841 920 3886 tuos.
960 3829 1268 3886 Consumma
1302 3829 1416 3884 illos
1446 3844 1465 3883 :
1495 3837 1541 3883 et
1578 3829 1671 3882 erit
1707 3827 1908 3882 verbum
1947 3837 2087 3882 tuum

494 3924 625 3979 mihi
656 3924 709 3978 in
742 3923 1116 3995 jucunditatem
1143 3932 1191 3977 et
1217 3920 1460 3993 gaudium
1492 3921 1662 3975 cordis
1690 3920 1818 3984 mei,
1851 3920 2087 3991 quoniam

493 4025 728 4070 uocatum
760 4025 832 4070 est
869 4031 1050 4070 nomen
1085 4023 1227 4068 tuum
1261 4013 1316 4066 in
1353 4028 1464 4078 me,
1501 4010 1718 4066 Domine
1750 4011 2085 4081 omnipotens.

495 4105 623 4162 Non
651 4105 760 4161 sedi
787 4107 839 4160 in
867 4105 1080 4161 concilio
1104 4119 1278 4159 eorum
1301 4103 1617 4157 laudantium
1637 4143 1652 4170 ,
1679 4103 1766 4158 sed
1796 4102 2026 4156 timebam
2055 4119 2088 4156 a

499 4197 630 4268 facie
656 4212 836 4250 manus
857 4204 956 4250 tute
975 4211 994 4250 :
1015 4194 1336 4264 singulariter
1361 4193 1610 4257 sedebam,
1639 4194 1874 4263 quoniam
1900 4194 2086 4246 amari-

497 4287 675 4339 tudine
699 4286 916 4355 repletus
940 4301 1072 4340 sum.
1089 4283 1293 4354 thuid
1319 4283 1404 4354 qui
1435 4300 1514 4337 me
1531 4285 1833 4338 contristent
1851 4325 1864 4347 ,
1895 4300 2088 4354 prava-

498 4377 604 4431 ient
627 4377 682 4430 in
709 4377 822 4430 me?
848 4374 1012 4446 Plaga
1037 4391 1148 4429 mea
1173 4373 1342 4430 valida
1366 4383 1460 4440 est,
1489 4375 1621 4428 unde
1643 4373 1898 4430 sanabor?
1929 4374 2088 4428 Facta

498 4475 576 4524 est
601 4467 724 4521 mihi
747 4475 803 4521 ut
827 4482 958 4536 aqua
983 4465 1221 4533 mendax,
1250 4481 1365 4537 qua:
1391 4481 1492 4521 non
1516 4467 1661 4520 habet
1687 4466 1839 4535 ﬁdem
1865 4464 2082 4535 (Jerem.

498 4573 600 4623 xv,
631 4557 841 4628 15-18).
875 4557 933 4612 In
959 4557 1041 4612 his
1066 4557 1312 4614 omnibus
1337 4557 1547 4614 videtur
1566 4556 1692 4628 quid
1718 4556 1979 4627 Propheta
2007 4557 2088 4612 in-

498 4648 670 4720 telligi
696 4649 943 4714 voluerit,
970 4647 1066 4704 sed
1091 4648 1300 4704 videtur
1328 4648 1397 4704 ab
1423 4650 1500 4704 eis
1525 4649 1616 4719 qui
1644 4663 1747 4703 non
1777 4648 1843 4703 ad
1872 4664 2084 4706 causam

497 4753 655 4818 suam
691 4755 994 4812 perversam
1021 4741 1204 4797 volunt
1230 4749 1530 4812 pervertere
1555 4741 1696 4812 quod
1731 4743 1931 4812 legunt.
1964 4744 2084 4800 Pla-

499 4847 622 4904 gam
660 4833 802 4888 enim
845 4847 996 4889 suam
1037 4833 1170 4889 dixit
1213 4833 1473 4890 Jeremias
1515 4832 1706 4889 factam
1753 4835 1852 4890 sibi
1895 4851 2084 4906 aquam

496 4923 813 4979 mendaeem
834 4965 848 4989 ,
874 4938 994 4994 qua:
1034 4939 1142 4979 non
1177 4923 1339 4980 habet
1373 4923 1530 4979 ﬁdem
1561 4941 1574 4977 :
1601 4939 1695 4980 eos
1718 4934 1893 4980 autem
1920 4925 2087 4981 voluit

403 5077 408 5084 ⁴
496 5013 721 5086 intelligi
749 5014 953 5086 plagam
984 5028 1156 5082 suam,
1178 5015 1265 5084 qui
1291 5029 1412 5070 eum
1439 5015 1823 5071 contristabant
1849 5017 1986 5073 male
2010 5017 2088 5073 vi—

497 5103 692 5160 vendo.
723 5104 876 5162 Unde
901 5105 1030 5162 dicit
1063 5115 1118 5162 et
1154 5106 1439 5177 Apostolus
1469 5123 1484 5161 :
1515 5106 1667 5161 Foris
1702 5125 1914 5179 pugnae,
1951 5110 2085 5165 intus

499 5198 702 5255 timores
728 5198 795 5270 (ll
821 5197 941 5256 Cor.
972 5214 1066 5265 νυ,
1095 5198 1188 5271 5);
1220 5209 1274 5256 et
1301 5199 1516 5265 iterum,
1547 5199 1673 5266 Quis
1699 5201 2005 5270 inﬁrmatur,
2037 5213 2084 5257 et

496 5305 589 5360 ego
617 5306 717 5344 non
742 5290 1012 5360 inﬁrmor?
1035 5299 1080 5346 et
1103 5293 1214 5362 quis
1237 5291 1634 5358 scandalizatur,
1656 5302 1700 5346 et
1720 5309 1809 5364 ego
1837 5310 1936 5347 non
1963 5309 2084 5347 uror

498 5378 622 5451 (Id.
655 5396 706 5436 xl
727 5422 742 5448 ,
771 5380 915 5452 29)?
945 5382 1010 5437 Et
1037 5383 1159 5452 quia
1190 5381 1506 5454 desperabat
1534 5398 1628 5439 eos
1666 5399 1822 5454 posse
1857 5384 2084 5451 corrigi,

496 5478 776 5540 propterea
805 5471 970 5540 dixit,
1002 5471 1150 5529 Unde
1176 5475 1432 5530 sanabar?
1459 5483 1705 5546 tanquam
1745 5490 1956 5544 semper
1984 5475 2081 5530 ha-

495 5558 703 5614 biturus
728 5560 986 5630 dolorem,
1013 5564 1260 5634 quamdiu
1288 5565 1360 5620 illi
1391 5566 1525 5621 tales
1553 5574 1751 5632 essent,
1785 5567 1922 5623 inter
1949 5579 2082 5636 quos

493 5649 678 5705 vivere
696 5660 990 5720 cogeretur.
1021 5653 1278 5725 Populum
1303 5665 1481 5712 autem
1505 5657 1716 5714 nomine
1736 5673 1887 5731 aqua:
1906 5657 2081 5716 solere

559 5783 574 5813 ι
593 5782 960 5846 Cygiranncnsis
981 5792 1122 5837 vetus
1143 5787 1315 5852 codex,
1344 5801 1438 5840 ros.

1340 320 1610 381 CONTRA
1651 317 1990 378 LITTERAS
2033 315 2392 390 PETILIANI,
2437 324 2498 380 S.
2539 322 2913 385 AUGUSTINI

3661 333 3770 392 3W"

2188 437 2492 510 signiﬁcari,
2521 443 2572 498 in
2594 443 2912 517 Apocalypsi
2938 444 3323 514 manifestatur,
3346 447 3435 504 ubi
3457 462 3621 522 aquas
3639 451 3768 508 mul-

2188 541 2268 586 tas
2307 533 2528 603 populos
2565 536 2760 593 multos
2797 551 2900 593 non
2931 538 3235 609 conjectura
3265 550 3444 598 nostra
3467 543 3509 609 ’,
3541 544 3637 599 sed
3668 545 3774 602 illic

2185 621 2409 677 enodata
2436 624 2870 697 interpretatione
2894 634 3264 700 cognoscimus
3289 633 3468 704 (Apoc.
3496 651 3630 701 xvn,
3659 638 3772 704 15).

2183 712 2302 768 Noli
2332 730 2460 786 ergo
2486 731 2582 786 per
2605 733 2823 789 pravum
2852 721 3175 777 intellectum
3201 725 3282 779 vel
3314 726 3486 795 potius
3509 742 3774 794 errorem,

2183 802 2554 875 blaspltemare
2583 819 2972 866 sacramentum
3015 812 3264 883 Baptismi
3287 857 3300 878 ,
3333 816 3541 870 etiamsi
3579 818 3634 872 in
3676 816 3774 871 ho-

2184 895 2328 951 mine
2349 896 2706 966 perditissimo
2732 900 2886 956 fuerit
2909 919 2923 956 :
2945 902 3068 973 quia
3090 918 3187 958 nec
3209 903 3260 957 in
3281 903 3496 960 Simone
3517 907 3777 964 mendace

2184 1001 2319 1056 aqua
2345 987 2572 1043 mendax
2595 1000 2710 1044 erat
2735 990 3002 1062 Baptisma
3027 993 3167 1063 quod
3190 1004 3468 1065 acceperat
3493 997 3628 1067 (Act.
3659 1013 3774 1065 vni,

2185 1077 2299 1147 15),
2328 1094 2427 1136 nec
2452 1088 2530 1136 tot
2563 1081 2847 1138 mendaces
2874 1085 3036 1140 vestri
3068 1101 3257 1156 aquam
3285 1088 3596 1144 mendacem
3626 1090 3774 1156 dant,

2184 1186 2306 1227 cum
2326 1173 2592 1244 baptizant
2613 1174 2663 1228 in
2690 1177 2902 1233 nomine
2923 1178 3215 1234 Trinitatis.
3244 1178 3353 1235 Nec
3377 1182 3516 1235 enim
3541 1190 3671 1237 tunc
3693 1184 3776 1237 in-

2183 1264 2386 1335 cipiunt
2414 1281 2533 1321 esse
2559 1267 2874 1335 mendaces,
2903 1270 3113 1340 quando
3141 1270 3333 1340 proditi
3362 1280 3522 1342 atque
3547 1274 3778 1330 convicti

2184 1370 2278 1410 sua
2307 1355 2540 1411 facinora
2569 1359 2889 1413 conﬁtentur
2920 1378 2931 1412 :
2965 1361 3058 1415 sed
3092 1363 3264 1430 petius
3293 1373 3418 1418 tunc
3445 1375 3598 1420 erant
3629 1381 3780 1420 men-

2184 1445 2362 1514 daces,
2391 1449 2601 1518 quando
2621 1464 2740 1503 cum
2767 1461 2947 1505 essent
2976 1452 3203 1508 adulteri
3227 1463 3283 1509 ct
3303 1455 3574 1524 scelerati,
3597 1467 3777 1514 castos

2185 1546 2240 1593 et
2267 1539 2577 1595 innocentes
2607 1555 2666 1596 se
2694 1556 2815 1598 esse
2844 1542 3130 1614 ﬁngebant.

2255 1630 2479 1687 CAPUT
2499 1631 2628 1688 CIII.
2651 1663 2721 1672 —
2744 1633 2869 1689 256.
2899 1635 3084 1690 Ρετη..
3106 1635 3270 1692 dixit:
3293 1637 3435 1693 Dixit
3455 1655 3654 1709 quoque
3673 1639 3776 1694 Da-

2183 1721 2288 1789 vid,
2314 1741 2334 1775 ε
2365 1723 2544 1778 Oleum
2565 1727 2840 1794 peccatoris
2859 1743 2959 1780 non
2981 1736 3165 1798 anguet
3185 1737 3336 1800 caput
3356 1745 3540 1784 meum.
3568 1750 3588 1783 ι
3620 1731 3777 1798 Quem

2184 1813 2338 1885 igitur
2365 1817 2542 1869 asserit
2558 1819 2902 1886 peccatorem?
2927 1817 3016 1872 Me
3038 1819 3125 1890 qui
3154 1829 3242 1874 tua
3273 1822 3462 1876 scelera
3489 1823 3683 1894 patior,
3711 1841 3781 1878 an

2186 1915 2234 1960 te
2258 1906 2343 1974 qui
2369 1907 2676 1977 persequeris
2700 1907 3054 1964 innocentem?

2255 1996 2380 2052 257.
2412 1998 2548 2054 Aua.
2581 2000 2855 2070 respondit
2881 2018 2897 2055 :
2930 2000 3011 2056 Ex
3037 2016 3260 2073 persona
3287 2004 3528 2075 corporis
3550 2005 3782 2071 Christi,

2185 2103 2305 2159 quae.
2330 2097 2413 2144 est
2442 2089 2676 2146 Ecclesia
2705 2091 2800 2146 Dei
2828 2091 2973 2161 vivi,
3002 2093 3247 2149 columna
3288 2104 3342 2151 et
3381 2096 3775 2152 ﬁrmamentum

2186 2182 2445 2249 veritatis,
2475 2190 2586 2238 toto
2615 2190 2875 2238 terrarum
2899 2184 3031 2241 orbe
3054 2184 3262 2251 diffusa,
3293 2196 3514 2256 propter
3537 2188 3779 2258 Evange-

2186 2274 2314 2329 lium
2343 2274 2484 2346 quod
2513 2275 2861 2344 prmdicatur,
2890 2277 3027 2331 sicut
3055 2277 3180 2332 dicit
3204 2278 3495 2348 Apostolus
3513 2321 3529 2343 ,
3556 2280 3611 2334 in
3642 2281 3780 2334 omni

2186 2375 2416 2420 creatura
2441 2381 2554 2436 qua:
2577 2366 2667 2420 sub
2697 2367 2822 2422 caelo
2855 2377 2926 2422 est
2953 2367 3172 2439 (Coloss.
3205 2385 3242 2434 ι,
3273 2368 3373 2439 25)
3404 2387 3416 2424 :
3444 2385 3515 2426 ex
3548 2385 3781 2440 persona

2187 2459 2332 2514 orbis
2359 2468 2541 2525 terrae,
2573 2458 2640 2514 de
2664 2473 2770 2530 quo
2796 2459 2935 2514 idem
2964 2459 3154 2524 David,
3187 2460 3338 2530 cujus
3366 2461 3525 2517 verba
3555 2477 3666 2517 non
3696 2463 3782 2517 in-

2189 2551 2402 2622 telligis,
2423 2551 2570 2616 dicit,
2599 2551 2926 2620 Conﬁrmavit
2949 2551 3114 2606 orbem
3136 2560 3302 2619 terra’,
3323 2553 3408 2624 qui
3432 2569 3533 2607 non
3556 2569 3787 2607 commo-

2187 2647 2379 2700 vebitur
2410 2643 2590 2716 (Psal.
2622 2660 2767 2712 xcu,
2796 2645 2852 2716 1)
2875 2660 2891 2710 ;
2917 2659 3076 2715 quem
3115 2653 3166 2698 tu
3197 2645 3430 2714 peccatis
3453 2644 3645 2700 alienis
3675 2660 3788 2700 non.

2188 2744 2514 2792 commotum
2546 2750 2697 2800 esse,
2728 2735 2820 2790 sed
2856 2735 3076 2790 omnino
3113 2735 3335 2804 periisse
3362 2735 3643 2790 contendis
3675 2754 3688 2790 :
3716 2752 3784 2790 ex

2190 2829 2331 2883 illius
2354 2843 2482 2899 ergo
2509 2843 2734 2898 persona
2759 2827 3078 2898 respondeo,
3105 2827 3218 2898 Ego
3244 2842 3349 2882 non
3380 2842 3676 2898 persequor
3702 2829 3790 2882 in-

2189 2930 2492 2977 nocentem.
2535 2921 2699 2975 David
2739 2928 2947 2985 autem,
2979 2920 3142 2973 oleum
3172 2920 3446 2989 peccatoris
3477 2918 3609 2974 dixit
3636 2937 3648 2973 :
3675 2936 3787 2974 non

2189 3014 2339 3080 dixit,
2373 3013 2669 3079 traditoris;
2700 3029 2828 3078 non,
2861 3011 3272 3076 thuriﬁcatoris;
3301 3026 3429 3079 non,
3467 3021 3786 3082 persecuto-

2190 3110 2296 3174 ris;
2325 3107 2416 3162 sed
2437 3150 2452 3175 ,
2486 3107 2778 3178 peccatoris.
2809 3105 2944 3174 Quid
2975 3120 3102 3176 ergo
3131 3105 3364 3160 tacturus
3391 3120 3448 3159 es
3486 3106 3787 3161 secundum

2192 3200 2513 3256 intellectum
2550 3198 2736 3252 tuum?
2768 3197 2900 3253 Vide
2936 3197 3194 3268 primum,
3227 3205 3400 3251 utrum
3429 3212 3536 3251 non
3563 3198 3640 3252 sis
3669 3198 3789 3266 ipse

2190 3301 2457 3362 peccator.
2484 3289 2618 3344 Nolo
2642 3288 2768 3343 mibi
2791 3287 2956 3354 dicas,
2980 3287 3093 3342 Non
3116 3303 3233 3342 sum
3262 3287 3502 3352 traditor,
3529 3303 3638 3342 non
3664 3303 3786 3344 sum

2193 3382 2540 3447 thuriﬁcator,
2570 3396 2674 3436 non
2700 3396 2817 3435 sum
2851 3388 3178 3450 persecutor.
3209 3380 3316 3436 Nec
3343 3395 3443 3450 ego
3468 3380 3688 3445 quidem
3736 3383 3787 3432 si

2193 3473 2420 3528 Domino
2448 3472 2648 3542 placet,
2676 3471 2874 3542 aliquid
2913 3470 3102 3526 horum
3140 3487 3295 3537 sum;
3324 3485 3422 3527 nec
3448 3479 3595 3528 orbis
3623 3484 3791 3530 terra:

2191 3569 2280 3638 qui
2307 3582 2411 3622 non
2439 3563 2880 3622 commovebitur.
2911 3564 3014 3620 Sed
3043 3565 3127 3619 die
3147 3605 3164 3631 ,
3195 3565 3237 3619 si
3275 3565 3467 3630 audes,
3503 3564 3618 3620 Non
3658 3581 3784 3619 sum

2195 3670 2458 3730 peccator.
2487 3658 2580 3714 llle
2611 3659 2805 3728 quippe
2841 3657 2942 3722 ait,
2975 3659 3138 3713 oleum
3179 3659 3474 3728 peccatoris.
3513 3657 3788 3729 Quidquid

2192 3755 2334 3810 enim
2373 3754 2425 3807 in
2464 3761 2516 3807 te
2558 3751 2645 3806 Vel
2684 3751 2814 3806 levis
2851 3752 3051 3822 peccati
3094 3750 3252 3806 fuerit
3295 3753 3596 3815 inventum,
3642 3753 3788 3808 unde

2193 3845 2430 3902 ostendis
2458 3860 2561 3899 non
2592 3844 2859 3915 pertinere
2879 3845 2900 3875 ²
2925 3843 2990 3898 ad
3018 3842 3069 3898 id
3094 3843 3234 3913 quod
3265 3843 3460 3898 dictum
3485 3851 3589 3911 est,
3613 3845 3789 3898 oleum

2194 3937 2504 4008 peccatoris?
2527 3936 2719 4003 Quaero
2743 3935 2886 3990 enim
2914 3943 3089 3989 utrum
3119 3949 3243 3989 ores
3275 3935 3516 3988 oratione
3545 3933 3787 3990 domini-

2191 4031 2286 4085 ea?
2311 4030 2365 4084 Si
2391 4029 2531 4084 enim
2557 4043 2661 4081 non
2688 4041 2811 4081 oras
2833 4041 2894 4080 ea
2925 4025 3186 4091 oratione,
3210 4040 3312 4094 qua
3341 4024 3600 4078 Dominus
3625 4041 3790 4080 orare

2192 4121 2483 4190 discipulos
2509 4119 2717 4182 docuit,
2747 4117 2888 4172 unde
2915 4117 3072 4171 aliam
3102 4115 3329 4171 didicisti
3361 4131 3456 4186 pro
3485 4116 3788 4184 majoribus

2193 4213 2395 4269 meritis
2423 4213 2527 4267 tuis
2555 4209 2899 4266 excedentem
2938 4209 3124 4262 merita
3159 4207 3572 4279 Apostolorum?
3597 4207 3656 4263 Si
3688 4223 3789 4263 au-

2195 4314 2299 4360 tem
2320 4306 2398 4359 sic
2417 4319 2559 4369 oras,
2581 4312 2639 4357 ut
2663 4302 2751 4357 ille
2771 4302 3022 4372 magister
3041 4300 3235 4355 docere
3255 4300 3497 4371 dignatus
3519 4308 3625 4367 est,
3653 4317 3791 4370 quo-

2193 4399 2352 4454 modo
2378 4397 2530 4464 dicis,
2560 4396 2765 4450 Dimitte
2788 4395 2929 4448 nobis
2953 4393 3118 4447 debita
3143 4401 3333 4457 nostra,
3360 4393 3487 4446 sicut
3512 4402 3560 4446 et
3584 4410 3683 4448 nos
3711 4393 3792 4446 di-

2192 4491 2434 4544 mittimus
2462 4485 2764 4543 debitoribus
2794 4485 3014 4540 nostris?
3037 4483 3219 4555 Neque
3245 4483 3387 4538 enim
3412 4481 3479 4538 de
3510 4483 3615 4536 illis
3657 4499 3792 4552 pec-

2191 4582 2326 4638 catis
2370 4581 2472 4636 hoc
2511 4579 2769 4652 petimus,
2807 4593 2924 4647 quze
2967 4565 3122 4631 nobis
3158 4575 3210 4630 in
3257 4573 3526 4644 Baptismo
3558 4573 3792 4630 dimissa

2192 4681 2334 4730 sunt.
2368 4672 2509 4742 Ergo
2539 4671 2640 4727 ista
2669 4669 2824 4724 verba
2853 4665 3108 4722 orationis
3135 4675 3229 4721 aut
3253 4681 3356 4720 non
3385 4673 3436 4720 te
3467 4665 3794 4734 permittunt

2191 4778 2311 4820 esse
2334 4763 2427 4818 Dei
2447 4762 2867 4831 deprecatorem,
2888 4768 2979 4812 aut
2996 4757 3239 4827 aperiunt
3259 4764 3621 4827 peceatorem.
3650 4755 3791 4810 Eant

2192 4869 2355 4918 nunc,
2379 4862 2431 4908 et
2450 4851 2755 4908 osculentur
2777 4851 2867 4905 tibi
2889 4860 3041 4919 caput
3064 4849 3152 4918 qui
3174 4846 3267 4902 abs
3291 4843 3342 4902 te
3363 4847 3611 4916 baptizati
3635 4858 3794 4915 sunt,

2191 4959 2416 5016 quorum
2437 4943 2608 5013 capita
2629 4941 2748 4998 oleo
2769 4949 2859 4995 tuo
2881 4940 3170 5009 perierunt.
3193 4937 3294 4994 Sed
3318 4947 3371 4992 tu
3395 4937 3512 4993 vide
3531 4938 3665 5008 quid
3691 4940 3789 5004 sis,

2192 5037 2273 5092 vel
2305 5035 2427 5108 quid
2453 5034 2522 5090 de
2547 5041 2599 5089 te
2627 5031 2844 5088 sentias.
2875 5030 3020 5085 Itane
3049 5043 3174 5084 vero
3202 5027 3422 5097 Optatus
3441 5069 3455 5091 ,
3486 5043 3647 5097 quem
3684 5029 3790 5084 Pa—

2190 5128 2311 5199 gani
2331 5168 2347 5194 ,
2377 5124 2546 5183 Judaai
2565 5165 2581 5193 ,
2609 5120 2892 5179 Chrisﬁani
2913 5159 2930 5187 ,
2961 5120 3162 5186 nostri,
3191 5118 3387 5184 vestri,
3420 5133 3516 5187 per
3539 5117 3792 5173 Africam

2193 5230 2354 5276 totam
2371 5259 2387 5284 ,
2417 5216 2621 5283 furem,
2649 5222 2950 5284 raptorem,
2982 5210 3302 5282 proditorem
3323 5250 3339 5277 ,
3367 5222 3752 5280 oppressorem
3773 5249 3788 5271 ,

2190 5318 2584 5379 scparatorem,
2614 5314 2668 5361 et
2693 5303 2836 5360 illius
2864 5301 2936 5373 (a)
2970 5317 3125 5371 quem
3155 5299 3366 5370 quidam
3396 5306 3632 5354 vestrum
3668 5299 3790 5368 ejus

2189 5404 2322 5460 d’xit
2347 5402 2608 5459 Comitem
2635 5400 2824 5467 Deum,
2847 5413 2951 5454 non
2975 5395 3227 5463 amicum,
3251 5408 3354 5449 non
3379 5391 3661 5459 clientem,
3687 5390 3791 5448 sed

2254 5545 2268 5577 ι
2294 5545 2366 5594 sic
2385 5549 2493 5593 Mss.
2519 5548 2576 5593 At
2597 5540 2732 5600 editi,
2755 5542 2928 5590 vestrm
3004 5597 3013 5603 _
3275 5601 3282 5603 _
3450 5593 3478 5603 __

2253 5609 2273 5638 ⁸
2296 5588 2365 5655 in?
2384 5588 2579 5655 Reus};
2605 5588 2736 5653 male
2765 5588 3067 5660 transposita
3105 5589 3594 5660 neganteparticula
3630 5588 3782 5653 lege-

2187 5653 2347 5740 batur,
2372 5653 2500 5717 unde
2530 5653 2625 5716 non
2654 5663 2862 5716 ostendis
2894 5653 3149 5724 pertinere.
3171 5653 3492 5708 intendantur
3513 5653 3575 5703 ad
3606 5664 3787 5704 nanti.-

2185 5739 2402 5792 scriptos.

2255 5791 2324 5856 (a)
2343 5789 2566 5841 Gildonis.
