3998 6472
220 410 318 468 331⁷

219 522 502 578 Satellitcm
533 519 799 581 clamant,
829 532 933 572 non
963 516 1059 572 fuit
1083 515 1165 570 vel
1195 513 1594 584 qualiscumque
1624 525 1812 582 pecca-

220 613 339 669 tor?
367 612 508 680 Quid
539 626 668 682 ergo
695 610 920 676 facient,
948 608 1140 679 quibus
1174 605 1324 660 unxit
1355 605 1526 675 capita
1556 617 1682 658 rcus
1706 601 1814 656 cri—

218 706 377 761 minis
394 703 682 775 capitalis?
704 701 889 758 Nonne
910 710 964 756 et
991 701 1090 771 ipsi
1117 697 1266 754 vobis
1289 696 1461 767 capita
1487 693 1814 759 osculantur,

217 798 283 852 de
310 811 542 867 quorum
574 795 835 865 capitibus
863 809 957 864 per
983 792 1123 847 hunc
1149 789 1476 845 intellectum
1499 788 1516 820 ι
1547 797 1652 841 tam
1679 784 1818 839 male

213 887 500 959 judicatis?
525 887 727 942 Saltem
773 885 979 957 prodite
1004 884 1146 949 illos,
1168 893 1222 938 et
1245 881 1528 936 admonete
1549 887 1607 934 ut
1628 893 1820 934 sanen-

222 991 325 1034 tur.
352 980 439 1034 An
466 979 617 1034 vobis
642 977 818 1048 potius
843 985 999 1046 caput
1025 973 1318 1029 sanandum
1345 982 1427 1030 est
1454 973 1524 1027 ita
1549 969 1822 1028 deliranti-

220 1071 362 1125 bus?
389 1071 533 1140 Quid
561 1086 711 1141 ergo,
739 1069 966 1140 inquies,
991 1068 1123 1123 dixit
1146 1065 1352 1121 David?
1376 1064 1512 1131 Quid
1540 1078 1628 1118 me
1657 1063 1822 1118 inter-

221 1161 417 1232 rogas?
446 1161 623 1231 Ipsum
655 1161 920 1229 interroga
945 1175 960 1223 ;
990 1157 1266 1228 superiore
1291 1171 1447 1211 versu
1473 1155 1566 1208 tibi
1597 1167 1820 1222 respon-

219 1253 310 1307 det
339 1270 352 1307 :
388 1251 729 1315 Emendabit,
763 1251 959 1320 iuqttit,
990 1267 1068 1303 me
1087 1249 1258 1321 justus
1288 1249 1340 1302 in
1367 1245 1709 1301 misericordia
1728 1285 1744 1312 ,
1772 1254 1821 1299 et

219 1355 398 1414 arguet
429 1357 546 1405 me;
571 1344 736 1397 oleum
760 1351 926 1396 autem
951 1340 1228 1410 peccatoris
1255 1355 1352 1392 non
1379 1334 1711 1407 impinguabit
1732 1351 1820 1388 ca-

221 1447 310 1507 put
331 1453 503 1490 incum
524 1435 693 1508 (Psal.
721 1451 847 1500 cu,
872 1435 948 1504 5).
973 1433 1106 1501 Quid
1128 1432 1376 1504 planius?
1397 1429 1532 1497 Quid
1551 1427 1823 1499 apertius?

220 1529 396 1584 Malim
419 1570 436 1592 ,
479 1528 682 1597 inquit,
722 1543 808 1582 me
845 1525 1179 1582 misericordi
1211 1523 1578 1594 objurgatione
1605 1521 1818 1586 sanari,

220 1635 379 1690 quam
408 1620 605 1674 blanda
632 1618 933 1674 adulatione
960 1627 1207 1687 tanquam
1237 1616 1365 1670 milii
1390 1625 1549 1685 caput
1573 1622 1818 1684 ungatur,

219 1711 395 1781 decipi
424 1723 586 1782 atque
613 1711 864 1781 perverti.
904 1709 1017 1766 Sub
1054 1709 1172 1763 aliis
1204 1707 1381 1764 verbis
1416 1709 1526 1777 ipsa
1557 1707 1821 1762 sententia

221 1812 305 1857 est
341 1801 476 1857 alibi
514 1802 909 1871 Scripturarunt
940 1819 965 1856 τι
985 1799 1201 1855 Meliora
1239 1810 1355 1853 sunt
1390 1799 1599 1852 vulnera
1635 1797 1819 1864 amici,

219 1909 373 1963 quam
402 1894 690 1948 voluntaria
716 1892 891 1947 oscula
919 1892 1109 1946 inimici
1142 1889 1322 1961 (Prov.
1351 1905 1524 1955 xxvu,
1552 1887 1633 1960 6).

293 1984 530 2041 CAPUT
549 1984 685 2040 CIV.
707 2013 781 2025 —
798 1983 926 2038 258.
956 1983 1140 2038 Ρετιι.
1165 1982 1297 2036 dixit
1323 1999 1336 2034 :
1363 1978 1684 2052 Unguentum
1708 1995 1823 2033 vero

223 2078 516 2132 concordia
541 2078 614 2132 sic
641 2078 695 2131 in
722 2076 962 2148 fratribus
990 2075 1164 2130 laudat
1193 2089 1212 2129 :
1243 2092 1262 2127 ι
1302 2073 1433 2127 Ecce
1459 2089 1610 2144 quant
1640 2072 1824 2126 bonum

223 2178 272 2221 et
295 2185 451 2239 quam
469 2167 782 2238 jucundum,
814 2167 1040 2222 habitare
1065 2174 1248 2239 fratres
1273 2165 1323 2219 in
1353 2181 1530 2218 unum.
1563 2163 1824 2231 Tanquam

223 2270 540 2332 unguentum
567 2260 620 2314 in
643 2261 828 2330 capite,
853 2259 988 2330 quod
1012 2259 1265 2314 descendit
1291 2259 1345 2312 in
1369 2256 1595 2323 barbam,
1620 2255 1825 2310 barbam

223 2352 417 2415 Aaron,
442 2351 584 2421 quod
601 2350 858 2406 descendit
878 2351 932 2405 in
953 2365 1094 2405 oram
1113 2348 1394 2403 vestimenti
1412 2349 1522 2419 ejus
1551 2362 1570 2402 :
1591 2348 1716 2401 sicut
1741 2363 1826 2402 ros

229 2441 492 2505 Heruteu,
529 2443 618 2512 qui
655 2442 909 2496 descendit
947 2443 998 2495 in
1032 2449 1251 2495 montem
1286 2439 1434 2495 Sion.
1473 2438 1722 2504 Quoniam
1757 2436 1826 2492 ibi

224 2534 493 2587 mandarit
521 2533 768 2588 Dominus
793 2533 1204 2596 benedictionem,
1227 2541 1274 2585 et
1293 2534 1446 2585 vitam
1474 2547 1630 2600 usque
1652 2530 1707 2584 in
1729 2545 1826 2584 sa:-

223 2625 397 2679 eulum
430 2645 450 2678 s
483 2624 654 2696 (Psal.
680 2625 910 2695 cxxxu).
942 2625 1051 2692 Sic,
1079 2624 1260 2694 inquit,
1283 2621 1490 2693 ungitur
1513 2620 1701 2686 unitas,
1727 2620 1826 2674 sic-

224 2724 276 2768 ut
304 2717 452 2769 uncti
483 2725 599 2770 sunt
625 2715 931 2770 sacerdotes.

291 2807 424 2863 239.
453 2809 586 2863 Auc.
608 2806 922 2878 respondit:
947 2806 1141 2862 Verum
1164 2805 1318 2860 dicis.
1337 2802 1472 2859 Nam
1493 2801 1622 2858 illud
1644 2818 1824 2858 sacer-

229 2899 436 2955 dotium
465 2899 518 2954 in
547 2899 713 2970 ﬁgura
736 2899 976 2970 corporis
1001 2897 1198 2954 Christi
1228 2895 1458 2951 habebat
1481 2894 1785 2950 unctionem
1806 2933 1822 2960 ,

233 2990 377 3060 quod
402 2990 622 3046 unitatis
645 3004 902 3060 compage
929 2988 987 3044 fit
1015 2988 1241 3048 salvum.
1270 2985 1402 3042 Nam
1441 2994 1498 3042 et
1530 2986 1642 3056 ipse
1667 2983 1826 3040 Cbri-

228 3092 344 3137 stus
366 3097 399 3138 a
425 3083 716 3138 chrismate
740 3082 1053 3152 appellatur,
1075 3079 1128 3135 id
1155 3087 1257 3146 est,
1285 3078 1354 3134 ab
1377 3077 1646 3134 unctione.
1675 3075 1828 3132 lluuc

230 3172 445 3227 Hebraei
472 3171 652 3227 dicunt
683 3173 958 3238 Messiam,
986 3169 1128 3242 quod
1153 3169 1372 3226 verbum
1401 3168 1610 3240 punicre
1637 3169 1828 3239 lingua:

228 3277 532 3318 consonum
571 3272 687 3330 est,
731 3262 869 3319 sicut
908 3261 1010 3316 alia
1052 3261 1262 3316 ltebrtea
1304 3260 1566 3330 permulta
1603 3267 1658 3314 et
1694 3273 1830 3328 pene

228 3354 415 3408 omnia
443 3354 539 3424 (a).
562 3353 695 3421 Quid
718 3363 801 3408 est
823 3368 949 3422 ergo
979 3352 1031 3406 in
1060 3352 1150 3407 illo
1175 3350 1473 3406 sacerdotio
1497 3357 1675 3420 caput,
1703 3347 1830 3418 quid

228 3445 423 3507 barba,
455 3445 577 3514 quid
601 3460 693 3498 ora
724 3443 1058 3498 vestimenti?
1083 3442 1353 3510 Quantum
1378 3439 1544 3496 donat
1573 3439 1828 3494 Dominus

228 3547 291 3591 ut
321 3537 635 3606 intelligam,
658 3545 817 3606 caput
842 3547 924 3590 est
949 3537 1062 3606 ipse
1085 3535 1328 3590 Salvator
1350 3533 1611 3603 corporis,
1632 3531 1700 3587 de
1723 3546 1829 3602 quo

230 3628 527 3697 Apostolus
544 3628 673 3683 dicit
697 3647 710 3683 :
734 3626 802 3681 Et
821 3629 929 3699 ipse
947 3635 1020 3682 est
1039 3625 1192 3698 caput
1212 3626 1439 3697 corporis
1461 3625 1700 3681 Ecclesia:
1719 3622 1832 3696 (Co-

233 3722 355 3778 loss.
380 3736 420 3785 ι,
447 3720 562 3791 l8).
585 3720 688 3776 Per
708 3720 925 3776 barbam
951 3735 1056 3774 non
1084 3720 1374 3789 incongrue
1401 3717 1653 3774 fortitudo
1676 3717 1831 3772 intel-

232 3811 438 3882 ligitur.
474 3812 613 3882 Ergo
637 3810 702 3866 ad
730 3825 823 3866 eos
851 3811 942 3882 qui
979 3819 1103 3867 sunt
1131 3809 1296 3864 fortes
1325 3809 1376 3862 iu
1407 3807 1646 3863 Ecclesia
1676 3807 1792 3875 ejus
1812 3847 1828 3872 ,

233 3910 292 3956 et
313 3901 595 3957 adhzcrent
621 3902 702 3956 ori
727 3902 845 3970 ejus
862 3903 907 3968 ',
937 3910 994 3956 ut
1017 3901 1133 3956 sine
1163 3899 1354 3954 timore
1385 3896 1670 3968 praedicent
1693 3895 1834 3949 veri-

234 4001 423 4058 tatem,
455 3992 525 4047 ab
553 3992 669 4064 ipso
695 3992 906 4050 Christo
932 4001 1179 4063 tanquam
1206 4006 1236 4045 a
1261 3989 1437 4060 capite
1465 3995 1705 4044 sanctum
1733 3985 1830 4040 de.

233 4083 448 4140 scendit
485 4093 846 4155 unguentum,
883 4083 935 4138 id
969 4091 1082 4148 est,
1127 4080 1478 4136 sanctificatio
1519 4075 1830 4147 spiritualis.

235 4179 339 4235 Ora
374 4179 679 4236 vestimenti
701 4179 816 4234 haec
839 4178 998 4234 datur
1027 4176 1242 4246 intelligi
1262 4215 1278 4243 ,
1307 4189 1426 4245 qua:
1456 4173 1506 4229 in
1536 4172 1710 4242 capite
1735 4186 1830 4225 ve-

235 4272 480 4328 stimenti
500 4280 603 4341 est,
629 4287 733 4342 qua
753 4270 1026 4326 vestientis
1046 4276 1202 4338 caput
1227 4266 1554 4337 ingreditur:
1580 4279 1674 4334 per
1697 4263 1834 4318 bane

235 4364 612 4433 signiﬁcantur
649 4361 868 4432 perfecti
899 4361 1080 4416 fideles
1111 4360 1162 4414 in
1193 4357 1448 4414 Ecclesia.
1478 4356 1535 4411 lu
1561 4370 1655 4410 ora
1686 4369 1840 4408 nam-

236 4470 344 4526 que
385 4453 646 4524 perfectio
681 4462 762 4508 est
794 4469 807 4506 :
841 4461 896 4507 et
935 4452 1116 4521 utique
1159 4447 1447 4506 meministi
1483 4446 1683 4502 dictum
1718 4459 1838 4500 esse

235 4547 455 4603 cuidam
479 4545 649 4611 diviti,
679 4544 738 4602 Si
768 4545 840 4599 vis
869 4560 974 4600 esse
1002 4547 1271 4612 perfectus,
1305 4540 1450 4605 vade,
1483 4537 1641 4593 vende
1669 4537 1840 4592 omnia

173 4624 191 4702 ξ
237 4653 357 4708 quia
384 4637 630 4709 possides,
659 4645 705 4691 et
728 4637 794 4690 da
821 4633 1141 4706 pauperibus,
1170 4641 1215 4687 et
1244 4631 1445 4685 habebis
1471 4629 1764 4684 thesaurum
1786 4627 1840 4681 in

187 4710 198 4775 ἶ
241 4731 384 4786 caelis
399 4745 419 4794 ,°
439 4739 486 4784 et
508 4729 638 4793 veni,
659 4743 862 4799 sequere
887 4743 985 4782 me.
1009 4725 1199 4781 Tristis
1221 4722 1433 4795 quidem
1462 4721 1551 4775 ille
1574 4719 1839 4781 discessit,

240 4820 519 4891 neglector
536 4817 890 4888 perfectionis,
919 4817 1120 4872 elector
1145 4813 1460 4870 defectionis
1488 4810 1699 4883 (Matth.
1726 4825 1838 4874 xix,

204 4982 210 4988 .
239 4911 335 4977 2|,
361 4910 456 4982 εἳ)
485 4929 499 4965 :
527 4910 621 4966 sed
644 4908 896 4979 numquid
923 4908 1041 4964 ideo
1061 4907 1364 4971 defuerunt,
1388 4904 1441 4958 in
1467 4917 1602 4973 quos
1626 4901 1844 4956 unitatis

205 5007 575 5075 unguentum
615 5000 706 5056 tali
748 5014 926 5056 rerum
963 5007 1294 5054 terrenarum
1321 4993 1632 5050 dimissione
1662 4989 1842 5062 perfe—

237 5105 362 5150 ctos
383 5135 399 5159 ,
427 5101 676 5163 tanquam
703 5090 757 5146 in
785 5104 934 5144 oram
958 5085 1260 5144 vestimenti
1289 5100 1317 5138 a
1345 5083 1520 5153 capite
1545 5078 1844 5137 descende-

240 5186 370 5242 ret?
411 5185 546 5240 Nam
583 5182 822 5253 exceptis
859 5179 1128 5250 Apostolis
1150 5220 1168 5247 ,
1201 5186 1256 5234 et
1292 5176 1380 5247 qui
1418 5191 1540 5232 cum
1579 5174 1658 5230 eis
1692 5178 1848 5227 erant

240 5276 551 5348 praepositis
594 5284 756 5344 atque
799 5271 1146 5337 doctoribus,
1185 5284 1322 5339 quos
1372 5266 1753 5325 eminentiores
1793 5269 1850 5316 et

240 5368 500 5427 fortiores
525 5369 580 5425 in
606 5367 769 5424 barba
801 5364 1180 5436 intelligimus,
1207 5362 1322 5432 lege
1353 5361 1406 5416 in
1441 5359 1662 5416 Actibus
1698 5357 1845 5426 Apoc

315 5567 334 5598 ι
363 5571 411 5614 tn
434 5571 563 5622 διες,
587 5574 677 5626 per
695 5573 860 5626 eorum
879 5555 1186 5610 intellectum.
1207 5617 1217 5626 .

319 5626 502 5688 faltud
518 5621 600 5688 Er;
619 5623 764 5686 Lugd.
801 5628 853 5672 et
874 5630 1016 5688 vein,
1039 5632 1140 5670 ora:
1171 5621 1294 5680 ejus.
1375 5621 1480 5688 MM.
1534 5683 1570 5688 __
1615 5687 1619 5688 ν
1657 5675 1668 5686 ο

313 5687 392 5748 (a)
410 5675 508 5738 hac
527 5687 593 5736 de
614 5675 868 5744 ref‘rract.
889 5684 948 5732 15
970 5675 1018 5729 in
1038 5675 1287 5748 Joannem,
1308 5692 1356 5748 n.
1375 5677 1435 5748 2}
1459 5690 1480 5748 :_
1498 5694 1519 5722 α
1534 5675 1744 5748 atessias,
1759 5675 1847 5748 ait,

257 5767 284 5798 s
299 5739 476 5798 tinctus
509 5755 618 5808 est;
662 5739 837 5795 unctus
851 5756 1013 5808 grarce
1033 5741 1245 5808 Christus
1269 5747 1364 5799 est,
1401 5739 1631 5808 ltebraice
1657 5739 1849 5808 Messias

256 5830 282 5858 ι
303 5818 416 5860 est:
439 5811 570 5858 unde
589 5799 640 5858 et
656 5799 1025 5870 punicefttessc
1047 5803 1396 5870 tliei_tur_uuge.
1419 5804 1641 5870 Cognata:
1664 5799 1844 5859 quippe

256 5892 288 5922 ο
308 5879 425 5922 sunt
455 5871 631 5934 lingua:
656 5862 770 5921 "ista:
795 5862 844 5920 et
862 5868 1047 5926 vicum),
1071 5862 1509 5926 bcbruica,puuica
1533 5867 1583 5910 et
1604 5871 1726 5922 syra.
1752 5876 1774 5906 ι

1548 396 1751 452 LIBER
1789 394 2162 453 SECUNDUS.

3405 400 3508 455 5-ίῖ

1923 511 2204 578 stolorum,
2231 520 2283 568 et
2313 513 2428 568 vide
2455 513 2543 585 qui
2578 531 2745 569 rerum
2774 531 2980 568 suarum
3011 515 3323 569 venditarum
3351 519 3509 585 pretia

1921 602 1990 655 ad
2014 601 2164 672 pedes
2187 603 2538 674 Apostolorum
2564 606 2834 676 ponebant,
2860 616 2907 660 et
2932 622 3074 660 nemo
3099 606 3292 660 dicebat
3315 606 3509 676 aliquid

1924 694 2216 763 proprium,
2259 696 2349 749 sed
2389 707 2530 750 erant
2575 701 2646 750 eis
2684 699 2852 752 omnia
2893 699 3210 766 communia,
3248 709 3295 752 et
3334 700 3510 752 distrio

1923 782 2163 839 buebatur
2198 788 2462 857 unicuique
2497 789 2625 843 sicut
2655 791 2832 858 cuique
2860 807 2987 862 opus
3022 799 3162 856 erat,
3192 799 3238 845 et
3264 801 3371 845 erat
3408 792 3487 846 illi

1923 875 2095 927 anima
2132 891 2232 928 una
2275 886 2320 930 et
2356 893 2444 930 cor
2481 894 2634 933 unum
2670 879 2723 934 in
2766 878 2926 934 Deum
2968 879 3114 950 (Act.
3160 895 3236 945 tv,
3281 881 3480 949 32-55}

1923 966 2128 1037 Nempe
2177 967 2248 1022 ita
2277 970 2532 1040 scriptum
2582 985 2702 1028 esse
2749 974 3046 1044 cognoscis.
3096 974 3340 1044 Agnosce
3378 989 3488 1044 ergt

1924 1057 2121 1113 bonum
2171 1067 2225 1112 et
2268 1057 2583 1129 jucundum,
2633 1061 2824 1118 fratres
2875 1062 3174 1120 habitantes
3227 1066 3277 1118 iu
3321 1081 3482 1120 unum

1928 1153 2172 1220 Agnosce
2216 1151 2433 1207 barbam
2485 1157 2661 1208 Aaron
2691 1173 2704 1208 .-
2737 1170 2966 1227 agnosce
3007 1172 3156 1212 oram
3206 1159 3482 1213 vestiment

1926 1241 2236 1310 spiritualis.
2262 1242 2529 1315 Interroga
2560 1246 2725 1314 ipsam
2757 1247 3110 1317 Scripturam,
3137 1247 3220 1304 ubi
3248 1249 3509 1319 cmpcrint

1927 1332 2027 1388 ista
2057 1333 2168 1390 fieri
2196 1351 2209 1387 τ
2238 1335 2479 1391 invenies
2521 1337 2572 1391 in
2620 1337 2937 1394 Jerusalem.
2974 1339 3049 1395 De
3090 1339 3188 1395 hac
3218 1355 3310 1394 ora
3341 1343 3508 1396 vestis

1930 1441 2026 1494 per
2044 1440 2234 1480 omnes
2269 1437 2455 1496 gentes
2481 1428 2654 1482 unitas
2682 1438 2786 1484 tota
2813 1431 3130 1485 contexitur.
3159 1431 3268 1486 liae
3299 1433 3509 1487 intravit

1926 1525 2084 1585 caput
2111 1516 2162 1569 in
2180 1527 2401 1584 vestem,
2427 1527 2486 1572 ut
2507 1518 2816 1574 indueretur
2831 1519 3076 1576 Christus
3097 1523 3348 1580 varietate
3365 1523 3511 1578 orbis

1929 1617 2219 1675 terrarum;
2247 1612 2368 1681 quia
2402 1613 2452 1666 in
2491 1611 2590 1669 liae
2617 1629 2709 1668 ora
2742 1615 3042 1672 vestimenti
3072 1620 3313 1687 apparuit
3341 1619 3510 1672 varie-

1927 1706 2008 1753 tas
2037 1699 2149 1769 ipsa
2186 1701 2508 1773 linguarum.
2543 1705 2650 1759 Cur
2679 1721 2808 1776 ergo
2848 1707 2948 1777 ipsi
2997 1709 3177 1778 capiti,
3208 1709 3348 1764 unde
3383 1711 3510 1764 illud

1927 1791 2146 1846 unitatis
2172 1791 2446 1850 descendit
2470 1805 2816 1864 unguentum,
2851 1799 2900 1853 id
2928 1808 3028 1863 est,
3048 1802 3248 1854 amoris
3274 1799 3511 1872 fragran-

1927 1879 1998 1934 tia
2020 1881 2344 1952 spiritualis;
2375 1900 2503 1952 cur,
2534 1887 2774 1956 inquam,
2807 1889 2906 1959 ipsi
2947 1889 3106 1959 capiti
3139 1890 3388 1946 resistitis
3431 1901 3511 1946 te~

1926 1975 2086 2030 stanti
2113 1985 2164 2031 et
2192 1976 2409 2045 dicenti,
2439 1977 2810 2035 Prwdicabitur
2835 1983 2886 2036 in
2908 1984 3110 2038 nomine
3135 1984 3246 2054 ejus
3268 1986 3511 2051 paeniten-

1929 2067 1998 2121 tia
2015 2076 2059 2122 et
2079 2069 2306 2124 remissio
2323 2080 2639 2141 peccatorum
2661 2091 2751 2144 per
2767 2091 2938 2129 omnes
2953 2085 3140 2146 gentes,
3159 2076 3512 2148 incipientibus

1927 2159 1989 2214 ab
2016 2160 2301 2218 Jerusalem
2319 2163 2466 2234 (Luc.
2491 2164 2642 2232 xxiv,
2671 2166 2801 2237 4‘7)?
2833 2168 2896 2222 Et
2925 2167 2976 2222 iu
3005 2167 3107 2223 hoc
3133 2177 3399 2240 unguento
3426 2185 3515 2225 sa-

1927 2265 2259 2312 eramentum
2307 2257 2622 2314 Chrismatis
2668 2259 2827 2315 vultis
2858 2261 2874 2292 ¹
2923 2261 3261 2330 interpretari
3316 2280 3329 2317 :
3370 2261 3514 2333 quod

1928 2345 2142 2416 quidem
2174 2348 2224 2401 in
2253 2363 2449 2419 genere
2490 2349 2774 2406 visibilium
2813 2351 3205 2422 signaculorum
3232 2366 3517 2407 sacrosan-

1927 2447 2070 2492 ctum
2101 2445 2203 2506 est,
2235 2438 2372 2494 sicut
2401 2440 2514 2510 ipse
2543 2440 2846 2511 Baptismus
2879 2441 3008 2496 :sed
3038 2449 3210 2511 poteSt
3238 2457 3358 2497 esse
3380 2452 3432 2497 et
3459 2443 3512 2496 in

1930 2528 2234 2584 hominibus
2258 2531 2522 2601 pessimis,
2558 2532 2610 2586 in
2639 2531 2889 2600 operibus
2927 2531 3102 2586 carnis
3130 2533 3288 2586 vitam
3316 2546 3511 2587 consu-

1929 2623 2228 2699 mentibus,
2263 2632 2314 2679 et
2356 2640 2579 2695 regnum
2621 2625 2876 2680 cmlorutn
2923 2639 3027 2679 non
3073 2624 3427 2694 possessuris;
3459 2631 3514 2678 ct

1929 2714 2048 2770 ideo
2087 2730 2186 2769 nec
2214 2715 2278 2769 ad
2307 2716 2525 2770 barbam
2554 2717 2752 2784 Aaron,
2786 2731 2886 2771 nec
2922 2716 2986 2770 ad
3031 2730 3183 2771 oram
3210 2715 3512 2771 vestimenti

1929 2805 2044 2873 ejus
2063 2847 2077 2871 ,
2127 2821 2226 2860 nec
2255 2806 2319 2861 ad
2360 2807 2521 2861 ullam
2553 2807 2947 2862 contextionem
2977 2808 3140 2862 vestis
3167 2806 3515 2862 sacerdotalis

1933 2896 2339 2965 pertinentibus.
2373 2896 2472 2952 Ubi
2503 2897 2642 2952 enim
2676 2898 2943 2967 positurus
2973 2912 3033 2953 es
3060 2913 3180 2969 qua:
3223 2898 3512 2969 Apostolus

1931 2997 2208 3044 enumerat
2243 2989 2514 3060 manifesta
2557 3005 2710 3057 opera
2757 2990 2944 3056 carnis,
2984 3006 3098 3058 qua:
3141 2998 3280 3055 sunt,
3318 2990 3510 3058 inquit,

1934 3080 2312 3153 fornicationes,
2341 3081 2694 3146 immunditias,
2729 3081 2968 3148 luxuriae,
2995 3081 3247 3136 idolorum
3277 3082 3510 3148 servitus,

1932 3173 2188 3241 veneﬁcia,
2221 3173 2516 3238 inimicitiae,
2539 3174 2898 3240 contentiones,
2927 3173 3294 3236 wntulationes,
3319 3173 3518 3227 animo-

1932 3266 2124 3332 sitates,
2175 3265 2530 3330 dissensiones,
2580 3266 2811 3330 ha’reses,
2851 3264 3073 3327 invidiw,
3106 3265 3384 3330 ebrietates,
3426 3280 3516 3316 co-

1934 3356 2279 3419 messationes,
2327 3365 2372 3408 et
2417 3355 2494 3410 his
2521 3357 2705 3409 similia
2735 3372 2754 3410 :
2777 3372 2890 3426 qua:
2929 3355 3149 3425 prwdico
3187 3355 3345 3420 vobis,
3388 3356 3516 3408 sicut

1934 3449 2166 3518 praedixi,
2201 3449 2437 3517 quoniam
2467 3450 2552 3520 qui
2577 3449 2699 3502 talia
2719 3459 2896 3520 agunt,
2923 3464 3131 3519 regnum
3157 3445 3254 3500 Dei
3279 3463 3376 3502 non
3399 3464 3520 3518 pos-

1933 3542 2162 3600 sidebunt
2189 3542 2208 3615 (
2231 3542 2399 3597 Galat.
2428 3559 2480 3607 v,
2509 3541 2670 3598 l9-21
2711 3542 2770 3613 )?
2796 3543 3086 3612 Sequestro
3113 3541 3511 3605 fornicationes,

1935 3652 2055 3708 qua:
2076 3635 2306 3690 latenter
2325 3634 2680 3689 admittuntur
2714 3653 2726 3687 :
2766 3631 3127 3688 immunditias
3153 3633 3514 3700 interpretare

1934 3736 1993 3781 ut
2025 3726 2278 3792 volueris,
2307 3734 2593 3795 sequestro
2621 3732 2676 3779 et
2705 3724 2845 3792 ipsas
2877 3741 2889 3776 :
2918 3722 3026 3777 illic
3051 3735 3310 3791 ponamus
3334 3728 3388 3775 et
3417 3736 3514 3775 ve-

1935 3821 2147 3887 neficia,
2179 3820 2301 3890 quia
2331 3834 2489 3874 nemo
2518 3827 2600 3873 est
2626 3817 2797 3886 palam
2835 3813 3104 3869 confector
3129 3811 3389 3880 daturque
3414 3824 3508 3864 ve-

1936 3926 2194 3966 nenorum
2230 3928 2245 3964 :
2277 3916 2554 3979 sequestro
2583 3915 2638 3962 et
2654 3907 2904 3969 haereses,
2925 3902 3047 3973 quia
3067 3902 3166 3957 boc
3180 3900 3340 3959 vultis
3373 3899 3516 3956 :ido—

1937 4004 2111 4059 lorum
2143 4001 2454 4056 servitutem
2484 3999 2664 4054 nescio
2685 4009 2862 4052 utrum
2899 3996 3118 4051 debeam
3151 4002 3510 4065 sequestrare,

1936 4093 2360 4167 quandoquidem
2390 4090 2671 4162 Apostolus
2698 4089 2766 4144 ibi
2794 4087 2941 4158 ponit
2960 4084 3254 4150 avaritiam,
3277 4098 3395 4152 quae
3413 4098 3513 4150 pu-

1937 4188 2076 4244 blice
2103 4186 2314 4240 insanit.
2344 4183 2436 4239 llis
2465 4197 2594 4254 ergo
2619 4178 2986 4250 sequestratiS,
3027 4175 3228 4233 nulline
3254 4171 3389 4245 apud
3423 4187 3516 4225 vos

1940 4278 2234 4344 luxuriosi,
2275 4277 2402 4332 nulli
2452 4276 2618 4338 avari,
2666 4275 2798 4329 nulli
2843 4268 3186 4343 pertinaciter
3212 4266 3518 4322 inimicitias

1941 4379 2274 4436 exercentes,
2319 4369 2448 4424 nulli
2494 4366 2834 4430 contentiosi,
2874 4363 3071 4426 mmuli,
3118 4358 3364 4424 animosi,
3404 4355 3516 4411 dis-

1941 4461 2281 4518 sensionibus
2325 4459 2622 4524 studentes,
2675 4455 2858 4522 invidi,
2907 4452 3123 4516 ebriosi,
3168 4448 3517 4504 comessatio-

1943 4554 2102 4610 nibus
2133 4551 2420 4608 vacantes?
2445 4549 2654 4604 Nulline
2683 4545 2822 4615 apud
2854 4561 2946 4600 vos
2971 4544 3106 4598 tales
3135 4549 3402 4609 unguntur
3421 4580 3434 4604 ,
3468 4546 3522 4591 ct

1943 4649 1995 4702 in
2042 4645 2126 4699 bis
2167 4645 2312 4698 intus
2345 4642 2454 4696 noti
2491 4638 2860 4707 manifestiquc
2901 4629 3240 4689 moriuntur?
3266 4630 3321 4686 Si
3350 4629 3522 4684 nullos

1945 4737 2107 4802 dicis;
2140 4733 2388 4805 quoniam
2439 4730 2614 4785 studio
2650 4727 3006 4782 contentionis
3041 4733 3223 4794 aperte
3255 4722 3514 4784 mentiris,

1945 4827 2065 4882 vide
2114 4840 2180 4878 ne
2207 4823 2276 4877 de
2314 4820 2508 4876 talibus
2548 4819 2661 4887 ipse
2704 4817 2797 4870 sis.
2837 4817 2891 4870 Si
2920 4825 3094 4867 autem
3127 4812 3192 4866 ab
3220 4810 3521 4882 bujusmoili

1946 4926 2184 4972 remotus
2211 4929 2290 4980 es,
2316 4928 2420 4967 non
2448 4909 2688 4979 corporis
2719 4907 3073 4976 separatione,
3092 4905 3185 4958 sed
3212 4903 3332 4957 vita:
3367 4900 3524 4955 dissi-

1947 5006 2264 5070 militudine,
2311 5013 2364 5058 et
2393 5003 2524 5058 tales
2563 5000 2747 5055 turbas
2781 4999 2979 5053 circum
3023 4996 3208 5052 altaria
3234 5001 3407 5048 vestra
3432 5006 3526 5060 ge-

1949 5115 2101 5157 mens
2127 5095 2423 5168 conspicis;
2450 5093 2576 5165 quid
2606 5092 2869 5157 dicemus,
2893 5092 3012 5160 quia
3037 5091 3154 5142 oleo
3174 5094 3356 5140 sancto
3385 5082 3526 5136 uncti

1949 5202 2107 5259 sunt,
2139 5200 2213 5256 et,
2243 5186 2684 5258 sicutApostolus
2712 5183 2913 5255 liquida
2961 5180 3183 5235 veritate
3224 5175 3528 5237 confirmat,

1950 5299 2172 5357 regnum
2200 5281 2293 5337 Dei
2319 5296 2426 5336 non
2453 5276 2797 5349 possidebunt
2829 5292 2842 5327 :
2878 5268 3128 5340 numquid
3146 5264 3323 5322 barba:
3346 5265 3530 5357 Aaron

1951 5352 2141 5435 ctvorte
2171 5372 2471 5431 vestimenti
2500 5370 2616 5440 ejus
2642 5366 2896 5434 sacrilega
2943 5360 3128 5429 injuria
3156 5352 3396 5410 facienda
3426 5363 3529 5416 est,

1954 5666 2006 5712 et
2030 5656 2080 5710 in
2109 5653 2264 5709 malis
2285 5655 2481 5722 potest,
2504 5646 2604 5700 illis
2624 5641 2688 5698 ad
2714 5636 3010 5712 praemium,
3036 5634 3141 5692 illis
3163 5634 3226 5690 ad
3249 5633 3536 5705 judicium,

2023 5859 2037 5886 ¹
2066 5864 2160 5904 Aut.
2187 5860 2258 5900 Er.
2281 5855 2482 5906 etMss.,
2506 5839 2618 5892 vult.
