3998 6462
484 359 586 420 545

483 478 554 530 ab
583 473 827 530 invisibili
857 473 1105 529 unctione
1118 470 1412 534 charitatis,
1438 484 1555 537 qua:
1577 469 1786 538 propria
1805 468 2066 524 bonorum

486 578 589 624 est.
647 567 898 622 Discerne
944 566 1066 628 ista,
1110 563 1353 617 discerne
1386 577 1398 612 :
1430 561 1700 615 discernat
1748 571 1799 615 te
1853 561 1997 616 Deus
2038 575 2066 614 a

479 668 639 730 'parte
669 658 878 724 Donati,
908 666 963 712 et
1005 656 1058 710 in
1107 653 1436 709 Catholicam
1465 663 1712 720 revocet,
1744 654 1885 708 unde
1915 662 1970 708 te
1994 653 2070 708 illi

488 751 926 807 catcchumenum
974 748 1248 817 abreptum
1295 746 1555 802 mortiferi
1601 746 1819 800 honoris
1857 747 2070 800 vinculo

487 845 805 914 ligaverunt.
858 839 975 896 Jam
1026 830 1117 894 ros
1162 840 1398 894 llermon
1445 852 1607 908 super
1653 847 1863 891 montes
1914 836 2067 903 Sion,

485 932 882 1006 quomodnlibct
912 931 1008 987 abs
1029 941 1079 985 te
1095 931 1403 1000 accipiatur,
1435 945 1540 984 non
1563 929 1691 984 estis
1720 929 1772 982 in
1801 927 2073 983 montibus

483 1025 644 1089 Sion;
667 1023 788 1093 quia
820 1037 925 1076 non
957 1021 1089 1076 estis
1133 1021 1183 1074 in
1229 1019 1450 1075 civitate
1480 1033 1642 1089 super
1681 1025 1916 1072 montem
1943 1033 2072 1073 con-

482 1115 690 1180 stituta,
725 1129 844 1183 quae
870 1120 1075 1167 certum
1105 1111 1312 1180 signum
1338 1110 1438 1165 hoc
1459 1109 1640 1176 habet,
1659 1108 1799 1180 quod
1815 1108 2072 1163 abscondi

483 1223 593 1263 non
645 1215 838 1276 potest.
891 1203 1022 1259 Nota
1070 1215 1150 1258 est
1195 1218 1324 1273 ergo
1351 1201 1602 1257 omnibus
1627 1201 1875 1272 gentibus
1907 1219 1921 1255 :
1951 1215 2073 1270 pars

485 1307 663 1354 autem
693 1297 881 1353 Donati
911 1298 1087 1368 ignota
1113 1305 1196 1351 est
1241 1295 1479 1365 pluribus
1511 1294 1758 1365 gentibus
1796 1311 1810 1350 :
1855 1309 1964 1350 non
1990 1301 2074 1348 est

483 1404 613 1460 ergo
635 1390 767 1458 ipsa.

556 1477 785 1534 CAPUT
806 1476 914 1534 CV.
945 1509 1016 1519 --
1035 1477 1161 1533 240.
1194 1477 1379 1532 PETIL.
1409 1476 1545 1532 dixit
1575 1495 1587 1530 :
1627 1475 1718 1531 Vw
1739 1476 1895 1546 igitur
1913 1476 2068 1543 vobis,

483 1570 571 1640 qui
625 1568 862 1623 violando
909 1567 1042 1638 quod
1089 1577 1316 1622 sanctum
1353 1576 1445 1632 est,
1486 1566 1765 1620 rescinditis
1808 1567 2071 1633 unitatem,

483 1660 750 1731 Propheta
769 1659 982 1725 dicente,
1009 1677 1028 1710 ι
1062 1657 1125 1713 Si
1153 1659 1425 1728 peccaverit
1447 1656 1688 1728 populus,
1717 1657 1878 1711 orabit
1903 1673 1995 1726 pro
2016 1673 2073 1711 eo

484 1752 757 1818 sacerdos;
794 1750 840 1806 si
879 1760 1045 1805 autem
1087 1750 1363 1821 peccaverit
1426 1750 1696 1817 sacerdos,
1736 1750 1848 1818 quis
1911 1748 2074 1804 orabit

491 1858 586 1912 pro
616 1859 672 1897 eo
693 1843 719 1896 ?
746 1861 766 1895 ι

558 1935 684 1990 241.
715 1936 847 1992 Avo.
878 1934 1154 2005 respondit
1178 1952 1202 1990 ε.
1225 1933 1293 1988 Ει
1318 1933 1539 1989 videbar-
1578 1933 1737 2004 paulo
1775 1942 1919 1998 ante,
1949 1947 2072 1988 cum

483 2029 554 2084 de
583 2029 702 2084 oleo
729 2028 1024 2098 peccatoris
1050 2027 1462 2098 disputaremus,
1481 2041 1680 2096 ungere
1708 2025 1798 2080 tibi
1819 2024 2068 2090 frontem,

484 2129 547 2174 ut
575 2119 804 2186 diceres,
832 2119 876 2174 si
897 2118 1145 2183 auderes,
1169 2128 1346 2172 utrum
1377 2117 1490 2187 ipse
1510 2125 1760 2188 peccator
1780 2131 1886 2171 non
1902 2131 2069 2171 esses.

487 2211 633 2270 Ecce
657 2211 835 2266 dixisti
865 2209 1018 2266 illud.
1046 2209 1090 2265 Ο
1110 2209 1320 2265 scelus!
1344 2223 1378 2264 ο
1404 2208 1735 2263 monstrum!
1769 2207 1900 2287 Quia
1930 2207 2072 2262 enim

485 2313 541 2360 te
559 2303 892 2359 sacerdotem
913 2302 1127 2367 asseris,
1158 2301 1284 2372 quid
1303 2301 1444 2357 aliud
1463 2316 1557 2371 per
1582 2301 1682 2355 hoc
1704 2299 2071 2371 propheticum

485 2393 884 2460 testimonium,
904 2392 1006 2448 nisi
1028 2401 1079 2448 te
1099 2393 1317 2448 omnino
1341 2393 1456 2447 sine
1478 2399 1695 2462 peccato
1716 2405 1835 2446 esse
1852 2388 2072 2444 dixisti?

483 2483 618 2541 Eam
647 2485 691 2539 si
719 2483 885 2540 habes
917 2495 1212 2554 peccatum,
1237 2484 1354 2554 quis
1384 2498 1480 2555 pro
1507 2492 1558 2539 te
1587 2482 1760 2538 orabit
1779 2481 2070 2538 secundum

484 2575 814 2634 intellectum
840 2573 1024 2630 tuum?
1047 2574 1122 2631 ιω
1151 2576 1295 2630 enim
1326 2590 1419 2629 vos
1450 2574 1658 2630 miseris
1682 2573 1926 2643 plebibus
1945 2588 2074 2628 ven-

484 2669 688 2735 ditatis,
736 2676 1217 2725 commemorantes
1261 2682 1327 2722 ex
1365 2667 1653 2737 PrOpheta,
1699 2666 1761 2720 Si
1799 2665 2073 2736 peccaverit

485 2760 729 2830 populus,
753 2760 912 2815 orabit
938 2776 1029 2831 pro
1057 2775 1121 2814 eo.
1138 2759 1409 2822 sacerdos;
1435 2759 1478 2813 si
1501 2768 1669 2812 autem
1696 2757 1930 2813 sacerdos
1959 2772 2076 2825 pec-

486 2852 691 2916 caverit,
730 2853 841 2923 quis
870 2851 1032 2906 orabit
1063 2866 1154 2920 pro
1175 2867 1231 2905 eo
1257 2849 1311 2921 (Ι
1336 2850 1459 2920 Reg.
1480 2865 1537 2914 ιι,
1568 2849 1638 2904 25
1665 2848 1724 2918 )?
1758 2856 1814 2902 ut
1840 2862 1934 2903 vos
1957 2848 2074 2906 sine

424 2980 426 2984 τ
483 2949 706 3011 peccato
735 2955 855 2996 esse
878 2939 1116 3006 credant,
1146 2947 1200 2994 et
1225 2949 1443 3009 peccata
1473 2954 1567 2994 sua
1596 2939 1786 2994 vestris
1815 2939 2072 2993 orationi-

485 3031 588 3088 bus
612 3031 883 3102 purganda
922 3030 1276 3087 committant.
1324 3030 1494 3101 Magni
1540 3030 1781 3085 homines
1822 3045 1938 3096 vos,
1981 3045 2078 3085 ex-

485 3121 639 3186 celsi,
669 3120 934 3186 coelestes,
967 3120 1166 3187 divini,
1201 3119 1420 3188 necjam
1459 3120 1721 3185 homines,
1751 3119 1845 3174 sed
1876 3121 2070 3190 angeli,

488 3211 577 3282 qui
607 3226 703 3281 pro
727 3211 970 3281 plebibus
993 3211 1178 3276 oratis,
1203 3218 1258 3265 et
1287 3224 1383 3281 pro
1413 3209 1563 3266 vobis
1583 3209 1764 3280 plebes
1789 3226 1944 3266 orare
1967 3226 2073 3264 non

486 3305 683 3361 vultis!
711 3305 860 3360 Tune
895 3305 1088 3375 justior
1131 3304 1320 3371 Paulo,
1356 3313 1413 3358 tu
1440 3303 1722 3374 perfectior
1758 3313 1906 3359 tanto
1932 3307 2074 3374 Apo-

486 3396 646 3461 stolo,
678 3396 767 3466 qui
793 3409 977 3450 eorum
1006 3409 1141 3464 quos
1180 3393 1407 3449 docebat
1448 3393 1779 3450 orationibus
1827 3409 1885 3449 se
1928 3409 2074 3449 com-

485 3485 815 3542 mendabat?
850 3485 1107 3554 Orationi,
1138 3485 1324 3556 inquit,
1361 3486 1564 3553 instate,
1594 3487 1858 3556 vigilantes
1882 3488 1934 3540 in
1960 3487 2068 3553 illa,

485 3578 539 3634 in
564 3579 842 3648 gratiarum
866 3577 1095 3643 actione;
1116 3585 1313 3631 orantes
1331 3577 1481 3636 simul
1500 3585 1545 3630 et
1569 3593 1662 3646 pro
1683 3577 1844 3644 nobis,
1862 3587 1917 3631 ut
1942 3577 2074 3632 Deus

485 3668 684 3737 aperiat
725 3667 866 3722 nobis
908 3667 1090 3723 ostium
1132 3666 1264 3721 verbi
1314 3666 1382 3722 ad
1433 3666 1738 3736 loquendum
1781 3667 2073 3738 mysterium

487 3760 694 3824 Christi,
726 3771 930 3832 propter
971 3759 1106 3831 quod
1152 3769 1199 3813 et
1235 3760 1429 3813 vinctus
1474 3775 1614 3823 sum,
1659 3767 1713 3812 ut
1758 3759 2075 3828 manifestem

484 3851 638 3919 illud,
668 3853 738 3906 ita
767 3860 819 3906 ut
844 3859 1040 3914 oportet
1087 3865 1167 3904 me
1203 3849 1339 3920 loqui
1369 3847 1606 3922 (Coloss.
1635 3864 1706 3915 IV,
1743 3847 1904 3920 2-4).
1937 3851 2073 3906 Ecce

485 3950 672 3998 oratur
700 3955 798 4013 pro
819 3940 1095 4012 Apostolo,
1113 3939 1254 4010 quod
1285 3938 1397 3994 ﬁeri
1429 3953 1533 3994 non
1562 3939 1641 3994 vis
1671 3954 1766 4009 pro
1795 3939 2070 4010 episcopo.

486 4031 724 4089 Videsne
747 4047 906 4104 quam
935 4033 1003 4087 sit
1037 4032 1133 4086 ista
1164 4030 1424 4086 diabolica
1451 4031 1739 4104 superbia?
1763 4031 1956 4086 Orator
1979 4047 2075 4101 pro

485 4123 765 4192 Apostolo,
793 4131 850 4177 ut
871 4122 1171 4177 maniiestet
1199 4121 1509 4192 mysterium
1529 4121 1746 4188 Christi,
1769 4123 1900 4178 sicut
1916 4138 2076 4193 opor-

486 4221 570 4267 tet
595 4213 757 4280 loqui.
805 4211 1037 4272 Proinde
1081 4212 1127 4266 si
1170 4212 1285 4280 pias
1331 4210 1517 4281 plebes
1552 4211 1842 4280 haberetis,
1874 4212 2073 4271 hortari

488 4302 720 4358 debuisti
752 4311 809 4356 ut
840 4318 933 4372 pro
976 4309 1031 4356 te
1073 4310 1326 4366 orarent,
1368 4316 1436 4356 ne
1472 4301 1767 4373 loquereris
1793 4303 1930 4358 sicut
1968 4319 2074 4358 non

487 4400 722 4463 oportet.
766 4391 844 4447 Tu
879 4391 1070 4462 justior
1106 4391 1312 4448 Joanne
1351 4393 1695 4462 evangelista,
1744 4395 1833 4464 qui
1873 4395 1946 4449 ait
1975 4413 1988 4449 :
2015 4394 2074 4449 Si

487 4483 767 4539 dixerimus
805 4483 925 4552 quia
953 4493 1210 4552 peccatum
1253 4498 1354 4537 non
1383 4481 1620 4537 habemus
1639 4523 1654 4546 ,
1695 4499 1786 4537 nos
1823 4483 1958 4552 ipsos
1985 4484 2075 4537 de-

489 4576 736 4646 cipimus,
768 4585 814 4629 et
851 4575 1030 4629 veritas
1068 4576 1122 4628 in
1146 4574 1287 4630 nobis
1308 4591 1410 4628 non
1436 4585 1509 4630 est
1536 4573 1766 4644 (lJoan.
1793 4592 1830 4641 ι,
1862 4577 1970 4647 8)?
1997 4577 2075 4632 Tu

485 4675 763 4738 postremo
796 4665 990 4736 juStior
1035 4665 1270 4733 Daniele,
1301 4681 1458 4739 quem
1490 4676 1545 4722 tu
1592 4667 1706 4737 ipse
1735 4667 1786 4722 in
1828 4667 1929 4723 hac
1963 4668 2076 4738 ipsa

487 4758 724 4831 epistola
761 4758 830 4812 ita
869 4760 1320 4825 commemorasti,
1352 4768 1410 4814 ut
1450 4759 1673 4824 diceres,
1708 4758 1821 4814 Rea:
1847 4761 2076 4831 jusliSSif

488 4869 633 4906 mum
672 4849 940 4906 Danielem
968 4849 1142 4920 ferinis
1175 4851 1440 4916 morsibus,
1484 4862 1538 4905 ut
1591 4853 1816 4922 putabat,
1857 4854 2076 4925 objecit?

489 4942 644 5010 Quod
691 4943 779 4998 ille
809 4957 914 4997 non
962 4949 1274 5010 putaverat;
1301 4943 1725 5013 quandoquidem
1751 4945 2075 5000 amicissimo

490 5035 700 5100 animo,
716 5035 854 5088 sicut
881 5033 1123 5088 lectionis
1151 5032 1546 5088 circumstantia
1571 5035 1778 5104 probat,
1800 5037 1936 5091 dixit
1975 5038 2074 5107 ipsi

490 5123 694 5178 Danieli
719 5164 734 5191 ,
762 5120 901 5176 Deus
945 5130 1060 5175 tuus
1101 5122 1182 5175 cui
1209 5122 1423 5177 dcservis
1450 5125 1669 5192 assidue,
1700 5127 1808 5195 ipse
1833 5128 2004 5197 eripiet
2031 5143 2077 5182 te

497 5213 656 5284 (Dan.
691 5229 767 5279 v1,
799 5211 910 5283 16).
957 5211 1060 5268 Sed
1100 5212 1224 5268 hinc
1262 5213 1372 5283 jam
1427 5216 1589 5268 multa
1630 5216 1901 5270 diximus:
1935 5233 2076 5272 nunc

493 5303 632 5372 quod
663 5304 855 5374 agitur,
876 5317 1068 5372 nempe
1087 5303 1411 5372 iustissimus
1433 5313 1546 5358 erat
1566 5305 1778 5372 Daniel;
1806 5322 1910 5361 non
1931 5308 2077 5363 testi-

494 5395 678 5448 monio
702 5405 810 5459 tuo,
835 5409 1134 5463 quanquam
1175 5393 1275 5449 hoc
1301 5393 1428 5448 mihi
1459 5396 1529 5451 ad
1564 5410 1776 5450 causam
1820 5412 1974 5466 quam
2001 5407 2077 5452 ιε-

493 5499 616 5537 cum
645 5498 742 5554 ago
765 5485 1026 5552 sufﬁciat;
1049 5484 1142 5539 sed
1165 5486 1466 5540 testimonio
1493 5486 1718 5555 Spiritus
1738 5487 1831 5542 Dei
1854 5489 2075 5560 loquon-

497 5575 565 5628 tis
603 5575 758 5629 etiam
806 5591 904 5646 per
943 5576 1314 5655 Ezechielem‘,
1355 5577 1445 5632 ubi
1495 5586 1600 5633 tres
1645 5580 2075 5637 eminentissima:

494 5666 712 5735 justitiae
737 5668 1049 5736 nominavit,
1077 5669 1205 5736 Noe,
1245 5670 1513 5726 Danielem
1556 5679 1610 5725 et
1638 5671 1757 5737 Job,
1789 5686 1920 5742 quos
1945 5673 2076 5728 dixit

430 5763 433 5766 '
499 5757 645 5815 solos
675 5774 702 5814 a
728 5759 955 5830 quadam
980 5761 1438 5821 vehementissima
1469 5763 1546 5820 ira
1572 5764 1684 5836 Dei,
1712 5780 1831 5836 quae
1867 5768 2076 5825 caeteris

1320 353 1592 410 CONTRA
1631 351 1972 409 LITTERAS
2009 351 2369 422 PETILIANI,
2410 355 2470 415 S.
2511 362 2880 421 ADCUSTlNl

3653 378 3756 446 ξιιι

2176 470 2524 566 impenderet,
2551 494 2708 549 posse
2737 481 2950 539 liberari
2985 485 3193 558 (Ezech.
3225 505 3338 555 xiv,
3369 491 3479 562 li).
3513 493 3606 549 Vir
3629 511 3773 566 erga

2173 560 2532 635 iustissimus,
2562 585 2698 626 unus
2733 589 2799 628 ex
2847 575 3014 632 tribus
3054 560 3483 640 memorabilibus
3527 597 3666 651 orat,
3692 560 3787 645 vet“

2179 653 2325 719 dicit,
2351 655 2479 712 Cum
2509 676 2705 716 orarem
2731 675 2777 717 et
2805 668 3072 736 conﬁterer
3114 682 3318 739 peccata
3342 691 3455 728 mea
3481 687 3528 730 et
3557 693 3761 746 peccata

2177 746 2355 840 populi
2381 749 2476 803 mei
2500 750 2554 805 in
2579 764 2842 824 conspectu
2860 756 3064 814 Domini
3081 760 3177 816 Dei
3194 765 3290 818 mei
3319 766 3336 837 (
3363 765 3498 820 Dan.
3523 785 3596 834 ix,
3624 769 3696 826 20
3721 772 3759 840 ).

2179 837 2248 891 Et
2274 847 2329 893 tu
2357 849 2408 896 te
2428 841 2561 898 dicis
2585 859 2706 902 esse
2725 849 2841 904 sine
2871 862 3121 920 peccato;
3156 857 3278 926 quia
3307 859 3552 916 videlicet
3578 837 3762 919 sacer-

2179 929 2277 985 dos
2297 945 2376 996 es,
2405 941 2460 988 et
2495 934 2540 988 si
2569 940 2870 1005 peccaverit
2901 945 3156 1014 populus,
3188 962 3311 1002 oras
3340 964 3437 1019 pro
3465 967 3566 1018 eo;
3592 953 3640 1007 si
3665 969 3761 1008 au-

2181 1027 2284 1074 tem
2313 1029 2377 1076 tu
2399 1037 2606 1092 peccas,
2645 1029 2765 1097 quis
2788 1045 2886 1100 pro
2919 1041 2969 1088 te
3012 1034 3226 1091 orabit?
3260 1038 3392 1094 Vere
3419 1042 3545 1111 quia
3568 1043 3762 1114 impie-

2180 1119 2287 1166 tate
2331 1121 2491 1170 tauta:
2533 1121 2850 1189 arrogantia:
2878 1123 3151 1196 indignum
3183 1138 3233 1183 te
3259 1131 3501 1200 praebes,
3529 1148 3629 1204 pro
3657 1150 3766 1204 quo

2179 1203 2430 1260 sacerdos
2457 1206 2547 1262 ille
2585 1209 2903 1281 interpellet,
2937 1231 3093 1285 quem
3130 1218 3394 1290 Propheta
3434 1223 3517 1277 bis
3559 1203 3764 1290 verbis,

2179 1308 2297 1363 qua:
2319 1311 2422 1350 non
2454 1297 2724 1372 intelligis,
2757 1305 2921 1361 voluit
2947 1309 3186 1382 intelligi.
3216 1312 3332 1368 Jam
3359 1316 3501 1370 enim
3541 1334 3610 1373 ne
3648 1322 3767 1389 quis

2178 1387 2408 1460 inquirat
2434 1407 2530 1448 cur
2549 1394 2650 1450 hoc
2671 1397 2866 1454 dictmn
2898 1402 2985 1469 sit,
3009 1414 3264 1474 quantum
3294 1407 3554 1465 Dominus
3578 1387 3764 1479 donat,

2179 1481 2476 1550 expediam.
2523 1487 2862 1558 Prurparabat
2903 1493 3042 1550 Deus
3085 1498 3292 1554 animos
3342 1500 3618 1559 hominum
3674 1522 3768 1576 per

2178 1570 2519 1642 Prophetam,
2542 1588 2598 1634 ut
2620 1580 2775 1636 talem
2797 1583 3162 1644 desiderarent
3188 1592 3518 1650 sacerdotem
3539 1610 3638 1666 pro
3663 1570 3770 1667 quo

2178 1667 2355 1722 nullus
2376 1681 2556 1739 posset
2578 1688 2750 1730 orare.
2775 1677 2892 1746 Ipse
2917 1679 3241 1749 ﬁgurabatur
3261 1687 3587 1755 temporibus
3608 1689 3769 1759 primi

2178 1759 2357 1828 populi
2386 1769 2441 1815 et
2469 1763 2624 1831 primi
2653 1767 2858 1835 templi,
2892 1769 2978 1824 ubi
3008 1773 3183 1827 omnia
3215 1773 3395 1844 ﬁgura:
3420 1788 3623 1833 nostra:
3649 1779 3768 1835 fue-

2090 1860 2092 1862 '
2179 1859 2324 1904 runt.
2355 1851 2480 1908 ldeo
2517 1855 2664 1911 solus
2705 1871 2946 1916 summus
2971 1863 3220 1918 sacerdos
3247 1865 3477 1921 intrabat
3503 1867 3556 1923 in
3581 1879 3768 1924 sancta

2179 1954 2506 2012 sanctorum,
2539 1957 2597 2002 ut
2617 1959 2794 2006 oraret
2820 1968 2916 2022 pro
2940 1955 3155 2024 populo,
3198 1958 3288 2027 qui
3323 1973 3445 2014 cum
3483 1961 3768 2018 sacerdote

2178 2037 2232 2124 in
2267 2039 2376 2108 ipsa
2403 2039 2655 2097 interiora
2693 2055 2875 2099 sancta
2906 2061 3010 2102 non
3055 2049 3305 2104 introibat
3344 2049 3366 2124 (
3389 2050 3548 2105 Leuit.
3573 2070 3691 2118 xvr,
3722 2066 3768 2108 et

2181 2119 2338 2183 Hebr.
2365 2146 2446 2196 1x,
2473 2131 2583 2203 7);
2611 2133 2748 2189 sicut
2786 2136 2879 2192 ille
2927 2139 3178 2196 sacerdos
3209 2119 3424 2197 intravit
3462 2144 3513 2198 in
3558 2157 3765 2200 secreta

2177 2220 2457 2290 caelorum,
2514 2223 2567 2279 in
2619 2224 2709 2280 illa
2751 2227 2967 2283 veriora
2997 2239 3176 2285 sancta
3221 2238 3552 2301 sanctorum,
3591 2236 3766 2291 adhuc

2178 2314 2331 2370 nobis
2380 2315 2467 2371 hic
2505 2317 2695 2386 positis
2729 2335 2826 2388 pro
2865 2321 3056 2390 quibus
3101 2324 3424 2393 interpellat.
3468 2325 3602 2382 Ideo
3637 2328 3770 2383 dixit

2177 2407 2461 2477 PrOpheta,
2487 2409 2548 2465 Si
2575 2414 2849 2481 peccaverit
2875 2415 3112 2484 populus,
3131 2417 3290 2470 orabit
3306 2434 3398 2488 pro
3413 2434 3471 2473 eo
3491 2422 3730 2474 sacerdos
3747 2438 3767 2486 ;

2176 2499 2221 2552 si
2245 2510 2410 2554 autem
2430 2503 2663 2557 sacerdos
2692 2508 2985 2574 peccaverit,
3011 2508 3124 2576 quis
3146 2509 3307 2563 orabit
3336 2527 3426 2580 pro
3455 2527 3513 2564 eo
3531 2512 3557 2564 ξ)
3583 2511 3636 2565 id
3664 2523 3767 2573 est.

2179 2591 2358 2647 Talem
2381 2593 2679 2650 desiderate
2703 2598 3055 2664 sacerdotem,
3082 2601 3169 2669 qui
3196 2616 3419 2670 peccare
3441 2617 3546 2656 non
3571 2605 3764 2672 possit,

2177 2697 2244 2737 ne
2270 2683 2498 2755 indigeat
2525 2688 2664 2741 orari
2691 2702 2786 2757 pro
2811 2704 2888 2744 se.
2919 2691 2983 2744 Et
3010 2691 3129 2745 ideo
3154 2708 3251 2762 pro
3277 2693 3552 2763 Apostolis
3581 2705 3769 2750 oratur

2175 2790 2206 2829 a
2237 2778 2443 2846 populis
2477 2778 2499 2850 (
2525 2779 2636 2840 Act.
2667 2797 2792 2846 xiv,
2835 2781 2950 2852 22)
2985 2801 2997 2837 :
3025 2798 3120 2852 pro
3153 2786 3242 2840 illo
3265 2795 3441 2842 autem
3482 2787 3768 2844 sacerdote

2176 2867 2552 2938 Apostolorum
2601 2873 2853 2942 magistro
2895 2882 2949 2928 et
2984 2875 3209 2932 Domino
3247 2892 3350 2932 non
3385 2887 3590 2933 oratur.
3629 2879 3767 2933 Audi

2177 2958 2279 3014 hoc
2301 2960 2560 3017 Joannem
2591 2964 2862 3032 latentem,
2891 2974 2945 3020 et
2968 2966 3233 3024 dicentem
3265 2986 3278 3022 :
3309 2969 3538 3036 Fratres,
3570 2971 3764 3040 inquit,

2177 3056 2285 3106 [rrec
2308 3054 2468 3108 scribo
2495 3056 2648 3120 vobis,
2689 3065 2741 3110 ut
2765 3073 2866 3111 non
2910 3060 3120 3128 peccetis
3145 3077 3166 3116 .'
3192 3070 3238 3114 et
3261 3061 3305 3115 si
3330 3062 3440 3132 quis
3465 3063 3764 3132 peccaverit,

2177 3148 2473 3201 advocatum
2500 3148 2738 3204 habemus
2755 3153 2896 3221 apud
2935 3151 3160 3220 Patrem,
3190 3152 3367 3208 Iesum
3387 3152 3649 3209 Christum
3669 3155 3767 3224 ju-

2177 3247 2309 3292 stum
2331 3255 2350 3302 ;
2380 3240 2487 3309 ipse
2513 3249 2586 3294 est
2611 3243 2838 3295 exoratio
2866 3259 2959 3314 pro
2992 3246 3207 3313 peccatis
3233 3245 3416 3300 nostris
3443 3246 3484 3316 (Ι
3513 3244 3676 3299 Joan.
3706 3261 3764 3310 ιι,

2180 3331 2232 3394 1,
2257 3328 2292 3382 2
2317 3329 2358 3401 ).
2390 3329 2666 3397 Habemus,
2712 3331 2844 3387 dixit
2873 3351 2885 3387 :
2920 3337 3135 3404 peccatis
3166 3337 3380 3400 nostris,
3417 3335 3575 3393 dixit.
3608 3337 3768 3391 Disce

2180 3420 2551 3489 humilitatem,
2606 3439 2676 3479 ne
2719 3424 2913 3492 cadas;
2960 3426 3068 3481 imo
3119 3437 3178 3481 ut
3215 3427 3500 3498 aliquando
3553 3444 3764 3500 surgas.

2177 3513 2359 3583 Neque
2383 3515 2522 3568 enim
2549 3515 2647 3570 ista
2673 3516 2922 3584 dixisses,
2947 3518 3048 3573 nisi
3077 3519 3382 3575 cecidisses.

2249 3603 2472 3660 CAPUT
2501 3604 2633 3660 CVI.
2652 3636 2728 3647 —
2751 3607 2879 3662 242.
2907 3608 3089 3664 PETIL.
3120 3609 3253 3664 dixit
3284 3627 3296 3663 :
3331 3612 3403 3664 Ac
3430 3627 3493 3665 ne
3519 3612 3537 3643 ¹
3575 3628 3629 3665 se
3657 3612 3769 3666 vin-

2179 3697 2306 3750 dicet
2344 3715 2376 3750 a
2402 3698 2581 3752 delicto
2614 3700 2701 3769 qui
2729 3700 2890 3754 laicus
2937 3709 3038 3765 est,
3083 3703 3178 3755 hoc
3225 3701 3490 3774 interdicto
3531 3712 3768 3758 tenetur:

2185 3807 2204 3839 ι
2242 3788 2324 3842 Ne
2349 3791 2682 3846 communices
2707 3794 2921 3861 peccatis
2935 3794 3134 3848 alienis.
3173 3813 3192 3846 ι

2247 3877 2372 3935 245.
2413 3882 2853 3951 Auc.°re5pondit
2884 3901 2898 3938 :
2930 3885 3109 3952 Erras,
3138 3895 3196 3940 ut
3226 3886 3448 3955 dicitur,
3488 3897 3604 3943 toto
3630 3889 3772 3945 cmlo

2180 3987 2276 4042 per
2301 3973 2624 4042 superbiam,
2651 3973 2776 4029 dum
2803 3989 2908 4029 non
2940 3977 3018 4030 vis
3038 3978 3429 4034 communicare
3456 3978 3575 4034 orbi
3610 3989 3774 4035 terrae

2180 4081 2276 4136 per
2296 4065 2667 4121 humilitatem.
2692 4067 2820 4122 Nam
2843 4083 3016 4139 neque
3055 4070 3157 4126 hoc
3191 4072 3325 4126 laico
3347 4071 3546 4126 dictum
3581 4084 3689 4140 est,
3720 4085 3775 4128 et

2181 4157 2354 4212 nescis
2404 4158 2850 4228 quemadmodum
2892 4161 3090 4216 dictum
3143 4162 3232 4218 sit.
3283 4163 3364 4219 Ad
3417 4164 3773 4221 Timotheum

2180 4249 2468 4317 Apostolus
2493 4264 2610 4304 cum
2633 4251 2908 4317 scriberet,
2931 4252 3029 4308 hoc
3046 4253 3297 4310 monebat
3315 4257 3561 4311 eumdem
3591 4259 3774 4327 ipsum

2181 4340 2517 4396 Timotheum
2552 4359 2565 4395 :
2595 4343 2679 4397 cui
2704 4343 2810 4397 alio
2831 4343 2948 4398 loco
2975 4343 3283 4410 dieit,Noli
3311 4357 3630 4402 contemnere
3653 4368 3780 4421 gra-

2180 4433 2300 4486 tiam
2339 4451 2452 4504 qua:
2488 4435 2539 4489 in
2568 4444 2614 4489 te
2637 4444 2736 4502 est,
2762 4451 2876 4506 qua:
2899 4436 2988 4490 tibi
3013 4437 3133 4491 data
3161 4446 3233 4491 est
3269 4455 3361 4508 per
3395 4439 3778 4509 imposilionem

2180 4541 2419 4578 manuum
2457 4527 2752 4598 presbyterii
2775 4530 2796 4559 ³
2831 4528 2850 4597 (
2877 4527 2902 4585 l
2926 4527 3059 4582 Tim.
3088 4547 3160 4596 tv,
3194 4531 3307 4600 14).
3341 4531 3409 4585 Et
3435 4531 3618 4586 multis
3650 4533 3778 4589 aliis

2180 4617 2516 4673 documentis
2543 4619 2840 4674 ostenditur
2861 4661 2876 4686 ,
2907 4621 3047 4690 quod
3077 4635 3182 4676 non
3210 4631 3327 4676 erat
3367 4622 3554 4677 laicus.
3604 4622 3771 4690 Quod

2179 4717 2355 4762 autem
2391 4709 2485 4776 ait,
2512 4708 2594 4763 Ne
2618 4710 2952 4766 communices
2980 4712 3196 4782 peccatis
3239 4713 3453 4778 alienis;
3494 4727 3778 4770 consensu

2181 4809 2233 4855 et
2251 4800 2442 4870 placito
2468 4801 2689 4872 intelligi
2713 4803 2894 4857 voluit.
2920 4803 3074 4860 Unde
3096 4804 3273 4859 statim
3304 4805 3594 4876 subjiciens
3623 4824 3774 4878 quo-

2179 4891 2340 4945 modo
2362 4891 2414 4945 id
2440 4901 2576 4963 agat,
2602 4891 2675 4947 Te
2694 4894 2882 4962 ipsum,
2915 4894 3102 4965 inquit,
3134 4905 3326 4950 castum
3343 4897 3539 4951 custodi
3565 4897 3690 4966 (Id.
3724 4917 3778 4966 v,

2179 4982 2291 5053 22).
2317 4982 2497 5053 Neque
2527 4985 2668 5039 enim
2697 4994 2750 5040 et
2771 4984 2884 5055 ipse
2912 4985 3108 5040 Paulus
3129 4989 3556 5044 communicabat
3583 5006 3778 5060 pecca

2181 5075 2249 5129 tis
2294 5075 2502 5140 alienis,
2532 5077 2655 5146 quia
2703 5075 2862 5131 falsos
2903 5076 3116 5145 fratres,
3150 5077 3219 5134 de
3256 5079 3449 5149 quibus
3477 5082 3672 5150 gemit,
3724 5087 3779 5138 in

2183 5165 2383 5219 unitate
2442 5167 2705 5234 corporali
2755 5167 3050 5234 tolerabat;
3099 5177 3193 5222 aut
3232 5170 3780 5240 communicaverunt

2183 5257 2324 5313 furto
2348 5268 2400 5311 et
2429 5259 2617 5313 sceleri
2643 5259 2793 5314 Judae
2823 5276 3177 5331 przecessores
3205 5262 3320 5332 ejus
3346 5264 3610 5333 Apostoli,
3643 5268 3779 5335 quia

2183 5363 2300 5404 eum
2328 5364 2392 5404 eo
2413 5349 2519 5418 jam
2547 5351 2758 5406 Domini
2783 5353 3078 5421 venditore,
3121 5362 3177 5409 et
3212 5369 3244 5408 a
3284 5355 3509 5410 Domino
3533 5355 3777 5413 demon-

2182 5452 2369 5506 strato,
2397 5455 2788 5499 sacrosanctam
2815 5460 3023 5502 etenam
3049 5447 3599 5504 communicaverunt.

2253 5534 2475 5591 CAPUT
2518 5535 2673 5592 CVII.
2719 5567 2789 5577 —
2823 5539 2947 5593 244.
3002 5538 3186 5592 Ρετιι..
3221 5539 3395 5594 dixit:
3428 5539 3542 5595 Hac
3588 5542 3782 5598 iterum

2251 5719 2268 5785 ξ
2291 5717 2368 5785 εἰς)Δ
2385 5722 2489 5785 Mss.
2515 5716 2631 5785 Fditi
2655 5728 2788 5785 vero,
2815 5721 2870 5785 At
2887 5728 2960 5785 ne.
3378 5777 3388 5785 .

2251 5780 2270 5810 ¹
2292 5778 2430 5840 aditi,
2447 5777 2729 5841 presbyteri.
2746 5780 3041 5842 castigantur
3068 5790 3130 5828 ex
3153 5777 3502 5842 manuscripu's.
