3998 6466
220 372 322 429 545

219 489 463 546 sententia
492 500 509 533 ι
543 491 656 563 ipse
701 492 971 562 Apostolus
1015 498 1277 561 comparat
1319 490 1637 545 conscientia
1664 490 1815 543 mata:

220 592 495 639 consortes.
531 601 551 635 ι
586 582 657 637 Et
685 584 773 656 qui
799 585 992 653 faciunt
1017 600 1098 650 ea,
1148 583 1337 652 inquit,
1370 592 1419 637 et
1466 583 1554 652 qui
1598 598 1811 635 consen-

222 677 346 728 tiunt
404 675 535 729 talia
568 675 871 746 facientibus
891 718 905 744 ,
934 676 1076 749 digni
1130 684 1246 730 sunt
1298 684 1456 728 morte
1488 693 1507 726 ι
1544 674 1561 743 (
1592 673 1741 728 Rom.
1770 688 1806 739 ι,

221 766 285 820 32
308 766 348 833 ).

286 856 415 911 245.
458 857 594 911 Anc.
644 855 959 928 respondit:
994 854 1404 923 Quomodolibet
1455 869 1517 909 ea
1570 853 1805 919 dixeris,

222 962 323 1001 non
369 962 535 1012 curo;
568 963 694 1002 vera
720 957 844 1003 sunt
875 949 1009 1016 hzrc,
1042 958 1095 1003 et
1122 949 1221 1003 hoc
1251 954 1334 1003 est
1357 946 1497 1017 quod
1534 946 1807 1001 Catholica

215 1038 388 1103 docet,
440 1038 668 1093 multum
710 1040 970 1096 interesse
1015 1040 1156 1095 inter
1196 1040 1591 1095 consentientes
1617 1039 1806 1109 quibus

215 1127 328 1181 haec
356 1128 593 1197 placent,
627 1139 682 1184 et
709 1131 995 1185 tolerantes
1025 1131 1218 1201 quibus
1250 1134 1364 1186 hazc
1391 1130 1688 1201 diSplicent.
1724 1130 1805 1185 Illi

214 1222 354 1274 enim
390 1222 544 1290 palea
575 1221 728 1289 ﬁunt,
761 1224 886 1277 dum
918 1225 1081 1294 palea:
1112 1234 1403 1295 sequuntur
1428 1225 1757 1279 sterilitatem
1787 1242 1803 1279 :

214 1313 292 1366 illi
320 1313 561 1368 triticum
602 1322 747 1382 sunt,
791 1326 1125 1387 exspectent,
1150 1325 1207 1371 ut
1247 1326 1617 1387 segregentur,
1645 1315 1805 1371 Chri-

210 1412 351 1458 stum
384 1405 756 1460 ventilatorem
779 1408 825 1457 '.

280 1492 511 1551 CAPUT
541 1496 720 1551 CVIII.
739 1497 946 1552 —2£6.
972 1497 1159 1553 Ρετιι.
1192 1498 1321 1552 dixit
1351 1516 1362 1551 :
1401 1496 1573 1551 Venite
1598 1515 1713 1569 ergo
1739 1499 1807 1551 ad

211 1584 519 1653 Ecclesium,
551 1589 749 1657 populi,
777 1597 823 1642 et
852 1590 1081 1659 aufugite
1109 1589 1393 1654 traditores,
1427 1590 1471 1641 si
1496 1606 1607 1642 cum
1628 1589 1805 1643 iisdem

210 1676 375 1744 perire
418 1693 520 1730 non
563 1678 733 1731 vultis.
766 1676 903 1731 Nam
932 1688 985 1731 ut
1013 1678 1165 1747 facile
1191 1679 1503 1749 cognoscatis
1529 1680 1662 1749 quod
1691 1696 1805 1731 cum

208 1767 307 1836 ipsi
334 1767 438 1820 sint
464 1784 568 1831 rei,
593 1768 656 1821 de
680 1768 781 1836 [ide
808 1777 977 1822 nostra
998 1769 1181 1839 aptime
1195 1769 1426 1839 judicent
1456 1784 1581 1839 :ego
1601 1769 1804 1822 illorum

210 1857 424 1926 infectos
454 1856 656 1927 baptizo
678 1872 698 1921 ,°
723 1858 800 1912 illi
824 1875 959 1912 meos
983 1900 997 1924 ,
1019 1858 1155 1928 quod
1177 1859 1338 1925 absit,
1369 1860 1616 1929 recipiunt
1643 1861 1804 1929 bapti-

208 1960 388 2013 zatos;
416 1965 533 2019 qua:
558 1950 761 2003 omnino
796 1966 895 2003 non
923 1954 1173 2021 facerent,
1204 1952 1249 2005 si
1272 1952 1323 2004 in
1348 1949 1610 2020 Baptismo
1637 1961 1804 2006 nostra

207 2044 384 2112 culpas
421 2042 623 2114 aliquas
664 2044 999 2113 agnovissent.
1047 2042 1221 2097 Videte
1244 2060 1392 2114 ergo,
1420 2044 1555 2113 quod
1580 2044 1760 2097 damus
1784 2085 1798 2097 .

206 2150 358 2204 quam
383 2134 451 2187 sit
477 2142 704 2188 sanctum
720 2176 733 2199 ,
768 2134 903 2205 quod
924 2134 1177 2189 destruere
1205 2135 1378 2189 metuit
1405 2136 1677 2207 sacrilegus
1703 2135 1801 2188 ini-

206 2226 389 2279 micus.

275 2316 402 2372 247.
450 2316 585 2372 Avo.
631 2316 906 2386 respondit
945 2334 958 2371 :
999 2316 1197 2372 Contra
1226 2316 1383 2372 istum
1410 2317 1625 2388 quidem
1655 2334 1803 2372 erro-

207 2423 318 2463 rem
369 2409 539 2463 multa
582 2409 691 2478 jam
736 2409 1000 2477 diximus,
1043 2418 1096 2465 et
1138 2411 1191 2464 in
1223 2409 1323 2465 hoc
1348 2425 1549 2480 opere,
1575 2420 1627 2465 et
1655 2410 1800 2465 alibi.

209 2498 314 2551 Sed
345 2498 473 2567 quia
517 2499 588 2552 ita
630 2515 877 2569 magnum
921 2501 1311 2555 ﬁrmamentum
1344 2501 1589 2555 vanitatis
1616 2509 1804 2556 vestrae

206 2589 259 2642 in
290 2588 391 2643 hac
422 2589 689 2645 sententia
720 2604 837 2645 esse
866 2590 1197 2646 arbitramini
1223 2632 1238 2658 ,
1270 2600 1328 2646 ut
1355 2591 1421 2645 ad
1450 2591 1551 2645 hoc
1574 2592 1667 2646 tibi
1692 2600 1802 2646 ter-

208 2678 518 2732 minandam
555 2686 772 2749 putares
805 2680 1116 2749 epistolam,
1147 2698 1253 2753 quo
1275 2682 1424 2753 quasi
1457 2684 1722 2738 recentius
1752 2684 1804 2739 in

209 2769 400 2823 animis
432 2769 725 2839 legentium
754 2780 1084 2837 remaneret,
1118 2771 1349 2826 breviter
1373 2773 1689 2842 respondeo.
1716 2774 1805 2829 Sic

209 2859 571 2929 approbamus
612 2860 664 2913 in
702 2860 964 2915 haereticis
996 2861 1321 2932 Baptismum
1345 2903 1362 2930 ,
1390 2878 1493 2918 non
1525 2861 1804 2918 haeretico-

212 2965 327 3005 rum
352 2994 365 3014 ,
396 2950 494 3004 sed
523 2949 723 3004 Christi
743 2992 757 3015 ,
787 2951 925 3005 sicut
951 2952 1004 3005 in
1030 2952 1466 3018 lornicatoribus,
1496 2954 1802 3022 immundis,

211 3041 523 3104 luxuriosis,
540 3040 835 3096 idololatris
854 3084 869 3109 ,
886 3042 1136 3099 veneficis
1156 3084 1171 3110 ,
1203 3044 1595 3100 inimicitiarum
1622 3056 1801 3101 reten-

210 3133 432 3197 torihus,
468 3132 833 3199 contentiosis,
866 3134 1090 3201 aemulis,
1119 3135 1394 3203 animosis,
1414 3136 1803 3193 dissensionum

208 3224 465 3278 studiosis
486 3264 502 3290 ,
546 3224 771 3291 invidis,
814 3225 1072 3291 ebriosis,
1113 3229 1598 3295 comessatoribus,
1643 3239 1697 3285 et
1726 3229 1807 3286 his

208 3316 477 3370 similibus
509 3316 866 3386 approbamus
903 3318 1265 3387 Baptismum,
1308 3335 1412 3374 non
1450 3336 1672 3387 eorum,
1713 3322 1806 3377 sed

208 3406 435 3461 Christi.
475 3407 670 3462 Omnes
698 3409 839 3462 enim
871 3408 956 3463 isti
986 3410 1124 3465 inter
1150 3426 1283 3480 quos
1310 3421 1361 3466 et
1392 3412 1623 3468 hmretici
1652 3415 1807 3484 positi

210 3506 339 3551 sunt
360 3539 376 3563 ,
404 3498 541 3551 sicut
563 3498 690 3553 dicit
714 3499 1003 3568 Apostolus
1022 3542 1036 3567 ,
1069 3516 1289 3569 regnum
1319 3502 1410 3557 Dei
1439 3518 1543 3557 non
1572 3505 1810 3573 posside-

212 3588 344 3642 bunt
389 3588 585 3659 (Galat.
626 3605 690 3656 v,
725 3588 915 3663 19-21)
946 3607 961 3657 ;
993 3600 1047 3646 et
1070 3591 1190 3645 ideo
1213 3592 1281 3646 ad
1305 3594 1571 3649 sinistram
1604 3606 1808 3664 partem

214 3694 331 3731 cum
367 3679 584 3733 diabolo
612 3680 965 3749 pertinebunt.
1004 3681 1111 3736 Nec
1141 3682 1260 3737 ideo
1286 3685 1503 3752 putandi
1530 3695 1653 3740 sunt
1684 3702 1806 3743 esse

216 3768 269 3821 iu
314 3768 515 3823 Christi
558 3786 817 3840 corpore,
864 3773 1004 3841 quod
1048 3783 1131 3828 est
1171 3775 1405 3830 Ecclesia
1431 3818 1446 3843 ,
1474 3779 1594 3847 quia
1621 3777 1809 3834 Sacra-

218 3868 517 3915 mcntorum
549 3862 665 3931 ejus
684 3865 1035 3932 corporaliter
1065 3867 1347 3935 participes
1375 3868 1524 3922 ﬁunt.
1551 3869 1639 3922 Illa
1668 3872 1809 3926 enim

217 3962 268 4005 et
310 3953 367 4006 in
414 3953 606 4007 talibus
644 3963 823 4009 sancta
850 3965 1005 4021 sunt,
1046 3965 1099 4011 et
1126 3958 1205 4011 eis
1233 3957 1445 4029 indigne
1467 3962 1810 4019 tractantibus

218 4058 268 4101 et
310 4047 646 4103 sumentibus
687 4048 753 4103 ad
797 4050 966 4119 majus
1004 4050 1257 4120 judicium
1286 4052 1556 4107 valebunt.
1586 4053 1688 4123 Ipsi
1717 4071 1810 4109 au-

218 4148 321 4191 tem
353 4154 459 4193 non
490 4147 615 4193 sunt
644 4140 696 4193 in
728 4140 813 4194 illa
839 4140 1087 4195 Ecclesia:
1116 4156 1370 4212 compage
1390 4185 1405 4209 ,
1434 4159 1551 4213 qua:
1572 4144 1626 4199 iu
1645 4162 1812 4200 inem-

218 4228 325 4284 bris
353 4230 554 4285 Christi
580 4246 676 4300 per
696 4246 995 4287 connexum
1014 4241 1068 4287 et
1087 4243 1387 4289 contactum
1438 4241 1631 4292 crescit
1651 4238 1703 4293 in
1728 4239 1810 4293 in-

217 4330 548 4376 crementum
596 4322 711 4377 Dei.
764 4323 854 4377 Illa
897 4325 1092 4394 quippe
1139 4325 1376 4380 Ecclesia
1414 4326 1466 4380 in
1515 4337 1661 4396 petra
1688 4339 1807 4396 est,

231 4414 360 4467 licut
386 4413 646 4468 Dominus
666 4412 795 4468 dicit
825 4431 837 4466 :
871 4415 1039 4485 Super
1060 4417 1190 4469 hanc
1207 4426 1396 4487 petram
1421 4418 1682 4488 aediﬁcabo
1705 4420 1810 4474 Ec-

279 4568 294 4597 ¹
327 4571 378 4614 In
400 4572 505 4617 Mss.
526 4581 539 4616 :
565 4576 667 4617 Hac
685 4566 890 4621 itemque
912 4570 1160 4621 sententia.

277 4630 298 4658 ³
323 4629 397 4676 sic
415 4636 522 4698 Mss.
549 4636 603 4678 Αι
625 4635 768 4698 Lov.,_
784 4629 856 4681 illi
886 4630 1093 4698 triticum
1131 4638 1265 4693 sunt,
1300 4632 1418 4683 dum
1458 4642 1737 4698 exspectant
1760 4642 1813 4687 ut

218 4697 527 4752 segregentur
550 4703 636 4753 per
653 4690 895 4742 Christum
916 4690 1257 4744 ventilatorem.

239 4808 364 4826 h-

1553 372 1755 427 LIBER
1794 373 2103 437 TERTIUS.

3373 368 3475 423 5U

1910 493 2113 546 clesiam
2142 506 2299 545 meam
2330 489 2538 562 (Matth.
2582 504 2695 554 xvi,
2744 487 2850 558 I8).
2885 485 2962 541 Illi
3001 493 3176 539 autem
3228 484 3280 539 in
3326 498 3484 537 arena

1912 584 2192 648 nidificant.
2225 582 2361 636 sicut
2392 582 2527 636 idem
2567 580 2819 635 Dominus
2849 579 3012 633 dicit:
3045 579 3145 645 Qui
3170 578 3311 629 audit
3342 577 3489 630 verba

1910 689 2022 727 mea
2046 682 2094 726 et
2117 688 2215 725 non
2237 672 2358 741 facit
2396 687 2473 735 ea,
2502 671 2730 723 similabo
2759 686 2870 722 eum
2902 670 3007 722 viro
3046 667 3218 729 stulto,
3250 670 3337 734 qui
3359 666 3491 719 wdi~

1912 766 2033 835 ﬁeat
2058 764 2261 817 domum
2287 780 2427 817 suam
2454 779 2605 831 super
2644 776 2851 815 arenam
2879 762 2985 833 (Id.
3020 776 3110 824 vn,
3141 760 3254 827 26).
3292 758 3393 812 Sed
3426 772 3491 809 ne

1913 865 2065 925 putes
2098 855 2387 909 Eeelesiam
2418 868 2534 923 qua:
2562 854 2612 906 in
2644 864 2789 921 petra
2816 864 2915 915 est,
2964 853 3017 905 in
3064 866 3166 905 una
3199 860 3347 919 parte
3371 865 3491 903 esse

1916 958 2197 1010 terrarum,
2229 955 2282 999 et
2310 960 2411 999 non
2442 945 2661 999 dill'uudi
2694 960 2859 1012 usque
2885 944 2948 995 ad
2983 942 3114 996 ﬁnes
3148 952 3335 996 terrm:
3368 940 3490 992 audi

1914 1039 2029 1107 ejus
2050 1053 2232 1091 vocem
2263 1038 2329 1091 de
2352 1037 2565 1091 Psalmo
2586 1037 2843 1105 gementis
2873 1036 3007 1089 inter
3030 1034 3161 1087 mala
3188 1032 3492 1102 peregrina-

1916 1132 2072 1183 tionis
2098 1146 2228 1183 suzc.
2256 1130 2341 1182 Ait
2374 1130 2551 1183 enim:
2581 1128 2624 1180 Α
2660 1129 2845 1196 ﬁnibus
2872 1136 3015 1180 terra:
3042 1127 3107 1178 ad
3152 1137 3198 1178 te
3238 1123 3450 1178 clamari
3474 1138 3489 1186 ;

1914 1240 2023 1274 cam
2054 1232 2318 1290 angeretur
2362 1237 2449 1273 cor
2479 1238 2661 1284 meum,
2706 1222 2758 1273 in
2808 1231 2949 1289 petra
2988 1219 3220 1272 exaltas'ti
3258 1232 3371 1269 me:
3400 1216 3492 1268 de-

1914 1312 2105 1364 duxisti
2146 1328 2241 1375 me,
2276 1312 2391 1380 quia
2435 1313 2593 1380 factus
2636 1327 2686 1363 es
2737 1326 2850 1379 spes
2894 1325 3024 1374 mea,
3076 1308 3229 1361 turris
3282 1306 3490 1374 fortitu-

1915 1403 2046 1457 dinis
2084 1420 2115 1455 ιι
2161 1404 2292 1473 facie
2320 1404 2524 1455 inimici
2563 1401 2735 1472 (Psal.
2780 1417 2865 1465 ιχ,
2900 1403 2952 1467 5,
2980 1402 3056 1469 4).
3088 1400 3275 1455 Videte
3301 1413 3479 1468 quem.

1915 1493 2200 1547 admodum
2231 1509 2258 1545 a
2292 1494 2485 1548 linihus
2528 1503 2682 1549 terra:
2728 1493 2939 1547 clamat.
2983 1492 3099 1547 Non
3146 1500 3228 1546 est
3272 1504 3397 1561 ergo
3435 1489 3491 1543 in

1914 1584 2026 1639 sola
2057 1585 2249 1649 Africa,
2286 1585 2363 1639 vel
2392 1586 2519 1639 solis
2546 1584 2705 1648 Afris,
2740 1584 3046 1653 episcopum
3093 1582 3313 1636 Romam
3360 1595 3493 1649 pau-

1915 1676 1992 1730 cis
2042 1677 2401 1731 Moutensibus
2452 1677 2549 1746 (a),
2595 1686 2649 1730 et
2697 1676 2747 1729 in
2795 1674 3101 1743 IIiSpaniam
3127 1673 3306 1727 domui
3334 1671 3492 1726 unius

1910 1763 2145 1815 mulieris
2179 1764 2249 1835 (b)
2271 1780 2335 1819 ex
2364 1767 2537 1821 Africa
2565 1770 2912 1824 mittentibus.
2942 1771 3127 1827 Videte
3145 1774 3496 1842 quemadmo-

1907 1852 2034 1907 dum
2091 1856 2141 1907 in
2192 1865 2335 1925 petra
2378 1858 2661 1913 exaltetur.
2712 1861 2827 1915 Non
2869 1877 2996 1932 ergo
3040 1864 3089 1917 in
3120 1878 3182 1918 ea
3210 1864 3498 1935 deputandi

1908 1955 2029 1999 sunt
2072 1961 2257 2001 omnes
2300 1949 2389 2017 qui
2434 1949 2699 2005 ardilicaut
2739 1953 2789 2006 in
2836 1968 3031 2019 arena,
3062 1954 3112 2008 id
3139 1965 3258 2023 est,
3287 1957 3375 2026 qui
3402 1972 3497 2011 au-

1907 2039 2063 2093 diunt
2092 2040 2246 2095 verba
2272 2041 2467 2095 Christi
2498 2052 2550 2095 et
2577 2058 2681 2096 non
2709 2042 2905 2099 faciunt
2934 2045 3057 2114 :qui
3084 2053 3257 2101 tamen
3282 2056 3335 2102 et
3355 2048 3495 2117 apud

1908 2146 2005 2184 nos
2054 2139 2106 2184 et
2154 2131 2292 2199 apud
2342 2146 2434 2185 vos
2478 2132 2676 2188 habent
2713 2144 2766 2187 et
2796 2134 3006 2188 tradtmt
3034 2135 3284 2205 Baptismi
3314 2151 3495 2192 sacra-

1908 2230 2165 2275 mentum.
2216 2222 2402 2277 Videte
2444 2224 2889 2293 quemadmodum
2930 2241 3053 2294 spes
3096 2227 3210 2294 ejus
3253 2228 3393 2281 Deus
3430 2229 3498 2283 sit

1907 2312 2065 2367 Pater
2108 2322 2161 2366 et
2210 2312 2373 2367 Filius
2416 2323 2470 2367 et
2519 2314 2749 2384 Spiritus
2791 2325 3007 2370 sanctus
3036 2358 3051 2381 ,
3102 2332 3207 2371 non
3262 2318 3448 2373 Petrus
3478 2360 3494 2383 ,

1908 2419 2011 2457 non
2041 2404 2232 2459 Paulus
2264 2422 2277 2469 ;
2302 2414 2500 2475 quanto
2530 2407 2703 2460 minus
2734 2408 2967 2462 Donatus
2992 2449 3007 2471 ,
3036 2419 3125 2463 aut
3152 2409 3445 2464 Petilianus
3467 2412 3493 2463 ?

1907 2493 2023 2548 Non
2051 2510 2177 2565 ergo
2209 2506 2442 2550 vestrum
2472 2504 2554 2551 est
2581 2497 2720 2566 quod
2749 2497 3022 2553 destruere
3052 2501 3335 2554 metuimus
3354 2542 3367 2564 ,
3401 2500 3495 2555 sed

1907 2586 2101 2641 Christi
2132 2604 2150 2640 :
2176 2588 2315 2657 quod
2346 2596 2399 2643 et
2420 2588 2470 2642 in
2499 2590 2769 2658 sacrilegis
2791 2605 2885 2659 per
2905 2605 2962 2645 se
2984 2599 3221 2645 sanctum
3239 2602 3339 2644 est.
3364 2591 3495 2646 Nam

1908 2680 2179 2733 venientes
2220 2694 2249 2731 a
2289 2679 2437 2734 vobis
2476 2680 2714 2749 recipere
2751 2696 2853 2733 non
2886 2696 3193 2748 possumus,
3225 2682 3322 2736 nisi
3354 2683 3494 2751 quod

1908 2780 2141 2825 vestrum
2185 2779 2267 2825 est
2300 2771 2650 2826 destruamus.
2691 2772 3017 2827 Destruirnus
3046 2774 3186 2827 enim
3218 2773 3492 2842 perﬁdiam

1908 2860 2222 2927 desertoris,
2262 2876 2366 2915 non
2405 2862 2727 2916 destruimus
2752 2862 3111 2918 characterem
3140 2864 3494 2932 imperatoris.

1909 2953 2138 3007 Proinde
2174 2962 2227 3006 tu
2273 2954 2385 3022 ipse
2420 2954 2695 3008 considera
2719 2994 2737 3020 ,
2771 2964 2826 3008 et
2854 2954 3068 3008 destrue
3097 2955 3237 3023 quod
3267 2955 3444 3009 dixisti
3481 2974 3495 3009 :

1910 3042 2021 3112 Ego
2045 3085 2058 3107 ,
2097 3044 2270 3111 inquis
2287 3085 2301 3109 ,
2341 3044 2545 3096 illorum
2574 3045 2783 3115 infectos
2806 3045 3001 3115 baptizo
3024 3062 3043 3109 ;
3066 3046 3146 3098 illi
3169 3063 3301 3100 meos
3320 3088 3335 3113 ,
3362 3048 3498 3117 quod

1908 3136 2058 3201 absit,
2091 3136 2334 3205 recipiunt
2364 3134 2663 3204 baptizatos.
2691 3136 2771 3190 Tu
2790 3138 2931 3191 enim
2954 3152 3058 3191 non
3082 3137 3300 3192 infectos
3325 3138 3499 3207 bapti-

1910 3243 2029 3294 zas,
2074 3227 2201 3293 sed,
2247 3235 2305 3282 ut
2346 3228 2420 3282 tui
2462 3229 2660 3283 erroris
2702 3229 2884 3284 fraude
2913 3229 3146 3295 inﬁcias,
3179 3230 3495 3299 rebaptizas.

1910 3318 2017 3372 Nos
2036 3327 2211 3372 autem
2239 3334 2341 3372 non
2367 3328 2481 3373 tuos
2510 3320 2795 3388 recipimus
2816 3320 3129 3389 baptizatos,
3152 3320 3244 3376 sed
3266 3320 3498 3375 destrui-

1912 3426 2031 3465 mus
2078 3426 2317 3465 errorem
2364 3419 2511 3465 tuum
2564 3411 2702 3466 unde
2751 3421 2872 3466 sunt
2920 3412 2993 3465 tui
3024 3452 3039 3474 ,
3084 3422 3139 3466 et
3182 3414 3498 3482 suscipimus

1910 3500 2107 3556 Christi
2132 3502 2456 3571 Baptismum
2483 3502 2623 3557 unde
2651 3512 2774 3557 sunt
2800 3502 3065 3573 baptizati.
3097 3502 3275 3573 Itaque
3301 3518 3498 3573 oppor-

1912 3602 2038 3647 tune
2068 3593 2118 3647 in
2149 3593 2326 3647 medio
2354 3593 2450 3648 abs
2478 3602 2530 3649 te
2560 3595 2791 3663 positum
2818 3604 2899 3648 est
2919 3636 2932 3658 ,
2965 3594 3113 3662 Quod
3138 3596 3283 3649 absit.
3310 3596 3497 3650 Dixisti

1912 3690 2052 3743 enim
2076 3728 2089 3749 ,
2121 3686 2199 3739 illi
2225 3701 2386 3747 meos,
2419 3685 2553 3752 quod
2579 3685 2706 3737 absit
2730 3726 2744 3748 ,
2772 3684 3019 3753 recipiunt
3046 3685 3340 3754 baptizatos.
3365 3685 3497 3739 Nam

1911 3793 2031 3833 cum
2076 3786 2131 3830 tu
2172 3776 2333 3829 velles
2374 3774 2589 3843 intelligi
2634 3774 2782 3840 Quod
2810 3775 2970 3839 absit,
3000 3776 3271 3843 recipiunt,
3306 3775 3498 3829 timens

1914 3886 1980 3923 ne
2019 3878 2137 3923 tuos
2171 3866 2524 3935 recipiamus;
2556 3880 2655 3934 ego
2682 3865 3003 3919 nescientem
3035 3865 3232 3919 dixisse
3257 3866 3458 3935 accipio
3481 3907 3495 3931 ,

1915 3959 2058 4013 Meos
2078 4000 2092 4023 ,
2136 3958 2269 4026 quod
2301 3954 2448 4008 absit.
2490 3954 2695 4008 Revera
2720 3954 2859 4009 enim
2889 3954 3028 4008 absit
3056 3964 3113 4009 ut
3138 3955 3209 4009 tui
3238 3956 3343 4009 sint
3362 3996 3375 4018 ,
3407 3957 3498 4024 qui

1910 4051 2021 4121 jam
2057 4049 2121 4101 ad
2166 4046 2491 4101 Catholicam
2524 4053 2799 4099 transeunt
2830 4062 2843 4096 :
2874 4059 2973 4099 nec
2998 4045 3073 4099 sic
3101 4053 3410 4109 transeunt,
3441 4054 3499 4099 ut

1914 4139 2164 4210 baptizati
2194 4137 2360 4192 nostri
2388 4137 2494 4190 sint
2513 4178 2526 4200 ,
2551 4136 2641 4190 sed
2667 4146 2724 4190 ut
2743 4136 2871 4191 socii
2896 4136 3062 4191 nostri
3085 4136 3190 4191 sint
3212 4153 3227 4203 ;
3251 4137 3499 4207 baptizati

1913 4242 2090 4289 autem
2120 4230 2314 4287 Christi
2341 4230 2613 4285 nobiscum
2641 4229 2767 4283 sint.

1977 4388 2049 4459 (α)
2069 4383 2966 4459 υρρλιίδεειε,βοιηεεξ.ί¹ίςιοδίωοπλὲτιιεβξ
2985 4383 3260 4459 Destruit
3284 4385 3499 4459 λειεξιειβτ

1914 4442 2005 4498 nus
2030 4442 2075 4497 in
2102 4448 2223 4496 libro
2244 4447 2307 4495 de
2331 4447 2621 4502 Hieresibus,
2645 4458 2751 4505 cap.
2776 4442 2855 4500 69,
2877 4450 2928 4492 et
2953 4445 3001 4492 in
3032 4446 3171 4505 epist.
3198 4445 3287 4501 53,
3310 4442 3425 4497 n32,
3450 4452 3500 4491 et

1914 4519 2028 4559 ante
2051 4513 2206 4572 ipsum
2228 4516 2443 4569 Optatos,
2468 4506 2551 4554 lib.
2578 4507 2632 4572 9..
2652 4506 2850 4572 Eosdem
2873 4508 3019 4572 etiam
3042 4505 3313 4572 voc:1_msi_b_i
3334 4512 3502 4552 tzutzu-

1935 4566 2119 4629 titano's,
2138 4572 2242 4620 sive
2270 4566 2562 4629 Cutzuriitas,
2590 4568 2815 4629 discimus
2846 4580 2911 4615 ex
2933 4567 3058 4615 dicta
3081 4568 3222 4629 epist.
3250 4566 3336 4625 55,
3362 4572 3413 4613 et
3438 4580 3501 4614 ex

1935 4586 2119 4629 ntanos,
2138 4586 2242 4620 swe
2272 4586 2562 4629 uutzupltas,
2590 4586 2792 4615 Ulscuuu

1914 4586 2038 4682 Iibro
2059 4633 2120 4680 de
2147 4633 2332 4680 Unitate
2348 4629 2585 4688 Ecclesize,
2613 4641 2718 4689 cap.
2744 4628 2792 4676 ὅ.

1979 4695 2052 4757 (b)
2075 4692 2283 4742 Lucillaz.

1200 4894 1669 4999 LIBER
1742 4889 2459 5001 TERTIUS.

339 5053 849 5128 nel‘ellit‘Augustinus
870 5055 1109 5125 secundas
1130 5053 1317 5128 litteras
1341 5055 1415 5126 (α)
1445 5068 1570 5128 quas
1587 5069 1637 5104 tn
1657 5057 1813 5128 ipsum
1836 5056 2110 5128 petilianus,
2137 5052 2416 5128 viso‘pri‘mp
2434 5050 3021 5128 sitperiorumlibrarium.
3035 5053 3221 5128 scripsit
3244 5049 3507 5128 IIIilIf‘liItilIS

286 5116 479 5175 plenas;
506 5123 558 5165 et
581 5111 810 5178 neglecta
834 5118 1025 5178 propria
1047 5129 1135 5166 sua
1176 5111 1476 5167 defensioue"
1501 5111 1715 5169 ostendit
1746 5118 2029 5169 Petiliauum
2066 5118 2116 5166 in
2147 5111 2292 5163 causa
2312 5111 2571 5172 defeciSse,
2595 5126 2758 5175 neque
2780 5114 2838 5161 ad
2862 5128 2969 5161 rem
2993 5113 3057 5161 de
3080 5126 3174 5174 qua
3196 5113 3379 5173 agitur,
3422 5124 3504 5160 re-

1692 5242 2062 5297 OGWGO

284 5178 527 5239 spondere
548 5176 778 5226 valuisse.

294 5364 518 5420 CAPUT
562 5361 844 5420 PRIMUM.
880 5393 948 5404 -—
994 5364 1042 5417 1.
1091 5362 1246 5431 Legi,
1288 5363 1576 5429 Petilinne,
1615 5363 1817 5416 litteras

224 5463 381 5521 tuas,
428 5457 642 5526 quando
688 5456 863 5525 legere
905 5454 1084 5523 potui,
1116 5454 1306 5523 quibus
1341 5462 1391 5507 te
1420 5453 1548 5507 satis
1576 5450 1819 5506 indicasti

224 5546 481 5600 adversus
526 5546 841 5601 catholicam
892 5544 1216 5607 Eeclesiam,
1270 5557 1363 5611 pro
1406 5552 1553 5611 parte
1584 5542 1813 5608 Donati,

226 5654 331 5691 nec
374 5636 566 5707 aliquid
595 5636 820 5691 valuisse
848 5636 1026 5689 dicere
1053 5634 1299 5689 idoneum
1326 5674 1340 5699 ,
1371 5647 1469 5687 nec
1495 5641 1669 5685 tacere
1694 5647 1818 5702 pcr—

1928 5358 2167 5411 missum.
2198 5355 2341 5423 Quos
2362 5364 2522 5410 testas
2549 5370 2733 5425 passus
2772 5371 2829 5410 es
2850 5396 2862 5419 ,
2890 5364 3083 5424 quanta
3106 5351 3279 5406 cordis
3302 5362 3505 5423 tempe-

1925 5460 2060 5505 State
2086 5450 2347 5504 ﬁuctuasti
2369 5492 2382 5514 ,
2414 5465 2531 5502 cum
2566 5449 2784 5519 legisses
2808 5463 2866 5502 ea
2896 5447 3086 5515 quibus
3114 5446 3244 5515 parti
3273 5448 3509 5513 epistolzu

1925 5527 2028 5594 uile
2054 5582 2067 5604 ,
2097 5556 2213 5610 qua:
2244 5540 2295 5593 in
2324 5554 2511 5593 manus
2539 5554 2683 5591 meas
2712 5548 2833 5590 tunc
2862 5547 3111 5597 venerat,
3142 5546 3334 5605 quanta
3365 5540 3509 5604 potui

1928 5632 2185 5686 brevitate
2206 5646 2268 5684 ac
2291 5629 2661 5701 perspicuitate
2685 5622 2966 5694 respondi?
2990 5624 3179 5680 Vidisti
3202 5629 3340 5681 enim
3365 5637 3507 5681 tanta

292 5751 370 5821 ta)
393 5752 625 5801 Possidius
656 5753 707 5801 iu
730 5749 965 5812 tndiculo,
1002 5761 1107 5810 cap.
1151 5748 1213 5809 3,
1250 5745 1425 5797 librum
1471 5745 1597 5793 hunc
1633 5744 1831 5792 tertiqu
1875 5745 2037 5795 verbis
2083 5742 2175 5792 illis
2217 5749 2383 5791 notat:
2420 5760 2440 5786 at
2463 5746 2629 5788 Contra
2667 5735 2924 5789 secundani
2961 5738 3215 5801 Epistulam
3250 5740 3501 5801 ejusdem,

234 5830 259 5861 ι
284 5812 412 5863 liber
430 5826 568 5864 unus.
592 5829 614 5859 1
