3998 6462
471 347 572 407 547

471 463 721 520 firmitate
761 460 1099 526 roboratam,
1143 462 1290 511 tanta
1335 453 1453 508 luce
1498 450 1814 506 illustratam
1841 488 1856 514 ,
1906 460 2064 516 quam

473 565 717 611 tenemus
741 561 796 608 et
821 549 1156 608 defendimus
1181 545 1476 608 veritatem,
1507 551 1563 596 ut
1585 540 1711 612 quid
1738 547 1922 594 contra
1944 552 2063 592 cam

473 646 760 704 dicendum
797 651 970 709 esset,
1010 655 1114 712 quo
1152 638 1400 696 convicta
1435 636 1798 700 refelleretur,
1830 632 2069 688 invenire

476 753 582 792 non
622 750 828 807 posses.
863 731 1150 789 Attendisti
1173 731 1335 786 etiam
1356 770 1374 797 ,
1405 729 1690 785 multorum
1719 725 1807 797 qui
1836 740 1897 780 ea
1928 725 2071 794 lege-

476 836 634 894 rant,
657 824 1106 897 exspectationem
1133 823 1185 878 in
1214 831 1266 878 te
1293 835 1414 878 esse
1437 834 1750 876 conversam
1775 859 1790 885 ,
1817 815 1954 872 scire
1977 831 2071 871 cu—

479 919 737 992 pientium
777 915 905 986 quid
949 915 1190 980 diceres,
1228 913 1354 984 quid
1393 927 1616 982 ageres,
1647 925 1750 982 qua
1777 907 2031 964 evaderes
2055 947 2070 970 ,

481 1025 587 1080 quo
624 1023 691 1063 ex
731 1007 890 1061 tantis
927 1004 1215 1075 angustiis,
1262 1003 1454 1074 quibus
1498 1011 1550 1058 te
1592 1001 1688 1056 Dei
1717 999 1937 1054 verbum
1963 998 2071 1051 eir-

481 1100 860 1165 cumvallarat,
894 1111 1222 1168 erumperes.
1257 1095 1354 1151 Hic
1377 1105 1433 1150 tu
1454 1136 1468 1158 ,
1501 1095 1592 1164 qui
1621 1092 1912 1156 debueras,
1939 1105 2074 1144 con-

489 1202 689 1264 tempta
729 1191 980 1262 Opinione
1020 1204 1297 1255 vanorum,
1317 1201 1538 1259 pergere
1578 1187 1630 1240 in
1658 1199 1839 1240 veram
1866 1197 2077 1238 sanam-

484 1298 589 1354 quc
615 1282 934 1339 sententiam
956 1323 971 1347 ,
994 1280 1164 1336 fecisti
1186 1279 1327 1350 quod
1351 1277 1418 1334 de
1439 1277 1631 1333 talibus
1651 1274 1922 1345 Scriptura
1943 1287 2078 1343 pra:-

486 1375 623 1431 dixit
658 1393 674 1429 :
720 1374 955 1430 Dilexisti
980 1373 1225 1426 malitiam
1248 1386 1402 1442 super
1431 1369 1814 1440 benignitatem,
1841 1365 2079 1436 iniquita-

489 1479 590 1522 tem
615 1467 776 1539 magis
799 1482 950 1536 quam
977 1465 1112 1535 loqui
1135 1463 1418 1534 aequitatem
1437 1458 1609 1532 (Psal.
1643 1474 1690 1514 ι.ι
1706 1499 1722 1526 ,
1749 1456 1828 1528 5).
1852 1453 2080 1512 Proinde

489 1560 536 1615 si
574 1569 630 1615 et
655 1574 756 1630 ego
783 1558 878 1613 tibi
906 1556 1099 1612 vellem
1129 1571 1226 1626 pro
1251 1553 1547 1610 maledictis
1574 1550 1855 1607 maledicta
1883 1563 2077 1620 repen-

491 1650 655 1716 dere,
693 1647 820 1719 quid
866 1647 1009 1704 aliud
1053 1661 1212 1718 quam
1246 1646 1352 1701 duo
1379 1642 1624 1699 maledici
1648 1656 1929 1708 essemus,
1958 1647 2017 1694 ut
2043 1639 2080 1694 ii

489 1741 585 1812 qui
621 1754 720 1796 nos
752 1740 1028 1811 legerent,
1057 1737 1144 1794 alii
1172 1737 1464 1793 detestatos
1487 1735 1782 1806 abjiccrent
1804 1749 1930 1788 sana
1956 1747 2080 1802 gra-

490 1834 692 1900 vitate,
732 1831 820 1886 alii
861 1830 1095 1887 suaviter
1131 1829 1403 1884 haurirent
1439 1825 1698 1882 malevola
1727 1825 1994 1882 voluntate
2017 1824 2082 1878 1?

491 1925 608 1996 Ego
633 1923 845 1995 quando
871 1924 1062 1994 cuique
1090 1923 1172 1979 vel
1194 1921 1420 1978 dicendo
1449 1919 1535 1976 vel
1554 1919 1836 1976 scribendo
1855 1934 2048 1988 respon
2067 1948 2083 1960 -

490 2011 632 2081 deo,
669 2015 829 2070 etiam
857 2012 1256 2069 contumeliosis
1281 2009 1738 2066 criminationibus
1769 2008 2078 2076 lacessitus,

493 2115 748 2176 quantum
788 2103 918 2160 mihi
948 2104 1202 2159 Dominus
1229 2102 1427 2169 donat,
1459 2101 1677 2157 frenatis
1700 2107 1858 2171 atque
1880 2100 2082 2155 contri-

494 2195 564 2249 tis
588 2198 609 2228 ³
650 2211 803 2250 vana:
853 2193 1230 2265 indignationis
1270 2193 1473 2249 aculeis
1497 2232 1516 2259 ,
1562 2191 1790 2247 auditori
1833 2191 2086 2256 lectorive

492 2288 811 2352 consulens,
839 2302 945 2341 non
973 2301 1073 2357 ago
1101 2294 1160 2340 ut
1181 2283 1381 2340 elliciar
1401 2282 1601 2338 homini
1622 2281 1971 2338 conviciando
1995 2297 2087 2338 su-

491 2381 674 2450 perior
691 2421 706 2444 ,
730 2377 824 2435 sed
849 2392 1086 2434 errorem
1114 2375 1479 2432 convincenda
1497 2375 1778 2431 salubrior.

567 2469 621 2524 2.
661 2467 717 2524 Si
759 2469 900 2524 enim
940 2467 1325 2539 qualecumque
1365 2481 1460 2523 cor
1505 2466 1741 2534 habent,
1766 2465 1857 2537 qui
1879 2480 1940 2522 ea
1967 2481 2086 2537 qua;

491 2558 754 2630 scripsisti
799 2559 1176 2625 considerant;
1226 2557 1354 2629 quid
1393 2557 1486 2613 tibi
1518 2556 1716 2628 profuit
1740 2557 1808 2613 ad
1835 2572 2084 2626 causam,

493 2666 616 2722 qua:
654 2652 793 2707 inter
821 2665 919 2706 nos
942 2649 1011 2707 de
1037 2651 1412 2706 communione
1439 2649 1700 2706 catholica
1730 2650 1815 2706 vel
1844 2650 1912 2706 de
1939 2657 2088 2720 parte

494 2741 686 2796 Donati
716 2741 916 2811 agitur,
944 2741 1086 2812 quod
1114 2741 1302 2797 relicto
1330 2741 1544 2812 negotio
1563 2740 1790 2811 quodam
1813 2740 1972 2796 modo
1991 2757 2090 2812 pu-

492 2830 637 2887 hlico
656 2873 672 2898 ,
703 2832 904 2900 privata
928 2830 1156 2901 quadam
1184 2831 1455 2887 simultate
1483 2830 1712 2886 hominis
1741 2831 1898 2886 unius
1925 2831 2086 2886 vitam

492 2923 771 2982 maledicis
795 2923 1098 2994 opprobriis
1127 2922 1415 2980 insectatus
1439 2938 1499 2980 es
1517 2965 1532 2988 ,
1555 2924 1707 2994 quasi
1730 2923 1892 2979 homo
1913 2922 2000 2979 ille
2019 2922 2090 2979 sit

494 3029 655 3071 causa
679 3028 798 3085 quae
824 3010 1152 3084 inquiritur?
1179 3011 1311 3068 Tam
1335 3014 1474 3068 male
1498 3014 1811 3069 existimasti
1835 3057 1851 3082 ,
1879 3029 1986 3070 non
2006 3013 2089 3069 di-

493 3123 614 3164 cam
656 3107 724 3164 de
756 3105 1074 3162 Christianis
1095 3147 1112 3173 ,
1141 3105 1239 3164 sed
1264 3106 1331 3162 de
1355 3105 1473 3178 ipso
1497 3120 1696 3176 genere
1725 3108 1959 3161 humano
1981 3149 1998 3174 ,
2029 3115 2091 3163 ut

496 3217 605 3258 non
637 3200 884 3257 crederes
910 3215 1067 3270 posse
1099 3210 1188 3256 tua
1215 3201 1414 3270 scripta
1460 3200 1514 3254 in
1564 3215 1753 3256 manus
1789 3201 2088 3271 aliquorum

493 3293 678 3348 venire
705 3291 1064 3362 prudentium,
1086 3293 1177 3363 qui
1202 3306 1262 3348 se
1281 3307 1309 3344 a
1338 3291 1578 3361 personis
1604 3291 1798 3346 nostris
1820 3291 2086 3360 tollerent,

495 3389 550 3437 et
584 3381 929 3452 quaestionem
960 3382 1137 3453 potius
1163 3397 1280 3449 qua:
1305 3383 1445 3438 inter
1470 3397 1569 3438 nos
1599 3390 1894 3438 verteretur
1919 3377 2091 3455 inqui;

495 3483 681 3529 rercnt
700 3516 714 3538 ,
744 3488 840 3528 nec
865 3473 956 3544 qui
981 3472 1065 3528 vel
1096 3472 1280 3542 quales
1305 3487 1545 3528 essemus
1566 3513 1582 3539 ,
1609 3473 1703 3529 sed
1732 3473 1854 3544 quid
1878 3489 1974 3544 pro
1994 3489 2090 3530 vc-

495 3563 655 3618 ritate
703 3563 785 3618 vel
838 3573 1024 3618 contra
1074 3578 1312 3618 errorem
1358 3563 1660 3620 diceremus
1709 3564 2092 3622 attenderem?

496 3653 700 3711 Horum
736 3653 990 3724 judicium
1021 3653 1114 3710 tibi
1142 3653 1493 3710 reverendum
1526 3655 1654 3721 fuit,
1686 3654 1877 3712 horum
1907 3670 2092 3726 reprc-

496 3745 689 3802 hensio
734 3744 1104 3816 prircavenda,
1153 3761 1221 3801 ne
1266 3753 1319 3800 te
1365 3743 1752 3802 arbitrarentur
1779 3746 1910 3801 nihil
1946 3747 2094 3802 iuve-

497 3837 644 3894 nisse
683 3837 824 3906 quod
867 3836 1075 3892 diceres
1097 3879 1112 3904 ,
1148 3837 1247 3892 nisi
1280 3837 1372 3891 tibi
1412 3851 1741 3909 proponeres
1767 3838 1851 3893 cui
1879 3852 2093 3908 quoquo

497 3929 660 3984 modo
695 3929 1058 3985 maledicercs.
1091 3929 1198 3985 Sed
1227 3928 1474 3986 videlicet
1497 3928 1848 4000 quorumdam
1879 3929 2093 3986 levitate

497 4029 658 4091 atque
690 4020 950 4088 vanitate,
973 4022 1062 4092 qui
1084 4021 1312 4077 libenter
1335 4021 1556 4077 audiunt
1579 4022 1699 4078 lites
1719 4022 2044 4093 jurgantium
2071 4023 2092 4055 ³

497 4112 856 4179 disertorum,
901 4121 960 4168 ut
989 4129 1108 4168 cum
1135 4113 1414 4168 attendunt
1439 4131 1596 4184 quam
1627 4115 1942 4186 eloquenter
1967 4130 2096 4170 con-

499 4204 710 4258 vicieris
734 4245 748 4269 ,
789 4220 895 4260 non
937 4205 1240 4260 intueantur
1267 4203 1288 4236 "
1327 4221 1482 4274 quam
1515 4206 1775 4262 veraciter
1806 4206 2094 4262 convinca-

500 4295 597 4350 ris.
622 4292 791 4348 Simul
819 4302 873 4347 et
903 4293 1027 4348 illud
1047 4294 1239 4364 opinor
1261 4294 1412 4364 egisti
1434 4336 1447 4359 ,
1477 4303 1533 4348 ut
1553 4305 1841 4365 occupatus
1861 4311 1979 4351 mea
1998 4295 2094 4351 de-

499 4389 741 4462 fensione
784 4397 1083 4459 susceptam
1123 4405 1337 4444 causam
1381 4391 1541 4448 etiam
1583 4392 1698 4462 ipse
1741 4393 2092 4460 desererem;

499 4489 661 4552 atque
698 4481 770 4535 ita
797 4479 1119 4545 hominibus,
1154 4497 1259 4535 non
1287 4481 1355 4536 ad
1379 4481 1790 4552 disputantium,
1818 4485 1912 4539 sed
1938 4485 2003 4538 ad
2032 4485 2095 4540 li-

501 4571 778 4641 tigantium
838 4571 1000 4627 verba
1056 4571 1329 4627 conversis
1358 4613 1373 4639 ,
1427 4573 1807 4629 obscuraretur
1852 4575 2047 4630 veritas
2076 4619 2092 4644 ,

500 4677 659 4732 quam
698 4663 1027 4719 dilucesccre
1069 4672 1228 4734 atque
1270 4665 1602 4720 innotescere
1640 4663 1952 4720 formidatis.
1982 4665 2096 4737 Ego

501 4753 680 4823 itaque
705 4763 888 4809 contra
917 4755 1022 4810 tale
1047 4755 1328 4811 consilium
1353 4756 1478 4828 quid
1505 4772 1656 4827 agam
1681 4799 1697 4824 ,
1728 4759 1826 4811 nisi
1852 4773 1969 4813 mea
2001 4774 2097 4829 po-

501 4847 610 4902 tius
646 4846 959 4904 defensione
1000 4849 1243 4919 neglecta
1271 4865 1383 4904 rem
1415 4860 1622 4905 teneam
1645 4891 1660 4917 ,
1689 4849 1757 4905 de
1783 4867 1885 4921 qua
1919 4852 2095 4907 inten-

502 4937 703 4992 tionem
749 4932 921 4992 meam
965 4938 1140 4994 nullus
1176 4955 1326 4994 incus
1362 4939 1672 4995 criminator
1696 4942 1964 4996 excutiat?
1993 4943 2096 4997 Do-

502 5043 650 5083 mum
696 5027 791 5083 Dei
829 5028 968 5094 mei,
1005 5028 1155 5099 cujus
1190 5028 1439 5086 decorem
1467 5029 1660 5096 dilexi,
1689 5033 1957 5102 praeconio
1982 5050 2098 5090 ser-

503 5121 697 5177 vientis
735 5122 882 5176 vocis
923 5122 1171 5177 extollam
1201 5163 1216 5186 ,
1261 5137 1348 5177 me
1390 5139 1519 5179 vero
1558 5123 1846 5180 humiliabo
1882 5135 1937 5181 et
1962 5126 2097 5198 abji-

503 5212 662 5270 ciam.
692 5211 838 5283 Elegi
863 5212 1004 5268 enim
1030 5212 1269 5281 abjectus
1297 5221 1415 5268 esSc
1438 5215 1488 5268 in
1515 5214 1673 5270 domo
1702 5217 1792 5271 Dei
1815 5217 1919 5272 mei
1943 5258 1958 5283 ,
1982 5233 2097 5273 ma-

503 5304 586 5374 gis
611 5320 771 5374 quam
791 5304 1038 5359 habitare
1059 5304 1111 5359 in
1139 5304 1494 5362 tabernaculis
1517 5305 1892 5364 haereticorum
1917 5307 2089 5382 (Psal.

504 5412 738 5463 Lxxxm,
772 5397 882 5471 11).
918 5400 961 5452 A
989 5407 1040 5453 te
1062 5413 1219 5469 ergo,
1250 5399 1505 5455 Petiliane
1525 5442 1539 5463 ,
1563 5415 1864 5455 sermonem
1889 5416 2096 5470 parum-

503 5501 601 5557 per
626 5498 858 5544 avertam
885 5505 900 5557 ;
933 5497 986 5546 et
1011 5490 1078 5545 ad
1107 5506 1199 5546 eos
1228 5500 1534 5548 convertam
1559 5532 1574 5558 ,
1607 5506 1740 5563 quos
1767 5506 1798 5545 a
1825 5507 1911 5546 me
1940 5493 2097 5548 malc-

568 5599 587 5668 ξ
610 5606 660 5668 tn
684 5607 810 5668 Mss,
832 5601 1055 5668 malivola
1073 5602 1325 5668 voluptate,

566 5662 590 5724 ξ
612 5662 682 5724 sic
701 5666 810 5724 Mss.
836 5663 1107 5724 Editivero,
1131 5662 1367 5716 coercitis.

569 5723 590 5798 ξ
613 5722 1047 5798 tA-zditi',‘nugaruiun_r
1069 5722 1185 5788 {pro
1200 5741 1299 5798 quo
1321 5736 1446 5798 Mss,
1461 5726 1783 5798 jurgantium.

565 5782 588 5815 ι
611 5783 741 5847 Apud
759 5781 1002 5848 Er."t.ugil.
1028 5781 1144 5838 ven.
1171 5781 1368 5854 cibum,
1393 5781 1650 5842 siiuul'iton
1665 5789 1954 5843 intueantur.
2027 5798 2086 5842 Μ.

1268 336 1544 397 CONTRA
1581 330 1922 392 LITTERAS
1960 325 2322 395 PETILIANI,
2362 326 2420 385 S.
2462 327 2827 386 AUGUSTINI

3654 331 3759 389 348

2175 441 2331 496 dictis
2362 443 2464 498 luis
2485 459 2542 498 es
2568 452 2789 498 conatus
2813 449 3056 497 avertere
3078 483 3093 509 ,
3120 441 3274 514 quasi
3300 441 3403 499 hoc
3430 458 3532 516 ego
3551 444 3759 516 moliar,

2176 545 2233 589 ut
2263 534 2507 592 homines
2525 536 2593 591 ad
2621 552 2706 592 me
2725 544 3124 605 convertantur,
3154 545 3209 594 et
3229 552 3334 592 non
3355 538 3533 610 potius
3551 554 3760 598 mecum

2174 626 2242 682 ad
2272 626 2458 683 Deum.

2247 715 2473 774 CAPUT
2493 717 2557 773 ll.
2575 719 2715 775 —3.
2741 719 2932 774 Audite
2958 733 3108 790 ergo,
3132 721 3454 792 quicumque
3482 723 3766 782 maledicta

2182 808 2389 879 legistis
2410 850 2424 874 ,
2451 824 2571 880 qua:
2601 809 2656 864 in
2685 824 2772 865 me
2801 808 2988 866 iratior
3023 827 3182 882 quam
3209 813 3599 871 consideratior
3629 817 3768 872 Peti-

2182 900 2358 955 lianus
2387 901 2640 956 evomuit.
2671 901 2824 956 Prius
2843 916 2937 958 vos
2958 903 3266 973 apostolicis
3292 906 3465 961 verbis
3489 908 3766 977 alloquar;

2183 1007 2302 1062 qure
2329 998 2499 1058 certe,
2532 992 2933 1064 qualiscumque
2959 995 3074 1064 ipse
3097 1011 3220 1062 sum,
3244 1012 3370 1052 vera
3389 1006 3532 1052 sunt.
3561 998 3658 1055 Sic
3683 1017 3770 1054 nos

2182 1083 2432 1138 existimet
2454 1083 2603 1138 homo
2629 1085 2777 1154 quasi
2796 1085 3052 1140 ministros
3074 1084 3262 1141 Christi
3282 1128 3297 1149 ,
3327 1097 3372 1142 et
3399 1087 3771 1158 dispensatores

2183 1176 2534 1246 mysteriorum
2565 1175 2680 1231 Dei.
2725 1177 2827 1232 Hic
2843 1179 2954 1249 jam
2975 1180 3219 1249 quteritur
3242 1181 3371 1234 inter
3403 1181 3772 1252 dispensatores

2185 1275 2241 1320 ut
2265 1266 2432 1329 ﬁdelis
2452 1267 2564 1338 quis
2589 1268 2892 1323 inveniatur.
2917 1269 3049 1324 Mihi
3068 1278 3237 1325 autem
3268 1271 3532 1326 minimum
3557 1283 3633 1328 est
3661 1285 3716 1327 ut
3741 1291 3772 1328 a

2183 1357 2322 1412 vobis
2344 1357 2613 1430 dijudicer,
2651 1370 2739 1413 aut
2778 1359 2840 1414 ab
2875 1361 3097 1416 humano
3124 1362 3207 1418 die
3225 1379 3245 1418 :
3281 1364 3372 1418 sed
3398 1382 3559 1436 neque
3578 1383 3672 1438 ego
3697 1384 3774 1424 me

2184 1449 2354 1518 ipsum
2367 1450 2573 1521 judico.
2595 1450 2713 1506 Jam
2739 1451 2878 1521 quod
2907 1455 3165 1524 sequitur,
3196 1457 3295 1511 etsi
3320 1457 3450 1512 mihi
3472 1473 3580 1514 non
3601 1459 3771 1516 audeo

2186 1550 2472 1612 coaptare,
2505 1552 2562 1599 ut
2587 1543 2758 1599 dicam
2786 1586 2800 1609 ,
2841 1544 2990 1602 Nihil
3027 1549 3159 1602 enim
3197 1550 3321 1603 mihi
3356 1551 3588 1607 conscius
3625 1569 3773 1608 sum?

2189 1630 2421 1688 ﬁdenter
2444 1634 2460 1666 ¹
2494 1642 2669 1690 tamen
2694 1635 2746 1690 in
2772 1645 3061 1706 conspectu
3095 1639 3189 1696 Dei
3213 1641 3333 1695 dico
3354 1682 3370 1706 ,
3400 1641 3540 1696 Nihil
3561 1659 3770 1711 eorum,

2187 1724 2378 1793 quibus
2403 1724 2694 1782 Petilianus
2741 1736 2950 1798 tempus
2990 1730 3112 1784 viae
3153 1745 3288 1786 mea:
3328 1743 3679 1804 posteaquam
3721 1734 3776 1796 in

2187 1813 2403 1871 Christo
2430 1816 2727 1886 baptizatus
2752 1834 2888 1884 sum,
2914 1821 3224 1876 criminatus
3243 1830 3346 1888 est,
3369 1824 3501 1878 mihi
3527 1826 3774 1882 conscius

2189 1921 2307 1961 sum
2330 1922 2345 1972 ;
2371 1923 2462 1961 nec
2487 1917 2653 1961 tamen
2679 1909 2732 1962 in
2759 1909 2854 1963 hoc
2871 1911 3181 1982 justiﬁcatus
3210 1923 3320 1966 sum
3342 1930 3360 1967 :
3387 1916 3474 1985 qui
3491 1926 3664 1970 autem
3692 1917 3770 1972 di-

2177 1998 2378 2068 judicat
2432 2016 2511 2054 me
2536 2042 2551 2066 ,
2593 1998 2842 2056 Dominus
2879 2011 2972 2059 est.
3017 2002 3193 2075 Itaque
3226 2006 3380 2060 nolite
3419 2017 3536 2062 ante
3579 2019 3774 2078 tempus

2185 2090 2457 2160 quidquam
2481 2092 2716 2162 judicare
2735 2095 2778 2158 ²,
2803 2093 2960 2150 donec
2979 2095 3144 2150 veniat
3171 2096 3438 2163 Dominus,
3461 2108 3506 2154 et
3527 2102 3774 2157 illuminet

2188 2182 2481 2238 abscondita
2509 2185 2824 2238 tenebrarum
2844 2227 2859 2250 ,
2882 2196 2928 2240 et
2950 2188 3286 2261 manifestabit
3315 2191 3645 2261 cogitationes
3666 2211 3772 2247 cor-

2188 2272 2269 2326 dis
2289 2315 2303 2340 ,
2329 2283 2374 2327 et
2396 2285 2514 2328 tunc
2535 2275 2647 2329 laus
2671 2277 2762 2329 erit
2789 2277 3058 2348 unicuique
3077 2295 3108 2332 a
3133 2278 3257 2334 Deo.
3295 2279 3422 2336 Haec
3441 2291 3640 2348 autem,
3672 2287 3774 2354 {ra-

2190 2373 2309 2430 tres,
2340 2367 2699 2438 trans/iguravi
2722 2369 2775 2423 in
2799 2387 2876 2423 me
2899 2413 2913 2435 ,
2947 2387 3010 2424 ne
3030 2387 3189 2442 supra
3215 2388 3368 2441 quam
3403 2374 3653 2444 scriptum
3683 2385 3773 2445 est,

2187 2473 2320 2512 unus
2359 2475 2451 2530 pro
2491 2460 2650 2515 altera
2693 2460 2901 2531 inﬂetur
2939 2461 3180 2516 adversus
3218 2462 3437 2519 alterum
3474 2464 3680 2535 (lCor.
3704 2483 3772 2534 tv,

2193 2552 2330 2621 ιθ).
2377 2552 2559 2626 Itaque
2595 2571 2742 2610 nemo
2777 2557 3024 2628 glorietur
3058 2559 3110 2612 in
3149 2558 3374 2615 homine.
3422 2561 3610 2617 Omnia
3648 2565 3778 2619 enim

2192 2653 2354 2698 vestra
2381 2655 2532 2712 sunt,
2558 2663 2645 2701 vos
2671 2657 2837 2703 autem
2860 2647 3082 2718 Christi,
3108 2649 3337 2708 Christus
3362 2669 3476 2709 vero
3506 2654 3603 2710 Dei
3646 2656 3773 2730 (Id.

2190 2753 2250 2792 ιιι
2273 2779 2288 2802 ,
2319 2737 2492 2796 ἳι-Ξὸ
2513 2741 2554 2811 ).
2581 2739 2775 2796 Iterum
2802 2742 2921 2798 dico
2946 2785 2962 2811 ,
2991 2742 3159 2800 Nemo
3185 2747 3425 2816 glorietur
3449 2749 3502 2802 in
3534 2749 3777 2804 homine:

2191 2829 2390 2900 smpius
2418 2840 2603 2900 repeto
2630 2874 2644 2898 ,
2679 2831 2844 2888 Nemo
2869 2834 3115 2906 glorietur
3145 2837 3199 2890 in
3226 2837 3446 2892 homine.
3479 2838 3534 2894 Si
3565 2841 3695 2910 quid
3726 2842 3776 2896 in

2191 2921 2351 2976 nobis
2373 2922 2638 2980 laudabile
2663 2925 2938 2982 advertitis
2957 2969 2971 2994 ,
2999 2927 3065 2983 ad
3095 2929 3235 2984 illius
3261 2929 3471 2986 laudem
3498 2931 3720 2996 referte,
3747 2949 3778 2989 a

2191 3025 2297 3080 quo
2318 3020 2402 3066 est
2426 3026 2587 3068 omne
2613 3013 2793 3069 datum
2821 3017 3099 3086 Optimum,
3125 3027 3178 3073 et
3199 3033 3359 3076 omne
3379 3020 3577 3076 donum
3606 3023 3779 3092 perfe-

2191 3108 2334 3155 ctum
2369 3116 2382 3155 :
2414 3101 2694 3158 desursum
2725 3114 2808 3160 est
2836 3107 2976 3161 enim
3013 3107 3348 3166 descendens
3371 3125 3400 3165 a
3432 3112 3594 3169 Patre
3619 3113 3780 3169 lumi-

2192 3208 2322 3248 num
2351 3236 2365 3261 ,
2396 3196 2534 3265 apud
2563 3213 2720 3267 quem
2762 3214 2867 3255 non
2907 3210 2986 3256 est
3031 3202 3359 3271 immutatio,
3392 3220 3491 3261 nec
3520 3208 3778 3263 momenti

2191 3285 2529 3342 obumbratio
2552 3288 2569 3358 (
2593 3287 2776 3345 Jacobi
2798 3307 2843 3356 I,
2872 3291 2990 3362 17).
3015 3292 3153 3361 Quid
3182 3295 3324 3350 enim
3347 3295 3611 3352 habemus
3637 3299 3779 3368 quod

2192 3392 2299 3432 non
2326 3380 2670 3450 accepimus?
2701 3382 2755 3437 Si
2781 3393 2956 3437 autem
2985 3386 3288 3454 accepimus
3309 3428 3325 3455 ,
3353 3402 3463 3451 non
3484 3388 3780 3458 gloriemur

2190 3470 2344 3540 quasi
2370 3485 2474 3526 non
2502 3474 2865 3543 acceperimus
2899 3475 2956 3546 (Ι
2987 3475 3103 3531 Cor.
3130 3494 3202 3544 ιν,
3231 3477 3308 3550 7).
3336 3479 3404 3534 Et
3423 3480 3475 3535 in
3497 3480 3584 3536 his
3605 3483 3780 3538 omni-

2192 3560 2294 3617 bus
2318 3578 2667 3634 quaecumque
2693 3565 2745 3620 in
2777 3567 2930 3622 nobis
2959 3567 3095 3621 bona
3121 3571 3290 3624 nostis
3311 3611 3327 3636 ,
3360 3569 3656 3627 imitatores
3682 3589 3778 3628 no-

2191 3654 2289 3708 stri
2317 3664 2506 3720 estote,
2521 3655 2566 3711 si
2589 3665 2767 3712 tamen
2786 3672 2886 3714 nos
2903 3655 3102 3714 Christi
3123 3659 3143 3691 ³
3165 3658 3350 3732 (1m,
3383 3660 3472 3734 16)
3493 3681 3507 3718 ;
3531 3663 3577 3718 si
3597 3672 3776 3719 autem

2193 3745 2366 3817 aliqua
2398 3747 2535 3802 mala
2563 3748 2616 3803 in
2642 3749 2795 3805 nobis
2820 3751 2904 3806 vel
2933 3752 3277 3822 suspicamini
3315 3754 3398 3808 vel
3434 3754 3658 3811 creditis
3696 3757 3779 3812 vel

2193 3837 2386 3894 videtis
2409 3881 2426 3907 ,
2469 3841 2697 3896 retinete
2741 3841 2871 3898 illud
2917 3841 3278 3910 dominicum,
3324 3861 3432 3916 quo
3459 3848 3635 3904 securi
3667 3848 3780 3919 ejus

2196 3929 2494 3986 Ecclesium
2543 3947 2649 3988 non
2706 3942 2928 4004 propter
2970 3936 3108 3990 mala
3153 3936 3426 3992 hominum
3475 3938 3778 3996 deseratis:

2197 4020 2328 4090 Quae
2353 4021 2598 4088 dicimus,
2629 4022 2786 4079 facite
2811 4041 2825 4090 ;
2851 4041 2970 4093 qua:
2991 4035 3170 4082 autem
3199 4029 3335 4082 mala
3366 4043 3464 4083 nos
3490 4029 3669 4085 facere
3689 4047 3781 4101 pu-

2195 4117 2319 4172 tatis
2348 4125 2438 4171 aut
2463 4117 2630 4172 nostis
2655 4159 2671 4185 ,
2703 4119 2870 4175 nolite
2897 4117 3070 4174 facere
3099 4120 3119 4191 (
3142 4119 3327 4175 Matth.
3359 4137 3516 4186 χχιιι,
3543 4123 3579 4180 5
3598 4123 3641 4194 ).
3669 4123 3781 4179 Νοιι

2196 4207 2338 4263 enim
2368 4217 2577 4278 tempus
2608 4219 2690 4264 est
2719 4210 2975 4280 purgandi
3007 4227 3094 4267 me
3114 4213 3287 4279 vobis,
3309 4229 3453 4280 cum,
3481 4228 3602 4269 mea
3625 4230 3783 4270 causa

2196 4302 2436 4371 neglecta
2462 4344 2476 4371 ,
2510 4318 2624 4358 rem
2652 4304 2802 4360 vobis
2833 4305 3101 4360 salubrem
3132 4307 3508 4364 commendare
3534 4323 3788 4378 suscepe-

2197 4392 2296 4446 rim
2321 4433 2336 4459 ,
2366 4403 2424 4447 ut
2463 4409 2622 4449 nemo
2646 4395 2901 4464 glorietur
2931 4397 2982 4451 in
3011 4395 3248 4452 homine.
3291 4398 3604 4455 Maledictus
3641 4401 3784 4457 enim

2196 4485 2369 4539 omnis
2388 4485 2475 4554 qui
2498 4500 2646 4555 spem
2669 4499 2816 4540 suam
2843 4488 2992 4557 ponit
3013 4490 3063 4544 in
3082 4488 3297 4545 homine
3313 4490 3526 4562 (lerant.
3550 4508 3687 4557 xvn,
3703 4492 3781 4562 5).

2198 4574 2312 4631 Hoc
2351 4585 2622 4647 prmcepto
2662 4577 2929 4635 dominico
2967 4588 3021 4636 et
3057 4581 3354 4652 apostolico
3390 4591 3601 4639 retento
3627 4594 3788 4655 atque

2198 4680 2425 4738 servato,
2451 4671 2610 4728 etiam
2643 4688 2728 4728 me
2753 4673 2805 4728 in
2827 4689 2946 4730 mea
2971 4689 3150 4740 causa,
3174 4678 3308 4732 sicut
3335 4677 3582 4733 inimicus
3601 4679 3789 4733 existi-

2199 4764 2331 4818 mari
2361 4764 2542 4832 cupit,
2572 4763 2851 4820 deticiente
2877 4775 2930 4820 et
2956 4780 3213 4835 oppresso
3231 4807 3247 4833 ,
3277 4767 3468 4822 victrix
3497 4767 3604 4822 erit
3627 4783 3785 4823 causa

2199 4855 2285 4908 cui
2315 4855 2509 4910 servio.
2539 4855 2594 4911 Si
2621 4857 2762 4911 enim
2792 4855 3096 4913 ﬁrmissime
3121 4858 3402 4914 tenueritis
3421 4858 3570 4929 quod
3592 4861 3789 4915 exhor-

2200 4953 2286 5000 tor
2312 4956 2366 5002 et
2388 4956 2592 5017 satago,
2617 4947 2953 5003 maledicmm
2978 4965 3098 5006 esse
3117 4965 3330 5006 omnem
3351 4951 3440 5021 qui
3462 4965 3614 5021 spem
3638 4966 3786 5006 suam

2198 5037 2349 5107 ponit
2377 5037 2429 5091 in
2457 5037 2692 5104 homine,
2720 5046 2780 5092 ut
2801 5053 2958 5094 nemo
2979 5040 3237 5109 glorietur
3255 5040 3308 5094 in
3330 5040 3585 5108 homine;
3609 5057 3787 5098 aream

2198 5127 2517 5184 dominicam
2538 5170 2552 5195 ,
2587 5140 2804 5198 propter
2833 5131 3035 5200 paleam
3065 5148 3183 5202 qua:
3212 5132 3296 5188 vel
3321 5148 3464 5188 nunc
3493 5143 3659 5190 vento
3698 5149 3789 5190 su-

2199 5219 2417 5287 perbiae,
2451 5233 2704 5287 percussa
2736 5221 2908 5287 volat,
2939 5223 3023 5277 vel
3053 5223 3236 5278 ultima
3257 5224 3606 5281 ventilatione
3633 5241 3788 5298 sepa-

2199 5308 2402 5361 rabitur
2435 5307 2454 5378 (
2481 5306 2668 5362 Matth.
2702 5325 2756 5364 ιιι
2781 5351 2798 5377 ,
2826 5311 2893 5364 12
2917 5312 2935 5383 )
2959 5352 2975 5378 ,
3008 5311 3157 5367 nullo
3182 5313 3340 5369 modo
3366 5303 3632 5372 deseretis
3651 5359 3666 5383 ,
3696 5331 3794 5372 nec

2197 5397 2414 5451 domum
2443 5413 2686 5470 magnam
2719 5411 2935 5472 propter
2970 5419 3094 5458 vasa
3143 5403 3278 5459 facta
3316 5405 3368 5459 in
3407 5408 3790 5463 contumeliam

2199 5491 2471 5563 refugietis
2501 5494 2568 5564 (ll
2598 5493 2729 5549 Tim.
2755 5512 2811 5563 ιι,
2839 5496 2954 5570 20),
2980 5514 3078 5554 nec
3104 5511 3322 5570 propter
3344 5499 3514 5555 malos
3539 5501 3718 5571 pisces
3743 5502 3791 5556 in

2263 5607 2281 5676 ξ
2306 5607 2444 5676 ltain
2462 5610 2813 5676 manuscriptis.
2840 5617 2894 5676 at
2917 5611 2965 5659 in
2988 5611 3149 5670 editis,
3174 5609 3400 5676 ﬁdeliter.

2262 5669 2282 5700 ²
2308 5668 2752 5740 F.diti,rquenu1uafm
2767 5670 3012 5734 judicare.
3033 5681 3088 5722 At
3113 5668 3238 5736 Mss,
3259 5673 3524 5738 quidquam
3536 5672 3790 5736 judicare.

2200 5738 2361 5780 Srzece
2386 5739 2478 5791 est,
2503 5738 2538 5781 tt
2561 5738 2757 5781 crinale.

2265 5793 2286 5826 ³
2309 5799 2375 5846 tta
2527 5800 2583 5845 At
2606 5794 2743 5856 editi,
2765 5792 2887 5846 sicut
2907 5807 2990 5847 nos
3001 5793 3195 5848 Christi.
