3998 6462
206 365 308 422 519

203 480 380 534 liuore
410 472 750 544 separandos
788 488 882 543 per
904 471 1146 543 disrupta
1176 472 1308 529 retia
1334 471 1544 529 exibitis
1574 471 1796 545 (Matth.

205 585 332 635 xm,
357 568 450 633 47,
481 567 555 623 48
574 567 594 637 )
614 607 630 632 ,
659 582 759 622 nec
786 576 1004 637 propter
1030 564 1213 621 haedos
1238 575 1449 635 pastore
1471 563 1707 619 divisuro
1734 564 1801 619 ad

203 660 479 714 sinistram
522 656 802 728 ponendos
840 658 981 713 bona
1020 656 1236 711 unitatis
1263 668 1461 726 pascua
1490 654 1803 724 relinquetis

206 752 315 825 (Id.
350 765 496 818 xxv,
521 749 615 814 52,
647 748 762 821 55),
789 764 889 804 nec
916 758 1139 819 propter
1163 748 1451 804 commixta
1478 747 1678 801 zizania
1706 760 1804 800 vos

206 859 236 898 a
263 842 424 899 tritici
447 842 707 897 societate
729 883 745 907 ,
774 841 857 896 cui
886 849 1046 910 caput
1069 849 1150 895 est
1178 854 1398 910 granum
1427 838 1555 893 illud
1582 838 1806 893 mortifi-

208 937 383 982 catum
411 934 469 981 et
498 925 908 995 multiplicatum
928 965 945 990 ,
980 932 1034 980 et
1072 939 1191 995 quae
1232 938 1326 993 per
1364 922 1619 977 mundum
1649 920 1805 977 simul

206 1033 378 1087 usque
413 1016 484 1071 ad
513 1030 745 1070 messem
775 1016 967 1069 crescit
992 1015 1008 1046 ⁸
1032 1056 1047 1082 ,
1079 1014 1276 1069 nefaria
1304 1013 1618 1070 discissione
1646 1028 1805 1081 sepa-

212 1109 417 1164 rabitis.
452 1108 598 1178 Ager
625 1115 705 1161 est
735 1107 875 1161 enim
907 1105 1135 1161 mundus
1156 1147 1171 1171 ,
1201 1120 1307 1160 non
1336 1104 1549 1170 Africa;
1580 1103 1803 1167 messis,

212 1199 330 1255 ﬁnis
357 1198 550 1253 srrculi
579 1196 689 1270 (ld.
723 1213 815 1252 xnt
836 1239 850 1261 ,
877 1196 1103 1267 «ξι-ιο),
1137 1212 1242 1252 non
1268 1207 1480 1266 tempus
1509 1195 1719 1251 Donati.

278 1289 512 1346 CAPUT
545 1288 632 1343 Ill.
663 1318 735 1328 —
760 1289 814 1343 4.
847 1288 954 1341 llas
992 1298 1137 1342 certe
1174 1287 1550 1343 similitudines
1571 1300 1807 1357 evange-

212 1381 341 1435 licas
373 1378 784 1450 recognoscitis,
816 1378 881 1432 ad
908 1377 1033 1449 quid
1060 1378 1202 1433 aliud
1227 1377 1403 1445 datas,
1435 1378 1535 1433 nisi
1564 1386 1621 1433 ut
1648 1392 1806 1433 nemo

210 1473 473 1543 glorietur
500 1473 552 1526 in
583 1472 819 1537 homine,
851 1481 992 1525 etne
1019 1471 1137 1540 quis
1165 1485 1261 1541 pro
1285 1471 1456 1526 altero
1476 1470 1689 1525 inﬂatus
1708 1470 1806 1524 ad-

210 1579 396 1620 versus
439 1565 673 1619 alterum
714 1563 982 1617 dividatur
1003 1602 1019 1628 ,
1061 1561 1244 1617 dicens
1269 1603 1285 1629 ,
1328 1560 1441 1633 Ego
1464 1578 1577 1617 sum
1606 1561 1760 1615 Pauli
1786 1578 1806 1616 :

217 1673 337 1713 cum
366 1659 561 1728 utique
590 1671 695 1711 non
724 1655 920 1711 Paulus
954 1655 1239 1711 cruciﬁxus
1265 1655 1332 1710 sit
1359 1670 1456 1727 pro
1487 1656 1668 1721 vobis,
1710 1670 1809 1711 nec

211 1754 263 1809 in
290 1753 519 1808 nomine
549 1750 694 1805 Pauli
724 1792 737 1815 ,
770 1758 971 1820 quanto
1006 1749 1182 1804 minus
1216 1751 1272 1803 in
1302 1749 1515 1803 nomine
1538 1748 1808 1804 Cteciliani

208 1845 290 1900 vel
319 1844 641 1913 cujusquam
672 1851 935 1904 nostrum,
968 1839 1215 1910 baptizati
1245 1839 1362 1894 sitis
1395 1838 1436 1911 (l
1466 1838 1583 1893 Cor.
1616 1855 1666 1907 ι,
1702 1838 1805 1907 12,

210 1936 303 2003 15)
334 1952 349 1987 :
385 1942 447 1987 ut
476 1932 694 1987 discetis
718 1972 733 1997 ,
787 1930 1038 2000 quamdiu
1070 1931 1219 2000 palea
1248 1946 1369 1984 cum
1412 1930 1679 1986 frumento
1711 1931 1807 1985 tri-

209 2036 425 2083 turatur
450 2068 466 2091 ,
502 2024 754 2096 quamdiu
802 2025 977 2095 pisces
1013 2024 1136 2078 mali
1175 2038 1296 2078 cum
1335 2024 1489 2078 bonis
1516 2024 1651 2078 intra
1678 2023 1809 2078 retia

209 2118 486 2174 dominica
532 2125 754 2183 natant,
786 2124 909 2170 ante
956 2126 1164 2185 tempus
1191 2115 1551 2169 ventilatiouis
1581 2115 1810 2170 tolerare

210 2211 389 2281 potius
418 2216 644 2280 propter
672 2207 842 2263 borios
868 2206 1304 2261 commixtiouem
1334 2205 1617 2269 malorum,
1649 2220 1807 2275 quam

208 2302 413 2357 violare
472 2310 689 2370 prepter
732 2297 901 2351 malos
950 2296 1266 2352 charitatem
1323 2296 1632 2351 bonorum?
1684 2296 1811 2350 llrcc

208 2393 408 2464 quippe
436 2390 779 2454 commixtio,
806 2403 910 2442 non
932 2397 1133 2443 :eterna
1154 2430 1169 2455 ,
1198 2387 1292 2442 sed
1324 2386 1631 2456 temporalis
1655 2402 1670 2450 ;
1712 2401 1811 2441 nec

210 2483 511 2555 spiritualis
537 2523 553 2549 ,
595 2481 689 2536 sed
716 2481 1006 2549 corporalis
1037 2489 1138 2534 est.
1190 2479 1245 2533 ln
1284 2494 1388 2549 qua
1423 2494 1528 2532 non
1559 2477 1812 2532 errabant

211 2578 405 2649 Angeli
435 2616 453 2643 ,
485 2574 700 2647 quando
728 2574 977 2642 colligent
1020 2573 1189 2626 malos
1217 2570 1283 2627 de
1311 2570 1487 2626 medio
1507 2570 1772 2639 justorum
1792 2610 1807 2637 ,

209 2680 263 2726 et
304 2669 567 2725 rnittent’
608 2667 659 2719 in
699 2666 966 2718 caminum
1006 2663 1141 2734 ignis
1180 2662 1440 2717 ardentis.
1477 2661 1635 2715 Novit
1669 2661 1811 2716 enim

210 2763 480 2818 Dominus
523 2758 616 2830 qui
656 2765 781 2811 sunt
816 2756 951 2826 ejus.
1000 2755 1067 2809 Et
1105 2756 1150 2810 si
1190 2755 1259 2809 ab
1284 2754 1478 2825 iniquis
1508 2754 1573 2809 ad
1605 2762 1812 2823 tempus

214 2856 577 2927 corporaliter
602 2867 706 2907 non
735 2856 926 2920 potest,
957 2847 1171 2903 recedat
1196 2858 1370 2902 tamen
1393 2848 1460 2902 ab
1481 2848 1591 2916 ipsa
1616 2846 1813 2915 iniqui-

215 2960 327 3002 tate
354 2950 529 3001 omnis
552 2946 639 3014 qui
662 2942 902 2997 nominat
923 2956 1117 2995 nomen
1140 2940 1347 2994 Domini
1370 2938 1439 3010 (11
1464 2939 1595 2993 Tim.
1619 2955 1675 3003 ιι,
1696 2937 1810 3005 19).

212 3028 369 3084 Licet
396 3031 543 3083 enim
571 3045 601 3083 a
629 3031 783 3085 malis
813 3031 1022 3085 interim
1059 3032 1165 3085 vita
1192 3073 1206 3094 ,
1247 3030 1484 3085 moribus
1508 3071 1524 3097 ,
1555 3032 1716 3085 corde
1750 3042 1813 3084 ac

214 3122 494 3177 voluntate
541 3123 778 3192 separari
816 3132 975 3194 atque
1015 3123 1289 3178 discedere
1330 3106 1503 3193 {qua}
1547 3122 1813 3192 separatio

211 3228 433 3284 semper
446 3224 660 3285 Oportet
675 3216 1018 3271 custodiatur.
1035 3215 1337 3285 Corporalis
1354 3225 1528 3270 autem
1548 3214 1813 3285 separatio

210 3304 277 3358 ad
301 3305 490 3359 smculi
523 3306 679 3361 ﬁnem
709 3306 953 3372 ﬁdenter,
988 3307 1268 3375 patienter,
1301 3306 1509 3361 fortiter
1531 3315 1811 3374 exspecte-

218 3408 307 3451 tur
332 3418 345 3451 :
376 3408 596 3467 propter
616 3415 773 3468 quam
798 3400 1248 3469 exspectationem
1269 3398 1468 3453 dictum
1496 3396 1815 3461 est,Sustine

211 3487 526 3555 Dominum,
546 3490 755 3544 viriliter
778 3507 906 3561 age;
934 3493 1244 3559 confortetur
1265 3506 1352 3542 cor
1373 3498 1536 3555 tuum,
1555 3498 1598 3542 et
1623 3489 1813 3543 sustine

211 3578 502 3634 Dominum
520 3579 695 3652 (Psal.
716 3598 861 3646 xxu,
886 3582 988 3650 l-i).
1012 3580 1238 3635 Maxima
1260 3581 1455 3650 quippe
1481 3579 1657 3649 palma
1681 3580 1813 3635 tole-

216 3675 414 3729 rantis:
428 3684 531 3739 est,
550 3675 686 3730 inler
702 3674 1134 3730 subintroductos
1153 3674 1312 3728 falsos
1329 3674 1537 3738 fratres,
1557 3687 1649 3726 sua
1668 3687 1814 3742 qua:-

212 3776 419 3833 rentes,
450 3782 555 3822 non
583 3783 703 3837 qua:
727 3766 854 3823 Jesu
883 3765 1098 3830 Christi,
1129 3766 1465 3820 dilectionem
1506 3779 1610 3818 nou
1661 3778 1810 3818 suam

216 3860 575 3927 quaerentium
603 3902 619 3925 ,
653 3859 743 3914 sed
771 3874 888 3929 qure
914 3858 1043 3913 Jesu
1069 3857 1260 3912 Christi
1286 3897 1302 3922 ,
1336 3856 1481 3910 nulla
1509 3855 1811 3910 turbulenta

214 3958 268 4003 ct
293 3950 581 4005 temeraria
613 3949 946 4005 dissensione
975 3950 1221 4013 turbare,
1251 3962 1350 4002 nec
1379 3947 1634 4001 unitatem
1662 3961 1813 4016 sage-

216 4056 301 4095 nte
330 4041 618 4096 dominica:
648 4058 713 4096 ex
734 4043 877 4096 omni
918 4043 1140 4110 piscium
1176 4055 1373 4110 genere
1402 4039 1770 4108 congregantis
1792 4079 1809 4105 ,

218 4130 345 4185 dum
370 4132 437 4186 ad
465 4133 632 4197 littus,
658 4132 707 4186 id
730 4143 830 4195 est,
854 4133 918 4186 ad
943 4132 1102 4186 ﬁnem
1125 4130 1306 4185 saeculi
1329 4130 1559 4194 ducitur,
1582 4130 1812 4200 superbe

217 4220 427 4274 nefaria
460 4222 801 4276 contentione
840 4221 1174 4289 disrumpere
1206 4238 1217 4272 :
1253 4234 1374 4273 cum
1402 4234 1460 4273 se
1492 4226 1639 4286 putat
1667 4218 1814 4287 quis-

218 4327 324 4381 que
367 4312 570 4380 aliquid
618 4327 735 4366 esse
760 4354 773 4376 ,
816 4327 935 4365 cum
974 4312 1101 4365 nihil
1132 4311 1241 4377 sit,
1269 4318 1427 4379 atque
1454 4310 1522 4363 ita
1551 4324 1611 4363 se
1639 4309 1811 4377 ipsum

217 4403 470 4468 seducit;
512 4411 569 4457 et
612 4401 861 4457 sufﬁcere
903 4402 1013 4456 vult
1042 4402 1107 4455 ad
1150 4401 1462 4471 pepulerum
1494 4399 1813 4454 christiano-

214 4510 335 4549 rum
360 4495 754 4565 separatiouem
786 4535 801 4560 ,
830 4509 984 4548 suum
1013 4494 1096 4547 vel
1125 4508 1342 4547 suorum
1366 4491 1625 4561 judicium
1648 4490 1690 4558 ³,
1720 4491 1811 4561 qui

218 4586 395 4641 malos
444 4585 702 4655 quosdam
747 4585 1121 4640 communione
1164 4584 1628 4637 Sacramentorum
1670 4582 1813 4636 chri-

222 4678 414 4730 stiana:
437 4677 709 4746 religionis
728 4676 969 4746 indignos
986 4690 1042 4729 se
1060 4675 1394 4744 apertissime
1415 4688 1573 4729 nosse
1592 4672 1806 4728 dicunt:

216 4767 285 4822 de
314 4767 510 4837 quibus
545 4776 721 4822 tamen
751 4765 1007 4838 quidquid
1044 4780 1201 4820 nosse
1224 4780 1283 4820 se
1307 4765 1523 4830 dicunt,
1552 4764 1811 4819 universa:

220 4857 483 4913 Ecclesia:
502 4873 621 4929 quae
641 4872 738 4927 per
757 4872 943 4912 omnes
972 4865 1158 4928 gentes
1178 4858 1312 4911 sicut
1337 4865 1419 4912 est
1439 4856 1690 4926 praedicta
1710 4854 1812 4910 dif-

216 4949 495 5015 funditur,
520 4950 845 5021 persuadere
885 4963 990 5004 uon
1025 4957 1267 5019 possunt.
1305 4948 1519 5003 Etcum
1546 4949 1767 5003 istorum
1790 4984 1807 5015 ,

218 5042 370 5111 quasi
401 5056 539 5113 quos
569 5052 865 5108 noverunt,
897 5041 1162 5111 refugiunt
1188 5040 1637 5102 communionem,
1667 5038 1811 5093 illius

216 5132 478 5190 deserunt
507 5135 762 5188 unitatem
794 5152 806 5187 :
838 5150 957 5188 cum
990 5133 1164 5202 potius
1189 5130 1480 5195 deberent,
1514 5131 1557 5185 si
1585 5140 1726 5185 esset
1752 5130 1806 5185 in

219 5225 300 5279 eis
328 5225 567 5299 Charitas
587 5226 764 5279 omnia
791 5224 1073 5290 ευιτριοριις,
1099 5238 1166 5278 ne
1187 5237 1245 5277 se
1265 5236 1293 5275 a
1318 5221 1470 5277 bonis
1489 5220 1806 5287 dividerent,

217 5329 357 5384 quos
379 5316 432 5369 in
462 5314 711 5370 omnibus
730 5315 979 5384 gentibus
1001 5313 1175 5369 aliena
1201 5312 1341 5366 mala
1366 5312 1559 5367 docere
1583 5327 1689 5365 non
1712 5326 1807 5381 po-

216 5416 417 5474 terant,
442 5407 541 5478 ipsi
569 5407 621 5462 in
644 5423 746 5462 una
766 5416 923 5478 gente
946 5408 1171 5462 tolerare
1192 5404 1334 5474 quod
1358 5412 1632 5459 noverant.
1660 5404 1808 5461 Unde

216 5501 380 5555 etiam
408 5514 517 5556 non
547 5498 789 5555 discussa
817 5514 997 5568 causa,
1031 5498 1084 5552 in
1109 5510 1209 5567 qua
1241 5495 1575 5550 documentis
1599 5496 1809 5565 gravis-

282 5694 301 5760 ξ
327 5700 487 5760 Forte,
508 5698 745 5760 crescwpt.
893 5758 909 5760 _
1081 5755 1091 5760 Δ
1172 5749 1182 5760 .

282 5757 304 5787 ²
329 5755 457 5816 Apud
482 5761 557 5803 Er.
575 5755 723 5817 Lugd.
750 5762 867 5803 ven.
892 5758 1022 5817 Lov.,
1047 5755 1092 5801 et
1115 5754 1414 5817 mittentem.
1482 5756 1538 5799 u.

284 5817 306 5849 ³
326 5811 431 5868 uss.
456 5830 566 5869 cuni
584 5811 685 5866 Ani.
712 5822 765 5868 et
788 5821 881 5879 Ean,
906 5812 980 5865 vel
1020 5811 1458 5876 eorumjudicium.

1558 360 1761 417 LIBER
1801 360 2119 422 TERTIUS.

3378 376 3484 434 330

1910 475 2063 532 simis
2089 476 2474 535 convincuntur
2491 480 2795 537 calumniati
2818 482 3206 549 innocentibus,
3234 486 3491 557 probabi-

1910 565 2013 620 lius
2039 567 2331 624 creduntur
2357 570 2655 627 traditionis
2693 573 2914 629 crimina
2951 573 3080 630 falsa
3111 575 3329 633 ﬁnxisse
3350 618 3368 645 ,
3398 581 3492 649 qui

1911 672 2017 712 non
2062 660 2438 717 dubitaverunt
2481 664 2637 735 longe
2680 668 2991 723 sceleratius
3031 670 3233 726 crimen
3275 671 3493 728 nefarias

1912 750 2187 808 divisionis
2211 754 2513 813 admittere.
2545 757 2675 825 Quia
2704 769 2758 815 et
2782 761 2827 815 si
2860 776 3045 817 verum
3071 774 3213 820 esset
3236 765 3492 835 quidquid

1911 841 1979 898 de
2010 844 2291 901 traditione
2322 847 2626 915 jactarunt;
2661 858 2837 907 tamen
2876 854 3199 910 consortium
3234 856 3492 910 Christia-

1912 948 2101 989 norum
2124 950 2256 1005 quos
2282 952 2448 1008 usque
2471 939 2538 993 ad
2568 950 2809 997 extrema
2838 952 2991 997 terra:
3020 944 3197 999 divina
3222 946 3492 1015 Scriptura

1911 1028 2270 1093 commendat,
2294 1039 2511 1099 propter
2531 1030 2632 1086 hoc
2651 1032 2793 1102 quod
2822 1034 2921 1105 ipsi
2940 1035 3196 1102 scierunt,
3219 1036 3293 1091 illi
3315 1049 3492 1094 autem

1913 1119 2220 1175 nescierunt
2244 1163 2259 1186 ,
2287 1123 2585 1192 relinquere
2616 1125 2760 1179 nullo
2791 1126 2948 1179 modo
2972 1127 3288 1183 debuerunt.

1981 1208 2207 1266 CAPUT
2240 1212 2328 1266 IV.
2358 1243 2428 1253 —
2451 1215 2506 1269 5.
2529 1214 2712 1284 Neque
2738 1215 2840 1271 hoc
2857 1216 2975 1271 ideo
2996 1218 3218 1274 dixerim
3243 1229 3299 1274 ut
3319 1220 3494 1291 negli-

1910 1309 2063 1370 gatur
2090 1303 2447 1358 ecclesiastica
2486 1305 2760 1374 disciplina
2782 1346 2797 1372 ,
2824 1318 2876 1362 et
2904 1310 3238 1377 permittatur
3265 1311 3492 1382 quisque

1911 1390 2090 1445 facere
2110 1394 2250 1463 quod
2281 1394 2445 1461 velit,
2478 1395 2594 1450 sine
2630 1397 2733 1451 ulla
2774 1399 3146 1469 correptione,
3184 1411 3245 1457 et
3265 1403 3492 1472 quadam

1914 1482 2217 1538 medicinali
2247 1486 2508 1553 vindicta,
2541 1496 2593 1542 et
2614 1487 2835 1543 terribili
2862 1490 3079 1547 lenitate
3098 1534 3114 1559 ,
3143 1502 3197 1548 et
3220 1493 3495 1550 charitatis

1914 1577 2216 1633 severitate.
2245 1578 2375 1633 Nam
2401 1579 2490 1634 ubi
2521 1580 2626 1635 erit
2652 1580 2782 1635 illud
2811 1582 3051 1650 Apostoli
3085 1602 3100 1638 :
3131 1583 3379 1655 Corripite
3407 1588 3493 1640 in-

1911 1668 2102 1737 quietos
2125 1708 2142 1735 ,
2168 1671 2502 1725 consulamini
2540 1672 2892 1742 pusillanimes
2917 1714 2931 1737 ,
2961 1676 3200 1745 suscipite
3226 1677 3453 1747 infirmos
3477 1721 3493 1743 ,

1914 1760 2159 1829 patientes
2199 1771 2355 1816 estote
2398 1765 2466 1817 ad
2513 1780 2704 1818 omnes.
2746 1763 2916 1820 Videte
2950 1783 3013 1821 ne
3040 1767 3153 1835 quis
3184 1768 3375 1821 malum
3405 1787 3497 1839 pro

1911 1854 2048 1907 malo
2086 1855 2241 1908 alicui
2276 1854 2453 1909 reddat
2492 1855 2763 1927 (lTltess.
2791 1872 2859 1923 ν,
2898 1858 2999 1922 14,
3032 1859 3100 1915 15
3127 1859 3186 1929 )?
3219 1858 3355 1914 Cum
3396 1859 3500 1917 hoc

1914 1947 2097 2016 utique
2123 1946 2367 2015 subjecit,
2410 1947 2584 2002 Videte
2612 1965 2675 2002 ne
2697 1950 2811 2017 quis
2845 1950 3035 2004 malum
3064 1967 3157 2021 pro
3185 1952 3319 2005 utalo
3343 1951 3500 2005 alicui

1913 2038 2131 2101 reddat;
2169 2040 2297 2094 satis
2325 2040 2590 2104 ostendit,
2624 2056 2728 2095 non
2757 2056 2877 2097 esse
2918 2042 3044 2096 mali
3086 2057 3184 2114 pro
3214 2045 3351 2098 malo
3378 2044 3499 2098 red-

1912 2130 2213 2199 ditionem,
2256 2133 2527 2203 corripere
2572 2133 2872 2203 inquietos,
2922 2135 3164 2205 quamvis
3207 2151 3303 2205 pro
3345 2136 3499 2206 culpa

1914 2222 2291 2292 inquietudinis
2328 2224 2581 2280 reddatur
2616 2239 2772 2296 paena
2818 2226 3189 2296 correptionis.
3230 2226 3343 2281 Non
3373 2242 3502 2297 ergo

1914 2314 2112 2368 malum
2139 2324 2219 2368 est
2240 2315 2594 2385 correptionis
2619 2331 2776 2387 poena
2804 2359 2817 2381 ,
2846 2332 2967 2371 cum
2997 2317 3066 2371 sit
3098 2317 3297 2372 malum
3324 2319 3497 2388 culpa.

1912 2404 2094 2474 Neque
2134 2407 2277 2461 enim
2303 2406 2502 2462 ferrum
2531 2416 2614 2463 est
2642 2409 2839 2463 inimici
2874 2410 3199 2465 vulnerantis
3225 2452 3239 2476 ,
3268 2411 3358 2465 sed
3388 2425 3501 2465 me-

1913 2498 2015 2553 dici
2045 2501 2293 2555 secantis.
2328 2500 2486 2557 Fiunt
2514 2500 2613 2555 ista
2654 2500 2710 2555 in
2744 2500 2984 2556 Ecclesia
3011 2542 3027 2568 ,
3066 2511 3120 2557 et
3155 2503 3244 2556 ille
3284 2502 3501 2571 spiritus

1914 2589 2181 2646 interioris
2211 2590 2441 2647 lenitatis
2469 2591 2620 2647 ardet
2647 2592 2767 2647 zelo
2794 2593 2919 2655 Dei,
2952 2607 3018 2647 ne
3055 2592 3206 2663 virgo
3235 2602 3378 2647 casta
3410 2594 3499 2647 nui
3546 2620 3548 2622 τ

1920 2683 2037 2737 viro
2061 2682 2381 2752 desponsata
2418 2683 2632 2739 Christo
2668 2685 2720 2738 in
2755 2684 3016 2755 aliquibus
3058 2683 3167 2739 suis
3207 2685 3457 2739 membris
3481 2725 3498 2747 ,

1914 2776 2050 2829 sicut
2091 2775 2199 2829 Eva
2235 2777 2451 2832 seducta
2485 2784 2567 2832 est
2601 2777 2860 2846 serpentis
2888 2776 3099 2841 astutia,
3122 2786 3502 2846 corrumpatur

1915 2881 1945 2919 a
1974 2868 2218 2921 castitate
2263 2883 2381 2937 quae
2430 2876 2512 2923 est
2560 2866 2615 2921 in
2662 2866 2878 2921 Christo
2929 2867 3011 2938 (11
3042 2865 3161 2922 Cor.
3197 2883 3249 2920 xu
3276 2909 3288 2930 ,
3317 2868 3352 2921 2
3378 2908 3393 2933 ,
3426 2868 3500 2938 5)

1918 2955 2295 3013 Verumtamen
2325 2959 2459 3014 absit
2498 2974 2525 3012 a
2562 2960 2733 3014 servis
2771 2958 3161 3028 patrisfamilias
3184 3000 3199 3025 ,
3234 2968 3291 3014 ut
3316 2960 3499 3014 immec

1914 3056 2093 3097 mores
2121 3043 2227 3096 siut
2258 3042 2507 3112 prmcepti
2538 3043 2743 3095 Domini
2772 3044 2872 3105 sui,
2899 3053 2952 3095 et
2978 3044 3053 3096 sic
3082 3044 3335 3097 adversus
3358 3045 3503 3100 ziza-

1918 3134 2124 3188 niorum
2154 3132 2544 3187 multitudinem
2576 3131 2851 3202 flagrantia
2889 3144 3087 3188 sancta:
3128 3133 3502 3204 indignationis

1916 3226 2191 3295 ignescant
2215 3267 2230 3293 ,
2255 3235 2456 3281 etcum
2494 3241 2556 3281 ea
2587 3227 2771 3281 volunt
2808 3233 2932 3281 ante
2970 3236 3177 3297 tempus
3212 3228 3460 3298 colligere
3486 3270 3501 3294 ,

1915 3318 2073 3371 simul
2121 3316 2427 3373 eradicetur
2473 3326 2527 3373 et
2569 3316 2825 3372 triticum.
2859 3317 3021 3388 Cujus
3054 3318 3252 3387 peccati
3296 3319 3378 3372 isti
3422 3319 3501 3371 rei

1916 3417 2256 3475 tenerentur,
2300 3409 2509 3465 etiamsi
2549 3424 2672 3464 vera
2701 3411 2923 3466 crimina
2958 3410 3295 3464 traditorilms
3319 3453 3333 3476 ,
3366 3424 3504 3479 quos

1915 3498 2314 3565 insimulabant,
2343 3516 2401 3555 se
2431 3500 2694 3571 objecissc
2722 3511 3085 3557 monstrarent
3113 3519 3126 3555 :
3156 3500 3402 3570 quoniam
3426 3500 3501 3555 si-

1914 3590 2024 3645 mul
2053 3606 2159 3646 non
2188 3592 2361 3646 solum
2400 3592 2467 3647 ab
2497 3592 2692 3663 iniquis
2716 3634 2731 3658 ,
2761 3609 2984 3664 quorum
3015 3593 3323 3649 societatem
3355 3593 3504 3649 velut

1915 3682 2201 3746 evitabant,
2233 3681 2325 3737 sed
2356 3683 2514 3738 etiam
2538 3699 2565 3736 a
2588 3683 2741 3737 bonis
2763 3683 3005 3737 ﬁdelibus
3029 3684 3078 3736 in
3102 3683 3346 3735 omnibus
3372 3697 3503 3751 gen—

1916 3776 2055 3831 tibus
2093 3776 2393 3829 constitutis
2416 3817 2432 3842 ,
2473 3775 2665 3844 quibus
2693 3790 2754 3829 ea
2792 3791 2909 3844 quae
2940 3790 2998 3829 se
3027 3788 3185 3828 nosse
3211 3773 3493 3837 dicebant,

1914 3867 2141 3937 probare
2170 3880 2276 3919 non
2300 3872 2581 3934 poterant,
2619 3864 2775 3932 impia
2820 3865 3233 3933 prarsumptione
3271 3863 3498 3931 separati

1915 3966 2058 4021 sunt,
2089 3970 2378 4025 secumque
2406 3953 2623 4015 multos,
2653 3952 2790 4021 apud
2821 3967 2952 4021 quos
2982 3952 3155 4021 aliqua
3184 3951 3500 4006 auctoritate

1914 4046 2274 4119 prmvalebant
2299 4087 2312 4108 ,
2346 4052 2399 4099 et
2430 4045 2516 4114 qui
2544 4044 2717 4096 minus
2749 4042 3040 4111 intelligere
3064 4048 3346 4111 poterant,
3382 4040 3500 4093 uni-

1916 4148 2076 4194 tatem
2110 4136 2365 4191 Ecclesia:
2390 4144 2500 4190 toto
2530 4134 2658 4188 orbe
2692 4132 2896 4187 diﬁ‘usm
2923 4146 3018 4201 pro
3051 4132 3239 4186 alienis
3264 4132 3500 4203 peccatis

1915 4230 2062 4283 nullo
2103 4226 2262 4282 modo
2298 4242 2417 4281 esse
2456 4225 2804 4280 deserendam
2830 4265 2845 4291 ,
2875 4231 3148 4277 traxerunt
3174 4225 3225 4277 in
3256 4222 3499 4278 eamdem

1916 4318 2203 4389 perniciem
2229 4333 2243 4382 ;
2274 4326 2331 4370 ut
2363 4315 2571 4371 etiamsi
2613 4314 2711 4383 ipsi
2743 4314 2942 4367 scirent
2972 4326 3095 4369 rera
3133 4314 3354 4367 crimina
3383 4314 3501 4382 qui—

1914 4408 2139 4463 busdam
2167 4422 2226 4462 se
2257 4406 2490 4477 objicere
2510 4447 2523 4471 ,
2548 4420 2612 4460 eo
2643 4404 2803 4459 modo
2832 4404 3030 4474 periret
3058 4404 3297 4457 inﬁrmus
3326 4403 3379 4456 in
3407 4418 3501 4458 eo-

1915 4514 2029 4554 rum
2072 4497 2313 4560 scientia,
2347 4506 2561 4567 prepter
2604 4512 2762 4566 quem
2808 4494 3055 4550 Christus
3126 4504 3365 4548 mortuus
3406 4502 3497 4549 est

1915 4592 1973 4661 (1
2001 4592 2115 4646 Cor.
2142 4609 2263 4658 vni,
2294 4593 2380 4662 11)
2403 4634 2416 4659 ,
2446 4592 2569 4646 dum
2605 4590 2838 4646 offensus
2870 4590 3021 4644 malis
3050 4589 3237 4643 alienis
3260 4630 3276 4656 ,
3332 4588 3500 4644 inter-

1913 4686 2112 4741 imebat
2132 4686 2187 4739 in
2214 4701 2271 4739 se
2298 4684 2495 4738 bonum
2522 4684 2667 4755 pacis
2690 4682 2828 4753 quod
2860 4682 3088 4737 habebat
3110 4697 3230 4736 cum
3250 4681 3501 4737 fratribus

1916 4778 2069 4833 bonis
2093 4820 2106 4842 ,
2137 4778 2225 4847 qui
2270 4778 2461 4847 partim
2510 4774 2632 4829 talia
2679 4788 2784 4828 non
2823 4774 3139 4840 audierant,
3174 4773 3362 4841 partim
3393 4788 3500 4827 non

1914 4871 2151 4925 discussa
2184 4878 2236 4923 et
2276 4883 2383 4922 non
2416 4866 2635 4936 probata
2677 4876 2879 4920 temere
2918 4864 3136 4919 credere
3180 4863 3500 4919 formidave-

1914 4972 2034 5019 raut
2056 5004 2070 5029 ,
2116 4962 2305 5031 partim
2343 4959 2611 5031 judicibus
2656 4958 3029 5014 ecclesiasticis
3050 5000 3064 5025 ,
3096 4956 3161 5011 ad
3192 4970 3324 5027 quos
3354 4966 3499 5017 trans

1913 5069 2059 5110 mare
2088 5062 2197 5108 tota
2226 5067 2382 5108 causa
2414 5050 2665 5122 perducta
2699 5058 2798 5115 est,
2821 5048 3225 5119 qualiacumque
3244 5047 3260 5077 ¹
3289 5045 3376 5099 illa
3406 5058 3497 5098 cs-

1913 5154 2032 5203 sent
2054 5186 2067 5209 ,
2104 5134 2318 5213 paciﬁca
2346 5142 2643 5197 humilitate
2670 5141 3012 5211 reliquerant.

1983 5234 2206 5293 CAPUT
2235 5234 2299 5289 V.
2330 5264 2403 5274 —
2426 5234 2480 5290 6.
2516 5233 2622 5288 Vos
2648 5247 2777 5303 ergo
2797 5272 2810 5297 ,
2843 5238 3025 5287 sancta
3054 5223 3291 5298 germina
3321 5225 3493 5279 unica:

1911 5330 2099 5388 matris
2118 5328 2427 5395 Catholicae,
2451 5326 2752 5397 hujusmodi
2775 5324 2991 5380 sceleris
3016 5331 3069 5376 et
3091 5318 3291 5375 erro‘ris
3313 5332 3496 5373 exem-

1911 5425 2078 5495 plum,
2107 5420 2303 5476 subditi
2331 5418 2577 5483 Domino,
2604 5424 2800 5487 quanta
2824 5411 3043 5484 potestis
3064 5409 3333 5480 vigilantia
3358 5423 3495 5479 prm-

1910 5524 2114 5573 cavete.
2138 5511 2477 5583 Quantalibet
2494 5510 2749 5564 doctrina:
2770 5522 2831 5561 ac
2852 5505 3006 5559 fama:
3024 5503 3141 5558 lucc
3159 5500 3491 5573 przefulgeat,

1913 5609 2247 5682 lapidemque
2294 5620 2354 5661 se
2400 5617 2519 5659 esse
2558 5601 2725 5672 jactet
2764 5597 3055 5670 pretiosum
3081 5636 3096 5665 ,
3129 5595 3368 5667 quisquis
3396 5608 3492 5650 vos

1977 5810 1993 5842 ι
2019 5808 2091 5859 Sic
2112 5811 2220 5857 Mss.
2258 5799 2374 5853 Editi
2408 5802 2601 5857 autem,
2643 5795 3038 5855 quantacunque.
