3998 6466
488 378 582 434 551

489 486 700 540 trahere
722 481 948 539 voluerit
975 487 1092 551 post
1117 492 1175 533 se
1203 477 1372 546 ipsum
1394 514 1411 542 ,
1452 480 1775 528 mementote
1799 470 1938 542 quod
1973 470 2056 523 illa

491 577 682 631 mulier
708 575 860 630 fortis
887 582 942 628 et
973 586 1075 626 una
1112 569 1200 623 uni
1235 565 1477 622 amabilis
1501 565 1616 619 viro
1645 578 1743 619 suo
1763 602 1778 628 ,
1821 578 1977 632 quam
2010 562 2061 614 in

491 668 678 722 ultimo
702 664 1108 722 Proverbiorum
1136 667 1316 715 sancta
1342 657 1611 727 Scriptura
1638 654 1910 721 describit,
1939 667 2062 722 prc-

495 759 681 814 tiosior
707 768 788 813 est
814 754 1070 826 lapidibus
1097 750 1362 822 pretiosis.
1391 749 1556 804 Nemo
1585 748 1725 824 diqat
1748 788 1764 813 ,
1795 746 1944 802 Illum
1974 759 2064 799 se-

492 865 649 918 quar,
677 847 924 918 quoniam
955 845 1068 915 ipse
1092 857 1177 898 me
1201 841 1548 897 christianum
1569 838 1731 904 fecit;
1761 845 1884 902 aut,
1915 836 2064 890 Illum

493 951 710 1007 sequar,
739 933 988 1004 quoniam
1013 933 1128 1002 ipse
1152 947 1237 987 me
1262 929 1568 1001 baptizavit.
1593 927 1774 998 Neque
1798 927 1887 997 qui
1919 925 2066 995 plan-

494 1035 572 1081 tat
601 1035 682 1081 est
704 1023 920 1095 aliquid,
945 1037 1121 1093 neque
1142 1021 1233 1092 qui
1263 1021 1417 1091 rigat,
1440 1019 1532 1074 sed
1562 1018 1651 1088 qui
1682 1017 2063 1071 incrementum

490 1115 580 1168 dat
598 1114 739 1169 Deus
755 1113 796 1184 (I
812 1111 932 1169 Cor.
957 1127 1034 1180 ιιι,
1049 1112 1123 1181 7).
1143 1112 1208 1166 Et
1229 1112 1365 1165 Deus
1384 1108 1614 1164 Charitas
1635 1116 1736 1174 est,
1762 1115 1817 1161 et
1838 1105 1930 1176 qui
1950 1120 2065 1158 ma-

499 1214 590 1259 net
616 1205 669 1260 in
697 1203 976 1270 charitate,
1005 1203 1057 1256 in
1083 1201 1192 1257 Deo
1216 1209 1426 1267 manet,
1458 1207 1512 1254 et
1533 1198 1674 1253 Deus
1693 1197 1745 1251 in
1775 1196 1865 1250 illo
1888 1202 2067 1249 manet

502 1293 543 1364 (Ι
564 1293 720 1347 Joan.
743 1307 819 1359 tv,
850 1291 962 1362 16).
989 1290 1176 1346 Nullus
1197 1289 1357 1345 etiam
1385 1287 1682 1358 praedicans
1700 1299 1893 1341 nomen
1912 1282 2067 1339 Chri-

500 1383 568 1436 sti
595 1424 611 1449 ,
636 1391 691 1438 et
717 1389 934 1452 gestans
961 1394 1025 1435 ac
1058 1379 1366 1435 ministrans
1397 1377 1794 1433 Sacramentum
1831 1373 2024 1430 Christi
2049 1414 2064 1437 ,

497 1473 804 1544 sequendus
839 1481 925 1530 est
956 1480 1139 1528 contra
1178 1469 1434 1524 unitatem
1473 1466 1692 1524 Christi.
1734 1464 1877 1535 Opus
1913 1479 2066 1520 suum

502 1565 695 1636 probet
713 1565 1103 1636 unusquisque;
1127 1572 1182 1618 et
1204 1572 1326 1618 tunc
1345 1562 1396 1616 in
1417 1576 1474 1616 se
1495 1561 1609 1631 ipso
1631 1568 1828 1614 tantum
1847 1559 2067 1629 gloriam

501 1655 753 1723 habebit,
790 1664 846 1712 et
893 1670 999 1712 non
1044 1655 1098 1710 in
1138 1656 1326 1710 altero.
1358 1652 1728 1722 Unusquisque
1765 1651 1906 1708 enim
1941 1665 2066 1720 pro-

504 1746 679 1816 prium
705 1759 843 1800 onus
867 1744 1100 1815 portabit
1123 1742 1320 1816 (Galat.
1344 1757 1427 1810 vi,
1450 1742 1504 1809 4,
1532 1741 1634 1810 5),
1661 1754 1798 1796 onus
1825 1739 2071 1795 videlicet

501 1833 790 1891 reddenda:
814 1835 1034 1890 rationis
1061 1851 1077 1891 :
1101 1835 1221 1904 quia
1246 1832 1603 1903 unusquisque
1629 1838 1866 1887 nostrum
1894 1843 1991 1899 pro
2011 1844 2070 1884 se

498 1925 758 1980 rationem
781 1924 989 1981 reddet.
1017 1924 1135 1980 Non
1165 1924 1342 1994 itaque
1367 1923 1594 1993 amplius
1618 1920 1841 1976 invicem
1866 1919 2071 1989 judice-

501 2030 623 2070 mus
653 2014 848 2088 (Rom.
879 2030 1000 2081 stv,
1034 2015 1102 2070 12
1122 2056 1138 2082 ,
1170 2014 1296 2085 15).
1338 2013 1471 2068 Nam
1511 2020 1764 2084 quantum
1792 2011 1978 2067 attinet
2003 2009 2068 2065 ad

503 2118 670 2160 onera
697 2115 892 2160 mutua:
911 2105 1202 2171 charitatis,
1225 2105 1447 2161 invicem
1467 2118 1627 2159 onera
1647 2113 1822 2159 vestra
1841 2110 2066 2173 portate,

501 2203 558 2249 et
585 2195 663 2249 sic
690 2194 1048 2265 adimplebitis
1083 2195 1251 2264 legem
1285 2193 1500 2271 Christi.
1532 2193 1633 2261 Qui
1667 2194 1809 2250 enim
1839 2201 1987 2263 putat
2012 2207 2072 2248 se

505 2298 626 2339 esse
650 2285 848 2354 aliquid
867 2325 882 2350 ,
913 2299 1034 2340 cum
1064 2285 1190 2339 nihil
1217 2284 1318 2352 sit,
1349 2299 1409 2340 se
1435 2285 1605 2354 ipsum
1631 2283 1834 2340 seducit
1859 2281 2069 2353 (Galat.

501 2391 577 2440 vi,
595 2375 630 2428 2
644 2385 690 2429 et
706 2377 785 2445 3).
807 2375 1132 2432 Sull‘eramus
1156 2390 1284 2447 ergo
1307 2376 1532 2431 invicem
1553 2376 1604 2430 in
1625 2375 1924 2442 dilectione,
1943 2375 2072 2430 satis

504 2475 722 2536 agentes
761 2481 975 2524 servare
1019 2467 1274 2522 unitatem
1321 2467 1538 2537 spiritus
1582 2467 1638 2521 in
1676 2466 1886 2522 vinculo
1927 2467 2071 2536 pacis

502 2554 717 2625 (Ep/tes.
748 2571 820 2623 IV,
845 2555 903 2627 2)
935 2575 948 2610 :
981 2568 1129 2612 extra
1147 2571 1304 2626 quam
1325 2557 1561 2627 quisquis
1585 2556 1802 2626 colligit,
1825 2571 1929 2610 non
1951 2571 2070 2610 cum

500 2647 716 2703 Christo
742 2647 942 2719 colligit
969 2664 982 2700 :
1010 2647 1249 2718 quisquis
1271 2655 1447 2704 autem
1469 2661 1573 2702 non
1593 2661 1710 2702 cum
1735 2645 1944 2702 Christo
1962 2647 2072 2702 col-

497 2738 612 2808 ligit
630 2779 646 2804 ,
672 2739 870 2809 Spargit
895 2737 1104 2809 (Matth.
1129 2754 1203 2793 xu
1223 2779 1238 2804 ,
1269 2737 1392 2810 '50).

579 2827 805 2884 CAPUT
835 2828 920 2882 Vl.
945 2857 1018 2868 —
1046 2829 1097 2883 7.
1119 2829 1348 2884 Proinde
1373 2830 1483 2884 sive
1519 2828 1587 2884 de
1607 2827 1836 2895 Christo,
1862 2827 1973 2882 sive
2003 2827 2072 2884 de

497 2917 614 2988 ejus
639 2917 900 2986 Ecclesia,
924 2919 1035 2973 sive
1055 2917 1123 2973 de
1146 2934 1475 2990 quacumque
1493 2920 1595 2974 alia
1620 2935 1679 2975 re
1703 2935 1822 2990 qua:
1843 2919 2070 2989 pertinet

496 3007 567 3062 ad
588 3007 745 3062 fidem
773 3006 1040 3078 vitamque
1068 3008 1351 3074 vestram‘,
1376 3023 1480 3062 non
1511 3008 1681 3062 dicam
1711 3022 1830 3074 nos,
1874 3022 2072 3078 nequa-

498 3111 657 3168 quam
683 3096 1023 3167 comparandi
1051 3098 1098 3152 ei
1127 3098 1215 3167 qui
1236 3097 1386 3165 dixit,
1409 3096 1548 3150 Licet
1566 3097 1612 3150 si
1632 3113 1758 3161 nos;
1785 3097 1880 3152 sed
1901 3097 2072 3151 omni-

498 3202 571 3243 no
590 3187 731 3258 quod
759 3196 972 3244 secutus
998 3187 1210 3258 adjecit,
1245 3185 1304 3242 Si
1324 3188 1531 3257 angelus
1559 3187 1621 3241 de
1647 3188 1770 3242 ctelo
1799 3187 1933 3242 vobis
1973 3205 2070 3242 an-

499 3282 799 3335 nuntiaverit
842 3290 1024 3350 praeter
1062 3296 1214 3348 quant
1250 3280 1464 3350 quodin
1504 3279 1788 3349 Scripturis
1817 3280 2071 3350 legalibus

496 3379 556 3439 et
596 3369 912 3440 evangelicis
947 3370 1225 3440 accepistis,
1266 3371 1534 3424 anathema
1565 3371 1630 3424 sit
1677 3369 1874 3440 (Galat.
1905 3387 1954 3438 ι,
1987 3369 2068 3440 8).

503 3459 632 3515 Haec
656 3461 950 3529 vobiscum,
993 3470 1047 3516 et
1071 3475 1191 3516 cum
1218 3462 1461 3517 omnibus
1480 3477 1613 3532 quos
1637 3461 1846 3516 Christo
1879 3461 2071 3516 lucrari

500 3550 766 3618 cupimus,
784 3549 1090 3632 ‘actitantes,
1133 3559 1289 3621 atque
1317 3552 1454 3605 inter
1478 3559 1672 3605 caetera
1697 3557 1932 3606 sanctam
1971 3550 2072 3605 Ec-

507 3640 722 3696 clesiam
747 3629 904 3710 quam
943 3639 997 3694 in
1027 3640 1116 3695 Dei
1160 3640 1375 3694 Litteris
1415 3640 1726 3710 promissam
1751 3640 1990 3710 legimus,
2018 3648 2072 3694 et

507 3729 644 3783 sicut
671 3729 928 3799 promissa
975 3736 1059 3784 est
1086 3729 1138 3782 in
1162 3729 1408 3784 omnibus
1431 3728 1675 3798 gentibus
1721 3728 1869 3783 reddi
1897 3729 2072 3783 cerni-

497 3833 619 3875 mus
649 3818 1013 3888 praadicantes,
1054 3817 1122 3873 ab
1159 3819 1224 3872 iis
1249 3833 1380 3888 quos
1406 3818 1470 3872 ad
1489 3819 1603 3888 ejus
1632 3819 1905 3888 paciﬁcum
1950 3832 2072 3888 gre-

497 3907 661 3962 mium
686 3907 877 3962 attrahi
894 3908 1156 3977 eupimus,
1183 3923 1276 3978 pro
1295 3908 1502 3963 actione
1521 3908 1805 3978 gratiarum
1831 3906 2071 3961 ﬂammas

497 3999 788 4053 meruimus
817 3998 1058 4054 odiorum
1078 4016 1092 4052 :
1111 3998 1260 4069 quasi
1276 4013 1374 4054 nos
1388 3998 1544 4054 eosin
1560 4012 1622 4052 ea
1649 4006 1795 4067 parte
1826 3997 2069 4066 ligaveri-

499 4103 642 4153 mus,
673 4104 771 4159 pro
798 4103 900 4159 qua
921 4103 1026 4144 non
1053 4089 1333 4144 inveniunt
1363 4087 1487 4158 quid
1512 4088 1823 4158 loquantur;
1854 4095 1946 4140 aut
1973 4100 2072 4142 nos

498 4177 926 4234 mandaverimus
952 4186 1100 4232 tanto
1136 4187 1260 4232 ante
1294 4177 1577 4246 Prophetis
1604 4186 1659 4232 et
1685 4177 1974 4246 Apostolis,
2012 4185 2072 4231 ut

499 4267 558 4320 in
587 4266 732 4321 libris
760 4267 870 4320 suis
909 4267 1055 4322 nulla
1085 4266 1385 4322 testimonia
1417 4261 1692 4335 ponerent,
1729 4267 1922 4336 quibus
1950 4281 2069 4335 pars

500 4359 690 4413 Donati
719 4359 951 4412 Ecclesia
970 4358 1164 4412 Christi
1178 4372 1296 4413 esse
1323 4357 1594 4411 doceatur.
1625 4357 1690 4411 Et
1717 4371 1814 4411 nos
1835 4357 2069 4426 quidem,

505 4447 823 4512 cbarissimi,
851 4463 970 4504 cum
1016 4448 1144 4502 falsa
1189 4449 1413 4502 crimina
1459 4447 1702 4502 audimus
1730 4448 1797 4503 ab
1834 4449 1912 4502 eis
1938 4462 2072 4517 quos

503 4539 817 4596 offendimus
861 4539 1196 4610 pradicando
1233 4538 1441 4608 eloquia
1481 4537 1736 4604 veritatis,
1784 4547 1838 4592 et
1875 4538 2071 4592 erroris

500 4629 802 4700 vaniloquia
825 4629 1203 4696 convincenda,
1232 4628 1507 4695 habemus,
1533 4627 1870 4693 sicutnostis,
1901 4627 2071 4682 abun-

503 4720 867 4775 dantissimam
887 4719 1322 4776 consolationem.
1361 4718 1492 4773 Nam
1521 4718 1567 4773 si
1593 4718 1646 4772 in
1676 4718 1754 4772 eis
1776 4717 1966 4786 quibus
1986 4731 2072 4773 me

503 4811 870 4877 criminantur,
904 4811 1260 4866 testimonium
1284 4809 1626 4865 conscientire
1651 4823 1783 4862 mere
1816 4824 1920 4861 non
1967 4816 2074 4862 stat

504 4911 692 4958 contra
719 4917 805 4958 me
831 4903 884 4958 in
913 4909 1202 4972 conspectu
1225 4901 1342 4967 Dei,
1369 4916 1474 4971 quo
1495 4900 1671 4955 nullus
1699 4899 1885 4954 oculus
1931 4913 2075 4952 mor-

511 4995 632 5048 talis
669 4993 991 5060 intenditur;
1045 5006 1150 5048 non
1198 4991 1371 5048 solum
1413 4989 1713 5046 contristari
1745 5004 1850 5044 non
1877 4987 2068 5052 debeo,

499 5101 683 5141 verum
709 5087 867 5141 etiam
895 5086 1064 5140 debeo
1090 5083 1320 5156 gaudere
1343 5093 1396 5138 et
1416 5083 1699 5148 exsultare,
1721 5081 1842 5152 quia
1868 5093 2074 5135 merces

500 5193 618 5234 mea
649 5178 811 5232 multa
853 5187 937 5234 est
974 5178 1026 5232 in
1061 5176 1232 5232 ctelis.
1276 5175 1456 5247 Neque
1484 5176 1627 5230 enim
1657 5171 1969 5228 intuendum
1993 5178 2077 5226 est

497 5283 656 5340 quam
713 5269 783 5324 sit
841 5282 1080 5322 amarum
1105 5308 1120 5334 ,
1158 5266 1254 5322 sed
1288 5281 1444 5337 quam
1477 5265 1666 5320 falsum
1705 5263 1846 5334 quod
1883 5262 2072 5329 audio,

506 5369 562 5413 et
601 5373 758 5428 quam
803 5373 964 5412 verax
1011 5372 1108 5426 pro
1162 5357 1312 5426 cujus
1364 5357 1579 5411 nomine
1633 5355 1734 5409 hoc
1781 5352 1968 5418 audio,
2021 5360 2078 5407 et

502 5450 586 5503 cui
613 5449 825 5516 dicitur,
853 5447 1174 5519 Unguentum
1201 5446 1416 5514 effusum
1443 5456 1514 5500 est
1541 5461 1719 5499 nomen
1743 5453 1881 5497 tuum
1904 5441 2074 5512 (Cant.

511 5553 552 5602 ι,
579 5537 658 5608 2).
686 5537 750 5592 Et
791 5539 981 5592 merito
1020 5537 1215 5607 fragrat
1255 5537 1308 5591 in
1352 5536 1596 5592 omnibus
1621 5533 1887 5607 gentibus,
1926 5532 2076 5600 cujus

511 5629 728 5684 odorem
770 5629 878 5695 isti,
909 5631 998 5700 qui
1041 5630 1191 5685 nobis
1232 5628 1573 5696 maledicunt,
1621 5629 1673 5683 in
1721 5641 1823 5683 una
1876 5624 2076 5681 Africae

566 5763 584 5794 ¹
610 5763 742 5813 Sicin
765 5769 869 5813 Mss.
897 5769 949 5813 Αι
971 5763 1020 5812 in
1044 5761 1200 5823 editis,
1224 5765 1449 5812 nostram.

1321 363 1590 420 CONTRA
1630 355 2360 426 LITTERAS-PETILIANI,
2400 357 2460 416 S.
2499 357 2862 416 AUGUSTINI

3622 356 3726 412 δ’ἒὲ

2171 472 2424 540 particula
2460 483 2720 529 conantur
2745 475 3032 530 includere.
3063 474 3171 529 Cur
3197 474 3372 545 itaque
3393 472 3624 528 feramus
3653 473 3734 526 in-

2171 565 2330 634 digne
2355 566 2497 635 quod
2529 581 2626 622 nos
2653 566 2928 632 infamant,
2955 566 3044 635 qui
3081 565 3273 636 gloriae
3305 563 3501 618 Christi
3545 563 3622 616 sic
3641 562 3735 616 de-

2172 656 2405 721 trahunt,
2445 672 2666 726 quorum
2709 657 2845 728 parti
2879 655 3305 724 coutentionique
3335 653 3604 709 inimicum
3635 660 3736 717 est,

2170 747 2310 818 quod
2338 747 2406 803 de
2427 747 2567 802 illius
2585 747 2650 802 ad
2671 748 2834 803 caelos
2855 747 3187 811 ascensione,
3215 755 3266 799 et
3285 745 3351 799 de
3374 743 3602 798 nominis
3627 741 3742 812 ejus

2173 846 2419 907 tanquam
2469 837 2716 907 unguenti
2751 836 3040 903 effusione,
3075 843 3223 890 tanto
3267 843 3390 890 ante
3425 833 3736 904 praedictum

2171 940 2295 984 est:
2330 927 2574 982 Exaltare
2617 944 2767 998 super
2812 927 2992 994 ca’los,
3039 925 3206 991 Deus;
3253 935 3298 979 et
3345 940 3494 995 super
3541 939 3740 978 omnem

2173 1026 2358 1070 terram
2376 1014 2539 1086 gloria
2565 1025 2652 1069 tua
2672 1015 2841 1088 (Psal.
2873 1031 2978 1082 LVI,
3013 1014 3100 1085 12)
3131 1017 3155 1068 2

2261 1104 2484 1161 CAPUT
2535 1105 2648 1160 VII.
2707 1136 2779 1146 —
2837 1107 2888 1161 8.
2925 1107 3049 1161 llaec
3072 1116 3123 1161 et
3147 1106 3267 1161 talia
3296 1105 3476 1161 divina
3499 1107 3740 1160 testimo-

2172 1195 2257 1249 nia
2297 1209 2394 1250 nos
2434 1195 2690 1251 adversus
2717 1194 2944 1250 humana
2972 1196 3267 1266 vaniloquia
3291 1195 3640 1265 proferentes,
3674 1195 3740 1248 ab

2172 1285 2400 1342 inimicis
2423 1286 2604 1357 gloriae
2639 1285 2836 1342 Christi
2875 1287 3065 1342 acerba
3091 1288 3369 1358 opprobria
3391 1288 3733 1343 sustinemus.

2174 1377 2516 1448 Dicantquod
2542 1381 2745 1447 volunt,
2766 1379 2890 1434 dum
2916 1380 3007 1435 ille
3041 1396 3138 1435 nos
3156 1380 3481 1444 exhortetur,
3513 1381 3698 1436 dicens
3725 1399 3739 1434 :

2174 1467 2316 1523 Beati
2363 1469 2450 1538 qui
2486 1470 2876 1539 persecutionem
2911 1471 3171 1540 patiuntur
3214 1481 3418 1541 propter
3452 1472 3738 1541 justitiam,

2172 1559 2292 1628 quia
2320 1558 2548 1630 ipsorum
2573 1570 2648 1614 est
2665 1576 2875 1632 regnum
2897 1560 3156 1615 calorum.
3187 1561 3327 1615 Beati
3348 1563 3485 1617 eritis
3510 1579 3629 1616 cum
3657 1579 3744 1616 vos

2175 1652 2418 1720 persecuti
2437 1651 2644 1720 fuerint,
2679 1660 2725 1705 et
2742 1651 3091 1706 maledixerint
3114 1652 3271 1718 vobis,
3285 1661 3332 1706 et
3360 1653 3578 1707 dixerint
3596 1669 3745 1706 omne

2174 1743 2362 1796 malum
2389 1743 2654 1797 adversum
2677 1758 2781 1810 vos,
2811 1743 3100 1799 mentientes
3120 1754 3322 1814 prapter
3343 1759 3441 1797 me.
3483 1744 3641 1811 Quod
3670 1746 3754 1798 ait.

2173 1835 2436 1906 superius,
2487 1845 2693 1907 propter
2728 1837 3019 1907 justitiam;
3049 1836 3151 1891 hoc
3170 1836 3434 1905 repetivit,
3487 1835 3631 1904 quod
3673 1837 3747 1889 ait

2175 1934 2376 1996 postea,
2410 1936 2612 1997 propter
2634 1943 2713 1981 me
2735 1943 2754 1980 :
2781 1928 2905 1998 quia
2933 1931 3100 1999 factus
3129 1936 3203 1981 est
3225 1925 3368 1981 nobis
3407 1927 3658 1994 sapientia
3697 1937 3763 1980 ειν

2167 2017 2366 2085 justitia
2385 2027 2433 2070 et
2451 2017 2784 2085 sanctiﬁcatio
2821 2026 2870 2072 et
2895 2017 3202 2089 redemptio;
3222 2026 3294 2083 ut,
3328 2017 3750 2086 quemadmodum

2173 2109 2414 2176 scriptum
2432 2118 2524 2176 est,
2554 2107 2653 2173 Qui
2676 2107 2942 2180 gloriatur,
2976 2109 3031 2163 in
3055 2107 3272 2162 Domino
3295 2107 3533 2179 glorietur
3561 2107 3604 2177 (l
3627 2107 3746 2160 Cor.

2176 2215 2214 2266 ι,
2241 2198 2355 2270 51).
2383 2198 2485 2264 Qui
2523 2214 2642 2254 cum
2686 2198 2846 2265 dicat,
2876 2199 3092 2269 gaudete
3136 2207 3183 2251 et
3236 2199 3502 2264 exsultate,
3560 2214 3772 2250 merces.

2173 2291 2304 2344 enim
2331 2299 2494 2344 vestra
2534 2289 2692 2343 multa
2743 2297 2813 2343 est
2850 2289 2902 2342 in
2929 2288 3065 2342 melis
3096 2287 3306 2358 (Matth.
3335 2304 3388 2353 ν,
3419 2287 3647 2357 ill-l2);
3703 2289 3749 2340 si

2173 2379 2314 2450 quod
2343 2379 2538 2434 dictum
2578 2388 2679 2445 est,
2723 2389 2927 2450 prapter
2963 2379 3218 2451 justitiam
3256 2389 3311 2433 et
3334 2388 3538 2448 propter
3563 2395 3664 2444 me,
3697 2378 3751 2431 in

2173 2473 2311 2526 bona
2331 2473 2652 2527 conscientia
2674 2481 2848 2536 teneo,
2871 2469 3108 2541 quisquis
3130 2470 3313 2524 volens
3340 2469 3572 2525 detrahit
3593 2469 3756 2524 fama:

2173 2578 2330 2629 meae,
2356 2563 2543 2618 uolens
2562 2563 2707 2618 addit
2732 2561 2961 2618 mercedi
2991 2577 3142 2617 mete.
3173 2560 3354 2631 Neque
3375 2561 3515 2615 enim
3548 2576 3638 2615 me
3662 2561 3759 2615 ille

2175 2667 2272 2707 suo
2303 2653 2464 2708 verbo
2493 2652 2860 2707 tantummodo
2886 2651 3117 2718 edocuit,
3146 2659 3198 2706 et
3227 2667 3332 2704 non
3357 2651 3516 2706 etiam
3542 2665 3644 2706 suo
3670 2652 3775 2705 lir-.

2175 2745 2337 2798 matit
2362 2743 2625 2813 exemplo.
2664 2743 2900 2814 Sequere
2931 2751 3233 2798 sanctarum
3262 2742 3659 2812 Scripturarum
3683 2742 3754 2796 fi-

2174 2831 2318 2900 dem,
2343 2832 2580 2888 invenies
2601 2832 2864 2888 Christum
2883 2833 3239 2887 resurrexisse
3255 2847 3286 2885 a
3309 2831 3553 2898 mortuis,
3570 2847 3758 2886 ascen-

2175 2923 2320 3000 disse
2349 2924 2400 2977 in
2427 2924 2646 2990 omium,
2676 2922 2862 2979 sedere
2903 2922 2972 2977 ad
2995 2922 3267 2978 dexteram
3294 2922 3485 2976 Patris.
3513 2921 3757 2990 Sequere

2175 3014 2570 3069 criminationes
2591 3014 2943 3081 inimicorum,
2961 3013 3070 3083 jam
3101 3012 3306 3082 putabis
3334 3027 3454 3068 eum
3474 3011 3544 3067 de
3569 3013 3762 3082 sepul-

2174 3123 2267 3163 cro
2291 3105 2520 3161 furatum
2541 3097 2657 3161 esse
2683 3121 2713 3160 a
2729 3105 3019 3176 discipulis.
3041 3104 3176 3172 Quid
3201 3119 3328 3175 ergo
3350 3118 3468 3170 nos,
3489 3113 3756 3174 quantum

2175 3198 2289 3268 ipse
2318 3197 2501 3264 donat,
2524 3195 2869 3252 defendentes
2891 3195 3106 3250 domum
3135 3194 3270 3265 ejus,
3293 3195 3360 3249 ab
3380 3193 3612 3249 inimicis
3636 3195 3760 3264 ejus

2175 3290 2319 3345 aliud
2343 3304 2559 3360 sperare
2605 3289 2896 3344 debemus?
2925 3287 2985 3342 Si
3019 3287 3434 3358 patremfamilias
3471 3285 3756 3340 Beelzebub

2174 3389 2493 3447 vocaverunt,
2538 3389 2724 3450 quanto
2757 3379 2918 3450 magis
2940 3378 3234 3438 domesticos
3261 3377 3371 3447 ejus
3393 3375 3505 3446 (Id.
3534 3392 3593 3442 ι,
3625 3376 3757 3447 25)?

2173 3473 2230 3529 Si
2260 3488 2386 3544 ergo
2408 3473 2712 3539 toleramus,
2743 3480 2798 3527 ct
2831 3469 3289 3539 conregnabimus.
3337 3467 3391 3524 Si
3433 3478 3616 3524 autem
3648 3484 3757 3523 non

2175 3579 2357 3620 aurem
2403 3564 2570 3618 solam
2614 3564 2840 3633 percutit
2882 3560 3151 3616 iracundia
3195 3561 3545 3627 criminantis,
3567 3576 3757 3616 verum

2175 3656 2334 3710 etiam
2384 3655 2760 3710 conscientiam
2799 3653 3008 3708 mordet
3048 3653 3242 3707 veritas
3287 3652 3528 3706 criminis
3552 3692 3567 3715 ,
3626 3652 3756 3720 quid

2174 3745 2305 3800 mihi
2332 3744 2546 3814 prodest
2577 3746 2623 3800 si
2660 3760 2747 3800 me
2789 3745 3054 3799 continuis
3084 3743 3325 3798 laudibus
3351 3752 3488 3797 totus
3518 3745 3758 3798 mundus

2175 3836 2418 3892 attollat?
2446 3835 2520 3891 Ita
2547 3852 2648 3892 nec
2671 3837 2866 3892 malam
2904 3837 3280 3891 conscientiam
3306 3845 3458 3890 sanat
3487 3835 3759 3890 laudantis

2175 3929 2518 3998 praeconium,
2546 3942 2644 3982 nec
2669 3927 2862 3983 bonam
2885 3927 3135 3982 vulnerat
3152 3925 3498 3982 conviciantis
3549 3940 3758 3995 appro-

2174 4019 2370 4074 brium.
2401 4018 2510 4072 Nec
2534 4019 2609 4073 sic
2642 4027 2817 4073 tamen
2847 4017 3107 4087 decipitur
3158 4033 3281 4088 spes
3325 4029 3498 4072 vestra
3547 4034 3678 4087 quae
3706 4020 3758 4071 in

2177 4109 2401 4164 Domino
2421 4116 2520 4174 est,
2547 4109 2754 4164 etiamsi
2779 4107 2913 4162 forte
2939 4108 2994 4162 in
3020 4109 3226 4163 occulto
3255 4108 3384 4161 tales
3409 4107 3599 4172 simus,
3627 4123 3762 4176 qua-

2176 4203 2257 4258 les
2275 4217 2372 4257 nos
2400 4201 2571 4272 putari
2599 4201 3039 4271 cupitinimicus:
3071 4200 3192 4270 quia
3221 4215 3324 4253 non
3353 4213 3469 4253 eam
3497 4200 3764 4268 posuistis

2177 4296 2229 4348 in
2261 4295 2434 4360 nobis,
2473 4309 2572 4350 nec
2619 4307 2851 4364 unquam
2896 4292 2998 4347 hoc
3025 4293 3244 4347 audistis
3281 4307 3312 4346 a
3353 4291 3527 4345 nobis.
3565 4291 3762 4347 Securi

2176 4399 2305 4454 ergo
2329 4385 2477 4448 estis,
2505 4384 2913 4454 qualescumque
2934 4396 3030 4437 nos
3059 4381 3244 4448 simus,
3277 4382 3365 4451 qui
3406 4380 3592 4436 dicere
3613 4383 3760 4436 didi-

2175 4476 2342 4539 cistis,
2368 4475 2433 4528 In
2457 4474 2673 4528 Domino
2689 4491 2896 4544 sperans
2921 4491 3020 4528 non
3045 4474 3273 4528 movebar
3289 4475 3305 4506 ³
3321 4472 3488 4547 (Psal.
3514 4477 3693 4541 xxv,l
3711 4475 3760 4543 )‘t

2176 4572 2247 4630 et,
2276 4563 2344 4619 In
2373 4564 2478 4620 Deo
2503 4563 2732 4633 sperabo,
2755 4579 2856 4617 non
2882 4564 3063 4618 timebo
3089 4566 3210 4634 quid
3240 4565 3394 4634 faciat
3431 4564 3559 4617 mihi
3605 4567 3762 4618 homo

2177 4653 2350 4726 (Psal.
2378 4671 2463 4721 LV,
2485 4654 2599 4724 12).
2656 4655 2722 4709 Ει
2754 4654 2832 4710 eis
2859 4655 2949 4725 qui
2978 4669 3074 4710 vos
3093 4655 3160 4710 ad
3186 4654 3458 4710 hominum
3485 4656 3763 4724 superbo-

2176 4760 2294 4800 rum
2324 4751 2561 4798 terrenas
2585 4743 2886 4799 altitudines
2915 4743 3169 4799 seducere
3196 4744 3509 4808 moliuntur,
3530 4759 3765 4814 reSpon-

2176 4835 2303 4890 dere
2332 4836 2518 4902 nostis,
2538 4834 2603 4889 In
2615 4834 2832 4889 Domino
2847 4835 3046 4904 conﬁdo
3066 4853 3078 4889 :
3097 4833 3346 4905 quomodo
3373 4834 3542 4888 dicitis
3571 4837 3766 4888 anima:

2179 4943 2320 4991 mete,
2345 4925 2676 4996 Transmigra
2701 4927 2753 4978 in
2779 4936 2997 4980 montem
3039 4927 3166 4981 sicut
3195 4942 3366 4996 passer
3393 4924 3570 4994 (Psal.
3597 4942 3656 4991 ιι,
3684 4926 3765 4995 2).

2247 5017 2470 5073 CAPUT
2491 5016 2621 5071 Vlll.
2643 5047 2714 5058 —
2733 5019 2788 5072 9.
2809 5016 2919 5072 Nec
2946 5025 3146 5070 tantum
3165 5031 3279 5079 vos,
3309 5015 3496 5085 quibus
3527 5015 3582 5069 in
3610 5015 3771 5070 nobis

2176 5107 2292 5177 ipsa
2317 5107 2512 5162 Christi
2557 5107 2754 5164 veritas
2799 5106 2989 5177 placet,
3014 5115 3495 5176 quantumcumque
3530 5121 3634 5175 per
3669 5120 3772 5159 nos

2178 5207 2233 5254 et
2251 5198 2568 5267 ubicumque
2604 5197 2941 5266 praedicatur,
2972 5205 3027 5250 et
3051 5197 3172 5265 quia
3202 5210 3319 5250 eam
3351 5195 3770 5265 quantulocum-

2179 5303 2282 5358 que
2323 5295 2523 5343 nostrae
2558 5288 2750 5358 lingua:
2775 5286 3068 5344 ministerio
3099 5286 3327 5342 libenter
3353 5284 3568 5349 auditis,
3599 5285 3771 5339 etiam

2179 5378 2247 5434 de
2272 5378 2423 5434 nobis
2449 5379 2584 5435 bene
2611 5378 2940 5448 benigneque
2972 5377 3199 5439 sentitis,
3226 5375 3400 5430 securi
3443 5374 3595 5440 estis,
3631 5389 3772 5444 qua-

2179 5471 2484 5541 lescumque
2533 5485 2630 5526 nos
2679 5469 2881 5536 simus;
2913 5470 3035 5540 quia
3075 5470 3128 5523 in
3174 5467 3263 5522 illo
3303 5481 3424 5538 spes
3448 5474 3630 5521 vestra
3664 5476 3772 5531 est,

2245 5633 2262 5664 ι
2289 5630 2439 5691 editi,
2477 5640 2572 5679 non
2613 5624 2911 5691 inﬁrmabor.
2952 5631 3008 5675 At
3041 5623 3353 5691 Floriaeensis
3393 5627 3553 5691 yetus_
3582 5616 3804 5691 ορίιιεκ,.

2179 5707 2274 5743 non
2292 5676 2530 5743 metiebar:
2543 5676 2627 5740 Sic
2656 5676 2969 5751 Augustinus,
2994 5692 3153 5736 Enarr.
3181 5686 3232 5734 in
3264 5681 3491 5734 eumdem
3527 5676 3775 5729 Psalmunt

2183 5757 2257 5805 ‘25.
