3998 6472
252 392 359 447 ὃθό

222 552 227 557 ,
261 517 410 575 quem
439 502 593 557 vehis
619 516 683 556 ex
715 499 853 555 illius
877 513 1036 569 super
1076 511 1170 552 vos
1197 493 1557 552 misericordia
1583 493 1845 564 pra-dica-

254 612 372 651 mus
401 613 416 659 ;
445 610 632 650 verum
675 595 834 648 etiam
874 592 1193 663 quicumque
1223 600 1403 645 nostra
1444 587 1849 657 dispensatione

261 688 416 741 etiam
439 692 830 739 sacramentum
853 682 1020 737 sancti
1047 680 1298 751 Baptismi
1316 676 1845 749 percepistis,eadem

261 778 542 833 securitate
578 776 837 846 gaudete;
882 775 1131 845 quoniam
1181 788 1286 827 non
1317 773 1370 826 in
1418 770 1593 831 nobis,
1646 768 1738 824 sed
1793 767 1845 822 in

261 868 470 923 Christo
498 866 745 937 baptizati
779 868 927 921 estis.
958 864 1072 919 Non
1102 864 1276 934 itaque
1302 876 1420 925 nos,
1454 860 1548 915 sed
1577 858 1846 914 Christum

264 960 538 1025 induistis;
580 974 681 1014 nec
724 973 819 1012 vos
850 957 1168 1026 interrogavi
1200 964 1377 1009 utrum
1408 952 1475 1007 ad
1506 968 1592 1007 me
1622 967 1847 1006 conver-

265 1052 538 1117 teremini,
580 1051 673 1105 sed
700 1051 765 1103 ad
819 1051 982 1105 Demu
1030 1049 1243 1113 vivum;
1298 1062 1397 1102 nec
1440 1054 1614 1100 utrum
1662 1045 1715 1099 in
1764 1058 1851 1098 me

262 1142 612 1205 credideritis,
631 1141 723 1196 sed
750 1143 800 1194 in
831 1142 1038 1195 Patrem
1060 1149 1113 1194 et
1140 1139 1331 1193 Filium
1353 1147 1405 1192 et
1443 1138 1697 1206 Spiritum
1727 1150 1850 1189 san-

263 1246 422 1289 ctum.
465 1234 617 1300 Quod
645 1234 690 1288 si
735 1234 908 1287 veraci
955 1233 1134 1286 animo
1162 1229 1531 1301 respondistis,
1565 1230 1741 1284 salvos
1757 1243 1851 1281 vos

264 1326 404 1391 fecit,
437 1341 543 1380 non
582 1326 761 1380 carnis
788 1324 1052 1393 depositio
1082 1322 1341 1389 sordium,
1370 1321 1463 1377 sed
1506 1321 1848 1375 conscientia:

266 1419 413 1472 bona:
441 1418 785 1488 interrogatio
816 1418 833 1489 (
856 1416 874 1471 l
896 1417 1035 1472 Petr.
1054 1432 1127 1480 Ill,
1148 1415 1262 1486 2f):
1288 1430 1391 1469 non
1419 1428 1731 1478 conservus,
1755 1411 1851 1467 sed

269 1510 556 1573 Dominus;
589 1526 693 1565 non
730 1524 930 1581 prrcco,
958 1508 1051 1563 scd
1092 1508 1275 1578 judex.
1307 1506 1487 1576 Neque
1513 1506 1656 1559 enim
1702 1519 1847 1569 vere,

266 1604 397 1657 sicut
428 1603 718 1657 Petilianns
738 1602 1128 1656 inconsiderate
1149 1600 1302 1663 dixit,
1319 1598 1639 1653 Conscientia
1656 1596 1846 1658 dantis,

264 1697 341 1751 vel
362 1694 503 1767 quod
531 1695 757 1761 addidit,
786 1694 1103 1749 Conscientia
1140 1701 1313 1746 sancte
1341 1691 1511 1743 dantis
1548 1688 1847 1755 attenditur,

255 1804 369 1857 qua:
381 1788 551 1840 abluat
567 1787 875 1855 accipientis.
892 1784 1023 1840 Cum
1043 1784 1182 1839 enim
1201 1782 1304 1837 hoc
1315 1782 1472 1837 datur
1483 1781 1623 1851 quod
1642 1780 1729 1834 Dei
1745 1790 1846 1846 est,

263 1890 501 1932 sanctmn
524 1878 615 1931 dat
639 1880 798 1932 etiam
827 1892 930 1930 non
954 1885 1137 1930 sancta
1164 1874 1509 1929 conscientia.
1540 1872 1671 1940 Quae
1700 1880 1849 1927 certe

263 1973 370 2026 sive
397 1973 466 2026 sit
492 1980 697 2034 sancta,
727 1970 839 2024 sive
869 1984 973 2023 non
1004 1977 1207 2029 sancta,
1238 1966 1306 2020 ab
1335 1966 1628 2036 accipiente
1654 1964 1843 2032 inspici

260 2077 363 2117 non
414 2071 625 2133 potest;
652 2061 745 2115 sed
780 2060 937 2130 plane
961 2060 1086 2114 illud
1110 2058 1254 2129 quod
1278 2058 1434 2113 datur
1479 2066 1670 2126 potest,
1702 2056 1845 2126 quod

264 2154 529 2224 cognitum
561 2153 610 2207 ei
638 2153 725 2223 qui
750 2167 966 2221 semper
992 2159 1075 2207 est
1112 2161 1350 2214 sanctus,
1382 2166 1476 2220 per
1506 2149 1850 2219 qualemlibet

260 2247 559 2301 ministrum
626 2246 948 2315 accipiatur,
996 2243 1338 2299 sccurissime
1401 2243 1681 2311 accipitur.
1738 2240 1846 2295 Nisi

260 2337 399 2392 cuiu]
450 2346 636 2391 sancta
681 2336 842 2390 verba
882 2346 1065 2390 essent
1110 2352 1172 2388 ex
1220 2334 1473 2388 cathedra
1518 2333 1706 2404 Moysi,
1741 2348 1845 2386 non

266 2429 460 2485 diceret
488 2428 715 2492 Veritas,
749 2427 875 2494 Quae
904 2426 1078 2479 dicunt
1100 2468 1115 2491 ,
1139 2426 1310 2495 facile.
1344 2425 1399 2478 Si
1436 2434 1610 2478 autem
1642 2424 1846 2493 ipsiqui

265 2522 419 2577 verba
446 2529 632 2575 sancta
662 2519 859 2573 dabant
900 2520 1069 2573 sancti
1099 2524 1299 2583 essent,
1330 2531 1434 2570 non
1464 2516 1685 2581 diceret,
1720 2516 1850 2583 Qua:

264 2614 469 2685 faciunt,
488 2613 655 2682 facere
672 2612 863 2675 nolite;
890 2612 1063 2665 dicunt
1085 2610 1215 2664 enim
1236 2618 1281 2663 et
1302 2626 1401 2664 non
1421 2610 1613 2678 faciunt
1629 2607 1841 2680 (Matth.

271 2721 413 2771 nui,
431 2706 507 2776 5).
523 2703 886 2773 Nulloquippe
907 2703 1064 2757 modo
1087 2702 1277 2771 legitur
1294 2717 1392 2755 uva
1417 2701 1482 2755 de
1509 2702 1677 2769 spinis
1695 2718 1708 2765 ;
1723 2700 1846 2771 quia

269 2810 529 2866 nunquam
555 2794 626 2850 tle
649 2795 920 2863 spinarum
950 2793 1218 2847 radicibus
1254 2793 1425 2847 oritur
1454 2809 1469 2844 :
1498 2792 1591 2847 sed
1640 2807 1759 2846 cum
1784 2808 1843 2846 se

271 2887 488 2956 spinosis
517 2887 733 2956 sepibus
764 2885 963 2955 palmes
990 2885 1112 2938 vitis
1137 2884 1415 2953 implicuit,
1449 2898 1551 2937 non
1576 2883 1696 2939 ideo
1736 2884 1845 2937 fru-

274 2988 379 3033 ctus
420 2979 510 3049 qui
573 2977 679 3031 illic
709 2976 902 3047 pendet
944 2976 1224 3041 horretur;
1279 2974 1374 3030 sed
1424 2975 1573 3045 spina
1609 2985 1845 3043 cavetur,

271 3086 360 3125 uva
386 3070 710 3139 decerpitur.

334 3163 557 3219 CAPUT
586 3161 677 3217 IX.
706 3192 777 3200 —
807 3160 890 3215 l0.
921 3159 1121 3230 Itaque,
1157 3166 1215 3213 ut
1259 3173 1403 3229 szepe
1430 3158 1560 3223 dixi,
1592 3169 1641 3213 et
1682 3158 1848 3213 vehe-

268 3266 469 3311 menter
498 3255 724 3317 inculco,
745 3253 1157 3323 qualescumque
1186 3266 1281 3306 nos
1297 3252 1483 3314 simus,
1501 3252 1675 3305 securi
1698 3251 1846 3315 estis,

269 3350 352 3418 qui
384 3348 548 3401 Deum
580 3347 788 3400 Patrem
818 3353 869 3397 et
898 3344 1012 3413 ejus
1036 3343 1327 3398 Ecclesiam
1360 3350 1583 3396 matrem
1616 3342 1846 3396 habetis.

270 3439 516 3507 Quamvis
538 3439 678 3495 cnim
711 3437 867 3493 sinntl
900 3436 1034 3489 hzedi
1054 3450 1174 3489 cum
1200 3434 1388 3489 ovibus
1410 3442 1710 3503 pascantur,
1745 3450 1848 3487 non

270 3534 480 3587 stabunt
520 3534 584 3587 ad
614 3533 909 3588 dexteram.
937 3529 1190 3598 Quamvis
1216 3527 1374 3583 simul
1402 3528 1548 3597 palea
1601 3542 1721 3582 cum
1754 3528 1849 3582 tri-

272 3628 374 3681 tico
425 3629 723 3691 trituretur,
756 3640 861 3679 non
909 3622 1129 3677 intrabit
1172 3621 1224 3675 in
1274 3618 1563 3677 honreum.
1598 3617 1852 3684 Quamvis

271 3721 427 3775 simul
473 3721 650 3791 pisces
678 3719 803 3774 mali
846 3732 965 3771 cum
1019 3716 1174 3771 bonis
1224 3714 1359 3768 intra
1406 3712 1538 3767 retia
1587 3711 1852 3766 dominica

278 3822 469 3879 natent,
489 3829 597 3867 non
627 3812 899 3863 mittentur
922 3808 973 3861 in
1004 3805 1238 3860 vascula.
1263 3804 1431 3858 Nemo
1455 3803 1729 3872 glorietur,
1755 3816 1855 3856 nec

276 3908 326 3959 in
356 3905 569 3959 homine
612 3902 786 3966 bono;
821 3914 977 3955 nemo
1009 3899 1147 3953 bona
1193 3896 1286 3950 Dei
1326 3894 1509 3965 fugiat,
1540 3908 1637 3948 nec
1661 3892 1714 3947 in
1760 3892 1857 3947 ho-

274 3992 409 4045 mine
434 3990 598 4044 malo.

340 4081 562 4138 CAPUT
592 4080 661 4134 X.
692 4108 762 4118 -—
793 4078 876 4131 ll.
904 4076 1027 4130 llmc
1056 4072 1206 4128 vobis
1232 4112 1249 4139 ,
1272 4069 1557 4127 Christiani
1605 4068 1853 4124 catholici

277 4177 459 4231 fratres
488 4172 810 4235 charissimi,
840 4185 937 4240 pro
969 4168 1184 4239 negotio
1225 4166 1468 4235 praesenti
1505 4163 1811 4218 suffecerint
1839 4180 1852 4216 :

278 4286 387 4338 quze
416 4268 461 4322 si
507 4265 767 4321 catholica
799 4261 1090 4317 dilectione
1134 4258 1396 4331 retinetis,
1428 4271 1549 4310 cum
1576 4255 1690 4309 sitis
1719 4268 1857 4310 unus

278 4378 396 4432 grex
426 4361 495 4415 de
538 4372 644 4413 uno
688 4366 898 4427 pastore
948 4365 1192 4418 securus,
1222 4364 1328 4405 non
1354 4349 1516 4403 nimis
1550 4361 1685 4403 curo
1712 4346 1857 4417 quod

281 4455 399 4508 mihi
465 4454 551 4508 vel
590 4448 890 4520 Congregali
930 4456 1128 4510 vestro,
1175 4443 1260 4499 vel
1302 4450 1448 4497 certe
1491 4440 1611 4495 cani
1655 4449 1854 4506 vestro,

280 4545 602 4599 conviciator
643 4540 865 4610 quilibet
914 4538 1191 4601 inimicus;
1224 4532 1512 4589 dummodo
1560 4546 1647 4586 me
1688 4530 1859 4601 magis

283 4651 370 4704 pro
395 4643 595 4699 vestra,
627 4646 788 4702 quam
834 4644 928 4699 pro
959 4643 1075 4682 mea
1115 4625 1425 4681 defensioue
1466 4623 1660 4677 latrare
1706 4636 1857 4676 com-

277 4728 435 4795 pellat
465 4743 479 4779 :
510 4740 611 4794 qua
640 4732 818 4777 tamen
847 4720 890 4774 si
935 4731 1070 4787 opus
1098 4724 1242 4771 esset
1281 4713 1347 4768 ad
1390 4728 1628 4779 causam,
1658 4712 1861 4766 brevis-

280 4821 404 4873 sima
455 4817 811 4884 facillimaque
850 4820 1060 4874 uterer,
1108 4816 1273 4862 totum
1318 4806 1526 4861 scilicet
1568 4805 1689 4858 vita:
1726 4818 1859 4858 mea:

279 4923 481 4983 tempus
531 4917 815 4977 antequam
863 4902 1195 4972 perciperem
1246 4897 1574 4967 Baptismum
1634 4895 1857 4959 Christi,

278 5011 525 5073 quantum
554 4999 622 5054 ad
666 5010 812 5051 meas
832 4992 1145 5063 cupiditates
1161 5002 1476 5057 erroresque
1501 4986 1710 5053 attinet,
1737 5000 1860 5041 cum

275 5094 522 5148 omnibus
550 5088 860 5160 improbans
884 5096 937 5141 et
958 5084 1250 5146 detestans,
1279 5093 1346 5134 ne
1372 5080 1425 5133 in
1453 5078 1569 5147 ejus
1605 5076 1861 5146 temporis

276 5186 585 5242 defensioue
610 5195 785 5236 meam
812 5176 1034 5248 gloriam
1059 5186 1300 5245 quaerere
1325 5170 1571 5237 viderer,
1589 5183 1697 5223 non
1720 5168 1861 5223 illius

274 5278 362 5347 qui
403 5292 492 5333 me
543 5290 637 5343 per
686 5271 911 5342 gratiam
956 5282 1106 5321 suam
1138 5273 1196 5321 et
1232 5278 1264 5318 a
1294 5278 1380 5319 me
1433 5264 1548 5333 ipso
1591 5262 1859 5317 liberavit.

278 5373 426 5430 Unde
452 5372 599 5427 illam
624 5368 784 5422 vitam
813 5377 988 5419 meam
1014 5376 1134 5417 cum
1167 5358 1451 5427 vituperari
1480 5355 1657 5417 audio,
1685 5355 1861 5425 quoli-

275 5467 363 5522 bet
387 5466 571 5521 animo
596 5462 647 5517 id
677 5460 833 5515 faciat
858 5456 946 5528 qui
973 5456 1074 5509 hoc
1103 5451 1248 5516 facit,
1266 5465 1370 5504 non
1399 5464 1567 5519 usque
1593 5448 1728 5503 adeo
1742 5462 1859 5502 sum

282 5559 521 5628 ingratus
541 5552 821 5607 ntdoleam
854 5564 872 5602 :
903 5554 1159 5617 quantum
1190 5542 1385 5612 quippe
1410 5539 1498 5593 ille
1523 5548 1736 5593 accusat
1777 5538 1861 5592 vi-

278 5648 405 5702 tium
436 5660 639 5709 mcum,
673 5649 873 5695 tantum
907 5651 1006 5707 ego
1036 5633 1194 5689 laudo
1228 5631 1492 5686 medicum
1520 5628 1863 5696 meum.Quid

279 5754 404 5808 ergo
424 5737 536 5807 jam
562 5734 630 5789 de
656 5734 758 5787 illis
784 5728 1068 5801 praeteritis
1102 5736 1263 5795 atque
1293 5722 1504 5777 abolitis
1536 5722 1687 5775 malis
1727 5721 1863 5776 meis

280 5824 628 5884 defendendis
652 5824 911 5889 laborem,
930 5820 997 5875 de
1026 5818 1216 5889 quibus
1242 5815 1529 5871 Petilianns
1559 5813 1718 5868 multa
1743 5814 1859 5883 qui-

1602 377 1805 435 LIBER
1843 373 2169 433 TERTIUS.

1958 488 2080 545 dem
2107 488 2239 546 falsa
2280 490 2437 557 dixit,
2464 491 2559 549 sed
2612 492 2760 563 plura
2786 510 2909 550 vera
2940 512 3044 552 non
3071 498 3248 556 dixit?
3293 502 3369 560 De
3394 512 3536 561 tem-

1958 595 2089 650 pore
2115 591 2293 637 autem
2323 585 2443 639 vita:
2471 601 2605 640 mea:
2632 588 2773 656 quod
2802 599 2885 643 est
2923 600 3039 659 post
3071 590 3421 663 Baptismum,
3449 611 3544 650 vo-

1956 674 2040 730 bis
2064 676 2387 747 quicumque
2420 693 2504 732 me
2531 679 2718 745 nostis,
2742 680 3010 750 superfluo
3028 682 3217 753 loquor
3240 700 3303 739 ex
3333 686 3398 740 iis
3423 703 3544 757 qua:

1958 775 2084 822 nota
2134 782 2254 823 esse
2278 767 2581 824 hominibus
2632 782 2854 839 possunt
2887 791 2897 826 :
2933 772 2985 828 hi
3032 791 3160 830 vero
3185 776 3272 846 qni
3299 793 3384 832 me
3434 794 3544 833 non

1956 867 2240 926 noverunt,
2274 876 2377 914 non
2407 861 2476 915 ita
2518 861 2683 932 iniqui
2707 879 2826 919 esse
2852 864 3048 921 debent
3074 866 3128 921 in
3153 882 3258 934 me,
3288 878 3344 922 ut
3373 870 3541 940 magis

1957 950 2025 1006 de
2062 967 2147 1007 me
2185 953 2404 1007 credant
2429 952 2687 1009 Petiliano
2707 971 2863 1025 quam
2891 958 3059 1013 vobis.
3090 958 3220 1014 Nam
3247 962 3292 1015 si
3322 961 3545 1016 laudan-

1960 1044 1995 1097 ti
2020 1043 2193 1099 amico
2230 1044 2551 1099 credendum
2578 1062 2686 1101 non
2713 1057 2816 1114 est,
2844 1064 2942 1103 nec
2970 1049 3185 1105 inimico
3214 1051 3538 1108 detrahenti.

1960 1137 2181 1192 Restant
2210 1152 2271 1191 ea
2300 1153 2417 1207 qure
2443 1139 2649 1193 occulta
2687 1150 2813 1195 sunt
2840 1139 3090 1205 hominis,
3122 1142 3209 1197 ubi
3239 1143 3350 1197 sola
3404 1159 3541 1200 con-

1959 1231 2180 1284 scientia
2208 1231 2355 1285 testis
2373 1241 2455 1286 est
2473 1232 2645 1302 ‘,qum
2676 1233 2828 1288 testis
2853 1249 2973 1289 esse
3000 1234 3139 1303 apud
3158 1235 3404 1292 homines
3432 1252 3540 1292 non

1957 1331 2152 1392 potest.
2199 1324 2252 1377 In
2284 1325 2365 1377 his
2396 1340 2482 1379 me
2532 1325 2823 1380 Petilianns
2854 1326 3202 1382 manichteum
3230 1344 3351 1385 esse
3380 1329 3533 1396 dicit,

1958 1416 2178 1487 loquens
2205 1417 2274 1471 de
2300 1418 2473 1473 aliena
2522 1418 2842 1473 conscientia
2877 1437 2890 1472 :
2924 1419 3027 1475 hoc
3052 1435 3150 1490 ego
3178 1436 3264 1477 me
3289 1436 3394 1476 non
3420 1436 3543 1477 esse

1954 1506 2097 1571 dico,
2131 1508 2352 1577 loquens
2380 1508 2447 1563 de
2468 1522 2585 1563 mea
2612 1509 2961 1564 conscientia.
2988 1510 3183 1580 Eligite
3230 1512 3316 1567 cui
3346 1513 3539 1568 creda-

1957 1599 2431 1655 tis.Vernmtamen
2460 1601 2714 1670 quoniam
2748 1616 2846 1655 nec
2872 1600 2971 1655 ista
2997 1601 3145 1655 brevi
3171 1616 3233 1657 ac
3257 1602 3395 1657 facili
3419 1619 3540 1659 mea

1955 1691 2268 1747 defensione
2293 1706 2427 1760 opus
2456 1701 2559 1755 est,
2595 1691 2681 1747 ubi
2711 1692 2937 1761 quzestio
2970 1706 3074 1746 non
3111 1691 3179 1746 de
3221 1694 3543 1762 qualiscum-

1955 1800 2059 1854 que
2084 1785 2242 1838 unius
2291 1784 2526 1838 hominis
2576 1785 2786 1849 merito,
2814 1783 2910 1839 sed
2940 1784 3009 1839 de
3048 1793 3247 1840 sancta:
3286 1785 3541 1840 Ecclesia:

1954 1876 2213 1930 veritate'
2246 1885 2519 1943 versatur;
2550 1875 2617 1929 ad
2645 1890 2741 1929 vos
2766 1875 2925 1929 etiam
2956 1874 3087 1928 mihi
3131 1874 3279 1943 plura
3318 1874 3544 1931 dicenda

1954 1975 2099 2033 sunt,
2131 1967 2451 2036 quicumque
2506 1967 2561 2020 in
2608 1974 2759 2035 parte
2803 1966 3011 2029 Donati,
3044 1964 3291 2019 Petiliani
3342 1980 3462 2035 qua:
3489 1966 3545 2021 in

1953 2073 2041 2113 me
2063 2058 2275 2129 scripsit
2320 2058 2601 2113 maledicta
2634 2058 2859 2127 legistis,
2890 2072 3008 2126 qua:
3037 2057 3105 2112 ab
3134 2056 3226 2111 illo
3254 2072 3359 2112 non
3386 2057 3543 2113 audi-

1954 2164 2105 2215 rem,
2154 2150 2196 2203 si
2251 2159 2485 2203 vestram
2538 2148 2889 2218 perditionem
2950 2158 3396 2204 contemnerem:
3447 2149 3544 2205 sed

1952 2241 2226 2298 charitatis
2254 2240 2558 2295 christianze
2589 2239 2793 2294 viscera
2824 2253 2929 2293 non
2963 2238 3240 2294 haberem.

2023 2351 2248 2409 CAPUT
2274 2352 2450 2407 Xl.—-
2477 2353 2564 2409 12.
2594 2353 2731 2421 Quid
2761 2367 2887 2423 ergo
2916 2353 3132 2420 mirum,
3160 2353 3203 2408 si
3226 2368 3347 2408 eum
3375 2368 3539 2425 grana

1952 2443 2020 2499 de
2047 2459 2173 2498 area
2211 2444 2473 2498 dominica
2501 2458 2731 2498 excussa
2756 2484 2772 2509 ,
2799 2444 2957 2498 simul
2995 2458 3115 2498 cum
3145 2452 3283 2497 terra
3314 2453 3368 2498 et
3390 2445 3543 2513 palea

1953 2534 2241 2589 introrsum
2266 2533 2440 2599 traho,
2462 2534 2707 2603 injuriam
2733 2533 3021 2588 resilientis
3045 2534 3274 2603 pulveris
3297 2534 3496 2590 suffero
3522 2553 3538 2590 :

1954 2627 2036 2682 vel
2064 2642 2184 2681 cum
2216 2626 2424 2681 Domini
2456 2627 2559 2681 mei
2590 2640 2717 2681 oves
2741 2626 2975 2695 perditas
3003 2626 3284 2696 diligenter
3306 2626 3539 2697 inquiro,

1952 2720 2285 2788 spinosarum
2310 2718 2607 2788 linguarum
2630 2718 2879 2789 vepribus
2899 2718 3145 2773 laceror?
3169 2718 3402 2774 Obsecro
3422 2733 3539 2785 vos,

1952 2812 2201 2881 deponite
2228 2812 2498 2884 paululum
2525 2811 2695 2866 studia
2726 2812 2949 2882 partium
2975 2853 2991 2878 ,
3023 2821 3182 2882 atque
3208 2813 3347 2868 inter
3371 2828 3457 2868 me
3482 2821 3565 2880 et,

1955 2906 2269 2961 Petilianum
2294 2920 2412 2960 cum
2441 2906 2612 2974 aliqua
2643 2905 2890 2974 mquitate
2918 2904 3172 2973 judicate.
3202 2904 3316 2975 Ego
3347 2906 3539 2961 Eccle-

1953 3001 2046 3053 siae
2075 3013 2287 3053 causam
2329 2997 2449 3051 volo
2478 3006 2534 3051 ut
2565 2996 2840 3059 noveritis,
2874 2996 2960 3051 ille
2988 3004 3045 3050 ut
3069 3011 3241 3052 meam
3274 3015 3288 3051 :
3317 2996 3382 3053 ad
3411 2998 3541 3069 quid

1953 3088 2115 3155 aliud,
2149 3089 2247 3142 nisi
2269 3089 2391 3159 quia
2404 3089 2638 3143 testibus
2664 3072 2819 3149 meis,
2848 3103 2982 3157 quos
3011 3090 3061 3142 in
3099 3102 3258 3144 causa
3287 3090 3543 3146 Ecclesia:

1954 3189 2262 3234 constanter
2303 3179 2562 3242 adhibeo,
2607 3195 2713 3233 non
2756 3178 2910 3233 audet
2958 3179 3135 3234 dicere
3182 3194 3249 3233 ne
3275 3180 3541 3247 credatis;

1956 3272 2235 3343 PrOpheue
2276 3274 2417 3327 enim
2455 3281 2610 3338 sunt,
2633 3282 2686 3327 et
2715 3272 2951 3341 Apostoli
2978 3314 2993 3338 ,
3018 3282 3072 3327 et
3102 3272 3213 3343 ipse
3243 3272 3543 3343 PrOpheta-

1956 3382 2071 3420 rum
2095 3374 2150 3420 et
2174 3366 2548 3435 Apostolorum
2581 3364 2833 3419 Dominus
2858 3362 3099 3419 Christus
3122 3381 3138 3417 :
3169 3365 3236 3419 de
3257 3381 3341 3419 me
3362 3374 3542 3420 autem

1955 3456 2207 3527 quidquid
2232 3456 2412 3511 dicere
2440 3456 2664 3510 voluerit
2685 3455 2724 3519 ³,
2758 3454 2956 3509 homini
2979 3455 3232 3511 adversus
3248 3455 3541 3525 hominem,

1954 3555 2010 3602 et
2051 3554 2230 3601 vestro
2272 3545 2533 3601 adversus
2579 3546 2844 3609 alienum,
2893 3545 3044 3600 facile
3089 3546 3345 3601 creditis?
3383 3545 3451 3600 Et
3482 3548 3545 3601 'si

1956 3654 2092 3709 quos
2138 3640 2262 3693 vitae
2303 3654 2435 3693 meae
2466 3648 2633 3693 testes
2662 3638 2987 3703 adhibuero,
3020 3638 3146 3708 quid
3187 3654 3435 3709 magnum
3462 3648 3547 3694 est

1957 3740 2018 3785 ut
2038 3731 2175 3785 dicat
2197 3771 2212 3796 ,
2241 3745 2346 3784 non
2390 3730 2468 3784 eis
2489 3746 2607 3785 esse
2631 3728 2957 3785 credendum
2983 3771 2998 3794 ,
3027 3739 3079 3783 et
3102 3731 3201 3784 hoc
3244 3732 3396 3786 vobis
3433 3732 3541 3786 cito

1958 3822 2315 3891 persuadeat:
2349 3821 2644 3891 prmscrtim
2686 3819 2897 3890 quando
2938 3820 3177 3890 quisquis
3219 3836 3313 3889 pro
3342 3836 3429 3876 me
3458 3824 3543 3877 ul-

1958 3913 2069 3968 lum
2118 3912 2342 3966 verbum
2385 3911 2603 3975 fecerit,
2636 3910 2883 3964 inimicus
2921 3910 3057 3979 parti
3087 3909 3313 3977 Donati,
3345 3925 3407 3965 ac
3450 3926 3547 3980 per

1960 4006 2061 4060 hoc
2089 4013 2263 4059 vester
2298 4002 2551 4058 continuo
2597 4002 2979 4073 deputabitur?
3009 4002 3214 4071 Regnat
3242 4002 3419 4072 itaque
3440 4000 3545 4057 Pe-

1962 4096 2173 4150 tilianus
2200 4112 2213 4149 :
2244 4092 2457 4164 quando
2483 4094 2534 4147 in
2575 4108 2660 4147 me
2685 4091 2934 4163 quaelibet
2961 4092 3199 4147 convicia
3239 4092 3504 4163 jaculatur
3526 4135 3542 4159 ,

1962 4187 2011 4241 ei
2066 4200 2252 4240 omnes
2291 4184 2598 4239 acclamatis
2623 4192 2678 4239 et
2711 4182 2981 4253 plauditis.
3019 4184 3165 4239 Hanc
3199 4184 3297 4240 sibi
3348 4184 3549 4239 invenlt

1963 4276 2266 4332 vincibilem
2297 4291 2510 4330 causam
2538 4318 2553 4343 ,
2583 4275 2678 4331 sed
2717 4274 2982 4345 judicibus
3010 4275 3159 4331 vobis
3185 4293 3199 4329 :
3230 4291 3328 4331 nec
3357 4285 3547 4331 testem

1964 4384 2062 4424 nec
2087 4374 2456 4438 argumentum
2488 4366 2750 4437 requiret,
2776 4366 2858 4421 cui
2883 4366 2983 4421 hoc
3009 4367 3179 4422 solum
3205 4376 3287 4423 est
3323 4367 3549 4437 probare

1962 4459 2104 4532 quod
2126 4459 2273 4527 dicit,
2304 4459 2424 4528 quia
2448 4458 2496 4514 ei
2514 4474 2671 4529 quem
2695 4458 2925 4513 maxime
2952 4458 3158 4526 odistis,
3178 4459 3549 4529 copiosissime

1964 4550 2252 4606 maledicit.
2298 4550 2430 4605 Nam
2459 4550 2711 4620 quoniam
2754 4549 2949 4604 divina:
2976 4550 3265 4620 Scriptura:
3304 4550 3550 4605 testimo-

1966 4643 2050 4697 nia
2077 4658 2234 4707 ,cum
2261 4658 2358 4713 pro
2400 4642 2635 4697 Ecclesia
2678 4642 2935 4695 catholica
2981 4651 3087 4696 tam
3130 4643 3293 4697 densa
3341 4652 3396 4698 et
3444 4652 3550 4697 tam

1965 4735 2105 4790 clara
2157 4735 2490 4797 recitantur,
2515 4732 2664 4786 vobis
2706 4732 3012 4787 dolentibus
3054 4743 3296 4789 remanet
3338 4744 3549 4797 mutus;

1965 4826 2128 4895 elegit
2152 4825 2450 4888 materiam,
2482 4823 2570 4876 ubi
2592 4823 2741 4878 vobis
2763 4822 3059 4879 faventibus
3082 4825 3327 4895 loquatur
3350 4866 3364 4887 ,
3395 4836 3449 4879 et
3471 4827 3549 4876 vi-

1965 4925 2081 4969 ctus
2117 4930 2298 4969 verum
2338 4914 2595 4969 simulans
2628 4922 2823 4969 statum
2848 4914 2888 4981 ⁵,
2923 4916 3046 4969 talia
3076 4918 3159 4971 vel
3186 4920 3345 4972 etiam
3386 4916 3553 4969 scele-

1967 5006 2165 5061 ratiora
2210 5005 2354 5061 dicat
2392 5006 2447 5059 in
2492 5020 2599 5060 me.
2646 5005 2772 5060 Mihi
2817 5008 3105 5077 satest(a)
3126 5006 3193 5063 ad
3234 5021 3347 5061 rem
3391 5021 3550 5075 quam

2032 5229 2048 5262 ι
2072 5228 2189 5277 Editi
2207 5262 2221 5285 ,
2246 5224 2356 5275 talis
2377 5231 2482 5293 est._
2501 5224 2669 5275 Melius
2702 5233 2826 5283 Mss,
2869 5223 2999 5275 testis
3019 5231 3103 5274 est.
3250 5284 3261 5293 υ

2030 5293 2051 5323 ³
2074 5297 2147 5338 Er.
2173 5297 2223 5340 et
2245 5295 2376 5345 Lov.,
2400 5287 2595 5338 raritate.
2632 5296 2731 5335 Am.
2766 5302 2883 5337 vero
2920 5296 2970 5336 et
2994 5294 3121 5343 Mss,
3159 5287 3370 5334 veritate.
3407 5291 3554 5336 Favet

1967 5352 2084 5407 illud
2108 5352 2248 5407 infra,
2273 5364 2322 5399 n.
2346 5349 2435 5407 ‘28,
2467 5368 2489 5395 ι
2510 5350 2574 5398 de
2599 5349 2822 5399 Ecclesia:
2846 5348 2923 5398 vel
2955 5346 3173 5408 Baptismi
3212 5349 3436 5396 veritate.
3454 5363 3478 5392 ι
3503 5356 3554 5397 Et

1969 5417 2053 5466 lib.
2078 5414 2142 5463 de
2167 5416 2307 5462 Unico
2332 5414 2591 5474 Baptismo,
2618 5426 2664 5459 u.
2692 5410 2777 5470 :22,
2810 5408 3208 5463 «ambulantibus
3245 5408 3291 5455 in
3326 5408 3550 5459 Ecclesia:

1969 5479 2195 5528 veritate.
2214 5491 2237 5520 ι

2003 5492 2195 5530 eruate.
2214 5492 2237 5520 ι

2034 5541 2055 5572 ³
2079 5538 2207 5601 Apud
2233 5543 2307 5601 Er.
2329 5542 2381 5601 et
2404 5542 2510 5584 Iov.
2532 5568 2547 5593 ,
2571 5531 2777 5601 libuerit.

2034 5603 2056 5633 ι
2079 5592 2206 5665 M'ss._,
2230 5597 2653 5665 siimlansstatwn.
2680 5600 2745 5642 Ex
2791 5592 2865 5640 his
2903 5603 3028 5640 unus
3055 5593 3425 5655 Cygirannensis
3444 5606 3551 5657 pro,

1968 5670 2158 5722 statum,
2183 5661 2348 5720 habet,
2370 5661 2546 5708 statim.

2035 5747 2106 5809 (υ)
2133 5753 2273 5809 Juxta
2289 5741 2453 5809 Morel,
2467 5738 2613 5809 Elem.
2626 5738 2801 5809 Critiq,
2818 5750 2935 5809 pgg.‘
2950 5736 3180 5809 326:3‘28,
3193 5739 3263 5788 sic
3278 5738 3453 5809 melius
3466 5737 3552 5809 Ale-

1975 5798 2179 5871 geretur
2204 5807 2285 5854 ille
2310 5803 2460 5861 locus,
2485 5800 2565 5849 ubi
2598 5799 2721 5849 vobis
2745 5798 3006 5862 ﬁuwuibns
3042 5799 3261 5865 loquatur
3304 5806 3349 5851 et
3385 5801 3553 5851 victus.
3584 5856 3598 5867 .
