3998 6476
456 538 596 580 nunc
619 537 719 593 ago
741 563 757 588 ,
789 518 929 592 quod
954 515 1353 590 qualiscumque
1383 512 1437 566 in
1477 524 1538 565 ea
1566 507 1668 563 sim
1687 549 1702 575 ,
1729 513 1909 560 tamen
1937 501 2042 557 Ec-

456 615 615 672 clesia
643 629 741 684 pro
770 629 870 680 qua
899 611 1094 680 loquor
1120 605 1314 662 inticta
1341 611 1445 658 est.

527 683 754 761 CAPUT
785 701 896 758 XII.
927 727 997 741 —-
1024 699 1112 755 15.
1143 696 1313 752 llomo
1339 709 1459 750 sum
1477 692 1619 748 enim
1649 689 1718 745 de
1743 701 1867 743 area
1893 683 2050 740 Chri-

459 796 562 861 sti;
587 795 736 866 palea
764 794 807 848 si
838 791 1008 846 malus
1031 831 1044 854 ,
1076 801 1299 860 granum
1325 785 1368 839 si
1396 783 1588 838 bonus.
1619 779 1734 834 Non
1773 784 1859 832 est
1894 773 2050 866 hujus

461 865 601 940 areae
630 882 982 939 ventilabrum
1013 880 1190 950 lingua
1217 874 1465 932 Petiliani
1489 889 1506 928 :
1538 886 1600 927 ac
1645 886 1740 940 per
1769 869 1874 922 hoc
1899 865 2053 937 quid-

464 977 591 1048 quid
618 978 670 1032 in
713 976 832 1046 ejus
871 975 1077 1044 paleam
1128 970 1252 1025 ntali
1295 968 1456 1023 etiam
1486 980 1612 1021 vere
1651 958 2054 1029 dixerit,nullo

466 1068 626 1123 modo
657 1067 938 1122 frumentis
982 1063 1100 1133 ejus
1129 1059 1456 1132 pracjudicat.
1489 1053 1755 1126 Quidquid
1791 1061 1967 1106 autem
2000 1049 2054 1104 in

467 1161 578 1232 ipsa
624 1160 891 1215 frumenta
923 1156 1332 1212 maledictorum
1377 1143 2058 1217 ealumniarumquejacta-

467 1251 646 1318 verit,
675 1249 806 1305 fides
826 1263 1013 1304 eorum
1041 1254 1322 1302 exercetur
1348 1243 1400 1297 in
1423 1241 1581 1296 terris
1603 1279 1618 1305 ,
1652 1251 1862 1294 merces
1899 1249 2058 1304 auge-

471 1352 559 1398 tur
585 1343 636 1397 in
678 1341 848 1398 oculis.
884 1340 1096 1397 Sanctis
1135 1337 1279 1392 enim
1308 1334 1398 1388 Dci
1427 1331 1596 1387 servis
1631 1337 1919 1396 sancteque
1952 1326 2060 1380 Deo

470 1432 818 1488 militantibus
841 1473 856 1498 ,
882 1445 988 1485 non
1031 1427 1290 1482 adversus
1321 1424 1634 1479 Petiliauum
1676 1427 1836 1488 atque
1877 1417 2061 1485 hujus-

470 1523 612 1578 modi
641 1537 853 1578 carnem
884 1530 938 1576 et
966 1519 1277 1589 sanguinem
1297 1556 1313 1581 ,
1337 1513 1430 1570 sed
1456 1512 1711 1566 adversus
1739 1507 2064 1577 principatus

473 1622 529 1670 et
568 1621 861 1684 potestates
897 1619 952 1667 et
978 1619 1214 1665 rectores
1258 1607 1438 1662 talium
1472 1602 1811 1657 tenebrarum
1846 1597 2062 1668 (Ephes.

471 1723 548 1773 Vt,
578 1705 688 1778 12),
714 1705 900 1775 quales
939 1711 1063 1758 sunt
1083 1715 1272 1758 omnes
1310 1696 1603 1752 adversarii
1646 1693 1886 1749 veritatis
1907 1732 1921 1757 ,
1949 1689 2069 1761 qui-

473 1796 576 1852 bus
597 1796 796 1850 utinam
826 1793 1068 1848 dicamus
1092 1833 1106 1856 ,
1136 1790 1331 1846 Fuistis
1359 1785 1636 1870 aliquando
1665 1783 1900 1847 tenebrae,
1933 1796 2068 1835 nunc

474 1895 643 1942 autem
669 1887 758 1938 lux
781 1885 833 1938 in
863 1883 1081 1938 Domina
1111 1881 1221 1954 (Id.
1252 1896 1308 1946 v,
1339 1879 1423 1947 12)
1456 1896 1470 1932 :
1505 1879 1641 1933 hanc
1666 1891 1797 1946 ergo
1827 1873 2068 1930 militiam

475 1978 826 2034 militantibus
875 1975 1044 2031 servis
1084 1975 1173 2030 Dei
1201 1986 1548 2044 qumcumque
1583 1970 1650 2025 ab
1681 1971 1907 2025 inimicis
1943 1983 2071 2022 con-

476 2068 613 2124 vicia
642 2067 933 2123 criminosa
959 2065 1211 2120 dicuntur
1230 2105 1244 2128 ,
1277 2077 1397 2133 qua:
1423 2060 1564 2131 apud
1596 2060 1886 2114 malevolos
1912 2066 1964 2112 et
1989 2067 2069 2113 le-

478 2173 630 2213 mere
665 2155 912 2212 credulos
960 2156 1151 2209 malam
1179 2155 1376 2207 famam
1409 2151 1642 2216 faciant,
1670 2165 1817 2204 arma
1856 2148 2071 2203 sinistra

483 2258 637 2314 sunt;
665 2249 829 2304 etiam
877 2247 960 2303 bis
987 2245 1232 2301 diabolus
1251 2253 1601 2315 expugnatur.
1628 2242 1762 2296 Cum
1789 2241 1932 2296 enim
1979 2255 2074 2309 per

480 2339 676 2394 bonam
700 2340 891 2393 famam
915 2337 1204 2408 probamur
1225 2346 1405 2390 utrmn
1438 2348 1538 2390 nos
1567 2333 1618 2388 in
1640 2331 1942 2402 superbiam
1968 2344 2072 2384 non

481 2431 832 2495 extollamus,
863 2438 918 2485 et
951 2444 1046 2499 per
1092 2427 1285 2484 malam
1321 2425 1516 2481 famam
1562 2424 1853 2494 probamur
1895 2429 2074 2476 utrum

482 2521 731 2577 inimicos
755 2535 850 2576 eos
874 2521 1018 2590 ipsos
1055 2535 1085 2574 a
1112 2519 1308 2590 quibus
1334 2516 1487 2571 nobis
1513 2514 1854 2586 confingitur,
1883 2512 2074 2583 diliga-

482 2626 622 2675 mus,
645 2626 740 2683 per
763 2626 910 2666 arma
933 2612 1153 2681 justitiae
1187 2609 1407 2666 dextera
1434 2615 1490 2662 et
1518 2606 1732 2660 sinistra
1757 2605 1774 2636 ¹
1803 2603 2074 2660 diabolum

483 2703 764 2759 vincimus.
812 2702 943 2770 Qua:
989 2718 1110 2758 cum
1166 2700 1453 2769 Apostolus
1492 2702 1972 2752 commemorasset
1997 2693 2078 2748 di-

482 2810 612 2852 cens
632 2837 650 2860 ,
684 2794 790 2850 Per
817 2812 962 2850 arma
987 2795 1206 2864 jastitite
1241 2792 1448 2847 dextera
1476 2801 1522 2844 et
1557 2789 1799 2854 sinistra;
1826 2787 2078 2843 continuo

494 2893 746 2955 tanquam
773 2898 1046 2956 exponens
1071 2883 1197 2954 quid
1219 2881 1449 2947 dixerit,
1481 2879 1586 2934 Per
1612 2878 1858 2951 gloriam,
1887 2877 2076 2948 inquit,

487 2985 537 3030 et
565 2975 945 3046 ignobilitatem,
977 2991 1064 3046 per
1079 2974 1340 3044 infamiam
1363 2981 1409 3026 et
1431 2973 1610 3025 bonam
1632 2972 1824 3042 famam
1866 2967 1931 3041 (ll
1959 2969 2076 3022 Cor.

489 3081 568 3132 Vl,
599 3067 652 3133 7,
683 3065 740 3138 8)
767 3107 784 3133 ,
806 3077 860 3122 et
886 3073 1077 3121 caetera
1112 3065 1233 3119 talia
1265 3081 1278 3118 :
1317 3063 1540 3134 gloriam
1564 3061 1772 3124 scilicet
1801 3069 1854 3116 et
1883 3061 2079 3114 bonam

489 3159 683 3216 famam
707 3172 989 3214 numerans
1014 3157 1066 3211 in
1093 3156 1256 3210 armis
1280 3154 1534 3221 dexteris,
1565 3154 1618 3208 in
1647 3152 1877 3208 sinistris
1902 3159 2078 3206 autem

489 3252 870 3323 ignobilitatem
893 3260 944 3304 et
967 3246 1258 3302 infamiam.

501 3359 510 3366 ‘
557 3340 784 3398 CAPUT
813 3339 948 3395 XIII.
983 3369 1052 3380 —
1073 3340 1160 3395 14.
1183 3337 1238 3395 Si
1264 3351 1392 3408 ergo
1405 3353 1519 3390 sum
1541 3337 1630 3391 Dei
1654 3353 1841 3391 set-vus
1860 3345 1912 3391 et
1929 3336 2080 3390 miles

490 3448 596 3490 non
616 3432 892 3504 reprobus,
911 3431 1201 3502 quamlibet
1215 3431 1443 3485 disertus
1458 3428 1858 3484 conviciator‘in
1877 3445 1961 3483 me
1979 3429 2081 3484 Pc-

492 3523 710 3578 tilianus
753 3523 975 3589 existat,
1003 3520 1260 3591 numquid
1284 3521 1509 3575 moleste
1537 3517 1682 3575 ferre
1722 3520 1894 3575 debeo
1917 3560 1933 3586 ,
1958 3520 2082 3591 quia

491 3613 622 3669 mihi
649 3627 920 3667 armorum
949 3611 1286 3666 sinistrorum
1323 3609 1473 3664 faber
1524 3610 1903 3664 solertissimus
1931 3625 2083 3680 para-

491 3715 579 3761 tus
623 3705 781 3760 est”?
809 3704 955 3774 Opus
999 3711 1082 3758 est
1120 3711 1177 3758 ut
1215 3703 1298 3757 Itis
1336 3701 1389 3756 in
1439 3701 1703 3771 adjutorio
1732 3701 1939 3756 Domini
1978 3702 2083 3758 mei

499 3796 819 3869 peritissime
849 3796 870 3827 ³
913 3795 1161 3850 dimicem
1190 3835 1207 3862 ,
1237 3802 1293 3849 et
1337 3793 1416 3848 eis
1461 3793 1610 3847 illum
1661 3793 1842 3848 feriam
1899 3801 2083 3848 contra

493 3906 650 3965 quem
688 3889 1022 3945 invisibiliter
1063 3902 1239 3960 pugno
1263 3929 1279 3954 ,
1300 3888 1390 3958 qni
1443 3887 1844 3958 perversissima
1869 3897 1921 3942 et
1947 3887 2087 3941 anti-

491 3981 746 4051 quissima
793 3981 983 4035 astutia
1029 3979 1221 4034 callide
1262 3978 1486 4032 intendit
1511 3987 1567 4034 et
1605 3977 1743 4046 agit,
1775 3985 1834 4032 ut
1873 3986 2085 4046 propter

495 4072 612 4128 haec
647 4072 962 4128 Petilianutn
1007 4070 1213 4125 oderim
1239 4109 1255 4136 ,
1288 4084 1350 4124 ac
1392 4069 1468 4123 sic
1516 4078 1839 4138 przeceptum
1888 4067 2085 4122 Christi

493 4162 636 4236 quod
668 4163 780 4229 ait,
809 4161 1011 4232 Diligite
1046 4161 1276 4214 inimicos
1303 4169 1489 4214 vestros
1524 4157 1674 4230 (Luc.
1703 4174 1756 4212 VI
1780 4197 1796 4224 ,
1825 4156 1914 4228 55)
1941 4199 1956 4222 ,
1984 4158 2084 4211 im-

495 4256 646 4332 plere
673 4269 776 4309 non
806 4254 1016 4323 possim.
1051 4252 1198 4320 Quod
1228 4268 1258 4306 a
1289 4267 1374 4306 me
1399 4261 1606 4306 avertat
1630 4251 1746 4320 ejus
1777 4249 2087 4305 misericor-

497 4347 582 4402 dia
600 4388 614 4412 ,
641 4347 730 4417 qui
753 4361 842 4402 me
869 4345 1093 4411 dilexit,
1124 4355 1178 4398 et
1207 4345 1422 4398 tradidit
1465 4345 1810 4413 semetipsmn
1842 4361 1935 4414 pro
1963 4358 2048 4398 me
2069 4385 2083 4410 ,

499 4448 556 4495 ut
579 4437 818 4510 pendens
845 4437 898 4491 in
920 4451 1079 4492 cruce
1105 4436 1329 4501 diceret,
1369 4435 1539 4499 Pater,
1575 4436 1776 4504 ignosce
1799 4435 1901 4489 illis
1922 4476 1935 4498 ,
1967 4437 2088 4504 quia

503 4531 734 4585 nesciunt
776 4529 900 4602 quid
919 4529 1113 4599 faciunt
1145 4527 1254 4600 (Id.
1289 4543 1418 4582 xxnt
1444 4569 1458 4594 ,
1483 4528 1573 4598 51)
1601 4544 1613 4579 ;
1643 4542 1830 4597 meque
1856 4527 1922 4582 de
1950 4528 2087 4582 Peti-

502 4624 646 4678 liano
670 4631 726 4679 et
754 4623 945 4680 talibus
974 4620 1204 4677 inimicis
1231 4621 1366 4676 meis
1382 4619 1562 4676 dicere
1583 4619 1818 4688 doceret,
1844 4620 2084 4687 Domine,

501 4716 719 4786 ignosce
749 4714 876 4780 illis,
903 4715 1027 4784 quia
1055 4713 1298 4768 nesciunt
1325 4711 1451 4783 quid
1473 4713 1779 4782 loqttuntur.

572 4803 798 4862 CAPUT
837 4805 978 4861 XIV.
1019 4835 1091 4846 -—
1127 4804 1213 4861 15.
1265 4803 1496 4859 Proinde
1554 4805 1597 4859 si
1651 4803 2008 4874 impetravero
2057 4819 2088 4859 a

503 4895 675 4962 vobis,
701 4895 840 4952 sicut
862 4896 1084 4957 intendi,
1113 4904 1170 4950 ut
1197 4905 1403 4950 remoto
1425 4895 1492 4949 ab
1511 4895 1704 4949 :tnitttis
1732 4897 1920 4950 vestris
1942 4896 2088 4951 omni

505 4987 677 5044 studio
704 4987 928 5058 partium
950 5027 965 5052 ,
999 4987 1134 5042 inter
1163 5002 1252 5042 me
1277 4995 1333 5043 et
1361 4987 1675 5049 Petilianum
1707 4987 1843 5057 :equi
1881 4987 2091 5057 judices

503 5083 646 5146 sitis;
677 5080 955 5136 ostendam
999 5080 1149 5134 vobis
1179 5095 1284 5134 non
1326 5095 1447 5134 eum
1493 5078 1834 5148 respondisse
1879 5079 2090 5148 scriptis

506 5174 637 5229 meis
666 5190 680 5226 :
709 5181 766 5227 ut
805 5170 1111 5242 intelligatis
1138 5171 1258 5240 quia
1286 5170 1526 5225 veritatis
1555 5169 1732 5239 inOpia
1760 5179 1980 5224 coactus
2019 5169 2090 5224 sit

501 5280 715 5321 causam
755 5265 1090 5334 relinquere,
1122 5271 1177 5319 et
1216 5263 1270 5317 in
1311 5262 1582 5318 hominem
1621 5260 1709 5330 qui
1735 5277 1851 5315 eam
1879 5261 1958 5316 sic
1981 5261 2092 5331 egit

500 5365 555 5409 ut
586 5356 914 5427 respondere
943 5355 1035 5411 ille
1068 5370 1175 5410 non
1206 5363 1428 5425 posset,
1451 5369 1568 5424 qua:
1609 5353 1782 5423 potuit
1807 5351 2091 5409 maledicta

511 5518 682 5559 rerum
706 5510 750 5560 si
769 5508 942 5559 millies
983 5513 1167 5559 tantum
1187 5506 1305 5558 talia
1341 5506 1412 5558 vel
1443 5505 1587 5559 etiam
1622 5503 1931 5558 sceleratiora
1961 5504 2093 5558 dicat

501 5569 553 5620 in
585 5571 830 5631 nte,mt'lti
851 5576 925 5621 sat
949 5577 1035 5621 est.
1104 5580 1158 5620 at.

569 5673 756 5746 trditt,
784 5688 815 5724 a
837 5673 1040 5724 dextera
1071 5680 1117 5724 et
1148 5687 1179 5724 a
1213 5672 1426 5724 sinistra.
1462 5673 1782 5723 Emendantur
1821 5687 1884 5726 ex
1921 5685 2092 5724 manu-

503 5742 1108 5870 H’Wmus
1128 5802 1218 5870 “‘3
1276 5857 1286 5868 .

569 5859 591 5892 ³
613 5866 715 5911 sua
740 5859 889 5910 editio
912 5866 1039 5922 μοι,
1066 5859 1378 5921 apertissime.

1288 396 1566 455 CONTRA
1605 388 1945 450 LITTERAS
1987 383 2348 453 PETILIANI,
2389 384 2449 441 S.
2489 379 2862 440 AUCUSTINI

3635 376 3737 437 356

2152 498 2374 568 jactare.
2417 498 2729 568 Quanquam
2760 502 2906 550 tanta
2934 491 3357 549 manifestationc
3379 491 3592 549 elarcnt
3618 506 3733 562 qua:

2153 587 2393 644 dicturus
2421 603 2536 643 sum
2555 629 2570 654 ,
2600 595 2657 642 ut
2681 584 2890 641 etiamsi
2926 583 3102 639 studio
3133 584 3359 654 partium
3399 592 3454 638 et
3482 582 3611 638 odio
3635 583 3736 639 mei

2154 688 2347 735 vestra:
2369 688 2577 735 mentes
2601 693 2632 732 a
2661 693 2747 734 me
2768 678 3066 733 alienentur
3091 716 3106 742 ,
3133 673 3500 730 tantummodo
3520 674 3564 729 si
3593 682 3735 728 utra.

2155 787 2259 844 que
2285 771 2506 843 legatis,
2530 779 2678 826 certe
2707 770 2843 840 apud
2874 769 3229 837 vosmetipsos
3268 767 3320 822 in
3358 767 3610 822 cordibus
3653 783 3743 822 vc-

2157 865 2285 922 stris
2313 879 2496 919 verum
2524 878 2610 918 me
2637 863 2839 918 dixisse
2867 861 3156 917 fateamini.

2223 957 2310 1012 16.
2341 957 2454 1027 Ego
2480 957 2622 1012 enim
2655 955 2984 1024 resyondens
3028 955 3215 1025 prima:
3254 953 3386 1022 parti
3427 953 3746 1023 scriptorum

2161 1048 2296 1118 ejus,
2320 1063 2441 1119 qut
2469 1058 2596 1103 tunc
2621 1048 2672 1102 in
2705 1061 2892 1102 manus
2929 1062 3074 1101 meas
3110 1055 3360 1110 venerat,
3389 1043 3749 1113 prmtermisso

2162 1141 2467 1195 convicioso
2498 1149 2552 1196 et
2588 1140 2850 1211 sacrilego
2885 1139 3257 1208 multiloqnio,
3289 1138 3374 1193 ubi
3407 1139 3502 1203 ait,
3529 1137 3617 1193 Bis
3643 1137 3750 1192 Ba-

2165 1233 2348 1304 ptisnm
2375 1233 2518 1288 nobis
2549 1234 2790 1305 objiciunt
2818 1234 2874 1296 ii,
2907 1232 2994 1302 qui
3016 1231 3106 1286 sub
3137 1231 3338 1285 nomine
3358 1230 3612 1300 Baptismi
3639 1233 3754 1284 ani—

2165 1340 2274 1379 ntas
2291 1341 2408 1378 suas
2436 1341 2522 1378 reo
2551 1324 2750 1378 lavacro
2781 1323 3091 1394 polluerunt,
3120 1321 3297 1392 quibus
3325 1321 3554 1392 equidem
3585 1322 3761 1376 obsce-

2167 1417 2246 1470 nis
2275 1416 2449 1470 sordes
2478 1427 2673 1470 cuncla:
2699 1416 2986 1468 mundiores
3014 1425 3164 1476 sunt;
3188 1430 3313 1484 quos
3344 1429 3576 1482 perversa
3611 1430 3762 1467 mun-

2169 1508 2296 1561 ditia
2332 1524 2462 1576 aqua
2490 1524 2586 1560 sua
2613 1508 2820 1578 contigit
2849 1506 3144 1576 inquinari:
3173 1505 3302 1560 illud
3339 1505 3482 1576 quod
3521 1507 3763 1576 sequitur

2172 1599 2314 1656 tenui
2340 1599 2728 1655 discutiendum
2750 1607 2804 1654 et
2824 1597 3197 1665 refellendum,
3215 1597 3355 1668 quod
3377 1598 3471 1662 ait,
3489 1597 3764 1653 Conscien-

2173 1692 2243 1745 tia
2269 1708 2482 1761 namque
2505 1691 2672 1745 dantis
2695 1692 2988 1754 attenditur,
3018 1705 3133 1760 quae
3160 1690 3331 1743 abluat
3359 1689 3671 1757 accipientis.
3700 1689 3767 1744 Et

2173 1782 2396 1852 qumsivi
2445 1781 2589 1836 unde
2627 1780 2922 1836 abluendus
2950 1779 3015 1834 sit
3058 1781 3148 1850 qui
3174 1779 3366 1849 accipit
3396 1780 3724 1848 Baptismum
3749 1821 3764 1845 ,

2174 1887 2294 1926 cum
2325 1872 2498 1926 dantis
2521 1873 2717 1941 polluta
2743 1871 3067 1926 conscientia
3094 1880 3174 1926 est
3195 1910 3212 1935 ,
3243 1879 3297 1925 et
3323 1870 3424 1924 hoc
3452 1870 3543 1925 ille
3562 1872 3657 1940 qui
3685 1880 3769 1925 est

2175 1975 2489 2032 accepturus
2511 1964 2716 2033 ignorat
2745 1963 2964 2032 (Supra,
2995 1963 3083 2016 lib.
3119 1964 3171 2027 1,
3198 1977 3313 2031 cap.
3349 1961 3426 2032 1).

2245 2053 2471 2110 CAPUT
2505 2053 2620 2109 XV.
2642 2083 2714 2094 ——
2742 2055 2830 2108 17.
2861 2053 3045 2124 Legite
3086 2069 3225 2108 nunc
3252 2053 3371 2123 ejus
3396 2052 3770 2123 copiosissima

2176 2147 2475 2213 maledicta,
2504 2163 2623 2218 quae
2654 2149 2704 2201 in
2729 2163 2816 2202 me
2839 2147 3052 2202 inflatus
3081 2155 3136 2202 et
3167 2147 3333 2202 iratus
3359 2146 3573 2211 elindit;
3605 2158 3663 2203 et
3692 2147 3771 2202 vi-

2177 2240 2300 2296 dete
2337 2248 2512 2294 utrum
2552 2241 2810 2310 qumrcnti
2844 2240 2973 2295 mihi
3010 2240 3380 2310 responderit,
3411 2239 3552 2294 unde
3581 2240 3653 2294 sit
3675 2240 3770 2294 ab-

2179 2331 2406 2388 luendus
2443 2332 2528 2402 qui
2571 2333 2776 2402 accepit
2808 2331 3137 2402 Baptismum
3159 2374 3174 2397 ,
3206 2347 3326 2387 cum
3358 2331 3532 2388 dantis
3571 2333 3772 2402 polluta

2178 2423 2503 2480 conscientia
2523 2432 2627 2490 est,
2651 2431 2705 2478 et
2735 2424 2835 2478 hoc
2853 2424 3061 2494 ignorat
3081 2423 3369 2493 accipiens.
3392 2421 3636 2478 Obsecro
3661 2439 3773 2490 vos,

2180 2515 2401 2586 quaerite
2439 2523 2642 2569 attente
2665 2554 2680 2579 ,
2709 2527 2898 2569 omnes
2925 2513 3160 2570 excutite
3191 2513 3406 2584 paginas
3427 2555 3440 2578 ,
3471 2527 3671 2568 omnes
3694 2513 3776 2568 di-

2181 2617 2461 2664 numerate
2504 2608 2830 2672 versiculos,
2859 2607 3038 2661 omnia
3087 2606 3246 2661 verba
3293 2615 3537 2672 versate,
3583 2621 3778 2662 omnes

2181 2702 2413 2775 syllabas
2450 2701 2762 2767 enucleate;
2791 2709 2843 2756 et
2865 2699 3028 2755 dicite
3071 2698 3199 2754 mihi
3218 2741 3234 2767 ,
3257 2699 3302 2753 si
3323 2698 3626 2754 inveniritis
3651 2739 3666 2764 ,
3694 2698 3778 2752 ubi

2182 2794 2534 2864 reSponderit,
2563 2809 2682 2850 cum
2705 2793 2882 2849 dantis
2907 2791 3229 2848 conscientia
3255 2792 3456 2862 polluta
3485 2800 3610 2857 est,
3638 2791 3780 2848 unde

2183 2887 2252 2943 sit
2271 2886 2384 2957 ejus
2409 2885 2668 2942 abluenda
2694 2887 2780 2957 qui
2805 2885 2905 2941 hoc
2923 2894 3237 2956 accepturus
3258 2885 3488 2955 ignorat.

2257 2978 2344 3032 18.
2373 2976 2508 3045 Quid
2539 2977 2678 3032 enin
2709 2976 2774 3030 ad
2797 2992 2908 3032 rem
2941 2975 3194 3046 pertinuit
3218 2978 3257 3042 ‘,
3277 2975 3400 3045 quia
3427 2973 3658 3029 verbum
3688 2974 3781 3030 ad-

2185 3067 2337 3134 didit,
2364 3067 2506 3137 quod
2531 3083 2562 3120 a
2593 3082 2679 3122 me
2707 3066 2908 3122 diceret
2933 3066 3096 3122 fuisse
3134 3065 3499 3131 subtractum,
3523 3075 3692 3136 atque
3714 3066 3783 3121 ita

2185 3175 2245 3215 se
2285 3159 2564 3230 scripsisse
2608 3158 2884 3216 contendit
2917 3177 2932 3214 :
2975 3157 3295 3215 Conscientia
3340 3175 3562 3228 namque
3610 3170 3786 3214 sancte

2186 3252 2355 3306 dantis
2393 3251 2666 3306 attenditur
2687 3295 2724 3327 ,.
2744 3267 2860 3322 qua:
2889 3249 3063 3305 abluat
3089 3250 3400 3321 accipientis.
3431 3249 3564 3304 Nam
3597 3257 3665 3304 ut
3693 3265 3784 3304 no-

2186 3344 2369 3398 veritis
2393 3359 2499 3399 non
2530 3361 2558 3397 a
2588 3360 2674 3400 me
2713 3343 2876 3400 fuisse
2914 3345 3242 3399 subtractum
3269 3384 3284 3407 ,
3312 3343 3446 3397 nihil
3475 3343 3783 3413 inquisitio-

2188 3451 2311 3493 nem
2339 3450 2514 3491 meam
2554 3435 2776 3505 impedit
2809 3435 3044 3490 additum
3066 3476 3081 3502 ,
3111 3434 3244 3490 nihil
3274 3435 3390 3504 ejus
3417 3433 3670 3489 sublevat
3695 3433 3787 3490 de~

2187 3528 2494 3585 fectionem.
2519 3527 2600 3583 Ad
2630 3529 2742 3598 ipsa
2786 3527 2928 3584 enim
2967 3527 3127 3582 verba
3150 3541 3335 3582 rursus
3378 3527 3662 3597 interrogo
3686 3567 3702 3592 ,
3732 3534 3786 3580 et

2191 3630 2364 3676 utrum
2389 3619 2722 3689 responderit
2749 3634 2932 3689 qu:rro
2952 3620 3007 3672 ’τ
3040 3618 3095 3673 Si
3128 3618 3430 3672 conscientia
3454 3629 3634 3673 sancte
3656 3619 3785 3672 dan-

2191 3713 2256 3766 tis
2300 3711 2614 3778 attenditur,
2644 3725 2757 3781 quia
2784 3711 2957 3764 abluat
3008 3710 3337 3779 accipientis;
3363 3708 3505 3766 unde
3549 3709 3790 3764 abluitur

2189 3803 2502 3872 accipientis
2527 3801 2850 3856 conscientia
2872 3842 2886 3864 ,
2910 3800 3124 3871 quando
3150 3799 3326 3854 dantis
3353 3799 3632 3853 maculosa
3657 3814 3788 3854 eon-

2190 3893 2406 3947 scientia
2447 3902 2566 3956 est,
2597 3893 2780 3948 ethoc
2824 3900 3146 3962 accepturus
3174 3891 3417 3962 ignorat?
3444 3889 3526 3945 Ad
3561 3889 3675 3946 hoc
3712 3905 3790 3945 re-

2191 3983 2440 4054 sponderi
2469 3984 2701 4054 llagitate
2726 4026 2742 4051 ,
2774 3985 3039 4039 neminem
3067 3985 3249 4040 reliCta
3274 3997 3432 4038 causa
3473 3985 3792 4038 conviciose

2191 4075 2410 4128 alienari
2440 4075 2734 4145 permittite
2761 4093 2774 4129 :
2809 4075 2864 4131 Si
2889 4075 3192 4130 conscientia
3220 4086 3392 4129 sancte
3428 4075 3605 4135 dantis
3628 4086 3792 4130 atten-

2190 4165 2368 4219 ditur:
2410 4166 2584 4221 videle
2631 4167 2752 4236 quia
2798 4180 2903 4221 non
2941 4166 3086 4233 dixi,
3110 4167 3414 4221 conscientia
3451 4165 3672 4230 dantis;
3701 4164 3791 4221 sed

2191 4257 2402 4322 addidi,
2431 4268 2602 4312 sancte
2629 4259 2796 4313 dantis
2826 4273 2845 4312 :
2875 4257 2933 4313 Si
2962 4258 3292 4324 conscientia,
3325 4259 3542 4328 inquam
3567 4299 3583 4322 ,
3617 4267 3795 4312 sancte

2192 4347 2360 4402 dantis
2397 4349 2678 4402 attenditur
2701 4391 2715 4414 ,
2747 4365 2858 4419 quae
2891 4350 3062 4403 abluat
3107 4349 3432 4419 accipientis;
3459 4347 3606 4404 unde
3635 4349 3794 4420 igitur

2192 4438 2490 4494 abluendus
2505 4449 2604 4504 est,
2621 4439 2712 4509 qui
2742 4440 2931 4508 accipit
2957 4439 3302 4510 Baptismum,
3327 4455 3446 4493 cum
3468 4438 3655 4494 dantis
3678 4439 3793 4510 pol-

2191 4531 2300 4586 luta
2345 4531 2889 4598 conscientia_est,et
2937 4532 3036 4586 ltoc
3066 4532 3153 4588 ille
3195 4534 3284 4602 qui
3329 4540 3411 4586 est
3463 4540 3794 4602 accepturus

2193 4625 2436 4696 ignorat?

2263 4715 2490 4772 CAPUT
2535 4715 2675 4770 XVI.
2697 4746 2768 4756 —
2796 4715 2884 4771 19.
2922 4716 3023 4771 Eat
3044 4731 3180 4770 nunc
3203 4759 3216 4783 ,
3245 4724 3302 4771 et
3335 4715 3542 4771 anhelis
3574 4717 3796 4786 pulmo-

2194 4809 2352 4864 nibus
2404 4824 2467 4864 ac
2496 4808 2721 4878 turgidis
2764 4809 3002 4863 faucibus
3033 4823 3116 4862 me
3157 4817 3406 4878 tanquam
3447 4807 3796 4863 dialecticum

2195 4903 2508 4958 criminetur
2560 4920 2574 4956 :
2627 4901 2733 4955 imo
2778 4915 2883 4956 non
2925 4916 3048 4964 me,
3104 4899 3198 4954 sed
3233 4901 3402 4970 ipsam
3453 4899 3797 4955 dialecticam

2195 4995 2340 5049 velut
2366 4993 2655 5049 mentiendi
2679 4991 2935 5047 artificem
2965 4991 3018 5045 in
3051 4991 3302 5060 populare
3345 4990 3616 5060 judicium
3645 5004 3798 5046 ream

2196 5087 2454 5151 devocet,
2487 5098 2539 5142 et
2577 5087 2628 5140 in
2667 5101 2784 5140 eam
2826 5083 3114 5154 quamlibet
3157 5084 3523 5152 fragosissimo
3564 5084 3797 5153 strepitu

2196 5179 2437 5234 advocati
2479 5176 2708 5234 forensis
2736 5191 2830 5232 ora
2867 5175 3152 5231 distendat.
3202 5175 3348 5229 Dicat
3385 5174 3648 5244 quidquid
3682 5173 3796 5227 vult

2197 5272 2335 5342 apud
2366 5271 2643 5342 imperitos
2662 5311 2677 5335 ,
2705 5270 2845 5325 unde
2869 5268 3270 5323 stomacltentnr
3295 5266 3467 5331 docti,
3497 5265 3797 5320 illudantur

2199 5363 2418 5420 indocti.
2448 5362 2530 5418 Me
2573 5373 2790 5433 pr0pter
2829 5360 3184 5422 rhetoricam,
3214 5358 3433 5413 Tertulli
3465 5357 3734 5417 oratoris,
3764 5371 3796 5408 a

2197 5471 2302 5528 quo
2345 5465 2623 5511 accusatus
2663 5463 2745 5509 est
2779 5452 2972 5508 Paulus
3019 5451 3153 5524 (Act.
3192 5466 3354 5515 xxtv,
3388 5449 3478 5523 1),
3531 5449 3798 5504 vocabulo

2198 5551 2450 5605 denotet:
2489 5548 2591 5602 sibi
2637 5555 2851 5617 pr0pter
2875 5544 3315 5606 advocationem,
3349 5543 3401 5596 in
3444 5557 3545 5612 qua
3594 5549 3796 5611 poten-

2202 5641 2322 5696 tiam
2366 5639 2630 5710 quondam
2675 5652 2822 5692 suam
2855 5635 3055 5706 jactat,
3080 5633 3338 5688 Paracleti
3387 5647 3579 5688 nomen
3612 5631 3795 5702 impo-

2263 5800 2279 5827 ³
2312 5795 2434 5857 Apud
2459 5801 2533 5843 Er.
2553 5793 2699 5854 Lugd.
2728 5799 2844 5841 ven.
2870 5797 3002 5854 Lov.,
3020 5786 3240 5856 pertinet.
3305 5792 3362 5836 tu.

2263 5859 2284 5889 ί
2309 5866 2434 5918 t.ov.,
2458 5864 2500 5906 ct
2526 5867 2697 5907 uerum
2719 5865 2900 5918 qtzwro.
3428 5859 3442 5874 ’
