3998 6470
252 411 356 471 357

252 540 362 596 nat,
390 537 558 599 atque
580 526 653 584 ob
689 525 791 581 hoc
828 539 886 582 se
904 522 1327 594 cognominalem
1366 520 1594 593 Spiritus
1628 518 1837 584 sancti,

248 637 354 678 non
381 636 506 677 esse
529 662 546 688 ,
568 618 664 676 sed
692 618 857 675 fuisse
893 617 1107 672 deliret.
1145 614 1556 670 Manichaeorum
1601 612 1834 667 immun-

245 712 406 767 ditias
436 706 789 765 libentissime
823 713 1138 777 exaggeret,
1162 718 1358 775 easque
1384 703 1439 757 in
1470 716 1557 757 me
1592 698 1835 755 latrando

246 804 571 871 detorquere
589 808 830 856 conetur.
854 797 1155 869 Ignotorum
1181 795 1309 851 mibi
1338 804 1393 850 et
1417 801 1663 849 notorum
1685 800 1833 862 gesta

244 895 436 948 recitet
477 892 883 956 damnatorum,
911 897 966 944 et
1012 887 1155 958 quod
1202 887 1274 941 ibi
1316 886 1518 940 amicus
1566 882 1833 955 quondam

245 999 395 1039 meus
424 982 594 1052 magis
612 980 681 1035 ad
708 979 1073 1035 defensionem
1100 991 1250 1031 suam
1278 991 1364 1031 me
1391 974 1682 1030 nominavit
1710 972 1836 1025 abs-

241 1084 423 1131 entem
445 1114 460 1135 ,
490 1074 543 1126 in
588 1071 909 1128 calumniam
948 1068 1277 1140 prrejudicati
1341 1066 1581 1121 criminis
1601 1105 1616 1131 ,
1648 1063 1832 1119 nescio

232 1181 347 1237 quo
370 1180 515 1220 novo
552 1171 605 1219 et
632 1179 732 1219 suo
754 1163 874 1231 jure
891 1203 906 1228 ,
929 1170 1227 1216 convertat.
1253 1159 1459 1215 Titulos
1485 1157 1832 1227 epistolarum

241 1273 485 1314 wearum
531 1272 561 1309 a
591 1271 671 1323 se,
694 1255 779 1309 vel
804 1269 833 1308 a
859 1254 968 1309 suis
986 1293 1003 1320 ,
1031 1252 1169 1308 sicut
1190 1252 1267 1307 eis
1297 1250 1521 1320 placuit,
1552 1247 1833 1317 inscriptos

238 1350 416 1420 legat,
443 1359 498 1405 et
528 1359 781 1417 tanquam
828 1361 916 1401 me
951 1345 1003 1400 in
1041 1344 1122 1400 eis
1158 1341 1628 1413 comprehendisse
1656 1354 1714 1394 se
1743 1353 1834 1409 ge-

234 1442 368 1495 stiat
397 1459 411 1493 :
442 1439 793 1494 conﬁtentem
825 1435 1061 1507 eulogias
1099 1435 1252 1506 panis
1280 1432 1593 1502 simpliciter
1615 1438 1668 1485 ct
1696 1428 1832 1483 bila-

236 1534 370 1587 riter
396 1531 571 1595 datas,
597 1529 823 1585 ridiculo
848 1527 1066 1583 nomine
1092 1539 1376 1581 venenosa:
1404 1520 1747 1593 turpitudinis
1767 1535 1830 1574 ac

238 1622 436 1677 furoris
474 1622 731 1689 infamet,
761 1620 906 1697 etde
945 1628 1122 1675 vestro
1153 1620 1167 1650 ⁸
1208 1617 1371 1673 corde
1396 1626 1502 1672 tam
1542 1616 1681 1670 male
1707 1629 1829 1669 sen-

235 1715 356 1779 tiat,
380 1723 437 1768 ut
471 1713 730 1768 amatoria
765 1712 1023 1767 malelicia
1065 1710 1186 1765 data
1213 1708 1459 1772 mulieri,
1486 1707 1674 1762 marito
1721 1722 1827 1762 non

234 1806 414 1860 solum
468 1804 719 1867 conscio,
769 1817 953 1857 verum
1000 1802 1159 1857 etiam
1211 1800 1484 1866 favente’,
1542 1798 1687 1853 credi
1726 1798 1826 1854 sibi

235 1910 398 1965 posse
421 1901 727 1964 praesumat.
760 1892 910 1961 Quod
938 1892 1006 1949 de
1034 1907 1122 1947 me
1145 1892 1318 1946 adhuc
1339 1890 1650 1962 presbytero
1685 1889 1825 1945 scri-

236 1987 343 2056 psit
378 1989 548 2041 iratus
576 1987 851 2042 ordinator
874 1985 1082 2040 futurus
1109 1984 1442 2057 episc0patus
1468 1984 1572 2039 mei
1601 1982 1697 2053 (a),
1729 1998 1823 2038 veo

235 2079 295 2133 lit
323 2081 505 2135 valere
538 2078 796 2134 adversus
841 2093 926 2133 me
957 2096 970 2132 :
1002 2077 1145 2148 quod
1175 2086 1351 2131 autem
1376 2092 1406 2130 a
1431 2086 1614 2132 sancto
1640 2077 1821 2131 conci-

232 2169 305 2223 lio
325 2170 397 2223 de
428 2170 529 2224 hoc
555 2169 696 2239 quod
720 2170 770 2222 in
800 2183 897 2222 nos
920 2168 989 2221 ita
1018 2168 1254 2236 peccavit
1276 2209 1290 2230 ,
1323 2167 1528 2221 veniam
1562 2168 1745 2236 petivit
1770 2175 1824 2222 et

231 2261 431 2315 meruit
455 2303 469 2325 ,
502 2261 636 2315 nolit
659 2260 837 2315 valere
866 2274 962 2329 pro
992 2274 1108 2323 me;
1137 2258 1207 2313 ita
1244 2258 1548 2313 christiana:
1575 2272 1823 2312 mansue-

233 2350 438 2407 tudinis
463 2360 517 2407 et
546 2350 797 2421 praecepti
829 2350 1121 2420 evangelici
1140 2349 1222 2404 vel
1254 2349 1466 2402 nescius
1488 2347 1571 2402 vel
1597 2348 1817 2414 oblitus,

232 2452 290 2497 nt
328 2443 493 2497 etiam
538 2441 680 2512 quod
726 2440 876 2495 fratri
916 2448 975 2515 ut
1021 2439 1120 2494 sibi
1154 2440 1519 2509 ignosceretur
1547 2437 1821 2493 humiliter

232 2535 527 2606 postulanti
564 2534 858 2588 clementer
877 2531 1114 2601 ignotum
1139 2539 1241 2597 est,
1268 2528 1604 2584 criminetur.

298 2646 530 2702 CAPUT
568 2642 729 2700 XVII.
768 2674 841 2685 —
875 2642 963 2698 20.
1004 2641 1199 2711 Pergat
1218 2641 1377 2696 etiam
1398 2655 1644 2695 sermone
1672 2640 1810 2694 mul—

229 2739 457 2808 tiloquo,
506 2736 601 2791 sed
645 2735 805 2807 plane
851 2732 1160 2802 vaniloquo,
1211 2731 1263 2787 in
1316 2746 1380 2787 ea
1428 2746 1547 2801 qua:
1597 2744 1817 2801 prorsus

229 2832 459 2902 ignorat,
481 2829 565 2884 vel
590 2830 643 2883 in
664 2828 855 2898 quibus
875 2825 1052 2896 potius
1073 2825 1307 2880 abutitur
1326 2824 1624 2894 Ignorantia
1651 2822 1817 2893 pluri-

230 2937 435 2977 morum
463 2938 476 2975 :
504 2930 560 2976 et
581 2936 647 2976 ex
689 2917 1023 2973 confessione
1067 2915 1343 2986 cujusdam
1390 2915 1621 2981 feminae,
1673 2914 1815 2984 quod

229 3011 669 3069 catechumenam
696 3024 753 3063 se
780 3006 977 3063 dixerit
1002 3006 1436 3068 Manicltaaorum,
1467 3020 1585 3075 qua:
1613 3004 1813 3059 sancti-

224 3103 479 3159 monialis
506 3102 559 3157 in
590 3101 612 3133 ³
640 3098 910 3156 Catholica
940 3097 1123 3165 fuerit,
1154 3097 1297 3167 quod
1323 3097 1370 3152 ei
1396 3097 1569 3167 placet
1598 3096 1666 3152 do
1693 3096 1812 3151 illo-

226 3211 342 3250 rum
370 3193 640 3263 baptismo
664 3191 823 3254 dicat,
855 3199 908 3245 et
929 3190 1151 3256 scribat,
1179 3187 1447 3252 nesciens,
1480 3196 1565 3241 aut
1602 3186 1811 3243 nescire

224 3300 285 3342 se
323 3284 554 3356 ﬁngens,
587 3298 695 3337 non
746 3282 859 3337 illic
905 3281 979 3340 ita
1020 3279 1045 3312 ⁸
1089 3279 1346 3350 appellari
1398 3277 1812 3334 catechumenos

224 3386 479 3447 tanquam
499 3374 576 3431 eis
599 3374 895 3444 baptismus
924 3371 1241 3443 quandoque
1267 3370 1562 3436 debeatur;
1594 3371 1687 3425 sed
1719 3386 1811 3425 eos

222 3467 334 3521 hoc
356 3466 561 3533 vocari,
593 3464 685 3536 qui
707 3465 866 3519 etiam
893 3462 1179 3519 Auditores
1198 3470 1474 3528 vocantur,
1504 3462 1645 3532 quod
1666 3462 1812 3516 vide-

221 3561 351 3616 licet
388 3569 639 3627 tanquam
660 3556 880 3612 meliora
901 3566 957 3612 et
984 3555 1184 3625 majora
1214 3562 1478 3624 praecepta
1523 3553 1811 3610 observare

224 3667 328 3705 non
357 3650 588 3721 possint,
614 3664 735 3720 quae
775 3648 1127 3703 observantur
1153 3646 1219 3702 ab
1243 3646 1321 3701 eis
1343 3660 1479 3716 quos
1506 3645 1809 3701 Electorum

224 3742 440 3797 nomine
465 3740 853 3796 discernendos
882 3748 938 3795 et
960 3737 1299 3794 honorandos
1314 3746 1520 3808 putant.
1541 3736 1624 3791 Me
1649 3736 1808 3791 etiam

227 3834 598 3906 presbyterum
628 3832 793 3887 fuisse
830 3831 1263 3894 Manichaeorum,
1294 3829 1378 3885 vel
1404 3829 1568 3884 falsus
1594 3829 1678 3884 vel
1709 3830 1807 3884 fal-

226 3926 361 3993 lens,
388 3926 618 3981 mirabili
647 3925 943 3981 temeritate
965 3923 1449 3980 contendat.Verba
1481 3924 1623 3978 tertii
1652 3923 1768 3978 libri
1788 3926 1809 3957 ⁵

193 4016 629 4074 Δ(Σοηῖεξεείοηιιιη
675 4032 915 4071 mearum
940 4056 954 4078 ,
1020 4030 1139 4085 quae
1180 4030 1276 4083 per
1324 4029 1383 4069 se
1441 4014 1555 4083 ipsa
1580 4056 1594 4080 ,
1633 4023 1686 4069 et
1736 4014 1805 4070 de

222 4110 405 4165 multis
432 4118 556 4165 ante
579 4118 633 4165 et
657 4118 841 4180 postea
875 4107 1031 4163 dictis
1075 4106 1508 4161 manifestissima
1562 4116 1685 4161 sunt
1727 4106 1805 4160 le-

226 4202 489 4272 gentibus,
517 4200 618 4256 sub
646 4215 750 4271 quo
770 4200 817 4255 ei
850 4198 1341 4254 videturintellectu
1363 4210 1624 4268 proponat
1648 4208 1807 4267 atque

228 4301 424 4363 arguat.
453 4292 649 4347 Furem
676 4305 763 4345 me
791 4290 1019 4360 denique
1048 4289 1338 4345 verborum
1381 4304 1620 4351 suorum,
1665 4287 1807 4358 quod

228 4383 331 4437 duo
402 4381 759 4437 subtraxerim
791 4423 807 4450 ,
888 4390 1138 4451 tanquam
1205 4380 1287 4436 eis
1342 4379 1592 4449 repostis
1637 4379 1807 4435 victor

226 4474 472 4528 exsultet.

290 4564 519 4621 CAPUT
540 4564 799 4620 XVlll.—
815 4564 905 4619 21.
934 4563 989 4619 In
1012 4563 1095 4618 bis
1115 4572 1259 4619 certe
1284 4562 1549 4627 omnibus.
1580 4562 1810 4619 sicutle-

227 4656 397 4727 gendo
426 4671 750 4727 cognoscere
788 4656 871 4710 vel
919 4670 1301 4725 recognoscere
1344 4655 1606 4724 poteritis.
1641 4654 1808 4722 impe-

231 4756 336 4800 tum
364 4746 576 4817 quidem
604 4746 797 4817 lingua:
826 4760 937 4800 sua:
967 4759 1071 4815 quo
1094 4745 1248 4799 libuit
1271 4744 1470 4798 ambitu
1497 4744 1807 4812 jactationis

229 4839 465 4892 exercuit
498 4858 510 4891 :
543 4853 804 4907 nusquam
842 4845 1021 4891 tam-n
1046 4835 1180 4891 dixit
1208 4835 1347 4889 unde
1390 4836 1649 4890 abluatur.
1676 4835 1810 4890 acci-

284 5034 305 5064 ί
331 5034 400 5082 sic
418 5041 519 5083 uss.
547 5038 604 5082 At
622 5031 755 5089 editi,
771 5038 817 5082 et
840 5030 900 5081 de
922 5034 1094 5081 nostro.
1370 5066 1373 5069 ς

289 5096 309 5125 ι
334 5096 559 5153 verbum,
594 5095 794 5153 formae,
818 5095 880 5143 ab
911 5094 1132 5141 omnibus
1164 5097 1281 5153 Mss.
1298 5091 1438 5140 abest
1471 5098 1523 5141 et
1560 5091 1623 5140 ab
1665 5091 1809 5143 editis

229 5162 325 5202 sm.
353 5164 403 5206 et
426 5163 497 5205 Er.
514 5152 609 5205 sed
630 5154 746 5205 illud
769 5162 1000 5216 ,Erasmus
1022 5154 1081 5202 ad
1104 5166 1235 5203 oram
1271 5152 1381 5201 libri
1408 5159 1663 5216 posuerat,
1698 5167 1805 5205 mo-

223 5229 351 5266 nens
368 5218 519 5268 videri
544 5219 635 5266 sibi
658 5215 816 5279 simile
837 5216 1078 5279 quidpiam
1109 5216 1307 5279 deesse.

292 5280 311 5308 ³
334 5286 461 5338 ων..
502 5285 565 5328 et.
608 5278 723 5327 Editi
763 5274 927 5327 alii'et
954 5274 1095 5333 λιες..
1122 5277 1174 5326 in
1196 5289 1213 5325 :
1235 5276 1533 5338 subauditur,
1569 5274 1800 5327 Ecclesia.

291 5339 311 5368 ⁸
337 5336 471 5400 Editi,
495 5338 698 5391 illicita:
724 5348 775 5401 et
790 5340 927 5397 infra,
955 5344 1181 5401 tanquam
1215 5337 1318 5401 ejus
1342 5336 1602 5401 baptismus
1634 5350 1651 5401 ς
1676 5351 1803 5401 prae—

229 5397 466 5463 tereaque
496 5401 636 5461 loco,
675 5400 931 5463 debeatur,
956 5397 1060 5447 Am.’
1091 5408 1143 5449 et
1173 5397 1247 5447 Er.
1274 5397 1527 5460 ferebant,
1568 5397 1801 5450 deleatur.

225 5461 606 5532 Castigantucex
630 5461 979 5532 manuscriptis.

292 5523 312 5553 ⁸
336 5519 383 5570 In
405 5526 631 5574 omnibus
652 5531 757 5573 Mss.
784 5519 981 5586 legitur,
1000 5521 1159 5583 quarti
1182 5519 1311 5571 libri.

293 5602 361 5664 (a)
384 5606 615 5668 Megalius
633 5606 922 5657 calamensis
943 5606 1196 5668 episeOpus
1213 5641 1232 5668 ,γ
1251 5604 1477 5653 Numidia:
1500 5606 1693 5668 primas,
1721 5617 1802 5668 or-_

227 5664 411 5731 dinator
435 5664 807 5731 fuitAAugustini,
836 5682 898 5717 ex
924 5664 1130 5731 Po'ssidio
1153 5669 1200 5731 in
1226 5667 1366 5731 hujus
1389 5664 1515 5731 vita;
1533 5667 1710 5731 cap.48.
1737 5666 1801 5731 ad

229 5726 447 5791 eamdem
469 5726 753 5778 calumniam
789 5726 853 5791 ex
884 5728 1066 5791 Megalii
1104 5726 1318 5790 primatis
1347 5730 1546 5790 petitam
1580 5726 1802 5789 epistola,

230 5789 490 5853 {ostendet
518 5803 709 5853 rursum
750 5792 800 5839 in
843 5789 978 5839 libro'
999 5789 1164 5853 contra
1186 5789 1491 5853 Cresconium
1513 5792 1675 5853 tertio,
1695 5801 1799 5853 cap.

228 5847 313 5909 80,
337 5862 380 5899 n.
403 5850 495 5911 92;
530 5859 582 5903 et
616 5851 738 5903 libro
759 5860 946 5915 quarto,
976 5865 1063 5914 cap
1105 5852 1182 5914 (Η,
1210 5866 1292 5901 nn.
1317 5851 1393 5915 78,
1413 5853 1489 5903 79.

1598 402 1801 461 LIBER
1838 399 2153 461 TERTIUS.

3421 415 3526 471 358

1945 522 2139 591 pientis
2162 524 2506 593 conscientia,
2544 539 2667 581 cum
2702 525 3028 583 maculosam
3068 526 3249 583 dantis
3297 528 3524 600 ignorat.

1943 615 2013 669 At
2040 631 2137 686 ego
2164 616 2302 673 inter
2320 620 2598 690 strepitum
2631 621 2718 675 vel
2757 629 2878 691 post
2914 622 3193 691 strepitum
3225 622 3338 692 ejus
3375 639 3525 694 gran-

1943 704 2085 771 dem,
2117 716 2170 761 et
2194 709 2353 764 nimis
2383 718 2439 764 ut
2459 720 2608 782 putat
2639 712 2753 782 ipse
2777 712 3085 780 terribilem,
3119 713 3280 780 lente,
3314 724 3371 769 ut
3398 714 3527 771 dici-

1944 804 2047 863 tur,
2060 805 2115 852 et
2141 798 2276 855 bene
2305 798 2380 872 (a)
2406 800 2507 860 hoc
2528 802 2698 871 ipsum
2724 811 2925 873 repeto,
2948 812 3001 859 et
3031 813 3088 858 ut
3118 803 3520 874 respondeatis}

1941 902 2173 957 exposco
2220 907 2235 945 :
2282 890 2338 947 Si
2378 892 2703 947 conscientia
2747 903 2928 949 sancte
2979 893 3155 949 daulis
3201 897 3515 963 attenditur,

1941 996 2059 1049 quze
2083 982 2264 1037 abluat
2287 984 2597 1056 accipientis
2621 1001 2635 1052 ;
2664 984 2803 1040 unde
2833 994 2916 1041 est
2939 986 3253 1054 abluendus,
3281 988 3371 1058 qui
3402 1004 3519 1042 ma-

1938 1074 2171 1129 culosam
2212 1076 2590 1133 conscientiam
2629 1078 2804 1134 dantis
2838 1079 3082 1147 ignorat?
3121 1079 3189 1134 Et
3229 1095 3327 1150 per
3353 1090 3517 1135 totam

1937 1165 2053 1235 ejus
2082 1165 2373 1235 Epistolam
2404 1168 2471 1224 ad
2496 1168 2599 1225 hoc
2623 1184 2729 1226 non
2755 1170 2966 1225 invenio
2990 1170 3188 1242 aliquid
3217 1171 3438 1227 dictum.

2007 1254 2229 1313 CAPUT
2269 1257 2411 1312 XIX.
2450 1288 2522 1299 —
2556 1258 2646 1313 22.
2688 1260 2818 1314 Nam
2848 1258 3073 1316 fortasse
3104 1260 3245 1316 dicet
3265 1262 3393 1316 mibi
3420 1261 3518 1317 ali-

1935 1346 2052 1414 quis
2073 1356 2308 1403 vestrum
2342 1367 2355 1403 :
2384 1350 2512 1406 Hmc
2540 1352 2718 1406 omnia
2759 1368 2881 1421 quas
2924 1352 3063 1408 dixit
3100 1354 3153 1408 iu
3184 1362 3254 1418 te,
3302 1352 3369 1409 ad
3410 1352 3514 1408 hoc

1934 1438 2111 1493 valere
2132 1440 2318 1507 voluit,
2344 1449 2399 1496 ut
2420 1449 2471 1497 te
2492 1440 2831 1509 deformaret,
2864 1458 2928 1499 ac
2956 1460 3051 1515 per
3080 1453 3131 1500 te
3171 1445 3290 1501 illos
3317 1444 3513 1516 quibus

1932 1531 2312 1599 communicas,
2356 1547 2424 1588 ne
2458 1533 2679 1588 ulterius
2721 1534 2942 1604 alicujus
2981 1536 3238 1591 momenti
3287 1551 3408 1592 esse
3459 1545 3513 1592 te

1932 1622 2254 1690 existiment,
2285 1624 2367 1678 vel
2415 1625 2536 1695 ipsi,
2565 1626 2649 1681 vel
2679 1626 2714 1680 ii
2746 1642 2883 1697 quos
2908 1626 2972 1681 ad
3000 1636 3229 1683 vestram
3266 1643 3510 1684 commu-

1928 1715 2144 1771 nionem
2178 1717 2456 1773 traducere
2486 1718 2691 1775 nitcris.
2712 1720 2978 1775 Cmterum
3006 1736 3069 1776 ex
3101 1736 3207 1796 quo
3236 1722 3513 1791 proposuit

1929 1805 2089 1860 verba
2112 1806 2361 1876 Epistola:
2393 1818 2518 1877 tuae,
2549 1826 2614 1865 ex
2638 1810 2730 1864 illo
2750 1810 3197 1866 considerandum
3223 1820 3305 1866 est
3331 1820 3509 1865 utrum

1928 1897 2058 1951 nihil
2086 1898 2151 1952 ad
2189 1899 2275 1953 illa
2303 1901 2656 1970 responderit.
2694 1901 2769 1956 lta
2815 1917 2941 1972 ergo
2972 1902 3226 1957 faciamus
3254 1918 3268 1955 :
3292 1917 3359 1957 ex
3393 1902 3510 1972 ipso

1929 2003 2145 2057 prorsus
2171 1990 2290 2045 loco
2311 1992 2509 2061 scripta
2539 1993 2654 2062 ejus
2684 1993 3105 2049 consideremus.
3129 1993 3364 2064 Excepto
3380 2008 3510 2064 ergo

1928 2081 2188 2149 prooemio
2224 2097 2330 2152 quo
2368 2083 2509 2138 volui
2548 2085 2781 2139 animum
2824 2100 3124 2154 praeparare
3176 2084 3410 2150 lectoris,
3451 2094 3509 2141 et

1926 2186 2090 2241 pauca
2118 2173 2234 2242 ejus
2270 2175 2427 2230 verba
2457 2176 2627 2245 prima
2659 2178 2678 2207 ¹
2709 2176 3089 2231 contumeliosa
3131 2177 3298 2248 magis
3340 2192 3500 2247 quam

1922 2262 1989 2315 ad
2013 2278 2121 2317 rem
2147 2264 2464 2332 pertinentia
2490 2267 2783 2337 prmterire,
2804 2267 2905 2330 Ait,
2930 2269 3165 2337 inquam,
3185 2267 3509 2322 Conscientia

1923 2368 2137 2419 namque
2164 2354 2329 2409 dantis
2352 2357 2647 2424 attenditur,
2676 2373 2789 2428 qua:
2810 2358 2978 2412 abluat
2999 2358 3306 2429 accipientis.
3343 2358 3502 2425 Quid,

1921 2444 1966 2497 si
2002 2444 2153 2498 lateat
2190 2446 2356 2501 dantis
2399 2449 2721 2513 conscientia,
2761 2458 2807 2503 et
2836 2452 3051 2520 fortasse
3088 2450 3349 2504 maculosa
3400 2450 3508 2504 sit?

1920 2534 2171 2604 quomodo
2213 2538 2395 2605 poterit
2436 2538 2725 2608 accipientis
2774 2538 2980 2594 abluere
3019 2541 3398 2605 conscientiam,
3435 2541 3531 2607 si,-

1918 2626 2340 2692 quemadmodum
2365 2626 2505 2691 dicit,
2529 2629 2829 2683 conscientia
2856 2630 3026 2684 dantis
3052 2631 3351 2697 attenditur,
3388 2646 3503 2701 quc:

1919 2712 2089 2766 abluat
2109 2716 2436 2786 accipientis?
2470 2716 2532 2773 Si
2556 2719 2689 2772 enim
2718 2720 2902 2774 dixerit
2944 2720 3012 2772 ad
3036 2721 3362 2791 accipientem
3402 2738 3504 2775 non

1919 2806 2162 2874 pertinere
2185 2808 2429 2877 quidquid
2447 2809 2570 2863 mali
2600 2811 2801 2864 latuerit
2822 2812 2874 2864 in
2896 2812 3198 2866 conscientia
3222 2812 3410 2878 dantis,
3433 2812 3503 2866 ad

1918 2896 2012 2951 hoc
2028 2898 2205 2953 valebit
2231 2902 2444 2971 fortasse
2465 2901 2559 2955 illa
2584 2901 2893 2972 ignorantia,
2914 2912 2969 2955 ut
3004 2902 3067 2956 de
3095 2902 3398 2957 conscientia
3419 2904 3503 2957 ba-

1919 2989 2180 3057 ptizatoris
2217 2991 2297 3045 sui
2339 3008 2441 3046 non
2490 2992 2648 3062 possit
2691 2994 2916 3046 nesciens
2953 2993 3223 3046 matulari.
3272 2992 3503 3064 Sufﬁciat

1916 3096 2056 3150 ergo,
2079 3090 2131 3133 ut
2170 3082 2376 3135 alterius
2410 3083 2714 3137 conscientia
2741 3083 3016 3149 maculosa,
3065 3100 3181 3137 cum
3213 3084 3499 3156 ignoratur,

1916 3188 2017 3224 non
2057 3173 2272 3227 maculet
2313 3188 2333 3227 :
2376 3174 2622 3245 numquid
2654 3184 2821 3227 autem
2860 3176 3008 3228 etiam
3054 3174 3255 3229 abluere
3303 3177 3501 3245 potest?

1919 3260 2065 3317 Unde
2084 3262 2240 3334 igitur
2256 3263 2537 3317 abluendus
2566 3274 2637 3318 cst
2671 3266 2757 3336 qui
2796 3266 2977 3333 accipit
3005 3264 3341 3336 Baptismum,
3384 3284 3501 3321 cum

1914 3352 2081 3406 dantis
2115 3354 2307 3422 polluta
2332 3355 2636 3409 conscientia
2660 3365 2751 3418 est,
2776 3366 2822 3409 et
2844 3357 2937 3409 Itoc
2963 3356 3049 3410 ille
3068 3358 3153 3425 qui
3175 3366 3245 3411 est
3264 3366 3497 3427 acceptu-

1913 3463 2000 3499 rus
2020 3446 2218 3517 ignorat
2242 3462 2261 3510 ;
2294 3448 2570 3515 prtesertim
2591 3464 2704 3501 cum
2725 3448 2880 3501 addat
2909 3458 2952 3502 et
2979 3448 3133 3515 dicat,
3160 3448 3297 3502 Nam
3319 3450 3405 3519 qui
3428 3450 3497 3520 ﬁ-

1913 3537 2027 3591 dem
2048 3554 2078 3590 a
2114 3538 2308 3608 perﬁdo
2333 3540 2619 3610 sumpserit,
2648 3557 2749 3593 non
2783 3540 2934 3609 ﬁdem
2975 3542 3204 3612 percipit,
3253 3542 3342 3596 sed
3379 3559 3496 3597 rea-

1913 3639 2020 3685 tum
2040 3631 2258 3699 (Supra,
2287 3631 2373 3685 lib.
2396 3633 2444 3695 1,
2470 3648 2585 3701 cap.
2607 3633 2659 3696 l,
2684 3649 2772 3685 nn.
2795 3630 2847 3696 2,
2878 3631 2975 3701 5)?

1982 3720 2209 3777 CAPUT
2247 3721 2365 3776 XX.
2406 3751 2477 3762 -——
2512 3721 2603 3775 23.
2645 3720 2769 3775 llaec
2793 3722 2968 3775 omnia
3003 3722 3166 3776 verba
3199 3722 3492 3777 Pctilianus

1913 3830 1977 3868 ex
1999 3814 2188 3868 litteris
2215 3815 2347 3867 meis
2386 3812 2673 3868 refellenda
2702 3813 2975 3882 proposuit
3010 3826 3023 3865 :
3060 3813 3335 3883 videamus
3368 3828 3497 3882 ergo

1913 3916 2087 3961 utrum
2137 3905 2413 3969 refellerit,
2460 3913 2635 3959 utrum
2683 3905 2901 3959 omnino
2955 3904 3312 3975 responderit.
3344 3905 3496 3959 Addo

1911 3998 2053 4053 enim
2078 3997 2238 4051 verba
2267 4012 2385 4067 quae
2420 4010 2507 4052 me
2530 3996 2856 4052 subtraxisse
2898 3995 3251 4051 calumniatur
3272 4039 3286 4061 ,
3319 4005 3372 4051 et
3401 4012 3494 4051 ea-

1910 4088 2031 4144 dem
2054 4089 2165 4157 ipsa
2188 4090 2265 4143 sic
2291 4096 2491 4158 repeto,
2517 4096 2573 4143 ut
2598 4088 2757 4143 etiam
2793 4087 3029 4144 brevius.
3063 4087 3322 4144 Addeudo
3352 4089 3493 4145 enim

1911 4181 2026 4237 haec
2055 4181 2160 4235 duo
2186 4181 2367 4248 verba,
2416 4181 2575 4235 etiam
2628 4180 2695 4235 ad
2749 4181 3061 4237 brevitatem
3118 4182 3495 4251 propOsitionis

1907 4272 2068 4343 hujus
2096 4288 2181 4328 me
2208 4273 2489 4343 plurimum
2514 4271 2733 4342 adjuvit.
2757 4272 2813 4328 Si
2843 4272 3145 4327 conscientia
3164 4282 3334 4327 sancte
3360 4273 3494 4327 dan-

1912 4366 1975 4419 tis
1995 4364 2287 4431 attenditur,
2314 4380 2426 4434 qua!
2449 4364 2620 4419 abluat
2642 4364 2952 4434 accipientis,
2974 4374 3025 4419 et
3047 4365 3135 4436 qui
3163 4364 3314 4434 ﬁdem
3334 4367 3497 4420 sciens

1910 4474 1943 4511 a
1966 4457 2160 4528 perﬁdo
2184 4458 2475 4527 sumpserit,
2507 4474 2608 4511 non
2647 4458 2802 4527 ﬁdem
2853 4457 3083 4528 percipit,
3132 4458 3221 4513 sed
3265 4466 3497 4524 reatum;

1910 4550 2051 4605 unde
2079 4550 2310 4605 abluitur
2335 4549 2640 4620 accipientis
2655 4548 3002 4613 conscientia,
3021 4563 3142 4603 cum
3170 4548 3495 4603 maculosam

1911 4641 2087 4697 dantis
2113 4642 2346 4712 ignorat;
2377 4648 2569 4695 etcum
2594 4638 2749 4693 fidem
2767 4639 3009 4694 nesciens
3029 4638 3192 4694 sumit
3207 4656 3236 4693 a
3256 4638 3497 4709 perﬁdo?

1911 4748 2063 4804 rogo,
2094 4732 2235 4787 unde
2261 4730 2533 4785 abluitur?
2561 4730 2711 4784 Dicat
2747 4729 2919 4793 nobis,
2951 4744 3055 4784 non
3096 4737 3184 4784 eat
3229 4730 3279 4784 in
3326 4729 3492 4797 aliud,

1912 4840 2018 4878 non
2059 4823 2314 4877 obtendat
2364 4821 2583 4876 nebulas
2636 4821 2912 4890 imperitis.
2968 4820 3248 4877 P0stremo
3303 4823 3493 4877 saltem

1911 4916 2090 4970 multis
2111 4913 2534 4969 etanfractuosis
2559 4914 2870 4969 circuitibus
2904 4915 3229 4985 interpositis
3287 4923 3341 4969 et
3373 4929 3493 4984 per-

1914 5006 2065 5073 actis,
2120 5005 2330 5060 tandem
2372 5005 2657 5074 aliquando
2708 5005 2849 5061 dicat
2896 5006 3050 5061 nobis
3094 5005 3233 5061 unde
3262 5004 3495 5060 abluitur

1912 5096 2217 5166 accipientis
2271 5096 2639 5163 conscientia,
2692 5096 2904 5166 quando
2969 5096 3235 5151 maculosa
3305 5093 3491 5165 perfidi

1913 5191 2228 5261 baptizantis
2273 5189 2478 5244 occulta
2520 5197 2623 5255 est,
2666 5191 2711 5243 si
2756 5189 3057 5245 conscientia
3111 5195 3281 5240 sancte
3326 5184 3495 5240 dantis

1910 5282 2208 5348 attenditur,
2233 5297 2349 5352 qua:
2372 5281 2542 5335 abluat
2572 5281 2883 5351 accipientis,
2917 5289 2962 5333 et
2987 5279 3073 5348 qui
3094 5277 3246 5345 ﬁdem
3272 5276 3433 5330 sciens
3463 5293 3495 5331 a

1912 5372 2107 5443 perﬁdo
2158 5373 2443 5443 sumpserit,
2500 5388 2601 5425 non
2651 5372 2802 5439 ﬁdem
2854 5368 3085 5439 percipit,
3136 5367 3224 5419 sed
3276 5375 3489 5421 reatum.

1911 5464 2165 5520 NC:ClBﬂS
2192 5463 2337 5519 enim
2360 5462 2521 5519 sumit
2544 5476 2573 5516 a
2601 5461 2802 5532 perfido
2830 5473 2935 5514 non
2965 5457 3195 5512 habente
3215 5457 3491 5513 consciena

1976 5645 2173 5709 tFort‘e,
2192 5639 2493 5709 respondeat.
2697 5698 2707 5709 O
2745 5697 2776 5709 Α
2828 5707 2849 5709 Α
2889 5666 2929 5704 .;

1974 5708 1993 5738 ²
2017 5697 2372 5765 Εόίιὶ,’ρνιὲυἱα.
2400 5709 2454 5751 Al
2475 5697 2796 5759 manuscriptl,
2821 5697 2995 5759 prima.

1972 5787 2045 5847 (ιι)
2069 5784 2407 5847 Melius,juxta
2447 5779 2606 5842 more),
2640 5783 2685 5830 et
2730 5775 2851 5829 lene.
2888 5778 3006 5830 Vide
3043 5777 3277 5831 Element.
3311 5779 3489 5838 milia.

1911 5846 2052 5913 pagg.
2083 5848 2187 5910 HO,
2212 5846 2317 5895 Ml.
2382 5850 2435 5891 Μ.
