3998 6512
503 351 606 409 359

503 467 627 520 tiam
685 471 862 517 sancte
917 459 1108 525 dantis,
1154 458 1247 515 sed
1297 458 1619 512 maculosam
1668 466 1723 512 et
1771 456 2076 511 occultam:

507 555 646 608 unde
667 568 796 623 ergo
840 551 1107 606 abluitur?
1160 548 1300 604 unde
1342 562 1470 618 ergo
1512 547 1738 618 percipit
1787 546 1987 602 ﬁdem?
2023 545 2079 602 Si

502 646 644 698 enim
673 659 771 698 nec
801 652 923 696 tunc
948 641 1194 706 abluitur,
1219 653 1318 694 nec
1346 646 1469 693 tunc
1499 637 1722 708 percipit
1745 635 1926 703 ﬁdem,
1958 651 2080 691 cum

508 734 572 787 ba
583 734 804 803 ptizator
825 731 1054 802 perﬁdus
1078 738 1131 785 et
1159 729 1457 784 maculosus
1485 727 1724 784 occultus
1749 736 1863 793 est;
1896 741 1990 780 cur
2015 741 2081 782 eo

505 833 688 892 postea
714 820 919 892 prodito
945 829 1101 889 atque
1129 819 1399 884 damnato,
1431 831 1535 872 non
1566 817 1741 872 denuo
1761 817 2078 886 baptizatur,

502 923 559 967 ut
581 912 823 966 abluatur
851 909 1114 979 ﬁdemque
1137 908 1437 981 percipiat?
1460 906 1513 964 Si
1548 916 1728 962 autem
1762 905 1852 962 illo
1877 905 2080 977 perﬁdo

503 1016 558 1060 et
595 1004 864 1059 maculoso
893 1002 1101 1057 occulto
1143 1002 1242 1056 iste
1281 1001 1511 1055 abluitur
1543 1008 1595 1054 et
1631 999 1854 1068 percipit
1884 998 2076 1061 ﬁdem;

502 1095 642 1148 unde
667 1094 918 1157 abluitur,
949 1091 1090 1146 unde
1119 1091 1362 1161 percipit,
1395 1089 1481 1144 ubi
1509 1105 1614 1143 non
1645 1097 1727 1143 est
1753 1087 2079 1143 conscientia

503 1194 686 1241 sancte
728 1184 922 1250 dantis,
969 1198 1086 1253 qua:
1115 1183 1290 1237 abluat
1321 1180 1660 1250 accipientis?
1688 1181 1798 1235 IIoc
1829 1181 1987 1239 dicat,
2013 1179 2079 1232 ad

503 1277 608 1332 hoc
662 1275 980 1346 respondeat
1010 1293 1022 1329 :
1051 1273 1202 1331 Unde
1245 1273 1493 1339 abluitur,
1546 1272 1688 1326 unde
1739 1271 1982 1340 percipit,
2033 1272 2078 1324 si

502 1368 806 1420 conscientia
825 1375 995 1421 sancte
1019 1365 1185 1418 dantis
1205 1363 1496 1429 attenditur,
1515 1379 1628 1432 qua:
1642 1361 1814 1415 abluat
1825 1361 2078 1430 accipien-

500 1459 563 1511 tis
587 1473 605 1520 ;
634 1466 689 1512 et
711 1456 828 1512 base
857 1456 926 1510 ibi
953 1469 1055 1509 non
1084 1463 1184 1519 est,
1217 1453 1428 1523 quando
1462 1453 1753 1522 baptizatur
1775 1451 2078 1507 maculosus

499 1558 552 1603 ct
605 1547 838 1618 perﬁdus
891 1544 1077 1600 latuit?
1128 1543 1266 1598 Nihil
1330 1543 1413 1614 ad,’
1450 1542 1552 1597 hoc
1593 1555 1910 1612 responsum
1941 1540 1958 1572 ¹
1995 1547 2080 1594 est

498 1641 738 1693 omnino.

568 1729 795 1786 CAPUT
833 1727 977 1783 XXI.
1032 1757 1083 1768 —
1118 1726 1212 1782 24.
1251 1725 1356 1782 Sed
1383 1739 1508 1780 ecce
1541 1731 1848 1795 angustatus
1873 1723 1926 1777 in
1954 1735 2078 1776 cau—

504 1835 580 1885 sa,
608 1835 818 1874 rursum
847 1821 900 1874 in
940 1833 1027 1874 me
1077 1819 1329 1889 impetum
1382 1815 1505 1871 facit
1560 1815 1876 1870 nebulosum
1920 1823 2077 1882 atque

505 1921 798 1974 ventosum,
826 1919 886 1964 ut
925 1910 1164 1965 veritatis
1215 1907 1473 1962 serenitas
1525 1906 1875 1970 obscuretur;
1916 1912 1970 1958 et
2021 1904 2078 1957 ﬁt

502 2019 705 2058 summa
736 2003 910 2074 inopia
932 2001 1198 2069 copiosus,
1232 2015 1336 2054 non
1372 2013 1496 2053 vera
1541 1997 1802 2062 dicendo,
1835 1995 1928 2050 sed
1960 2009 2075 2048 ma-

507 2093 696 2148 ledicta
726 2093 899 2146 inania
925 2106 1029 2146 non
1052 2089 1276 2145 emendo
1297 2089 1338 2140 ³.
1362 2088 1560 2142 Tenete
1580 2100 1708 2142 sane
1729 2085 2078 2140 intentissime

500 2193 662 2253 atque
709 2179 1151 2251 fortissime'quid
1195 2179 1389 2234 debeat
1419 2177 1441 2209 ⁸
1485 2176 1833 2247 ῃεροιιᾶθτθ,
1880 2175 1931 2231 id
1971 2185 2073 2242 est,

498 2273 642 2328 unde
667 2273 914 2328 abluatur
939 2269 1245 2340 accipientis
1273 2267 1596 2324 conscientia
1614 2309 1629 2334 ,
1657 2281 1777 2322 cum
1809 2265 2076 2320 maculosa

496 2363 673 2418 dantis
699 2362 904 2418 occulta
930 2369 1012 2416 est
1038 2377 1051 2414 :
1081 2375 1147 2414 ne
1172 2358 1306 2414 forte
1323 2358 1425 2412 hoc
1440 2357 1591 2412 vobis
1604 2371 1636 2410 e
1652 2355 1897 2411 manibus
1918 2355 2076 2410 ﬁatus

496 2456 612 2525 ejus
637 2456 884 2518 excutiat,
925 2467 1122 2524 vosque
1152 2452 1246 2520 ipsi
1275 2449 1537 2506 sermonis
1565 2447 1758 2502 turbidi
1788 2448 2072 2518 caliginosa

495 2556 810 2616 tempestate
837 2544 1130 2615 rapiamini,
1165 2551 1224 2596 ut
1255 2542 1335 2596 vel
1373 2541 1665 2595 discessum
1705 2539 1787 2593 vel
1815 2551 1921 2608 quo
1945 2536 2074 2592 red-

496 2639 726 2693 eundum
778 2639 842 2692 sit
899 2636 1116 2690 omuino
1153 2632 1420 2688 nesciatis.
1473 2631 1539 2685 Et
1585 2629 1760 2684 videte
1805 2629 2075 2683 hominem

497 2729 678 2799 vagari
705 2743 804 2797 qua
839 2733 1040 2796 potest,
1074 2724 1200 2777 dum
1233 2737 1329 2792 pro
1373 2721 1588 2791 negotio
1634 2719 1775 2789 quod
1819 2718 2071 2787 suscepit,

497 2830 637 2874 stare
663 2836 768 2874 non
795 2826 988 2888 potest.
1020 2816 1203 2870 Videte
1229 2829 1383 2884 quam
1416 2812 1578 2868 multa
1613 2811 1792 2874 dicat,
1823 2826 1926 2866 non
1974 2811 2073 2864 ha-

498 2909 674 2966 bendo
702 2909 840 2979 quod
866 2908 1025 2961 dicat.
1054 2906 1192 2960 Dicit
1217 2920 1294 2957 me
1321 2903 1420 2958 labi
1451 2902 1694 2957 lubricum
1717 2944 1732 2969 ,
1761 2903 1848 2956 sed
1871 2902 2026 2956 teneri
2057 2919 2070 2955 :

495 3019 584 3057 nec
613 3003 882 3065 destruere,
913 3015 1001 3052 nec
1027 2997 1328 3066 confirmare
1351 2995 1483 3064 quod
1510 2995 1690 3065 objicio
1721 3037 1735 3059 ,
1762 2995 1952 3048 incerta
1983 3009 2074 3064 pro

496 3093 640 3146 certis
660 3090 970 3163 excogitare,
1007 3102 1108 3140 non
1142 3086 1423 3154 permittere
1446 3082 1660 3154 legentes
1684 3098 1794 3152 aute
1813 3099 1928 3135 vera
1958 3090 2075 3136 sunt

495 3181 714 3247 credere,
743 3179 831 3234 sed
854 3182 1018 3251 facere
1039 3185 1093 3230 ut
1119 3175 1272 3229 altius
1296 3174 1450 3226 dubia
1469 3173 1802 3241 suspicentur.
1838 3172 1972 3226 Dicit
1996 3189 2074 3226 me

495 3269 783 3324 Academici
811 3266 1096 3321 damnabile
1134 3264 1390 3334 ingenium
1420 3262 1599 3316 habere
1641 3261 1917 3316 Carneadis
1973 3259 2070 3332 (a).

494 3361 731 3414 Cunatur
757 3359 916 3413 etiam
953 3357 1225 3412 insinuare
1254 3352 1380 3423 quid
1403 3351 1708 3408 Academici
1739 3353 1971 3405 sentiant
2006 3351 2074 3406 de

498 3449 723 3504 falsitate
744 3449 825 3504 vel
854 3446 1063 3502 fallacia
1089 3459 1277 3500 sensus
1314 3443 1551 3508 humani,
1573 3443 1732 3497 etiam
1762 3443 1814 3496 in
1845 3441 1929 3496 his
1955 3456 2074 3496 om-

495 3543 626 3598 nino
657 3541 780 3610 quid
803 3541 1049 3610 loquatur
1086 3539 1357 3608 ignorans.
1389 3534 1504 3588 Dici
1536 3533 1596 3588 ab
1617 3535 1688 3588 eis
1707 3534 1915 3597 asserit,
1938 3535 2074 3587 nives

503 3635 675 3704 nigras
703 3649 806 3687 esse
830 3647 942 3684 cum
968 3629 1098 3684 alba:
1111 3630 1228 3693 sint,
1260 3627 1555 3697 nigrumque
1579 3633 1859 3695 argentum,
1889 3635 2074 3678 turrem

496 3724 766 3779 rotundam
807 3723 882 3776 vel
903 3731 1102 3776 teretem
1127 3719 1284 3774 videri
1313 3733 1427 3771 cum
1450 3717 1696 3786 angulosa
1729 3715 1791 3770 sit
1815 3713 1857 3780 ⁸,
1880 3721 2074 3768 remum

498 3817 551 3870 in
579 3831 710 3885 aqua
736 3818 952 3884 fractum
981 3828 1093 3864 cum
1109 3811 1172 3864 sit
1198 3810 1405 3880 integer.
1433 3808 1497 3860 Et
1519 3807 1618 3861 hoc
1643 3814 1809 3860 totum
1826 3813 2073 3874 propter-

497 3924 596 3972 ea,
649 3906 898 3977 quoniam
954 3918 1073 3959 cum
1119 3903 1362 3967 dixisset,
1413 3899 1728 3954 Conscientia
1779 3900 1946 3952 dantis
1992 3897 2072 3952 vel

496 4010 666 4054 sancte
683 3999 849 4052 dantis
869 3997 1158 4056 attenditur,
1181 4008 1292 4064 quin
1315 3993 1486 4046 abluat
1509 3990 1799 4061 accipientis
1822 4006 1838 4054 ;
1886 3999 2070 4045 contra

495 4106 594 4160 ego
621 4090 752 4156 dixi,
789 4088 940 4156 Quid,
971 4088 1012 4140 si
1042 4089 1194 4140 lateat
1228 4084 1394 4137 dantis
1423 4082 1750 4147 conscientia,
1778 4091 1824 4136 et
1862 4081 2076 4150 fortasse

499 4181 753 4233 maculosa
773 4179 878 4232 sit?
909 4178 1024 4233 Istae
1052 4184 1175 4231 sunt
1200 4175 1348 4229 nives
1374 4175 1538 4243 nigra:
1559 4214 1575 4240 ,
1607 4181 1660 4228 et
1687 4182 1960 4243 argentum
1996 4172 2074 4225 ni-

497 4286 672 4341 grum,
704 4279 757 4325 et
783 4272 944 4324 turris
985 4267 1207 4322 rotunda
1241 4282 1338 4336 pro
1382 4267 1653 4336 angulosa,
1695 4273 1749 4319 et
1795 4280 1973 4320 remus
2021 4265 2073 4319 in

499 4377 630 4431 aqua
660 4360 854 4415 fractus
874 4374 970 4429 pro
996 4359 1202 4427 integro
1231 4357 1380 4410 irem
1409 4357 1604 4425 quippe
1633 4354 1740 4409 dixi
1767 4370 1884 4425 qum
1903 4357 2074 4425 putari

497 4452 682 4522 possit,
708 4457 762 4504 et
790 4465 908 4505 esse
937 4464 1041 4504 non
1081 4447 1268 4517 possit,
1299 4454 1358 4499 ut
1395 4445 1559 4500 lateat
1585 4445 1783 4518 dantis.
1800 4446 2076 4500 conscien-

499 4545 591 4605 tia,
624 4554 676 4598 et
706 4542 931 4596 fortasse
960 4539 1228 4595 maculosa
1255 4539 1346 4592 sit.

566 4635 656 4687 25.
697 4633 764 4686 Et
788 4632 1030 4702 sequitur
1060 4644 1139 4693 se,
1163 4638 1216 4683 et
1251 4627 1444 4683 clamat
1477 4644 1492 4682 :
1521 4626 1655 4692 Quid
1680 4635 1755 4681 est
1779 4668 1793 4692 ,
1823 4625 1958 4693 Quid
1985 4628 2027 4682 si
2056 4643 2072 4690 ;

495 4725 614 4792 quid
637 4732 729 4787 est,
759 4721 1062 4777 Fortassis?
1091 4720 1186 4774 nisi
1212 4721 1398 4773 incerta
1425 4729 1472 4773 et
1498 4719 1787 4772 inconstans
1827 4718 2074 4773 haesitatio

497 4816 788 4876 dubitantis,
819 4815 882 4868 de
904 4830 1002 4880 qua
1021 4813 1108 4866 ille
1125 4822 1237 4865 tuus
1265 4811 1336 4864 ait
1360 4826 1379 4864 :

564 4923 588 4952 ι
612 4905 728 4964 Quid
750 4906 790 4954 si
812 4917 940 4953 nunc
961 4904 982 4936 ⁵
1005 4901 1158 4952 redeo
1172 4900 1231 4950 ad
1255 4898 1362 4950 illos
1375 4899 1458 4962 qui
1483 4900 1633 4959 aiunt,
1653 4897 1770 4958 Quid
1792 4901 1832 4949 si
1856 4911 1982 4948 nunc

647 4967 825 5018 cadum
837 4965 977 5014 ruat?
997 4980 1019 5009 ν

863 5027 1068 5088 (Terent.
1097 5027 1266 5074 Heaut.
1287 5026 1379 5072 act.
1404 5021 1453 5083 4,
1470 5033 1598 5071 scen.
1622 5021 1671 5082 5,
1689 5032 1813 5073 vers.
1831 5020 1932 5082 41).

556 5185 573 5216 ⁸
610 5192 706 5231 Am.
732 5187 804 5231 Er.
831 5186 884 5230 et
906 5180 1053 5229 nostri
1077 5185 1201 5235 Mss,
1227 5172 1629 5238 respondendum.

557 5247 578 5276 ²
602 5247 675 5294 sic
696 5251 801 5292 Mss.
831 5250 884 5292 Αι
907 5241 1043 5298 editi,
1066 5251 1160 5288 non
1180 5234 1482 5298 emendando
1510 5246 1527 5283 :
1551 5235 1715 5298 minus
1730 5239 1882 5282 recte.

557 5305 578 5337 ⁸
603 5291 699 5354 iiii.
715 5291 877 5360 etiam,
887 5291 1108 5351 debeatis.
1121 5305 1247 5360 I.ov.,
1262 5295 1487 5360 habeatis.
1501 5291 1720 5360 callidam
1751 5301 1874 5360 Mss,
1885 5291 2070 5360 debeat.

557 5326 578 5337 '
603 5326 699 5354 Alll.
715 5326 765 5354 ut
784 5326 1108 5360 nl‘.,ucucuua.
1122 5326 1247 5356 I.Uv.,
1262 5326 1487 5346 ιιιιυοωιω.
1501 5326 1720 5343 uuln-wu-
1751 5326 1850 5342 ιυοο»
1885 5326 2070 5342 uwuuu

556 5365 578 5396 ⁸
602 5375 699 5414 Am.
727 5373 798 5414 Er.
825 5373 875 5414 et
897 5372 1025 5421 Mss,
1049 5359 1313 5422 cumlonga
1336 5355 1415 5408 sit.
1441 5363 1495 5405 Et
1517 5355 1656 5414 infra,
1669 5355 1722 5405 "et
1744 5326 1894 5403 turris
1915 5359 2073 5403 rotun-

494 5427 852 5552 da§p{gfg’:ggg
873 5497 968 5552 ιιοὲ
991 5482 1103 5552 Ῡβτίν
1127 5491 1270 5552 ηὲηυῖν
1295 5479 1688 5552 emerito-.1";
1752 5547 1827 5552 -__
1882 5535 1897 5552 .
1917 5533 1932 5552 .
1996 5534 2069 5552 ---ε

556 5533 629 5610 (a)
645 5533 722 5597 ῦὸ
742 5533 994 5595 canendis
1015 5533 1530 5610 iugumque-ianuas,
1550 5536 1632 5608 lib.
1659 5538 1716 5602 5,
1745 5547 1864 5610 ωρ..
1879 5533 1964 5610 tt,
1990 5534 2073 5610 qui

497 5598 714 5672 legaium
735 5619 845 5655 eum
875 5598 1140 5658 nomam'ab
1163 5599 1534 5672 Albeniensibus
1552 5598 1867 5672 missum,‘jb.i
1894 5609 1978 5658 pro
1993 5598 2072 5657 ju-

495 5656 627 5721 stiiia
648 5669 867 5730 primum,
890 5656 1202 5729 tum—postera
1222 5663 1305 5712 dic
1321 5665 1485 5730 eontra
1501 5659 1740 5730 justitiam
1762 5656 1944 5730 dixisse
1967 5656 2072 5730 me:

497 5718 674 5787 niorat',
693 5718 864 5788 sicque
900 5729 947 5775 in
979 5718 1232 5788 u'tramque
1267 5729 1454 5788 partem
1485 5718 1731 5769 disserere
1766 5718 1983 5781 solitum,
2021 5725 2074 5767 ut

497 5741 674 5787 morat,
693 5741 762 5776 διε
797 5741 860 5776 ue
900 5741 947 5775 In
979 5741 1232 5788 utramque
1267 5741 1454 5785 partem
1485 5741 1594 5769 (ιιδδι

496 5791 613 5842 alios
633 5741 868 5854 quidlibet
889 5795 1168 5838 asserentes
1185 5791 1346 5849 posset
1362 5781 1594 5832 refutare.

1350 344 1617 402 CONTRA
1659 341 1995 400 LITTEBAS
2032 340 2392 409 PETILI.\NI,
2433 341 2490 400 S.
2533 342 2895 400 AUGUSTINI

3651 351 3760 410 360

2191 454 2421 511 lloccine
2449 457 2588 527 quod
2613 457 2740 523 dixi,
2775 459 2907 525 Quid
2926 459 2978 513 si
2994 459 3146 514 lateat
3165 461 3332 517 dantis
3359 467 3681 534 conscientia,
3714 478 3764 523 et

2190 547 2424 616 fortassis
2449 550 2705 603 maculosa
2729 551 2829 614 sit;
2857 550 2963 604 tale
2993 560 3075 605 est
3119 566 3181 606 ac
3232 553 3277 607 si
3323 553 3568 621 dixerim,
3630 557 3768 622 Quid

2185 637 2232 691 si
2253 653 2388 692 nunc
2409 639 2590 692 caelum
2617 640 2774 693 ruat?
2802 640 3007 695 Dictum
3038 649 3122 696 est
3149 641 3348 711 utique,
3381 643 3577 708 Quidsi
3592 663 3612 710 ;
3641 648 3766 715 quia

2186 729 2299 784 ﬁeri
2326 738 2501 799 potest
2524 740 2584 786 ut
2613 731 2802 796 lateat,
2829 731 2940 786 ﬁeri
2979 740 3156 801 potest
3183 741 3242 788 ut
3281 748 3387 788 non
3415 735 3573 790 lateat
3599 754 3613 790 :
3642 751 3767 790 nam

2185 819 2399 886 quando
2445 822 2716 891 ignoratur
2756 821 2881 892 quid
2918 823 3132 892 cogitet,
3163 823 3248 877 vel
3295 824 3420 892 quid
3468 824 3764 884 admiserit.

2186 910 2316 964 latet
2344 911 2525 980 utique
2551 912 2898 981 accipientem
2934 911 3109 966 dantis
3151 913 3506 975 conscientia;
3552 915 3767 983 quando

2184 1009 2360 1056 autem
2393 1009 2661 1070 peccatum
2689 1001 2805 1071 ejus
2833 1003 3216 1068 manifestatur,
3249 1017 3353 1056 non
3380 1002 3527 1058 latet.
3555 1004 3765 1058 Dictum

2187 1099 2291 1158 est,
2319 1101 2366 1145 et
2393 1091 2608 1160 fortasse
2631 1092 2887 1147 maculosa
2903 1093 2967 1146 sit
2985 1109 3004 1157 ;
3023 1092 3144 1162 quia
3169 1091 3282 1147 ﬁeri
3317 1102 3492 1163 potest
3518 1103 3575 1148 ut
3603 1094 3767 1150 lateat

2183 1190 2240 1236 et
2267 1183 2462 1237 munda
2487 1184 2573 1248 sit,
2601 1192 2655 1239 et
2679 1199 2862 1238 rursus
2891 1185 3002 1238 fieri
3037 1192 3231 1253 potest.
3267 1195 3327 1239 ut
3358 1185 3519 1240 lateat
3549 1194 3607 1241 et
3648 1201 3762 1240 ma-

2183 1271 2365 1328 culosa
2392 1273 2480 1327 sit.
2533 1273 2680 1340 Ideo,
2712 1274 2847 1340 Quid
2874 1275 2958 1339 si;
2997 1275 3137 1339 ideo,
3183 1274 3442 1331 Fortasse.
3494 1275 3764 1347 Numquid

2182 1362 2306 1418 huic
2332 1364 2504 1420 simile
2528 1373 2630 1432 est,
2663 1365 2799 1434 Quid
2827 1367 2869 1420 si
2903 1382 3037 1420 nunc
3063 1367 3242 1420 caelum
3268 1367 3426 1421 ruat?
3464 1368 3510 1422 Ο
3549 1370 3764 1438 quoties

2181 1463 2233 1509 et
2253 1455 2480 1510 convicti
2508 1466 2561 1510 et
2589 1454 2820 1511 confessi
2848 1464 2974 1511 sunt
3008 1456 3251 1510 homines
3277 1470 3335 1510 se
3363 1457 3663 1512 maculosus
3707 1465 3765 1511 et

2181 1547 2508 1602 adulterinas
2533 1547 2780 1603 habuisse
2808 1548 3162 1604 conscientias
3181 1589 3196 1613 ,
3224 1562 3344 1602 cum
3371 1548 3441 1604 ab
3463 1548 3544 1603 eis
3580 1547 3764 1618 bapti-

2180 1647 2431 1694 zarentur
2453 1639 2652 1710 ignari,
2681 1646 3023 1710 posteaquam
3057 1637 3394 1694 manifestato
3417 1639 3624 1694 scelere
3655 1639 3762 1694 de-

2179 1731 2384 1801 gradati
2406 1739 2550 1798 sunt,
2575 1740 2632 1786 et
2661 1739 2835 1786 tamen
2857 1731 3049 1786 ctelum
3075 1745 3181 1784 non
3213 1731 3318 1785 ruit
3338 1731 3352 1784 ι
3371 1729 3508 1797 Quid
3525 1729 3613 1784 hic
3634 1730 3762 1784 facit

2180 1821 2324 1876 Pilus
2349 1830 2402 1876 et
2424 1821 2615 1875 Furius
2645 1821 2717 1891 (a)
2751 1860 2766 1884 ,
2795 1821 2882 1890 qui
2922 1830 3103 1876 contra
3144 1820 3398 1889 justitiam
3445 1819 3760 1890 iniustitiam

2178 1911 2567 1967 defenderunt?
2596 1911 2732 1980 Quid
2779 1911 2863 1966 hic
2902 1910 3027 1966 facit
3057 1910 3248 1965 atheus
3293 1910 3549 1981 Diagoras
3590 1912 3633 1975 ι,
3665 1911 3760 1981 qui

2179 2018 2299 2059 esse
2325 2004 2492 2058 Deum
2525 2004 2755 2074 negavit,
2799 2011 2858 2058 ut
2899 2002 2966 2058 de
3020 2002 3112 2056 illo
3159 2000 3399 2056 videatur
3443 2000 3760 2068 praedixisse

2179 2094 2456 2164 propheta.
2475 2093 2614 2148 Dixit
2632 2093 2810 2148 stultus
2821 2093 2872 2147 in
2889 2091 3039 2146 corde
3055 2107 3168 2157 suo,
3193 2089 3247 2144 Ν
3249 2106 3314 2145 on
3332 2098 3407 2145 est
3427 2088 3566 2144 Deus
3578 2087 3756 2159 (Psal.

2177 2199 2292 2250 xm,
2321 2182 2416 2257 1)?
2439 2184 2574 2253 Quid
2603 2183 2687 2239 hic
2712 2183 2799 2237 isti
2829 2181 3068 2236 faciunt?
3099 2180 3291 2251 thuid
3316 2179 3573 2234 nominati
3605 2190 3757 2244 sunt,

2177 2275 2279 2330 nisi
2306 2285 2363 2329 ut
2395 2273 2777 2330 intervenirent
2823 2288 2918 2341 pro
2947 2271 3162 2326 homine
3206 2285 3310 2324 non
3347 2269 3579 2324 habente
3629 2268 3760 2338 quid

2177 2364 2352 2428 dicat;
2376 2373 2435 2420 ut
2454 2363 2579 2419 dum
2607 2363 2677 2419 de
2702 2363 2789 2418 his
2815 2363 3003 2417 saltem
3028 2359 3224 2431 aliquid
3266 2360 3382 2415 sine
3421 2373 3581 2415 causa
3619 2360 3760 2414 dici-

2179 2463 2280 2521 tur,
2315 2456 2398 2528 agi
2425 2469 2585 2510 causa
2627 2454 2886 2518 videatur,
2913 2462 2968 2508 et
3008 2451 3074 2506 ad
3121 2449 3264 2520 quod
3307 2465 3413 2506 non
3437 2464 3759 2520 responsum

2178 2555 2280 2610 est,
2309 2559 2626 2615 responsum
2649 2559 2770 2600 esse
2795 2541 3084 2599 credatur?

2248 2635 2474 2692 CAPUT
2511 2633 2677 2690 XXII.
2715 2664 2789 2675 —
2823 2634 2912 2688 26.
2953 2633 3230 2688 Postremo
3273 2633 3317 2687 si
3361 2631 3468 2686 duo
3523 2631 3608 2686 vel
3656 2631 3761 2686 tria

2177 2727 2339 2782 verba
2363 2727 2483 2791 ista,
2520 2725 2657 2793 Quid
2681 2726 2746 2791 si,
2774 2733 2829 2778 et
2854 2723 3114 2787 Fortasse,
3144 2738 3312 2793 usque
3340 2723 3475 2778 adeo
3501 2731 3630 2777 sunt
3670 2722 3758 2776 in-

2179 2817 2499 2883 tolerabilia,
2523 2823 2582 2870 ut
2602 2824 2820 2885 propter
2840 2815 2928 2868 illa
2954 2813 3309 2868 excitarentur
3336 2813 3460 2866 olim
3487 2811 3762 2866 dormien-

2177 2918 2258 2965 tes
2288 2907 2611 2973 Academici,
2637 2915 2693 2962 et
2724 2904 3049 2966 Carneades,
3075 2912 3131 2958 ct
3170 2904 3332 2968 Pilus,
3369 2912 3424 2958 et
3459 2903 3675 2969 Furius,
3705 2911 3761 2959 et

2179 3000 2455 3070 Diagoras,
2482 3005 2538 3054 et
2561 2997 2710 3052 nives
2755 2996 2936 3066 nigrm,
2992 3004 3046 3050 et
3078 2996 3229 3050 ruina
3269 2994 3414 3060 caeli,
3454 3002 3510 3049 et
3557 3003 3759 3050 cmtera

2178 3088 2428 3144 similiter
2467 3087 2652 3141 insana
2681 3095 2739 3142 et
2755 3083 3022 3150 absurda;
3051 3093 3425 3140 removeantur
3456 3083 3525 3138 de
3554 3083 3755 3139 medio.

2176 3178 2361 3249 Neque
2385 3179 2526 3234 enim
2554 3191 2739 3233 revera
2764 3176 2883 3233 sine
2913 3175 2995 3232 his
3024 3191 3128 3231 non
3158 3185 3332 3246 potest
3359 3172 3463 3230 dici
3488 3175 3634 3245 quod
3666 3192 3762 3230 vo-

2177 3272 2372 3326 lumus.
2401 3271 2540 3326 Ecce
2570 3269 2766 3325 sufﬁcit
2789 3267 2930 3338 quod
2953 3267 3110 3338 paulo
3143 3277 3264 3337 post
3291 3267 3360 3322 ita
3391 3268 3626 3338 positum
3651 3274 3757 3332 est,

2177 3363 2320 3418 etab
2350 3363 2466 3432 ipso
2493 3377 2560 3416 ex
2588 3363 2722 3416 meis
2760 3362 2951 3418 litteris
2979 3360 3383 3429 interpositum:
3421 3358 3567 3415 Unde
3603 3361 3761 3430 igitur

2177 3454 2462 3510 abluendus
2483 3463 2555 3509 est
2574 3455 2660 3528 qui
2686 3454 2868 3524 accipit
2896 3452 3232 3524 Baptismum,
3256 3467 3369 3505 cum
3386 3450 3555 3505 dantis
3581 3452 3760 3522 polluo

2177 3559 2227 3601 ta
2254 3547 2554 3602 conscientia
2573 3555 2646 3601 est
2665 3587 2680 3612 ,
2701 3556 2748 3600 et
2771 3546 2864 3600 hoc
2890 3545 2978 3599 ille
3009 3544 3096 3615 qui
3122 3553 3197 3599 est
3219 3551 3517 3613 accepturus
3555 3543 3760 3612 ignorat

2177 3637 2389 3708 (Supra,
2420 3636 2507 3690 lib.
2538 3636 2588 3703 1,
2607 3635 2792 3705 cap.2,
2814 3652 2864 3688 n.
2884 3634 2982 3705 5)?
3013 3633 3213 3702 Nempe
3242 3633 3326 3688 hic
3353 3632 3600 3687 nonest?
3624 3633 3761 3698 Quid

2175 3730 2238 3791 si,
2266 3739 2321 3785 et
2343 3727 2600 3784 Fortasse.
2624 3726 3025 3797 Respondeatur
3048 3739 3193 3795 ergo.
3220 3723 3512 3789 Attendite,
3530 3739 3602 3779 ne
3624 3725 3762 3778 forte

2177 3823 2226 3874 iu
2245 3836 2309 3876 eo
2324 3819 2466 3890 quod
2489 3818 2745 3889 sequitur,
2766 3817 2832 3872 ad
2854 3818 2953 3872 hoc
2977 3815 3314 3886 respondeat.
3335 3813 3440 3870 Sed
3458 3830 3550 3885 ego
3577 3823 3645 3881 te,
3679 3814 3761 3867 in-

2175 3914 2306 3982 quit,
2329 3911 2642 3967 cavillantem
2655 3911 2721 3964 ad
2736 3910 2887 3979 ﬁdem
2907 3909 3136 3964 credendi
3152 3908 3458 3979 constringo,
3475 3923 3542 3962 ne
3552 3908 3763 3962 ulterius

2174 4004 2416 4074 evageris.
2441 4002 2578 4069 Quid
2595 4002 2901 4072 argumentis
2919 3999 3145 4055 stultitia:
3177 3998 3357 4053 avertis
3385 3997 3646 4053 erroribus
3681 3999 3760 4051 vi-

2177 4104 2280 4146 tam
2309 4093 2336 4147 ?
2367 4093 2489 4162 quid
2528 4092 2648 4161 fidei
2666 4091 2910 4145 rationem
2928 4089 2991 4144 de
3004 4089 3148 4144 rebus
3166 4086 3541 4142 irrationalibus
3560 4085 3764 4140 turbas?

2180 4185 2293 4238 Hoc
2316 4199 2416 4238 uno
2452 4182 2598 4238 verbo
2631 4192 2678 4236 te
2703 4191 2845 4237 teneo
2889 4189 2936 4235 et
2985 4179 3246 4234 convinco.
3299 4178 3425 4233 Iizec
3463 4177 3762 4232 Petilianus

2175 4277 2328 4342 dixit,
2371 4289 2476 4331 non
2504 4290 2624 4346 ego.
2675 4273 2776 4328 Ista
2825 4289 2890 4329 ex
2925 4272 3149 4342 epistola
3186 4269 3429 4326 Petiliani
3468 4276 3630 4334 sunt;
3663 4266 3760 4323 sed

2175 4370 2258 4424 cui
2279 4369 2439 4423 verba
2465 4367 2485 4400 ³
2511 4367 2620 4437 jam
2645 4366 2752 4421 duo
2780 4365 2867 4420 illa
2890 4405 2906 4432 ,
2939 4379 3057 4434 qua:
3086 4377 3173 4418 me
3207 4362 3494 4418 abstulisse
3530 4361 3761 4416 insimu-

2178 4460 2270 4522 lat,
2301 4458 2502 4524 addidi,
2530 4468 2582 4514 et
2609 4447 2951 4512 nihilominus
2977 4455 3183 4511 ostendi
3211 4453 3572 4525 inquisitionis
3599 4467 3756 4514 mese,

2176 4552 2259 4607 cui
2287 4565 2390 4606 non
2409 4549 2714 4621 respondet,
2747 4547 2918 4603 multo
2947 4547 3160 4602 brevius
3185 4555 3240 4602 et
3277 4544 3559 4601 enodatius
3601 4542 3762 4598 ﬁxam

2176 4651 2317 4698 stare
2341 4641 2680 4699 sententiam.
2727 4637 2885 4695 Certe
2926 4637 3043 4693 base
3083 4638 3172 4693 illa
3221 4637 3326 4692 duo
3368 4645 3514 4702 sunt,
3563 4642 3759 4699 sancte,

2175 4744 2229 4789 et
2253 4733 2451 4787 sciens:
2481 4741 2537 4786 ut
2564 4745 2667 4785 non
2708 4730 2776 4785 sit
2803 4727 3052 4784 videlicet
3080 4726 3386 4781 conscientia
3424 4725 3618 4787 dantis,
3659 4722 3765 4777 sed

2174 4823 2474 4878 conscientia
2493 4831 2664 4876 sancte
2681 4820 2954 4883 dantis;et
2973 4833 3076 4872 non
3104 4817 3193 4884 sit,
3221 4817 3307 4886 qui
3332 4817 3484 4886 [idem
3509 4833 3542 4869 a
3563 4814 3764 4886 perﬁdo

2175 4914 2460 4984 sumpserit,
2479 4913 2567 4966 sed
2589 4913 2675 4983 qui
2696 4911 2848 4981 ﬁdem
2869 4912 3031 4966 sciens
3045 4927 3078 4963 a
3106 4910 3298 4978 perﬁdo
3317 4907 3605 4978 sumpserit.
3622 4906 3760 4974 Qua:

2175 5008 2389 5077 quidem
2413 5004 2572 5060 verba
2621 5019 2728 5058 non
2767 5003 3156 5064 subtraxeram,
3197 5000 3290 5055 sed
3337 5000 3390 5054 in
3437 4998 3623 5053 codice
3665 4997 3766 5067 qui

2176 5099 2304 5153 mihi
2347 5097 2501 5152 datus
2543 5103 2661 5151 erat
2711 5108 2816 5149 non
2861 5095 3190 5149 inveneram.
3247 5089 3390 5145 Fieri
3435 5097 3612 5142 autem
3660 5102 3770 5154 po-

2177 5195 2280 5242 test
2307 5196 2367 5241 ut
2400 5185 2689 5240 mendosus
2736 5183 2892 5238 fuerit
2943 5198 2958 5234 :
2999 5196 3170 5252 neque
3225 5179 3368 5235 enim
3413 5186 3471 5234 et
3522 5177 3622 5231 hoc
3672 5175 3771 5229 in-

2240 5390 2258 5419 ι
2282 5392 2332 5434 In
2354 5391 2481 5443 Mss,
2497 5383 2577 5434 hic
2599 5389 2651 5431 et
2667 5380 2806 5442 infra,
2829 5379 2952 5440 loco,
2976 5377 3439 5443 Diagoras,legitur,
3456 5380 3768 5443 Protagoras.

2178 5455 2386 5510 Uterque
2403 5438 2578 5495 atlieus
2599 5438 2860 5510 ﬁxit,__tes_te
2881 5438 3112 5510 ciCerode
3136 5440 3185 5488 in
3207 5438 3332 5489 libro
3352 5438 3418 5488 de
3440 5444 3610 5486 Natura
3631 5439 3774 5483 Deo-

2175 5522 2282 5558 rum
2297 5503 2321 5569 ;’
2338 5515 2390 5558 et
2408 5507 2662 5571 lactantia,
2689 5505 2772 5554 lib.
2797 5504 2844 5562 1,
2866 5515 2977 5571 cap.
2997 5503 3042 5550 1.
3092 5559 3104 5571 θ

2241 5572 2261 5602 ³
2286 5567 2394 5619 Lov.
2421 5567 2478 5616 ad
2501 5567 2768 5620 marginem
2794 5576 2806 5612 :
2833 5581 2856 5610 α
2878 5570 3036 5620 Forte,
3059 5567 3198 5612 viam.
3221 5576 3245 5605 ι
3325 5567 3380 5609 st.

2240 5632 2262 5664 ³
2281 5633 2356 5681 sic
2379 5639 2479 5678 MSS.
2501 5636 2556 5677 Al.
2573 5621 2709 5682 editi.
2731 5625 2816 5677 sed
2839 5627 3022 5674 tantum
3041 5621 3199 5673 verba.

2239 5714 2311 5777 (a)
2334 5711 2502 5762 Confer
2524 5709 2608 5777 lib.
2630 5709 2741 5777 2de_
2758 5708 2956 5777 civitate
2975 5707 3076 5777 Dei,
3097 5717 3202 5776 cap.
3225 5703 3421 5777 ειηφιφ
3439 5700 3541 5751 loco
3559 5699 3773 5749 l.lld0\‘l-

2178 5764 2264 5826 cus
2288 5764 2426 5824 (ires
2450 5786 2512 5822 ex
2531 5771 2626 5822 Pilo
2643 5777 2693 5822 et
2712 5771 2850 5818 Furio
2873 5781 3020 5817 unum
3040 5764 3284 5817 hominem
3309 5764 3432 5814 facit.

3617 5895 3704 5911 .-—-—~
