3998 6468
207 427 305 487 361

208 534 462 596 credibile
506 539 613 601 est,
660 538 719 590 ut
754 531 914 590 etiam
960 530 1083 587 hinc
1127 530 1258 586 mihi
1296 528 1616 586 Academica
1658 530 1797 586 exci-

209 642 349 689 tetur
378 628 602 693 invidia,
630 636 684 684 et
712 628 816 682 tale
840 634 1110 681 asseratur
1139 639 1261 680 esse
1299 623 1443 695 quod
1484 622 1615 690 dixi,
1660 621 1801 678 codi-

210 741 326 782 cem
358 724 525 780 fuisse
554 722 888 785 mendosum,
918 719 1074 792 quale
1101 720 1147 774 si
1172 719 1404 775 dicerem
1426 717 1579 773 nives
1600 718 1796 788 nigras.

210 814 413 886 thuid
443 816 587 871 enim
608 815 659 871 ei
684 813 922 886 rependo
953 812 1290 883 temerariam
1330 810 1717 881 suspicionem,
1745 817 1803 864 ut

209 909 391 967 dicam
427 908 572 980 quod
611 909 727 979 ipse
767 917 887 979 post
922 906 1204 973 addiderit,
1235 905 1327 978 qui
1354 920 1440 961 me
1477 903 1805 961 subtraxisse

208 1000 501 1067 confinxit;
531 1015 652 1056 cum
675 1000 844 1070 possit
873 999 1030 1055 istam
1064 997 1433 1054 mendositatis
1478 1004 1658 1052 notam
1688 995 1805 1049 sine

208 1106 331 1150 mea
363 1093 627 1151 maledica
657 1093 956 1150 temeritate
980 1091 1150 1149 codex
1177 1091 1268 1164 qui
1291 1106 1400 1147 non
1426 1090 1676 1147 irascitur
1696 1101 1807 1145 sus-

209 1185 389 1243 tinere
405 1188 428 1240 ?

274 1277 513 1334 CAPUT
542 1277 730 1334 XXIII.
759 1306 827 1319 —-
850 1278 941 1333 27.
983 1278 1048 1333 Et
1076 1277 1205 1333 illud
1235 1276 1450 1349 quidem
1480 1277 1729 1347 primum,
1753 1272 1809 1330 id

209 1378 323 1438 est,
357 1379 534 1425 sancte
560 1371 747 1441 dantis,
777 1372 994 1426 omnino
1020 1387 1125 1427 non
1152 1372 1373 1441 impedit
1414 1370 1808 1442 inquisitionem

208 1479 407 1527 meam,
438 1478 547 1534 qua
571 1464 659 1519 ille
688 1463 1030 1519 vehementer
1059 1473 1293 1534 urgetur,
1322 1472 1499 1517 utrum
1531 1463 1599 1518 ita
1614 1461 1804 1528 dicam,

213 1552 270 1609 Si
300 1554 612 1608 conscientia
660 1554 827 1609 dantis
880 1554 1155 1608 attenditur
1176 1569 1197 1609 :
1238 1568 1304 1608 an
1325 1570 1453 1609 vero
1479 1554 1571 1619 ita,
1608 1552 1661 1608 Si
1691 1568 1811 1606 con-

210 1645 422 1699 scientia
463 1654 636 1699 sancte
673 1645 840 1699 dantis
884 1645 1177 1711 attenditur,
1200 1660 1313 1714 qua:
1362 1644 1535 1699 abluat
1560 1643 1811 1713 accipien-

213 1736 317 1801 tis;
348 1737 495 1793 unde
523 1738 684 1809 igitur
711 1738 1006 1794 abluendus
1034 1738 1223 1809 estqui
1248 1738 1437 1807 accipit
1456 1737 1806 1807 Baptismutn,

210 1829 254 1884 si
289 1829 477 1885 dantis
509 1831 707 1901 polluta
748 1831 1073 1887 conscientia
1118 1841 1200 1886 est
1222 1872 1237 1899 ,
1268 1840 1322 1886 et
1360 1832 1461 1885 hoc
1498 1830 1585 1884 ille
1613 1830 1701 1898 qui
1729 1836 1811 1883 est

208 1930 532 1991 accepturus
571 1922 818 1993 ignorat?
845 1922 978 1977 Illud
1018 1930 1193 1977 autem
1235 1922 1458 1977 alterum
1490 1919 1630 1991 quod
1661 1918 1811 1973 addi-

208 2019 314 2080 tur,
342 2015 541 2081 sciens,
572 2023 627 2069 ut
656 2030 761 2070 non
790 2014 994 2070 dicatur
1012 2056 1027 2082 ,
1060 2016 1158 2081 Qui
1183 2014 1335 2084 ﬁdem
1365 2032 1396 2067 a
1438 2014 1632 2085 perﬁdo
1672 2029 1809 2067 sum-

211 2107 366 2177 pserit
385 2106 544 2173 ;sed,
581 2107 679 2173 Qui
708 2108 862 2176 ﬁdem
899 2109 1059 2162 sciens
1083 2124 1114 2160 a
1141 2106 1335 2178 perﬁdo
1377 2105 1676 2176 sumpserit,
1709 2121 1809 2159 non

211 2200 365 2268 ﬁdem
391 2201 610 2270 percipit
635 2242 648 2266 ,
675 2202 763 2256 sed
790 2211 984 2256 reatum
1010 2217 1033 2255 :a
1052 2200 1221 2256 fateor
1244 2243 1260 2267 ,
1289 2210 1539 2271 tanquam
1569 2200 1805 2268 deesset,

209 2306 294 2346 me
313 2291 580 2347 nonnulla
612 2292 832 2359 dixisse,
868 2308 1091 2363 quorum
1128 2293 1391 2362 jacturam
1422 2292 1573 2346 facile
1595 2292 1805 2362 patior;

210 2382 465 2452 quoniam
487 2383 656 2453 magis
678 2398 878 2437 moram
901 2398 1033 2439 meae
1053 2381 1291 2437 facilitati
1311 2382 1624 2449 afferebant,
1648 2396 1808 2452 quam

210 2473 537 2543 adjutorium
569 2473 822 2528 facultati.
853 2474 1061 2542 Quanto
1085 2474 1228 2529 enim
1256 2473 1576 2543 expeditius,
1608 2480 1808 2543 quanto

209 2566 423 2635 planius
454 2575 510 2620 et
535 2566 749 2622 brevius
779 2566 855 2621 sic
881 2567 1152 2637 interrogo
1185 2586 1196 2622 :
1230 2567 1284 2623 Si
1312 2567 1613 2621 conscientia
1639 2575 1810 2621 sancte

212 2657 380 2711 dantis
409 2658 689 2712 attenditur
712 2700 726 2726 ,
757 2674 871 2727 qua:
894 2658 1065 2713 abluat
1094 2660 1385 2729 accipientis
1407 2676 1427 2725 ;
1452 2666 1524 2726 et,
1542 2659 1628 2729 qui
1657 2658 1809 2727 ﬁdem

211 2752 373 2806 sciens
400 2768 432 2805 α
458 2753 655 2822 perﬁdo
683 2754 983 2823 sumpserit,
1018 2769 1117 2807 non
1148 2752 1301 2821 ﬁdem
1323 2752 1553 2823 percipit,
1581 2751 1669 2806 sed
1691 2769 1809 2807 rea-

213 2853 353 2910 tum;
401 2844 545 2899 unde
587 2845 836 2911 abluitur,
884 2860 1038 2916 quem
1071 2845 1200 2899 latet
1246 2860 1353 2899 non
1401 2853 1584 2898 sancte
1630 2843 1806 2898 dantis

214 2935 487 2990 maculosa
517 2935 865 3000 conscientia,
898 2946 952 2989 et
980 2934 1122 2989 unde
1150 2950 1326 2989 veram
1357 2934 1581 3003 percipit
1613 2932 1802 3003 ﬁdem,

217 3028 306 3097 qui
338 3027 586 3087 nesciens
624 3028 919 3097 baptizatur
958 3043 987 3080 a
1026 3026 1270 3097 perﬁdo?
1312 3027 1524 3081 Dicatur
1566 3026 1724 3091 unde,
1756 3032 1811 3081 et

218 3117 287 3173 ibi
340 3119 517 3174 omnis
562 3134 720 3174 causa
762 3119 1010 3189 Baptismi
1061 3119 1277 3188 patebit,
1336 3119 1407 3174 ibi
1454 3126 1621 3173 totum
1668 3116 1810 3189 quod

212 3211 477 3280 quaeritur
505 3210 762 3277 elucebit;
796 3209 891 3265 sed
915 3210 961 3266 si
990 3209 1193 3265 dicatur
1212 3251 1228 3277 ,
1259 3223 1367 3265 non
1391 3210 1436 3265 si
1466 3217 1672 3280 tempus
1696 3222 1812 3264 ma-

214 3301 506 3359 ledicendo
534 3303 764 3358 ﬁniatur.

280 3394 514 3449 CAPUT
554 3394 741 3449 XXIV.
768 3425 842 3435 -—-
875 3395 966 3452 28.
1006 3395 1270 3466 Quidquid
1317 3410 1443 3467 ergo
1487 3395 1555 3451 de
1601 3394 1809 3451 duobus

211 3482 336 3538 istis
364 3484 540 3538 verbis
564 3485 644 3540 vel
674 3484 925 3539 detractis
951 3486 1327 3552 calumniatur,
1358 3486 1441 3541 vel
1471 3485 1664 3541 additis
1690 3487 1806 3555 glo-

213 3575 421 3642 riatur,
455 3576 583 3630 nihil
612 3578 1080 3647 interrogationem
1112 3592 1282 3632 meam
1314 3577 1571 3646 impedire
1600 3576 1808 3646 perspi-

215 3667 372 3722 citis:
428 3667 514 3721 cui
561 3668 686 3738 quid
742 3667 1061 3737 respondeat
1112 3668 1199 3722 ille
1244 3683 1350 3722 non
1395 3667 1689 3734 inveniens,
1742 3681 1810 3722 ne

218 3767 397 3814 tamen
429 3768 639 3826 taceat,
684 3762 835 3815 irruit
872 3761 1153 3816 identidem
1186 3762 1237 3815 in
1264 3778 1548 3832 personam
1595 3776 1805 3827 meam;

220 3850 452 3905 dicerem
475 3894 488 3916 ,
521 3852 779 3906 recedens
805 3867 834 3905 a
859 3867 1018 3905 causa
1038 3893 1053 3916 ,
1082 3854 1125 3907 si
1156 3854 1374 3906 omnino
1398 3854 1717 3907 accessisset
1741 3853 1810 3908 ad

218 3958 456 3998 causam.
486 3944 695 4013 Quippe
721 3944 872 4013 quasi
894 3944 958 3998 de
984 3960 1070 3999 me
1095 3953 1297 4014 agatur,
1321 3953 1373 3998 et
1401 3960 1506 3998 non
1528 3944 1594 3997 de
1622 3944 1808 3999 Eccle-

218 4035 308 4089 sia:
341 4036 361 4065 ¹
391 4035 475 4089 vel
519 4035 774 4105 Baptismi
818 4035 1039 4090 veritate
1061 4077 1074 4101 ,
1105 4036 1217 4089 ideo
1257 4051 1336 4088 me
1372 4034 1500 4090 dicit
1544 4035 1811 4091 subtractis

218 4125 316 4180 illis
345 4126 541 4182 duobus
578 4128 735 4181 verbis
764 4137 1168 4198 argumentatum
1192 4169 1206 4192 ,
1234 4138 1289 4181 ut
1316 4130 1459 4197 quasi
1498 4130 1811 4183 conscientia:

220 4233 343 4273 mete
367 4235 469 4272 non
494 4219 640 4282 obsit,
664 4220 801 4288 quod
824 4220 1177 4290 inquinatoris,
1206 4227 1262 4272 ut
1289 4219 1417 4273 dicit
1440 4260 1455 4285 ,
1487 4219 1583 4274 mei
1606 4221 1813 4275 sacrile-

220 4326 337 4380 gam
362 4311 590 4381 ignoravi
618 4309 989 4363 conscientiam.
1024 4307 1175 4376 Quod
1201 4310 1246 4362 si
1282 4309 1349 4362 ita
1379 4319 1524 4364 esset
1547 4351 1561 4373 ,
1588 4309 1809 4364 verbum

220 4402 351 4457 illud
382 4401 525 4471 quod
556 4401 785 4470 positum
807 4409 890 4454 est
912 4441 927 4467 ,
956 4400 1115 4453 sciens
1134 4441 1148 4465 ,
1177 4399 1414 4453 additum
1463 4399 1592 4453 mihi
1636 4400 1811 4468 potius

218 4492 522 4562 prodesset,
546 4500 599 4546 et
617 4491 829 4546 obesset
856 4490 1108 4545 ablatum.
1129 4489 1183 4544 Si
1200 4491 1342 4544 enim
1366 4505 1449 4544 me
1476 4490 1545 4571 ita
1563 4489 1811 4545 defendi’

219 4586 511 4639 voluissem
543 4625 560 4650 ,
610 4595 669 4639 ut
706 4582 1047 4652 baptizatoris
1107 4584 1210 4637 mei
1277 4594 1492 4653 putarer
1538 4584 1813 4653 ignorasse

220 4677 624 4740 conscientiam,
653 4692 748 4745 pro
770 4692 854 4729 me
879 4676 1109 4729 locutum
1136 4676 1430 4744 acciperem
1454 4674 1807 4729 Petilianum:

224 4768 436 4838 quando
465 4783 570 4822 non
601 4776 884 4836 utcumque
906 4766 997 4828 ait,
1023 4764 1121 4832 Qui
1145 4766 1297 4834 ﬁdem
1321 4783 1357 4842 ag
1373 4766 1564 4835 perﬁdo
1584 4782 1812 4837 sumpse-

221 4860 325 4922 :rit;
365 4859 483 4925 sed,
533 4857 634 4922 Qui
665 4858 815 4926 ﬁdem
858 4858 1017 4911 sciens
1062 4873 1092 4908 a
1142 4856 1337 4926 perﬁdo
1380 4858 1667 4927 sumpserit,
1712 4873 1812 4911 non

225 4952 377 5020 ﬁdem
398 4952 631 5021 percipit,
657 4950 743 5004 sed
760 4961 951 5003 reatum
972 4966 988 5002 :
1010 4959 1068 5002 ut
1088 4949 1212 5003 hinc
1232 4964 1331 5019 ego
1352 4964 1457 5003 non
1478 4965 1564 5005 me
1581 4959 1806 5017 reatum,

222 5043 318 5097 sed
347 5043 508 5097 ﬁdem
551 5043 851 5111 percepisse
888 5041 1143 5110 iactarem
1166 5082 1180 5106 ,
1228 5041 1349 5109 quia
1394 5040 1623 5095 dicerem
1647 5082 1661 5105 ,
1693 5040 1827 5111 Non,

223 5149 324 5204 ego
354 5136 531 5189 sciens
560 5149 587 5186 a
620 5132 822 5203 perﬁdo
847 5130 1065 5201 accepi,
1112 5130 1205 5185 sed
1244 5131 1401 5185 homo
1436 5132 1812 5187 conscientiam

222 5225 401 5280 dantis
430 5226 662 5280 hominis
692 5225 950 5295 ignoravi.
981 5223 1169 5277 Videte
1199 5224 1398 5294 itaque,
1425 5234 1479 5280 et
1505 5234 1811 5292 numerate,

222 5317 270 5372 si
303 5319 557 5387 potestis,
583 5326 778 5386 quanta
805 5313 1069 5384 superﬂua
1098 5315 1344 5383 loquatur
1368 5316 1435 5370 ad
1464 5332 1625 5371 unum
1656 5316 1814 5386 Igno-

223 5410 357 5473 ravi,
384 5407 525 5478 quod
554 5422 640 5462 me
666 5406 913 5477 proponit
938 5405 1154 5470 dixisse,
1184 5420 1302 5459 cum
1331 5404 1432 5459 hoc
1460 5408 1681 5461 omnino
1705 5420 1812 5461 non

225 5498 492 5553 dixerim:
524 5499 647 5569 quia
686 5512 786 5553 nec
815 5497 882 5552 de
911 5511 998 5552 me
1023 5496 1309 5567 agebatur,
1344 5504 1399 5549 ut
1427 5495 1681 5561 dicerem,
1715 5511 1816 5553 nec

224 5590 429 5661 aliquid
456 5591 696 5647 criminis
723 5590 779 5646 in
819 5604 886 5671 eo
909 5589 1001 5660 qui
1026 5604 1113 5643 me
1138 5586 1421 5669 baptizavit
1458 5586 1721 5658 apparuit,
1758 5596 1817 5643 ut

294 5790 317 5823 ι
344 5789 474 5851 editi,
502 5791 563 5840 de
584 5788 807 5840 Ecclesia.
833 5786 1002 5837 Melius
1022 5793 1150 5849 Mss,
1175 5786 1235 5838 de
1257 5783 1481 5839 Ecclesiae
1496 5822 1511 5849 ,
1537 5780 1721 5838 scilicet
1742 5796 1819 5839 ve-

224 5853 376 5906 ritate
396 5866 410 5913 ;
434 5863 487 5903 ut
508 5866 670 5915 snpra‘,
694 5867 753 5915 n._
773 5852 847 5900 II.

296 5916 322 5948 ⁸
342 5910 507 5971 ω’ωεε.
528 5928 542 5968 :
678 5913 805 5965 enim
824 5925 899 5963 me
922 5910 988 5961 ita
1009 5910 1220 5975 defendi.

552 6000 779 6065 Sanos.
808 6000 1083 6062 Auens'r.
1120 5997 1234 6059 IX.

1518 416 1719 475 LIBER
1748 414 2066 474 TERTIUS.

3385 430 3492 487 368

1906 529 2023 599 ejus
2050 543 2136 585 me
2160 529 2435 600 ignorasse
2457 530 2869 601 conscientiam,
2892 546 2989 604 pro
3016 548 3136 593 mea
3179 537 3493 599 defensione

1907 634 2128 693 cogerer
2150 621 2346 678 dicere.

1975 715 2203 771 CAPUT
2233 716 2399 772 XXV.
2421 749 2491 758 —
2509 718 2598 775 29.
2640 720 2709 776 Et
2734 730 2911 778 tamen
2935 722 3053 790 iste,
3082 739 3151 780 ne
3172 726 3496 796 respondeat

1909 807 1976 863 ad
1995 823 2058 863 ea
2078 825 2195 880 quae
2216 810 2347 879 dixi,
2376 815 2626 883 proponit
2650 814 2750 870 sibi
2770 816 2909 886 quod
2934 832 3041 874 non
3062 817 3171 874 dixi
3194 836 3210 886 ;
3232 829 3286 877 et
3309 832 3498 879 avocat

1912 899 2157 958 homines
2184 902 2251 958 ab
2276 903 2569 960 intentione
2595 905 2760 961 debiti
2789 909 2890 975 sui,
2922 925 2990 965 ne
3017 910 3071 965 id
3101 911 3242 980 quod
3271 927 3496 984 respon-

1911 990 2145 1049 dendum
2189 995 2206 1025 ί
2235 1003 2317 1050 est
2346 997 2615 1067 exigatur;
2660 999 2951 1070 interponit
2988 1016 3130 1074 saepe
3156 1046 3170 1072 ,
3199 1003 3444 1075 Ignoravi
3470 1045 3487 1073 ,

1910 1081 2159 1153 inquam:
2190 1093 2245 1141 et
2269 1088 2581 1157 respondet,
2608 1089 2714 1144 Sed
2732 1092 2778 1144 si
2796 1091 3057 1163 ignorares
3080 1103 3169 1150 :et
3193 1096 3344 1166 quasi
3370 1112 3499 1153 con—

1911 1176 2095 1242 vincit,
2130 1193 2198 1233 ne
2223 1179 2352 1233 mibi
2383 1181 2541 1238 liceat
2564 1182 2743 1240 dicere
2768 1225 2783 1251 ,
2810 1184 3071 1256 Ignoravi.
3098 1188 3501 1247 Commemorat

1915 1268 2251 1341 Mensurium,
2279 1271 2625 1345 chilianum,
2657 1276 2961 1345 Macarium,
2988 1272 3291 1349 Taurinum,
3308 1284 3500 1339 Roma-

1913 1379 2054 1429 num,
2085 1373 2133 1418 et
2175 1381 2259 1420 eos
2287 1376 2463 1421 contra
2485 1367 2765 1424 Ecclesium
2790 1370 2881 1426 Dei
2910 1373 3086 1443 fecisse
3110 1372 3361 1443 afﬁrmat,
3390 1393 3502 1447 quae

1913 1452 2147 1524 ignorare
2193 1473 2294 1510 non
2320 1473 2537 1528 possem,
2566 1476 2623 1513 eo
2651 1460 2786 1530 quod
2814 1461 2938 1533 Afer
2964 1464 3081 1530 sim,
3110 1473 3157 1518 et
3194 1477 3342 1523 aetate
3372 1483 3501 1538 pene

1905 1550 2019 1620 jam
2036 1565 2187 1604 senex
2217 1566 2236 1604 :
2259 1565 2401 1618 cum,
2429 1552 2569 1609 sicut
2595 1552 2789 1621 audio,
2830 1553 3127 1611 Mensurius
3161 1557 3215 1612 in
3252 1573 3497 1616 commu-

1914 1640 2091 1697 nionis
2137 1643 2341 1700 unitate
2381 1644 2667 1701 defunctus
2694 1648 2783 1715 sit,
2828 1656 3112 1719 antequam
3145 1666 3203 1706 se
3227 1653 3504 1711 scinderet

1915 1754 2038 1809 pars
2064 1739 2253 1795 Donati
2282 1761 2294 1795 :
2322 1756 2535 1798 causam
2561 1760 2688 1800 vero
2703 1743 2972 1801 Czeciliani
2994 1748 3237 1819 legerim,
3265 1748 3408 1819 quod
3433 1748 3503 1804 ad

1916 1831 2324 1889 Constantinum
2356 1836 2456 1906 ipsi
2482 1837 2790 1904 detulerint,
2805 1848 2859 1895 ct
2879 1841 2946 1895 ab
2965 1842 3230 1911 episcOpis
3260 1857 3395 1911 quos
3412 1841 3505 1897 ille

1914 1922 2209 1993 imperator
2225 1926 2433 1996 judices
2453 1928 2707 1995 dederat,
2757 1940 2811 1987 et
2838 1934 3005 1987 semel
3035 1942 3089 1987 et
3118 1933 3311 1989 iterum
3335 1974 3351 2001 ,
3398 1941 3454 1989 et
3481 1934 3505 1965 ⁸

1914 2014 1982 2069 ab
2012 2016 2128 2084 ipso
2158 2032 2283 2087 rege
2328 2018 2436 2071 illis
2464 2019 2531 2073 ad
2576 2034 2698 2075 eum
2727 2022 3117 2091 appellantibus
3140 2024 3303 2079 etiam
3343 2023 3505 2079 tertio

1913 2102 2075 2160 fuerit
2103 2106 2396 2163 absolutus.
2428 2109 2685 2166 Macarius
2704 2126 2834 2166 vero
2854 2122 2908 2168 et
2934 2112 3196 2169 Tauriuus
3220 2123 3275 2169 et
3302 2114 3505 2171 Roma-

1914 2212 2041 2263 nus,
2073 2198 2329 2270 quidquid
2357 2201 2437 2255 vel
2463 2200 2743 2271 judiciaria
2762 2204 2845 2259 vel
2867 2206 3201 2261 exsecutoria
3241 2213 3507 2276 potestate

1914 2288 2170 2344 adversus
2196 2307 2382 2346 eorum
2412 2294 2736 2350 obstinatum
2765 2296 3000 2351 furorem
3024 2313 3120 2368 pro
3133 2298 3335 2353 unitate
3362 2297 3507 2354 fece—

1913 2389 2061 2449 runt,
2083 2384 2377 2438 secundum
2405 2385 2549 2455 leges
2570 2402 2663 2442 eos
2692 2385 2885 2443 fecisse
2913 2398 3156 2457 constat;
3182 2404 3316 2460 quas
3342 2389 3506 2445 iidem

1920 2475 2059 2545 ipsi,
2090 2491 2304 2532 causam
2333 2476 2601 2534 Cmciliani
2636 2480 2701 2535 ad
2731 2481 3071 2552 Imperatoris
3118 2483 3379 2553 judicium
3407 2483 3506 2539 de-

1914 2567 2136 2625 ferendo
2157 2611 2173 2637 ,
2204 2581 2388 2626 contra
2417 2588 2476 2627 se
2500 2571 2627 2627 ferri
2657 2574 2939 2644 exserique
2975 2584 3285 2645 coegerunt.

1986 2660 2074 2715 30.
2116 2660 2257 2717 Inter
2300 2662 2469 2717 multa
2506 2664 2666 2719 etiam
2695 2679 2913 2733 prorsus
2938 2664 3007 2719 ad
3051 2681 3162 2721 rem
3207 2680 3314 2721 non
3342 2665 3504 2736 perti-

1914 2753 2092 2808 nentia
2122 2752 2289 2821 dicit,
2325 2753 2567 2809 Messiani
2612 2756 2926 2824 proconsulis
2956 2756 3199 2811 sententia
3228 2772 3307 2810 me
3348 2756 3505 2825 fuisse

1915 2860 2245 2915 percussum,
2288 2854 2433 2900 utea:
2486 2846 2661 2916 Africa
2713 2848 2989 2918 fugerem:
3039 2856 3093 2903 et
3138 2856 3355 2918 propter
3400 2846 3506 2902 hoc

1914 2934 2104 2992 falsum
2147 2938 2309 3010 (quod
2349 2938 2395 2994 si
2432 2953 2535 2994 non
2577 2928 2690 3010 ipse
2724 2939 3007 3007 conﬁnxit,
3035 2950 3181 2997 certe
3226 2941 3504 2997 malevolis

1915 3026 2232 3098 ﬁngentibus
2269 3030 2530 3085 malevole
2566 3030 2813 3102 credidit)
2848 3047 3006 3102 quam
3036 3032 3202 3086 multa
3231 3032 3332 3086 alia
3372 3032 3507 3087 falsa

1915 3132 2306 3193 consequenter
2326 3164 2340 3190 ,
2373 3139 2479 3178 non
2508 3134 2791 3195 utcumque
2817 3124 2995 3180 dicere
3014 3167 3029 3191 ,
3060 3126 3153 3180 sed
3181 3126 3342 3180 etiam
3367 3125 3503 3180 scri-

1915 3216 2047 3271 bere
2090 3219 2220 3271 mira
2254 3217 2550 3272 temeritate
2579 3233 2683 3272 non
2715 3218 2924 3272 timuit:
2959 3232 3079 3272 cum
3124 3233 3222 3289 ego
3246 3216 3503 3272 Mediola-

1915 3324 2045 3363 num
2068 3318 2191 3364 ante
2218 3310 2505 3365 Bautonem
2533 3311 2805 3365 consulem
2828 3310 3086 3377 venerim,
3116 3311 3271 3380 eique
3298 3310 3506 3365 consuli

1915 3401 2150 3455 calendis
2169 3401 2424 3470 januariis
2456 3402 2662 3457 laudem
2695 3403 2747 3456 in
2793 3410 2938 3457 tanto
2969 3410 3233 3457 conventu
3271 3417 3505 3470 conspe-

1913 3501 2105 3563 ctuque
2132 3492 2424 3560 hominum,
2459 3510 2556 3564 pro
2578 3510 2694 3549 mea
2727 3504 2851 3550 tunc
2880 3496 3141 3551 rhetorica
3172 3494 3505 3565 professione

1916 3586 2268 3653 recitaverim,
2292 3598 2345 3643 et
2369 3604 2435 3643 ex
2459 3588 2545 3643 illa
2566 3589 2990 3658 peregrinatione
3007 3590 3117 3659 jam
3141 3599 3258 3659 post
3287 3588 3503 3643 Maximi

1916 3681 2123 3750 tyranni
2144 3689 2367 3735 mortem
2392 3681 2624 3735 Africam
2656 3683 3024 3750 repetiverim;
3058 3681 3374 3736 Manichccos
3402 3696 3504 3735 au-

1916 3779 2023 3827 tem
2076 3772 2369 3827 Messianus
2414 3773 2697 3841 proconsul
2742 3772 2964 3827 audierit
3004 3780 3122 3841 post
3168 3772 3502 3825 consulatum

1916 3864 2188 3929 Bautonis,
2222 3865 2356 3918 sicut
2381 3863 2494 3917 dies
2522 3862 2802 3918 Gestorum
2829 3864 2896 3917 ab
2922 3864 3107 3916 eodem
3142 3863 3397 3916 Petiliano
3418 3862 3501 3916 in-

1915 3965 2090 4012 sertus
2130 3954 2383 4011 ostendit.
2418 3954 2547 4021 Qua:
2590 3956 2633 4009 si
2660 3954 3023 4009 dubitantibus
3052 3955 3136 4007 vel
3165 3962 3348 4008 contra
3379 3968 3502 4008 cre—

1917 4048 2165 4104 dentibus
2211 4047 2234 4078 ³
2284 4047 2510 4116 probare
2560 4062 2780 4102 necesse
2822 4059 2983 4112 esset,
3040 4048 3237 4101 multos
3289 4062 3502 4115 possem

1916 4140 2089 4195 claros
2120 4139 2171 4193 in
2201 4140 2394 4194 saeculo
2424 4140 2567 4193 viros
2588 4150 2749 4195 testes
2774 4140 3219 4209 locupletissimos
3245 4141 3502 4198 adhibere

1915 4231 2077 4286 totius
2106 4229 2245 4285 illius
2270 4231 2525 4300 temporis
2549 4232 2671 4285 vita:
2701 4248 2854 4286 mete.

1986 4319 2209 4376 CAPUT
2262 4320 2651 4376 XXVI—5!.
2702 4322 2803 4377 Sed
2847 4324 2968 4392 quid
3003 4326 3095 4379 ista
3137 4326 3503 4395 requirimus?

1917 4414 2041 4484 quid
2068 4424 2121 4469 et
2146 4414 2375 4484 patimur
2404 4414 2697 4483 superfluas
2728 4432 2922 4477 moras.
2952 4426 3005 4471 et
3035 4418 3300 4473 fcitnus?
3328 4420 3497 4475 Num-

1917 4507 2045 4577 quid
2102 4508 2225 4563 binc
2283 4509 2548 4564 inventuri
2614 4526 2796 4564 sumus
2854 4510 2993 4565 unde
3057 4512 3125 4565 sit
3191 4513 3497 4580 accipientis

1916 4598 2175 4654 abluenda
2202 4600 2546 4666 conscientia,
2570 4600 2660 4670 qui
2688 4601 3008 4654 maculosain
3048 4601 3221 4657 dantis
3254 4604 3492 4668 ignorat;

1918 4691 2184 4762 ﬁdemque
2226 4694 2365 4747 unde
2403 4692 2693 4761 percipiat,
2722 4693 2811 4760 qui
2850 4692 3093 4747 nesciens
3145 4694 3435 4759 baptizatur
3464 4709 3495 4747 a

1919 4782 2157 4851 perﬁdo?
2198 4782 2339 4852 quod
2378 4782 2480 4837 sibi
2518 4782 2804 4837 Petilianus
2840 4798 2960 4837 cum
3005 4800 3069 4838 ex
3115 4784 3345 4853 Epistula
3381 4801 3497 4840 mea

1918 4881 2168 4943 tanquam
2208 4874 2275 4928 ad
2325 4873 2751 4943 respondendum
2798 4876 3201 4944 proposuisset,
3245 4875 3497 4945 quidquid

1916 4968 2083 5022 voluit
2125 4966 2267 5023 aliud
2296 4967 2502 5023 locutus
2532 4976 2634 5034 est,
2662 4982 2821 5041 quam
2850 4968 2902 5022 id
2938 4968 3077 5037 quod
3106 4984 3264 5022 causa
3306 4981 3498 5036 posce-

1918 5058 2026 5113 bat.
2058 5056 2275 5125 Quoties
2304 5057 2464 5123 dixit,
2495 5057 2555 5113 Si
2579 5058 2877 5128 ignorares;
2904 5059 3055 5129 quasi
3092 5074 3189 5128 ego
3233 5056 3457 5111 dixerim
3481 5097 3497 5122 ,

1918 5151 2059 5222 quod
2094 5165 2361 5221 nunquam
2391 5150 2521 5217 dixi,
2565 5151 2674 5206 mei
2717 5151 3058 5221 baptizatoris
3096 5164 3182 5203 me
3231 5149 3501 5217 ignorasse

1921 5240 2341 5321 conscientiam?
2371 5241 2441 5297 Et
2465 5242 2607 5297 aliud
2635 5242 2768 5297 nihil
2789 5244 2961 5311 egisse
2985 5240 3129 5294 visus
3158 5247 3239 5293 est
3263 5252 3357 5291 ore
3385 5252 3501 5292 Ina-

1920 5333 2091 5393 Iedico
2109 5375 2125 5404 ,
2156 5348 2314 5405 quam
2343 5340 2403 5390 ut
2428 5348 2516 5391 me
2537 5332 2680 5391 mala
2699 5348 2885 5391 eorum
2913 5328 3053 5401 apud
3077 5340 3212 5398 quos
3261 5326 3499 5398 baptiza-

1986 5597 2005 5629 ⁸
2030 5597 2169 5656 Editi,
2194 5609 2489 5659 responsum.
2514 5595 2831 5659 Emendantur
2871 5606 2934 5642 ex
2971 5595 3319 5659 manuscriptls.

1985 5660 2006 5691 ί
2029 5664 2079 5708 In
2117 5654 2542 5726 editis'ettciderat
2579 5656 2835 5726 particula,
2874 5660 2952 5726 et,
2979 5668 3088 5726 qua;
3122 5654 3225 5705 huc'
3250 5664 3500 5726 rev_ocatur

1924 5735 1988 5772 ex
2012 5727 2139 5779 Mss,
2162 5730 2215 5770 ut
2235 5722 2360 5783 quod
2381 5717 2773 5783 praemittiturtel
2802 5717 2947 5783 semel
2968 5722 3013 5767 et
3043 5717 3239 5775 iterum,
3267 5719 3501 5769 referatur

1924 5783 1983 5832 ad
2022 5784 2211 5842 judices
2254 5781 2522 5843 cpisc0pos,
2566 5782 2821 5843 aquibus
2858 5781 2909 5828 in
2946 5787 3150 5843 Romano
3190 5783 3413 5843 primum,
3448 5791 3503 5837 ac

1926 5841 2093 5909 postea
2114 5847 2161 5893 in
2185 5841 2450 5912 Arelatensi
2470 5842 2670 5911 concilio
2690 5841 2965 5895 Caecilianus
2989 5850 3066 5893 est
3087 5841 3349 5895 abso1utus.

1997 5907 2017 5941 ³
2039 5907 2173 5970 Edttt,
2196 5902 2641 5958 contradicentibus.

2937 5988 3252 6070 (Dotem)
3502 5972 3516 6060 ἶ
