3998 6466
447 365 553 424 565

452 492 560 546 tus,
591 485 648 533 et
670 485 898 547 quorum
926 465 1301 528 communione
1330 461 1563 517 sociatus
1593 472 1730 523 sum,
1754 469 1861 509 non
1885 453 2039 522 igno~

454 545 605 628 rasse
626 609 643 637 ,
671 545 995 623 convincere
1019 557 1291 614 videretur
1316 572 1330 608 :
1371 551 1500 608 satis
1532 549 1713 620 utique
1741 545 2045 615 intelligens

455 662 579 732 quia
620 633 916 731 ignorantia
955 666 1040 707 me
1065 664 1170 705 non
1200 646 1403 702 faceret
1434 657 1607 699 reum.
1647 637 1787 694 Ecce
1822 651 1950 707 ergo
1999 633 2044 690 si

454 727 783 827 ignorarem,
815 748 950 805 sicut
972 743 1128 800 toties
1152 739 1399 811 repetivit
1423 777 1438 802 ,
1467 731 1650 807 procul
1675 731 1837 788 dubio
1861 729 1928 784 ab
1966 727 2046 784 eis

455 819 705 906 omnibus
719 841 870 899 malis
890 839 1145 895 innocens
1160 847 1354 891 essem.
1366 828 1518 888 Unde
1529 843 1656 898 ergo
1673 823 1940 888 abluerer,
1957 819 2049 891 qui

458 937 841 996 conscientiam
882 945 991 986 non
1031 933 1214 983 sancte
1246 922 1421 979 dantis
1451 921 1702 992 ignorans
1736 912 2048 971 criminibus

457 1017 573 1103 ejus
617 1025 862 1097 impediri
910 1022 1131 1077 minime
1183 1013 1448 1088 possem?
1501 1009 1653 1067 Unde
1716 1006 2048 1078 pereiperem

456 1097 616 1179 ﬁdem
639 1162 656 1188 ,
691 1119 783 1191 qui
810 1114 1056 1173 nesciens
1079 1127 1110 1167 a
1139 1109 1344 1182 perﬁdo
1373 1106 1672 1176 baptizarer
1695 1102 1722 1157 ?
1757 1099 1874 1156 Non
1902 1097 2046 1191 enim

457 1215 677 1278 frustra,
703 1189 763 1267 ζςι
781 1212 1059 1283 ignorares,
1083 1203 1239 1261 toties
1264 1199 1529 1271 repetivit,
1556 1196 1656 1252 nisi
1681 1210 1748 1250 ne
1770 1208 1855 1248 me
1876 1189 2051 1262 putari

457 1312 658 1365 sineret
678 1307 1014 1362 innocentem
1042 1317 1054 1354 :
1087 1296 1269 1370 procul
1299 1293 1461 1350 dubio
1485 1289 1730 1362 judicans
1756 1285 1898 1358 quod
1923 1285 2054 1341 nul-

458 1401 565 1456 lius
613 1395 913 1453 innocentia
948 1392 1199 1457 violatur,
1247 1388 1292 1442 si
1336 1385 1584 1442 nesciens
1623 1381 1784 1436 ﬁdem
1829 1377 1992 1433 sumit
2020 1391 2052 1432 a

461 1489 689 1564 perﬁdo,
712 1494 765 1544 et
793 1485 1116 1542 maculosam
1143 1478 1522 1537 conscientiam
1549 1489 1654 1530 non
1672 1481 1853 1528 sancte
1878 1469 2056 1525 dantis

461 1560 692 1654 ignorat.
722 1578 870 1634 Dicat
903 1590 1031 1646 ergo
1055 1571 1197 1628 unde
1224 1571 1357 1626 tales
1389 1568 1690 1630 abluantur,
1723 1561 1864 1618 unde
1893 1560 2053 1616 ﬁdem

359 1690 369 1699 '
462 1653 796 1746 percipiant,
828 1684 936 1726 non
969 1665 1220 1722 reatum?
1241 1663 1345 1720 Sed
1386 1676 1492 1714 non
1517 1673 1611 1713 vos
1653 1655 1800 1712 fallat
1827 1671 1839 1707 :
1869 1653 2054 1721 dicat;

464 1745 572 1822 non
601 1763 766 1820 multa
807 1758 1032 1816 dicendo
1057 1756 1132 1811 nil
1173 1755 1312 1809 dicat
1335 1795 1351 1819 ,
1379 1759 1468 1805 aut
1497 1749 1573 1804 nii
1614 1745 1842 1803 dicendo
1880 1746 2057 1815 potius

467 1857 636 1914 multa
665 1855 824 1911 dicat.
855 1848 1077 1915 Deinde,
1111 1843 1252 1917 quod
1292 1846 1344 1899 in
1370 1853 1607 1899 mentem
1635 1839 1811 1905 venit,
1839 1846 1894 1893 et
1916 1851 2057 1907 pra:-

464 1947 778 2006 tereundum
808 1957 916 1998 non
945 1947 1049 2004 est,
1073 1938 1118 1994 si
1167 1952 1267 2007 ego
1291 1944 1574 2006 propterea
1605 1944 1729 1986 reus
1760 1943 1902 1994 sum,
1932 1927 2056 1996 quia

464 2054 571 2095 non
597 2033 854 2108 ignoravi,
881 2039 938 2086 ut
957 2027 1246 2086 secundum
1273 2025 1446 2096 ipsum
1469 2020 1689 2094 loquar;
1717 2019 1838 2075 ideo
1879 2025 2058 2072 autem

467 2145 577 2187 non
618 2125 878 2200 ignoravi,
902 2123 1024 2194 quia
1053 2131 1107 2177 et
1150 2120 1280 2176 Afer
1314 2132 1454 2184 sum,
1481 2123 1536 2170 et
1573 2121 1729 2170 aetate
1772 2126 1909 2183 pene
1946 2110 2058 2180 jam

467 2235 635 2280 senex
666 2236 680 2271 :
713 2219 903 2273 saltem
927 2213 1076 2285 pueri
1119 2221 1434 2267 exterarum
1473 2216 1585 2263 toto
1623 2205 1756 2262 orbe
1795 2212 2060 2259 terrarum

467 2333 576 2374 non
613 2317 720 2372 sint
762 2312 859 2381 rei,
891 2311 980 2382 qui
1005 2323 1104 2364 nec
1135 2314 1292 2377 gente
1331 2319 1429 2360 nec
1466 2309 1628 2357 aetate
1672 2301 1770 2355 ista
1800 2305 1976 2353 vestra
2009 2297 2052 2364 ⁸,

464 2409 674 2481 objecta
694 2422 788 2462 seu
807 2418 932 2460 vera
954 2417 1048 2457 seu
1061 2401 1189 2454 falsa
1210 2412 1368 2453 nosse
1391 2401 1676 2467 potuerunt
1699 2411 1712 2460 ;
1735 2392 1824 2463 qui
1848 2401 2050 2456 tamen,

467 2501 514 2558 si
533 2501 588 2557 in
617 2514 712 2555 vos
733 2495 1035 2562 inciderint,
1063 2494 1181 2548 sine
1222 2491 1333 2545 ullo
1354 2495 1599 2558 reSpectu
1640 2485 2058 2556 rebaptizantur.

538 2589 764 2649 CAPUT
801 2587 1015 2645 XXVII.
1054 2615 1126 2627 —-
1169 2583 1258 2639 εξ.
1301 2581 1405 2638 Sed
1431 2595 1572 2636 nunc
1598 2581 1694 2635 ista
1726 2594 1834 2633 non
1858 2576 2061 2646 quaeri-

467 2699 589 2742 mus
613 2679 778 2740 :illud
802 2681 977 2752 potius
998 2676 1325 2748 respondeat
1346 2674 1511 2744 (quod
1533 2688 1601 2729 ne
1623 2671 1947 2741 respondere
1969 2685 2059 2724 co-

470 2787 624 2850 gatur
649 2774 1018 2846 copiosissime
1047 2770 1312 2827 alienatur
1337 2769 1359 2799 '
1382 2767 1422 2837 ),
1446 2766 1589 2822 unde
1639 2765 1885 2820 abluatur
1914 2763 2060 2817 acci-

469 2868 665 2940 pientis
692 2865 1037 2929 conscientia,
1068 2861 1160 2932 qui
1199 2859 1524 2915 maculosam
1556 2856 1734 2912 dantis
1761 2857 1988 2925 ignorat,
2012 2853 2059 2909 si

472 2957 776 3014 conscientia
813 2964 983 3010 sancte
1015 2952 1186 3006 dantis
1232 2949 1526 3015 attenditur,
1572 2963 1685 3019 qua:
1725 2946 1894 3000 abluat
1924 2944 2059 2999 acci-

474 3049 689 3121 pientis;
717 3055 774 3102 et
796 3043 937 3099 unde
971 3039 1194 3113 percipit
1223 3039 1403 3106 ﬁdem,
1433 3039 1522 3109 qui
1556 3038 1796 3093 nesciens
1823 3035 2059 3105 baptiza-

473 3149 606 3195 tura
635 3135 859 3209 perﬁdo,
905 3133 951 3189 si
983 3131 1210 3204 quisquis
1240 3130 1392 3200 fidem
1420 3130 1582 3183 sciens
1607 3143 1636 3180 a
1676 3126 1875 3198 perﬁdo
1915 3142 2056 3180 sum-

473 3230 646 3301 pserit,
677 3243 781 3282 non
823 3225 976 3296 fidem
1014 3223 1244 3294 percipit,
1291 3221 1381 3276 sed
1407 3228 1622 3275 reatum.
1674 3217 1897 3274 Omissis
1931 3231 2060 3288 ergo

471 3322 588 3392 ejus
615 3316 931 3385 maledictis,
965 3330 1086 3386 quae
1130 3314 1181 3368 in
1212 3327 1300 3368 me
1332 3313 1449 3368 sine
1475 3311 1578 3365 ulla
1605 3325 1732 3365 sana
1754 3309 2061 3366 considera-

473 3414 617 3468 tione
641 3410 880 3482 jactavit,
911 3407 1087 3462 adhuc
1116 3405 1453 3460 attendamus
1495 3419 1563 3459 ne
1605 3403 1744 3459 forte
1774 3403 1875 3459 hoc
1917 3401 2060 3473 quod

474 3502 814 3574 exposcimus
853 3500 904 3553 in
933 3496 1385 3567 consequentibus
1411 3496 1570 3550 dicat.
1596 3495 1748 3550 Libet
1773 3510 1954 3550 autem
1973 3495 2059 3550 in-

475 3593 615 3649 tueri
639 3606 798 3661 quam
833 3589 1079 3660 garrulus
1107 3603 1168 3642 ea
1205 3586 1572 3657 pr0posuerit,
1619 3587 1770 3657 quasi
1811 3585 2061 3643 facillime

481 3683 838 3742 convulsurus
883 3689 938 3735 et
973 3694 1279 3735 eversurus.
1322 3677 1429 3733 Sed
1461 3677 1529 3731 ad
1566 3677 1731 3744 illud,
1762 3677 1950 3747 inquit,
1989 3678 2063 3733 tui

475 3773 842 3848 phantasmatis
870 3778 1222 3840 argumentum
1243 3811 1258 3836 ,
1302 3784 1403 3838 quo
1453 3783 1810 3838 quemcumque
1833 3767 2064 3837 baptizas

474 3870 635 3924 verbis
659 3867 747 3921 tibi
773 3867 977 3936 pingere
1005 3865 1140 3918 visus
1169 3879 1241 3930 es,
1282 3862 1565 3917 redeamus.
1610 3861 1893 3932 lmaginari
1931 3862 2062 3915 enim

475 3970 525 4016 te
543 3957 833 4014 verisimilia
855 3957 1042 4022 decuit,
1065 3955 1150 4023 qui
1178 3970 1278 4009 non
1303 3955 1436 4009 vides
1450 3953 1725 4008 veritatem.
1757 3952 1882 4006 Haec
1903 3953 2062 4006 verba

387 4039 390 4041 λ
474 4065 570 4109 sua
601 4049 907 4122 prolocutus
946 4055 1029 4102 est
1057 4047 1368 4111 Petilianus,
1413 4046 1571 4100 verba
1601 4059 1720 4101 mea
1757 4044 2063 4115 propositu-

477 4155 592 4198 rus.
620 4138 841 4194 Deinde
891 4137 1160 4206 subiunxit
1205 4136 1412 4200 :Ecce,
1459 4136 1660 4204 inquis,
1691 4144 1789 4189 stat
1839 4135 2064 4206 perﬁdus

477 4233 847 4304 baptizaturus,
877 4238 927 4282 at
952 4230 1039 4283 ille
1065 4229 1152 4299 qui
1179 4228 1516 4299 baptizandus
1540 4237 1630 4295 est,
1663 4227 1929 4298 perﬁdiam
1954 4229 2065 4295 eius

477 4319 907 4397 ignorat(Supra,
927 4321 1014 4374 lib.
1037 4321 1089 4387 l,
1108 4336 1221 4390 cap.
1239 4321 1276 4373 2
1293 4338 1346 4373 u.
1371 4322 1449 4388 5).
1469 4321 1584 4373 Non
1608 4327 1771 4374 totam
1791 4319 1922 4374 dixit
1943 4335 2064 4390 pro-

483 4412 806 4486 positionem
828 4421 987 4479 atque
1003 4410 1473 4480 interrogationem
1492 4425 1688 4476 meam,
1718 4420 1772 4465 et
1794 4426 1918 4465 mox
1950 4413 2065 4480 ipse

481 4506 816 4574 interrogare
843 4516 934 4556 me
949 4501 1145 4570 erepit,
1176 4499 1399 4554 dicens:
1431 4499 1557 4564 Quis
1577 4509 1649 4554 est
1671 4502 1784 4568 iste,
1821 4511 1912 4555 aut
1932 4504 2066 4558 unde

478 4598 712 4674 prosiluit
724 4611 870 4667 quem
885 4592 1152 4665 proponis?
1164 4591 1267 4646 Cur
1281 4592 1369 4645 tibi
1379 4593 1560 4648 videris
1575 4592 1741 4647 uidere
1755 4609 1898 4664 quem
1909 4595 2002 4648 sim
2008 4612 2068 4648 n-

479 4687 581 4754 Iae,
609 4701 676 4740 ne
698 4685 869 4740 uideas
902 4699 1020 4738 eum
1058 4699 1204 4753 quem
1232 4683 1399 4737 videre
1428 4699 1488 4737 ac
1516 4683 1760 4739 discutere
1786 4685 2067 4755 diligentis-

476 4782 607 4836 sime
631 4776 812 4834 debeas
844 4783 890 4831 et
937 4775 1192 4846 probare?
1220 4774 1326 4831 Sed
1349 4777 1468 4846 quia
1500 4776 1732 4846 intelligo
1761 4787 1808 4832 te
1832 4778 2066 4849 ignorare

476 4871 708 4927 ordinem
749 4867 1095 4934 Sacramenti,
1130 4867 1222 4922 hoc
1250 4867 1337 4921 tibi
1363 4867 1574 4923 breviter
1601 4868 1714 4922 dico
1741 4887 1760 4922 :
1787 4879 1832 4924 et
1874 4881 1926 4923 tu
1977 4872 2068 4925 ba-

478 4964 690 5037 ptistam
732 4959 1012 5026 discutere,
1051 4969 1098 5012 et
1151 4959 1215 5012 ab
1249 4974 1308 5012 eo
1346 4959 1530 5014 discuti
1557 4960 1785 5016 debuisti.
1818 4960 1955 5029 Quid
1980 4972 2065 5018 est

477 5050 621 5125 quod
667 5051 1144 5123 exspectabamus?
1186 5049 1258 5107 Ut
1280 5051 1500 5120 diceret,
1544 5054 1684 5109 unde
1710 5055 1953 5110 abluatur
1977 5070 2066 5112 ac-

477 5148 727 5218 cipientis
754 5143 1106 5212 conscientia,
1137 5144 1225 5214 qui
1254 5145 1576 5201 maculosam
1606 5161 1711 5202 non
1739 5158 1920 5205 sancte
1935 5150 2065 5203 dan-

477 5242 548 5296 tis
574 5241 803 5311 ignorat,
827 5247 885 5296 et
910 5237 1058 5295 unde
1087 5236 1270 5306 ﬁdem,
1302 5253 1411 5294 non
1439 5249 1642 5296 reatum
1669 5242 1946 5313 percipiat,
1973 5242 2065 5312 qui

477 5331 810 5402 Baptismum
839 5332 1094 5388 nesciens
1121 5344 1150 5384 a
1173 5329 1377 5401 perﬁdo
1416 5334 1724 5403 sumpserit.
1749 5334 1887 5392 Ecce
1908 5334 2065 5389 audi-

478 5425 653 5481 vimus
680 5425 972 5497 baptistam
1000 5424 1200 5482 debere
1228 5423 1636 5496 diligentissime
1678 5427 1870 5483 discuti
1902 5427 1971 5484 ab
2000 5441 2065 5483 eo

542 5574 566 5667 ξ
587 5579 663 5667 E'
688 5581 743 5667 ἓξ
761 5575 1825 5667 m~.uua.tstiu.te;.iutssmaca

588 5641 661 5687 Er.
688 5643 741 5687 et
762 5644 869 5702 μη.
892 5640 1268 5702 substituerunt,
1284 5638 1566 5702 niterentur,
1575 5639 1673 5702 sed
1696 5647 1800 5689 Mss.
1825 5652 1936 5690 cum
1958 5639 2064 5690 edi-

477 5696 616 5748 tione
639 5706 736 5749 am.
771 5699 969 5759 habent,
992 5696 1262 5763 alienatur:
1282 5701 1432 5764 id_est_
1451 5701 1502 5750 in
1523 5697 1683 5750 aliena
1706 5709 1902 5764 vagatur
1925 5711 2076 5764 extra

481 5770 676 5834 causam
700 5773 712 5809 :
738 5774 836 5834 quo
859 5775 1008 5834 sensu
1027 5777 1200 5834 supra,
1224 5761 1273 5813 n.
1297 5761 1519 5834 18.,dic1t
1543 5775 1555 5812 :
1584 5779 1607 5810 α
1629 5761 1875 5815 nemiuem
1895 5763 2068 5816 relicta

488 5838 510 5867 ι
535 5833 680 5878 causa
700 5825 974 5879 conviciose
995 5824 1196 5880 alienari
1527 5840 1552 5873 ι

1336 343 1604 405 CONTRA
1643 334 1982 400 LITTERAS
2025 331 2385 402 PETILIANI,
2425 331 2482 389 S.
2526 322 2899 389 AUGUSTINI

3621 316 3721 378 364

2151 449 2242 520 qui
2283 447 2393 503 vult
2443 445 2601 501 tidem
2628 443 2908 514 percipere
2930 481 2946 506 ,
2993 451 3102 494 non
3133 442 3364 502 reatum,
3407 441 3469 489 ut
3495 433 3727 488 inveniat
3757 400 3784 438 ί

2151 538 2532 598 conscientiam
2567 543 2754 592 sancte
2776 533 2982 597 dantis,
3024 543 3146 602 quae
3188 529 3370 584 abluat
3397 526 3728 597 accipientis.

2152 632 2286 689 Nam
2316 631 2406 702 qui
2432 645 2538 686 non
2563 624 2873 684 discusserit
2896 664 2914 692 ,
2943 630 2997 680 et
3020 621 3269 678 nesciens
3293 635 3328 676 a
3352 617 3562 692 perﬁdo
3585 633 3736 675 acce-

2154 723 2326 796 perit,
2359 738 2425 779 eo
2475 722 2591 792 ipso
2637 717 2778 792 quod
2821 731 2930 773 non
2971 714 3262 782 discussit,
3303 711 3739 780 maculosamque

2157 817 2334 873 dantis
2359 813 2623 887 ignoravit
2662 809 3064 875 conscientiam,
3117 821 3226 862 non
3266 804 3367 861 fuit
3407 803 3550 858 unde
3578 801 3738 858 ﬁdem

2157 909 2492 982 perciperet,
2521 921 2630 962 non
2676 913 2884 962 reatum
2914 903 2953 957 '.
2978 900 3117 970 Quid
3163 914 3292 971 ergo
3332 896 3568 967 adjuvit,
3597 893 3739 965 quod

2157 1019 2257 1077 pro
2283 1017 2476 1075 magno
2500 999 2720 1067 addidit,
2749 999 2911 1054 sciens
2933 1039 2948 1064 ,
2998 993 3140 1067 quod
3169 1007 3260 1048 me
3279 990 3617 1049 subtraxisse
3647 1001 3742 1043 ca-

2160 1097 2447 1151 lumniatus
2470 1095 2598 1151 est?
2626 1092 2762 1149 Cum
2791 1091 2934 1147 enim
2960 1087 3134 1144 noluit
3151 1084 3368 1150 itadiei,
3402 1081 3506 1147 Qui
3530 1080 3686 1150 ﬁdem
3714 1095 3746 1134 α

2161 1187 2356 1258 perﬁdo
2382 1185 2668 1258 sumpserit,
2697 1201 2799 1238 non
2843 1182 2996 1252 ﬁdem
3027 1177 3258 1252 percipit,
3293 1175 3383 1230 sed
3421 1182 3644 1240 reatum;
3667 1172 3744 1226 ri-

2161 1280 2318 1335 detur
2345 1279 2576 1349 aliquam
2617 1290 2767 1346 spem
2807 1273 3093 1344 reliquisse
3123 1267 3408 1325 nescienti.
3437 1266 3592 1322 Nunc
3618 1279 3746 1320 vero

2162 1387 2284 1428 cum
2313 1371 2690 1442 interrogatur,
2717 1367 2859 1423 unde
2883 1363 3144 1437 percipiat
3164 1361 3344 1429 ﬁdem,
3377 1360 3466 1430 qui
3499 1357 3749 1413 nesciens

2161 1465 2462 1535 baptizatur
2485 1477 2513 1518 a
2543 1460 2782 1534 perﬁdo;
2839 1457 3117 1530 respondit
3158 1471 3285 1513 eum
3340 1454 3612 1510 discutere
3646 1450 3750 1507 de-

2163 1557 2345 1614 buisse
2389 1555 2676 1626 baptistam
2716 1569 2729 1608 ε
2759 1549 3132 1622 proculdubio
3161 1549 3418 1603 miserum
3450 1559 3554 1599 nec
3595 1543 3754 1614 igno-

2163 1664 2288 1705 rare
2326 1648 2622 1719 permittit,
2673 1659 2780 1700 non
2827 1643 3145 1698 inveniendo
3191 1639 3331 1695 unde
3374 1638 3533 1693 ﬁdem
3581 1635 3752 1707 possit

2163 1743 2424 1812 accipere,
2451 1742 2554 1797 nisi
2583 1753 2734 1812 spem
2775 1751 2928 1794 suam
2949 1737 3004 1791 in
3048 1734 3268 1790 homine
3308 1731 3621 1803 baptizante
3655 1743 3755 1799 po-

2165 1833 2349 1888 suerit.

2233 1921 2462 1978 CAPUT
2489 1919 2725 1977 XXVIII.
2755 1951 2828 1962 —
2855 1920 2942 1976 55.
2977 1918 3090 1974 Hoc
3123 1921 3205 1972 est
3229 1913 3370 1984 quod
3398 1912 3756 1969 exhorremus

2165 2015 2219 2070 in
2245 2014 2394 2070 vobis
2415 2055 2428 2078 ,
2458 2013 2561 2068 hoc
2602 2020 2681 2067 est
2709 2011 2852 2082 quod
2877 2009 3094 2065 damnat
3120 2007 3296 2063 divina
3323 2003 3588 2061 sententia
3611 2043 3627 2070 ,
3655 2016 3757 2057 ve-

2166 2109 2437 2163 raeissime
2465 2121 2527 2161 ac
2556 2105 2984 2161 manifestissime
3009 2103 3281 2158 clamans:
3308 2098 3612 2154 Maledicta
3640 2111 3757 2149 om-

2165 2201 2245 2254 nis
2268 2200 2354 2270 qui
2376 2215 2518 2268 spem
2555 2214 2699 2252 suam
2728 2197 2869 2268 ponit
2895 2197 2948 2250 in
2968 2221 2970 2224 ν
2993 2196 3194 2248 huiusne
3219 2191 3433 2262 (Jerem.
3480 2203 3602 2245 xvn
3622 2229 3639 2255 ,
3671 2187 3756 2258 5).

2167 2293 2278 2347 lloe
2305 2299 2388 2348 est
2409 2290 2549 2362 quod
2570 2290 2904 2360 apertissime
2929 2289 3172 2358 prohibet
3197 2293 3380 2341 saneta
3405 2282 3681 2337 humilitas
3702 2290 3759 2337 et

2166 2384 2400 2439 Charitas
2425 2382 2717 2454 apostolica
2735 2423 2750 2448 ,
2783 2380 3047 2436 clamante
3072 2379 3237 2435 Paulo
3271 2395 3284 2432 :
3319 2375 3484 2430 Nemo
3512 2374 3760 2445 glorietur

2164 2477 2218 2531 in
2246 2476 2446 2530 homine
2473 2474 2518 2544 (l
2549 2474 2668 2529 Cor.
2694 2489 2786 2540 Ill,
2815 2473 2933 2544 21).
2979 2471 3090 2526 [ioc
3117 2479 3201 2526 est
3225 2467 3368 2539 quod
3407 2467 3460 2521 in
3507 2480 3609 2520 nos
3637 2464 3759 2518 ina-

2165 2572 2312 2625 nium
2328 2568 2709 2624 calumniarum
2740 2574 2794 2621 et
2812 2565 3202 2621 acerrimorum
3223 2559 3632 2616 maledictorum
3649 2572 3762 2612 cre-

2165 2661 2362 2716 brescit
2390 2661 2653 2730 impetus,
2686 2667 2743 2713 ut
2769 2657 2922 2728 quasi
2965 2668 3157 2712 everso
3198 2654 3413 2709 homine
3440 2651 3586 2706 nulla
3632 2663 3762 2720 spes

2165 2760 2437 2807 remaneat
2465 2747 2880 2818 eorum,quibus
2904 2746 3125 2801 verbum
3155 2743 3250 2799 Dei
3279 2753 3333 2799 et
3359 2749 3762 2798 sacramentum

2165 2860 2262 2914 pro
2279 2843 2677 2915 dispensatione
2703 2840 2855 2896 nobis
2879 2837 3079 2894 credita
3109 2836 3498 2892 ministramus.
3519 2832 3764 2902 Respon-

2166 2937 2352 2993 demus
2375 2936 2454 2992 eis
2478 2955 2492 2992 :
2513 2927 2800 3005 Quousque
2825 2932 3090 3004 apponitis
3117 2945 3280 3001 super
3305 2927 3618 2984 hominem?
3661 2926 3765 2982 Re

2169 3028 2398 3099 spondet
2423 3028 2502 3083 cis
2531 3027 2789 3081 catholica
2819 3023 3120 3080 veneranda
3159 3022 3386 3078 societas
3405 3038 3422 3075 :
3441 3019 3634 3075 Nonne
3648 3017 3765 3073 Deo

2164 3121 2458 3189 subjiciatur
2494 3119 2665 3172 anima
2694 3117 2848 3170 mea?
2886 3117 2948 3170 ab
2995 3119 3106 3186 ipso
3135 3113 3269 3170 enim
3310 3114 3538 3168 salutare
3563 3126 3759 3165 unum.

2165 3211 2369 3266 Etenim
2397 3212 2507 3280 ipse
2541 3218 2611 3263 est
2639 3209 2775 3263 Deus
2799 3224 2939 3262 meus
2956 3250 2970 3273 ,
3003 3216 3264 3276 susceptor
3289 3220 3468 3268 meus;
3493 3217 3598 3257 non
3635 3200 3766 3256 emi-

2165 3304 2320 3376 grabo
2343 3303 2512 3375 (Psat.
2543 3319 2626 3356 1.x:
2647 3345 2662 3370 ,
2691 3300 2727 3354 2
2747 3341 2762 3368 ,
2791 3300 2867 3370 5).
2899 3299 3032 3355 Nam
3053 3314 3171 3369 qua:
3196 3298 3298 3351 alia
3325 3311 3481 3352 causa
3511 3294 3612 3348 fuit
3642 3293 3764 3348 istis

2166 3394 2461 3466 emigrandi
2488 3393 2556 3449 de
2583 3393 2746 3448 domo
2772 3391 2901 3458 Dei,
2951 3391 3049 3446 nisi
3075 3391 3202 3460 quia
3227 3402 3348 3442 vasa
3376 3387 3513 3441 facta
3543 3386 3596 3439 in
3625 3400 3760 3440 con-

2167 3487 2437 3542 tumeliam
2456 3527 2470 3548 ,
2499 3485 2615 3539 sine
2641 3483 2834 3553 quibus
2865 3483 2954 3536 illa
2981 3495 3148 3551 usque
3172 3479 3240 3534 ad
3268 3479 3408 3534 diem
3431 3475 3623 3548 judieii
3653 3491 3763 3531 non

2165 3579 2297 3643 erit,
2333 3578 2598 3632 ﬁnxerunt
2624 3589 2684 3630 se
2727 3573 2869 3629 ferre
2898 3589 3004 3628 non
3034 3586 3224 3642 posse;
3267 3585 3388 3626 cum
3431 3577 3610 3622 tamen
3660 3567 3766 3622 hoc

2166 3672 2334 3742 magis
2365 3668 2464 3738 ipsi
2493 3667 2686 3731 fuisse,
2727 3675 2781 3721 et
2804 3665 2921 3720 aliis
2948 3664 3274 3720 calumniose
3328 3659 3595 3730 objecisse
3618 3700 3636 3726 ,
3667 3673 3763 3730 ge-

2166 3761 2261 3817 stis
2287 3771 2447 3831 atque
2468 3757 2784 3829 conscriptis
2810 3766 2937 3812 tunc
2962 3757 3122 3812 rebus
3147 3761 3439 3825 appareant
3458 3754 3505 3804 ἐ
3537 3750 3610 3806 de
3639 3751 3766 3821 qui-

2168 3855 2267 3911 bus
2309 3855 2364 3909 in
2405 3852 2780 3909 contumeliam
2806 3851 2993 3919 factis,
3025 3865 3093 3905 ne
3121 3858 3338 3920 propter
3379 3847 3469 3901 illa
3497 3845 3567 3901 de
3593 3845 3767 3901 domo

2168 3963 2356 4018 magna
2375 3947 2397 3980 ³
2417 3990 2431 4013 ,
2463 3961 2582 4018 quae
2612 3960 2806 4016 magno
2850 3943 3214 4016 patrifamilias
3243 3956 3348 3998 una
3376 3949 3491 4006 est,
3540 3950 3766 4011 pertur-

2169 4041 2322 4096 batus
2362 4042 2615 4112 emigret,
2650 4039 2780 4096 dicit
2808 4038 2901 4092 Dei
2946 4052 3130 4092 servus
3149 4077 3166 4104 ,
3196 4044 3250 4091 et
3280 4035 3448 4090 bonus
3478 4033 3659 4088 ﬁdelis
3683 4032 3768 4088 vel

2169 4133 2328 4188 ﬁdem
2354 4133 2407 4188 in
2433 4133 2703 4203 Baptismo
2727 4137 3093 4202 percepturus,
3113 4127 3253 4199 quod
3279 4126 3437 4196 paulo
3463 4133 3588 4180 ante
3613 4140 3768 4180 com-

2168 4223 2460 4280 memoravi
2485 4242 2499 4280 :
2523 4223 2711 4279 Nonne
2725 4221 2836 4278 Deo
2858 4221 3152 4292 subjicietur
3177 4220 3347 4273 anima
3370 4217 3517 4272 mea?
3533 4217 3650 4271 Deo
3675 4217 3771 4272 uti-

2169 4333 2293 4388 que,
2318 4333 2426 4372 non
2451 4317 2674 4372 homini.
2704 4315 2780 4371 Ab
2804 4316 2915 4387 ipso
2939 4315 3073 4368 enim
3102 4313 3327 4367 salutare
3351 4327 3533 4372 meum,
3563 4324 3678 4365 non
3703 4310 3773 4364 ab

2171 4409 2405 4464 homine.
2425 4409 2529 4464 iste
2555 4416 2731 4464 autem
2748 4423 2853 4462 non
2881 4407 3070 4461 saltem
3102 4416 3226 4460 tunc
3254 4406 3362 4460 Deo
3377 4403 3531 4458 daret
3545 4403 3770 4458 abluen-

2171 4501 2294 4555 dum
2312 4499 2778 4570 mundandumque
2803 4498 3094 4563 hominem,
3114 4496 3328 4567 quando
3343 4494 3616 4551 maculosa
3645 4509 3768 4549 con-

2171 4593 2391 4649 scientia
2422 4608 2528 4648 non
2569 4600 2751 4647 sancte
2775 4591 2948 4646 dantis
2975 4590 3178 4645 occulta
3203 4598 3319 4658 est,
3365 4596 3420 4644 et
3459 4587 3621 4642 tidem
3669 4602 3768 4642 ne-

2172 4687 2348 4743 sciens
2374 4685 2612 4756 quisquis
2640 4684 2802 4739 sumit
2830 4699 2860 4738 a
2889 4682 3114 4754 perﬁdo.
3147 4679 3280 4750 Hoc,
3312 4679 3500 4749 inquit,
3532 4677 3626 4733 tibi
3653 4679 3768 4732 bre-

2171 4779 2297 4833 viter
2323 4778 2434 4832 dico
2455 4817 2469 4843 ,
2517 4785 2564 4831 et
2605 4783 2660 4831 tu
2689 4776 2960 4846 baptistam
2984 4774 3266 4840 discutere,
3305 4782 3352 4827 et
3390 4772 3456 4826 ab
3479 4787 3538 4827 eo
3583 4770 3770 4827 discuti

2172 4868 2404 4923 debuisti.
3529 4891 3532 4894 .

2242 4957 2469 5016 CAPUT
2497 4956 2686 5014 XXIX.
2703 4987 2775 4999 —
2788 4956 2877 5013 54.
2897 4955 3133 5012 Obsecro
3155 4969 3273 5022 vos,
3293 4953 3400 5010 huc
3420 4954 3693 5011 advertite
3708 4963 3733 4995 δ
3751 4969 3770 5008 :

2172 5067 2271 5123 ego
2293 5065 2474 5122 quacro
2499 5050 2911 5114 unde.abluatur
2936 5047 3245 5118 accipientis
3267 5047 3622 5112 conscientia,
3646 5061 3772 5102 cum

2172 5143 2500 5200 maculosam
2527 5156 2630 5196 non
2658 5151 2843 5196 sancte
2867 5139 3042 5194 dantis
3086 5139 3330 5209 ignorat,
3359 5140 3404 5194 si
3431 5137 3770 5193 conscientia

2173 5245 2355 5292 sancte
2397 5233 2572 5289 dantis
2601 5233 2926 5300 attenditur,
2961 5248 3079 5303 qua:
3110 5231 3290 5286 abluat
3333 5229 3684 5300 accipientis;
3718 5235 3773 5284 et

2173 5327 2314 5383 unde
2337 5325 2561 5396 accipiat
2599 5324 2757 5380 ﬁdem
2778 5367 2795 5394 ,
2824 5325 2913 5396 qui
2941 5322 3188 5380 nesciens
3217 5337 3247 5377 a
3276 5321 3482 5392 perﬁdo
3522 5321 3773 5392 baptizao

2175 5430 2279 5490 tur,
2301 5420 2348 5476 si
2371 5419 2612 5490 quisquis
2639 5418 2800 5474 ﬁdem
2825 5417 3002 5474 sciens
3027 5432 3059 5474 a
3091 5414 3296 5488 perﬁdo
3324 5415 3638 5488 sumpserit,
3658 5421 3776 5470 non

2236 5573 3055 5635 *smmatedimsedrm

2235 5641 2256 5671 ³
2277 5644 2351 5689 Er.
2387 5645 2441 5688 et
2469 5643 2601 5699 Lov.,
2633 5641 2882 5702 appareat.
2911 5636 3198 5688 coneinnius
3227 5641 3329 5685 Am.
3371 5641 3425 5687 et
3459 5642 3589 5695 Mss,
3611 5635 3771 5697 appa-

2173 5705 2326 5754 ream.

2237 5760 2715 5856 testas»
2730 5769 2842 5856 ἒξ,-
2867 5757 3598 5856 sesamum“

2305 5823 2437 5887 Apud
2461 5821 2540 5875 Er.
2559 5823 2707 5886 Lugd.
2730 5831 2852 5878 Ven.
2874 5821 3108 5888 Domitio
3126 5821 3373 5878 admtite.
3432 5827 3490 5871 κο
