3998 6524
230 410 335 472 $65

234 526 384 585 fidem
414 521 681 594 percipit,
727 516 820 574 sed
850 522 1053 572 reatum
1090 530 1102 565 :
1136 519 1189 567 et
1233 506 1323 565 ille
1367 507 1496 564 mihi
1529 507 1816 578 respondet

234 612 621 674 discutiendum
667 624 785 679 esse
813 616 868 663 et
909 605 1291 676 baptizatorem
1321 610 1375 656 et
1414 597 1814 669 baptizandum.

233 710 293 765 Et
321 707 387 761 ad
412 706 515 759 hoc
536 701 868 774 probandum
891 741 905 767 ,
936 697 1077 753 unde
1101 694 1324 766 (ιιιωειίο
1349 690 1497 747 nulla
1523 700 1605 747 est
1623 731 1638 756 ,
1670 688 1818 744 adhi-

233 799 322 855 bet
349 770 656 866 exemplum
682 790 900 849 Joannis
921 831 937 857 ,
977 786 1118 860 quod
1163 802 1284 841 eum
1312 780 1695 847 discusserint,
1733 770 1827 850 qui

233 890 301 946 ab
327 904 391 944 eo
421 885 751 958 quaesierunt
776 897 934 954 quem
963 896 1022 936 se
1050 894 1169 935 esse
1196 876 1397 931 diceret
1423 866 1600 944 (Joan.
1629 888 1668 940 ι,
1690 868 1781 940 22)
1806 887 1821 938 ;

235 978 373 1052 quod
402 978 519 1050 ipse
548 990 758 1047 quoque
780 970 1091 1029 discusserit
1126 983 1218 1024 eos
1242 965 1435 1039 quibus
1459 964 1566 1032 ait,
1600 958 1823 1017 Genera-

238 1073 305 1125 tio
332 1070 621 1140 viperarum
640 1109 654 1133 ,
688 1064 797 1134 quis
839 1062 974 1118 vobis
997 1058 1212 1116 ostendit
1237 1057 1410 1129 fugere
1434 1055 1495 1109 ab
1519 1053 1598 1109 ira
1619 1062 1833 1108 ventura

236 1160 449 1233 (Matth.
496 1175 589 1226 ιιι,
619 1158 717 1227 7)?
746 1154 882 1224 Quid
912 1153 1014 1208 hoc
1037 1148 1107 1206 ad
1128 1149 1282 1205 rem?
1308 1144 1439 1219 quid
1461 1145 1563 1201 hoc
1592 1142 1659 1200 ad
1699 1158 1818 1198 cau-

235 1252 391 1307 sam?
418 1251 561 1305 Deus
587 1248 779 1305 Joanni
807 1245 1147 1317 perhibuerat
1171 1239 1532 1297 testimonium
1557 1235 1827 1293 excellen-

235 1347 461 1402 tissima:
505 1342 803 1399 sanctitatis
848 1337 1123 1410 prophetia
1166 1331 1575 1407 praeclarissima
1624 1343 1828 1401 praece-

235 1442 421 1507 dente,
443 1448 497 1495 et
520 1435 735 1509 quando
750 1440 1059 1507 conceptus,
1079 1439 1132 1486 et
1158 1426 1368 1499 quando
1385 1434 1539 1481 natus
1566 1432 1665 1479 est.
1684 1422 1832 1489 Quae-

237 1533 431 1588 rebant
455 1539 635 1585 autem
666 1528 741 1583 illi
762 1527 871 1597 jam
898 1523 1179 1580 credentes
1205 1535 1327 1575 esse
1354 1526 1618 1582 sanctum,
1648 1529 1832 1584 quem

237 1641 363 1681 nam
388 1639 450 1680 se
474 1623 679 1678 diceret
720 1634 839 1676 esse
863 1625 1168 1673 sanctorum
1190 1654 1204 1677 ,
1232 1611 1319 1667 vel
1351 1620 1527 1664 utrum
1554 1608 1667 1677 ipse
1691 1612 1833 1661 esset

236 1725 458 1773 sanctus
474 1724 778 1770 sanctorum
795 1708 935 1782 quod
954 1718 1036 1765 est
1052 1705 1297 1763 Christus
1312 1701 1341 1759 .l
1345 1718 1487 1758 esus.
1507 1700 1672 1755 Tanta
1689 1694 1833 1768 quip-

238 1828 307 1883 pe
332 1811 505 1882 gratia
527 1812 541 1840 ¹
567 1808 639 1863 illi
665 1805 1056 1870 habebatur,ut
1079 1800 1332 1857 continuo
1360 1789 1835 1863 credereturquid-

237 1904 371 1975 quid
396 1902 466 1957 de
490 1917 550 1956 se
576 1901 688 1971 ipse
718 1897 958 1953 dixisset.
988 1894 1043 1950 Si
1084 1902 1259 1947 autem
1288 1890 1390 1945 hac
1417 1886 1661 1957 exemplo
1686 1898 1835 1939 asse-

237 1973 379 2049 ritur
405 1992 630 2063 quilibet
658 2005 798 2045 nunc
823 1985 1186 2043 discutiendus
1211 1997 1330 2038 esse
1372 1979 1598 2050 baptista
1624 2019 1638 2043 ,
1685 1973 1838 2047 quid-

237 2085 369 2156 quid
394 2084 465 2139 de
491 2098 551 2138 se
576 2082 802 2153 quisque
843 2077 1071 2143 dixerit,
1102 2071 1401 2130 credendus
1429 2071 1554 2124 erit.
1585 2067 1713 2136 Quis
1756 2072 1839 2122 est

238 2187 419 2233 autem
451 2176 608 2231 ﬁctus
627 2217 643 2239 ,
670 2187 828 2244 quem
864 2170 997 2241 fugit
1024 2168 1206 2237 utique
1226 2208 1241 2233 ,
1272 2162 1408 2219 sicut
1434 2161 1688 2230 scriptum
1717 2166 1797 2213 est
1819 2198 1835 2223 ,

237 2268 477 2343 Spiritus
496 2277 713 2324 sanctus
728 2262 884 2337 (Sap.
908 2280 947 2327 ι,
965 2261 1042 2332 5),
1063 2260 1192 2330 quin
1207 2258 1274 2314 de
1295 2274 1351 2311 se
1368 2255 1566 2326 optime
1589 2251 1731 2307 credi
1748 2266 1838 2305 ve—

238 2366 323 2431 lit,
341 2371 501 2433 atque
523 2361 577 2415 id
601 2369 721 2430 agat
745 2357 935 2429 quibus
955 2353 1132 2409 verbis
1160 2348 1423 2422 potuerit?
1438 2346 1554 2401 Jam
1573 2360 1700 2416 ergo
1717 2357 1838 2397 cum

241 2455 403 2513 fuerit
432 2456 793 2525 interrogatus
818 2452 1059 2521 quisnam
1086 2446 1175 2511 sit,
1199 2452 1252 2499 et
1278 2438 1614 2510 responderit
1640 2452 1698 2490 se
1718 2449 1839 2489 esse

239 2546 339 2605 Dei
385 2547 598 2602 ﬁdelem
624 2524 1047 2615 dispensatorem
1069 2580 1084 2603 ,
1116 2536 1217 2590 nec
1259 2533 1571 2603 enjusq'uam
1601 2524 1840 2582 criminis

242 2649 451 2704 macula
491 2645 746 2716 pollutam
787 2641 985 2694 habere
1009 2632 1426 2693 conscientiam;
1460 2626 1574 2680 haec
1603 2623 1705 2679 erit
1730 2624 1841 2677 tota

241 2713 511 2797 discussio
529 2777 548 2802 ,
574 2752 642 2790 an
666 2733 826 2789 etiam
853 2744 1029 2785 mores
1054 2727 1173 2796 ejus
1212 2732 1266 2778 et
1290 2722 1397 2776 vita
1423 2716 1726 2788 diligentius
1756 2713 1839 2767 iu-

242 2833 441 2891 tuenda
482 2830 600 2886 est?
629 2828 705 2881 Ita
731 2839 861 2881 sane
892 2840 905 2877 :
940 2820 1036 2877 sed
1064 2834 1165 2874 non
1199 2816 1300 2870 hoc
1322 2816 1343 2845 ¹
1374 2811 1627 2882 scriptum
1656 2814 1737 2862 est
1765 2804 1842 2861 fe-

246 2929 386 2984 cisse
412 2925 557 2989 illos,
573 2922 665 2993 qui
681 2918 941 2974 Joannem
969 2914 1021 2969 in
1049 2911 1260 2968 deserto
1279 2904 1526 2963 Jordanis
1551 2903 1839 2969 interroga-

250 3026 440 3074 verunt
468 3014 587 3085 quis
614 3018 776 3068 esset.

317 3082 544 3165 CAPUT
585 3102 757 3159 XXX.
777 3130 849 3141 —
868 3098 958 3155 55.
990 3093 1142 3153 Unde
1162 3092 1265 3147 hoc
1294 3086 1593 3156 exemplum
1620 3082 1687 3137 ad
1711 3096 1823 3137 rem

248 3205 317 3262 de
344 3219 447 3276 qua
478 3200 652 3273 agitur
678 3195 899 3253 omnino
939 3206 1045 3246 non
1074 3186 1320 3258 pertinet.
1358 3180 1520 3251 Magis
1549 3175 1839 3247 apostolica

246 3301 342 3355 illa
362 3268 633 3353 sententia
661 3291 795 3348 satis
815 3288 954 3344 hanc
981 3283 1169 3339 incutit
1195 3292 1411 3342 curam;
1441 3273 1532 3329 ubi
1562 3271 1635 3326 ait
1668 3288 1680 3322 :
1707 3268 1841 3322 Pro-

245 3392 428 3446 bentur
448 3388 687 3459 primum,
710 3392 755 3437 et
774 3383 845 3436 sic
872 3378 1153 3433 ministrent
1175 3372 1373 3427 nullum
1397 3367 1584 3421 crimen
1612 3362 1846 3416 habentes

246 3484 293 3557 (ι
319 3482 464 3538 Tim.
495 3496 570 3545 ιιι,
591 3477 701 3549 10).
731 3472 882 3544 Quod
912 3486 1034 3526 cum
1061 3466 1284 3524 sollicite
1307 3479 1367 3517 ac
1416 3461 1481 3515 de
1510 3473 1661 3515 more
1698 3465 1845 3509 utro-

244 3547 418 3645 bique
446 3586 579 3642 pene
602 3547 669 3625 ab
698 3566 945 3623 omnibus
976 3561 1100 3627 ﬁat;
1144 3557 1288 3614 unde
1314 3564 1420 3611 tam
1454 3552 1607 3607 multi
1632 3547 1849 3619 reprobi

249 3642 374 3740 post
400 3672 610 3733 tempus
656 3669 819 3731 gesta":
848 3650 1263 3726 dispensationis
1292 3647 1449 3718 hujus
1473 3642 1676 3699 inventi
1701 3646 1844 3707 sunt,

251 3734 355 3815 nisi
380 3758 502 3829 quia
534 3763 588 3811 et
630 3754 860 3808 humana
907 3745 1177 3817 diligentia
1205 3743 1515 3813 plerumque
1544 3734 1761 3796 fallitur,
1789 3738 1845 3785 et

254 3848 498 3903 nonnulli
561 3844 790 3914 primum
838 3838 965 3894 boni
1024 3837 1077 3890 in
1132 3833 1365 3888 deterius
1409 3820 1847 3883 commutantur?

255 3940 387 4008 Qum
424 3953 546 3992 cum
581 3943 686 3989 tam
729 3931 920 3988 crebro
969 3925 1232 3990 accidant,
1286 3931 1346 3976 ut
1392 3915 1727 3974 dissimulare
1761 3919 1850 3966 aut

255 4031 500 4088 oblivisci
526 4027 795 4083 neminem
816 4024 991 4077 sinant
1015 4036 1029 4085 ;
1057 4014 1181 4088 quid
1198 4022 1279 4070 est
1306 4011 1445 4083 quod
1468 4006 1852 4063 contumeliose

258 4137 356 4178 nos
382 4119 616 4175 breviter
641 4115 799 4171 docet
820 4111 1131 4173 Petilianus,
1160 4121 1191 4160 a
1216 4098 1533 4174 baptizando
1558 4097 1853 4153 discutien-

258 4211 387 4268 dum
434 4225 555 4266 esse
584 4206 906 4278 baptistam,
963 4197 1212 4271 quoniam
1258 4192 1548 4265 quaerimus
1595 4187 1734 4243 unde
1784 4185 1853 4241 sit

258 4303 572 4376 accipientis
642 4294 905 4353 abluenda
971 4288 1296 4347 conscientia
1322 4327 1336 4352 ,
1399 4297 1520 4338 cum
1584 4279 1850 4335 maculosa

259 4372 582 4454 non'sancte
628 4390 802 4446 dantis
847 4384 1052 4442 occulta
1091 4389 1192 4444 est,
1221 4378 1266 4433 si
1296 4372 1621 4431 conscientia
1668 4375 1855 4427 sancte

260 4492 437 4548 dantis
495 4485 813 4552 attenditur,
879 4495 996 4552 quae
1062 4477 1242 4533 abluat
1306 4467 1657 4540 accipientis?
1720 4465 1853 4533 Quia

259 4586 489 4656 intelligo
543 4590 628 4647 te,
676 4577 878 4648 inquit,
926 4573 1162 4643 ignorare
1218 4565 1446 4621 ordinem
1496 4557 1849 4625 Sacramenti,

262 4676 359 4729 hoc
379 4649 465 4728 tibi
496 4671 704 4726 breviter
724 4668 860 4733 dico,
885 4674 929 4718 et
958 4672 1012 4715 tu
1043 4659 1312 4731 baptistam
1340 4655 1607 4719 discutere,
1638 4660 1685 4705 et
1714 4649 1776 4703 ab
1798 4664 1855 4702 eo

262 4766 446 4822 discuti
478 4761 714 4818 debuisti.
762 4759 806 4814 Ο
849 4751 1214 4825 respondere!
1258 4748 1587 4803 Circumstat
1606 4741 1767 4798 eum’
1797 4742 1852 4794 in

264 4869 369 4913 tam
398 4855 581 4911 multis
606 4852 738 4906 locis
764 4856 905 4903 tanta
934 4844 1207 4899 hominum
1228 4836 1533 4901 multitudo,
1555 4849 1674 4904 quae
1693 4830 1856 4900 bapti-

261 4959 379 5007 zata
409 4957 495 5005 est
524 4946 593 5001 ab
612 4944 692 5000 eis
713 4942 805 5014 qui
830 4954 953 4997 cum
976 4935 1124 5008 prius
1141 4932 1267 5003 justi
1294 4940 1349 4986 et
1375 4928 1504 4985 casti
1526 4926 1852 4991 viderentur,

259 5048 452 5114 postea
478 5036 691 5093 nudatis
710 5030 1021 5088 criminibus
1047 5023 1279 5081 convicti
1303 5028 1460 5090 atque
1481 5015 1673 5087 dejecti
1700 5021 1857 5079 sunt;

260 5104 321 5187 et
346 5145 408 5186 se
431 5135 583 5201 putat
603 5123 832 5181 evadere
860 5118 1018 5190 hujus
1067 5110 1498 5183 interrogationis
1524 5104 1854 5173 violentiam,

262 5239 368 5295 qua
396 5197 687 5294 quaerimus
711 5214 854 5271 unde
881 5213 1128 5268 abluatur
1156 5203 1468 5277 accipientis
1508 5197 1854 5267 conscientia,

262 5313 482 5390 quando
532 5310 860 5368 maculosam
915 5320 1021 5361 non
1071 5308 1256 5357 sancte
1313 5296 1486 5353 dantis
1541 5295 1767 5365 ignorat,
1810 5288 1859 5345 si

262 5383 602 5468 conscientia
626 5410 812 5460 sancte
835 5397 1015 5456 dantis
1040 5392 1353 5460 attenditur,
1370 5405 1488 5463 quae
1504 5387 1687 5445 abluat
1713 5383 1854 5442 acci-

546 5652 675 5714 forte
697 5658 980 5723 legendum,

332 5609 353 5682 ξ
379 5605 583 5716 Optimae
617 5606 747 5651 notae
780 5595 1096 5647 Floriacensis
1131 5588 1290 5641 codex
1307 5590 1444 5638 caret
1480 5595 1622 5645 voce,
1661 5580 1820 5645 gratia
1838 5591 1858 5629 :

332 5681 410 5716 ius
446 5664 675 5716 ocoforte
697 5658 980 5716 legendum,
1001 5652 1141 5716 fides.
1307 5710 1317 5716 _

257 5681 410 5731 unus
430 5681 535 5716 loco
546 5681 675 5714 torte
698 5681 980 5723 regeuuum,
1001 5681 1141 5719 μυω.

334 5730 747 5778 ἐὰιιίειιαδωιε
771 5718 1001 5778 nonhoc;
1023 5710 1335 5771 omisso,sed.

336 5794 357 5825 ι
377 5762 1297 5841 ῖέιῗέι”ἕιιέ“ὅᾰιῖὠὶξὲροξιῖσζιὸν.ι
1326 5779 1423 5841 Hoc
1438 5766 1558 5841 mild
1580 5762 1814 5841 responde

336 5800 357 5825 ³
381 5800 480 5839 Am.
496 5800 549 5838 et
570 5800 664 5835 tua:
689 5800 731 5833 υ
749 5800 874 5834 nam
892 5800 1143 5841 responso.
1168 5800 1297 5824 ων..
1326 5800 1423 5820 ηνυ
1441 5800 1558 5818 ηπ...
1582 5800 1813 5829 ,μανψ-,ν
1842 5800 1853 5811 .

256 5845 777 5926 circumstantiis
799 5851 901 5896 tals
936 5838 1127 5900 audtis,
1151 5843 1247 5889 etc.
1284 5832 1580 5895 castigantur
1606 5841 1672 5880 ex
1694 5838 1860 5879 manu-

1573 392 1779 449 LIBER
1814 390 2129 449 TERTIUS.

3397 394 3505 449 366

1932 505 2162 577 pientis;
2205 503 2324 572 quia
2372 501 2604 559 breviter
2657 498 3019 559 discutiendae
3073 515 3216 561 esset
3253 507 3505 579 baptista.

1930 595 2069 653 Nihil
2096 592 2375 663 infelicius,
2403 611 2559 668 quam
2587 610 2691 651 non
2722 597 3027 653 consentire
3051 597 3280 665 veritati,
3307 616 3411 671 qua
3437 601 3511 655 ita

1930 690 2156 761 quisque
2182 686 2532 754 concluditur,
2583 699 2641 743 ut
2666 689 2863 743 exitum
2910 691 3150 751 invenire
3189 708 3295 747 non
3320 694 3509 763 possit.

1932 781 2229 850 Qurerimus
2258 796 2288 835 a
2321 796 2426 851 quo
2452 780 2676 849 accipiat
2700 780 2881 848 ﬁdem,
2912 782 3002 853 qui
3029 783 3273 839 nesciens
3295 800 3323 839 a
3354 787 3515 855 perli-

1933 876 2003 931 do
2028 876 2344 947 baptizatur.
2369 874 2763 946 Respondetur,
2792 874 3052 932 Discutere
3072 876 3241 934 debuit
3281 877 3513 953 baptiza-

1934 980 2091 1027 torem
2131 988 2298 1026 suum.
2353 968 2496 1041 Ergo
2544 971 2664 1042 quia
2704 986 2809 1027 non
2854 971 3070 1027 discutit
3114 988 3235 1028 eum
3263 982 3317 1029 et
3355 974 3516 1029 fidem

1934 1064 2097 1119 etiam
2120 1063 2363 1118 nesciens
2403 1064 2565 1118 sumit
2591 1079 2621 1118 a
2669 1064 2893 1134 perﬁdo,
2926 1081 3033 1120 non
3064 1065 3223 1121 ﬁdem
3263 1068 3514 1139 percipit,

1935 1157 2030 1213 sed
2057 1157 2301 1213 reatum?
2331 1154 2438 1213 Cur
2460 1156 2635 1229 itaque
2666 1173 2770 1213 non
2788 1158 2965 1214 denuo
3010 1158 3360 1228 baptizantur,
3384 1174 3519 1230 quos

1935 1266 1967 1306 a
1989 1251 2208 1322 proditis
2229 1260 2386 1322 atque
2407 1251 2681 1319 convictis,
2714 1268 2833 1308 cum
2864 1252 3038 1308 adhuc
3063 1252 3313 1320 laterent,
3340 1253 3518 1324 bapti—

1936 1352 2082 1399 zatos
2106 1359 2224 1399 esse
2247 1344 2582 1399 constiterit?

2008 1439 2231 1495 CAPUT
2261 1437 2455 1495 XXXI.
2477 1440 2651 1496 —56.
2679 1439 2751 1494 Et
2778 1441 2861 1494 ubi
2891 1450 2984 1509 est,
3002 1441 3189 1513 inquit,
3216 1444 3350 1513 quod
3368 1443 3521 1498 addi-

1940 1533 2014 1599 di,
2037 1534 2233 1598 sciens;
2265 1542 2317 1586 ut
2338 1551 2437 1589 non
2458 1535 2696 1599 dicerem,
2730 1534 2831 1600 Qui
2850 1536 3004 1603 [idem
3023 1552 3054 1588 a
3076 1553 3161 1605 per
3171 1536 3269 1604 ﬁdo
3297 1553 3527 1607 sumpse.

1938 1627 2005 1681 rit
2036 1644 2048 1680 :
2078 1625 2191 1695 sed,
2236 1625 2336 1692 Qui
2374 1626 2527 1695 ﬁdem
2563 1628 2725 1682 sciens
2768 1643 2801 1680 a
2840 1626 3036 1697 perﬁdo
3073 1628 3376 1695 sumpserit,
3421 1644 3526 1681 non

1939 1719 2094 1790 ﬁdem
2122 1719 2363 1790 percipit,
2386 1719 2475 1775 sed
2504 1720 2735 1774 reatum?
2762 1719 3009 1788 Percepit
3037 1733 3164 1789 ergo
3209 1718 3389 1785 ﬁdem,
3417 1734 3523 1773 non

1942 1822 2169 1875 reatum,
2197 1810 2288 1882 qui
2316 1812 2556 1866 nesciens
2586 1813 2810 1880 sumpsit
2830 1809 3081 1881 aperﬁdo
3112 1827 3125 1863 :
3152 1818 3206 1863 et
3229 1808 3350 1864 ideo
3376 1825 3526 1879 qum-

1943 1919 2004 1958 ro
2034 1903 2173 1958 unde
2199 1905 2515 1973 perceperit.
2538 1902 2641 1959 Ubi
2667 1911 2967 1958 coarctatus
2992 1900 3319 1972 respondet,
3344 1901 3529 1955 Discu-

1943 2005 2042 2051 terc
2066 1996 2254 2051 debuit.
2306 1995 2456 2062 Esto,
2495 1996 2679 2051 debuit
2710 2014 2722 2048 :
2752 2012 2860 2050 non
2886 1995 3032 2061 fecit,
3052 2004 3145 2049 aut
3172 2010 3279 2049 non
3325 1993 3526 2059 valuit;

1944 2088 2072 2159 quid
2095 2089 2164 2143 de
2191 2088 2280 2143 illo
2309 2088 2583 2143 censetis?
2610 2086 2839 2141 Ablutus
2875 2095 2977 2155 est,
3005 2102 3074 2140 an
3094 2110 3099 2113 ·
3122 2087 3273 2141 non?
3298 2086 3354 2141 Si
3380 2085 3529 2140 ablu-

1946 2192 2030 2237 tus
2053 2192 2156 2248 est,
2182 2197 2362 2252 quaero
2406 2182 2592 2237 unde?
2638 2180 2755 2236 Non
2793 2181 2936 2236 enim
2961 2195 3083 2237 eum
3126 2180 3397 2235 maculosa
3425 2192 3533 2232 non

1944 2284 2131 2330 sancte
2187 2274 2363 2329 dantis
2417 2274 2765 2341 conscientia,
2806 2288 2963 2343 quam
3006 2272 3267 2338 nescivit,
3314 2269 3537 2325 abluere

1944 2367 2134 2437 potuit.
2166 2366 2222 2421 Si
2245 2376 2421 2421 autem
2452 2381 2557 2420 non
2598 2375 2684 2420 est
2709 2366 2941 2431 ablutus,
2969 2364 3153 2435 jubete
3181 2371 3241 2419 ut
3262 2363 3530 2417 abluatur.

1944 2458 2059 2514 Non
2086 2456 2285 2528 jubetis
2314 2476 2326 2512 :
2356 2474 2485 2529 ergo
2530 2457 2739 2511 ablutus
2784 2466 2887 2511 est.
2918 2456 3109 2523 Dicite,
3137 2454 3316 2510 unde?
3364 2453 3533 2509 Dicite

1944 2552 2133 2608 saltem
2165 2566 2278 2617 vos,
2306 2550 2447 2622 quod
2482 2550 2568 2605 ille
2592 2566 2698 2605 non
2727 2549 2879 2605 dixit.
2910 2546 3111 2604 Eadem
3144 2550 3338 2619 quippe
3366 2547 3533 2602 verba

1946 2658 2208 2715 propono,
2250 2642 2441 2713 quibus
2478 2642 2807 2713 respondere
2860 2656 2969 2697 non
3016 2642 3205 2711 pot‘uit.
3258 2639 3390 2695 Ecce
3432 2648 3535 2695 stat

1946 2734 2172 2808 perﬁdus
2198 2734 2577 2807 baptizaturus;
2600 2744 2653 2787 at
2678 2734 2766 2788 ille
2795 2734 2883 2804 qui
2912 2732 3248 2805 baptizandus
3274 2742 3364 2799 est,
3414 2749 3532 2803 per-

1947 2828 2123 2899 ﬁdiam
2154 2830 2263 2900 ejus
2284 2828 2483 2900 ignorat
2514 2842 2533 2881 :
2556 2826 2678 2898 quid
2698 2843 2809 2880 eum
2838 2835 3163 2896 accepturum
3183 2841 3288 2878 esse
3316 2822 3535 2877 arbitra-
3562 2882 3567 2885 μ

1948 2920 2092 2988 mini,
2120 2930 2291 2973 utrum
2312 2919 2486 2989 fidem,
2514 2937 2580 2973 an
2609 2927 2804 2973 reatum
2849 2919 2865 2988 (
2895 2915 3091 2987 Supra,
3124 2917 3211 2970 lib.
3253 2917 3305 2983 1,
3330 2932 3445 2985 cap.
3471 2915 3531 2982 2,

1948 3028 2000 3065 η.
2022 3008 2119 3083 2)τ
2148 3008 2431 3066 Sufﬁciunt
2460 3011 2563 3065 huc
2601 3025 2766 3080 usque
2793 3009 3065 3079 proposita
3090 3009 3105 3039 ¹
3132 3024 3145 3062 :
3193 3007 3533 3077 respondete,

1949 3112 2040 3159 aut
2068 3104 2287 3175 qtueritc
2315 3101 2599 3173 diligenter
2615 3101 2741 3172 quid
2767 3100 2855 3155 ille
2880 3099 3234 3170 responderit.
3253 3099 3537 3154 Invenietis

1950 3198 2108 3253 etiam
2134 3196 2375 3251 convicta
2404 3195 2640 3249 convicia
2657 3195 2701 3248 ¹.
2730 3192 2918 3264 Culpat
2944 3193 3085 3248 enim
3104 3192 3377 3263 me,quasi
3403 3190 3537 3245 deri-

1950 3288 2104 3353 deus,
2136 3289 2272 3359 quod
2296 3289 2586 3343 verisimilia
2634 3304 2937 3357 proponam,
2970 3287 3058 3355 qui
3084 3304 3183 3340 non
3212 3285 3406 3340 videam
3451 3302 3534 3338 ve-

1952 3384 2169 3437 ritatem.
2200 3382 2459 3451 Repetitis
2486 3381 2645 3436 etiam
2676 3381 2855 3435 verbis
2877 3379 3009 3434 meis
3039 3388 3092 3435 ct
3116 3379 3387 3434 dimidiam
3406 3394 3536 3435 scn-

1954 3475 2136 3541 tentia,
2168 3473 2537 3543 Dicis,inquit,
2574 3470 2707 3526 Ecce
2750 3480 2849 3525 stat
2892 3470 3115 3543 perﬁdus
3163 3469 3533 3539 baptizaturus,

1953 3576 2005 3621 at
2053 3564 2139 3619 illc
2188 3565 2274 3635 qui
2322 3563 2654 3636 baptizandus
2696 3572 2767 3618 est
2827 3562 3093 3633 perﬁdiam
3146 3563 3257 3631 ejus
3311 3562 3537 3634 ignorat.

1954 3659 2155 3716 Deinde
2206 3658 2495 3730 subjungit,
2536 3658 2661 3723 Quis
2708 3665 2780 3711 est
2817 3656 2927 3721 iste,
2962 3664 3047 3708 aut
3088 3655 3220 3708 unde
3254 3653 3531 3725 prosiluit?

1953 3751 2121 3821 Quasi
2152 3767 2287 3807 unus
2311 3752 2379 3806 sit
2409 3760 2500 3805 aut
2519 3750 2647 3815 duo,
2677 3756 2731 3803 et
2758 3763 2867 3803 non
2900 3748 3093 3802 talibus
3115 3747 3397 3817 utrobique
3418 3748 3537 3815 ple-

1954 3864 2021 3905 na
2048 3851 2156 3903 sint
2194 3844 2390 3900 omnia.
2423 3843 2561 3910 Quid
2605 3858 2673 3896 ex
2725 3857 2810 3897 me
2836 3841 3027 3911 quaerit
3051 3841 3294 3911 quisnam
3324 3841 3392 3894 sit
3415 3840 3538 3907 iste,

1956 3952 2047 3997 aut
2070 3940 2211 3996 unde
2233 3938 2509 4009 prosiliat;
2538 3951 2601 3990 ac
2635 3950 2743 3990 non
2766 3934 2941 4004 potius
2966 3933 3349 4003 circumspicit,
3375 3941 3430 3987 et
3454 3932 3536 3987 vi—

1956 4033 2045 4089 det
2075 4047 2221 4087 raras
2249 4044 2369 4085 esse
2398 4028 2687 4093 Ecclesias,
2722 4027 2806 4081 vel
2841 4026 2894 4081 in
2926 4026 3165 4091 urbibus,
3211 4024 3292 4079 vel
3326 4024 3377 4079 in
3398 4025 3540 4080 ruri-
3627 4034 3630 4040 λ

1957 4126 2076 4193 bus,
2103 4141 2221 4196 quae
2250 4138 2358 4177 non
2398 4120 2626 4176 habeant
2662 4120 2715 4173 in
2764 4118 3074 4173 criminibus
3121 4116 3379 4183 delectos,
3418 4126 3472 4171 et
3509 4133 3544 4173 a

1957 4220 2209 4277 clericatu
2243 4217 2477 4287 dejectos
2504 4209 2962 4268 ltomiues?'Cum
2992 4210 3235 4274 laterent,
3269 4208 3545 4279 bonosque

1958 4329 2017 4368 se
2040 4310 2206 4366 videri
2250 4310 2452 4365 vellent
2498 4322 2619 4362 cum
2664 4305 2788 4360 mali
2832 4312 3033 4369 essent,
3063 4313 3119 4358 et
3164 4311 3341 4357 castos
3368 4301 3543 4372 putari

1958 4420 2082 4462 cum
2108 4411 2288 4459 essent
2307 4400 2554 4465 adulteri,
2578 4413 2770 4469 nempe
2794 4395 2900 4451 ﬁcti
2932 4404 3112 4460 erant;
3140 4410 3329 4465 nempe
3370 4394 3544 4467 Spiri-

1962 4508 2043 4554 tus
2064 4505 2278 4552 sanctus
2302 4508 2417 4560 eos,
2451 4492 2586 4547 sicut
2608 4491 2862 4559 scriptum
2890 4498 2993 4555 est,
3016 4486 3268 4557 fugiebat.
3304 4485 3382 4539 Ex
3408 4485 3545 4541 isto-

1960 4607 2078 4647 rum
2110 4603 2237 4660 ergo
2260 4587 2435 4643 adhuc
2463 4582 2781 4639 latitantium
2819 4580 2969 4633 turba
3000 4578 3240 4648 prosiluit
3262 4578 3349 4632 ille
3380 4578 3543 4647 perﬁ—

1961 4683 2060 4739 dus
2099 4697 2259 4751 quem
2306 4674 2556 4749 proposui
2590 4691 2602 4728 :
2632 4671 2757 4742 quid
2782 4686 2845 4725 ex
2874 4686 2959 4725 me
2983 4671 3171 4740 quaerit
3212 4668 3349 4724 unde
3375 4671 3546 4741 prosi-

1962 4777 2140 4843 luerit,
2169 4772 2419 4829 claudens
2439 4769 2621 4824 oculos
2650 4764 2905 4820 adversus
2930 4772 3127 4818 tantam
3152 4763 3383 4830 turbam,
3405 4763 3547 4818 unde

1962 4873 2008 4927 si
2027 4870 2124 4926 soli
2150 4866 2550 4923 considerantur
2574 4861 2662 4931 qui
2677 4859 2921 4916 convinci
2947 4856 3210 4930 dejicique
3234 4865 3544 4929 potuerunt,

1963 4963 2169 5018 sonitus
2194 4972 2380 5013 eorum
2400 4953 2595 5010 sufﬁcit
2618 4951 2775 5006 caecis
2799 4951 2821 5005 ἒ)

2033 5050 2258 5110 CAPUT
2291 5044 2504 5103 XXXII.
2535 5074 2604 5085 ——
2630 5043 2720 5098 57.
2749 5040 2909 5109 Quid,
2937 5038 3078 5113 quod
3117 5037 3279 5095 etiam
3308 5038 3421 5107 ipse
3446 5049 3546 5104 po-

1964 5146 2070 5203 suit
2099 5144 2151 5199 in
2180 5139 2417 5212 Epistula
2453 5152 2570 5205 sua,
2615 5132 3021 5205 Quodvultdeum
3047 5131 3109 5185 de
3134 5126 3325 5183 duobus
3349 5123 3548 5179 adulte-

1963 5241 2053 5297 riis
2080 5237 2219 5310 apud
2246 5251 2333 5290 vos
2358 5232 2638 5288 convictum
2662 5241 2709 5284 et
2736 5229 3005 5299 abjectum,
3033 5242 3065 5279 a
3090 5222 3270 5279 nostris
3296 5236 3401 5275 esse
3427 5235 3543 5273 sus-

1964 5342 2166 5407 ceptum
2196 5329 2303 5403 (a)?
2329 5325 2469 5397 Quid
2520 5338 2647 5396 ergo
2693 5322 2831 5394 (sine
2856 5320 3012 5391 hujus
3042 5313 3346 5388 praejudicio
3388 5312 3541 5369 dixe-

1966 5403 2090 5493 ritu,
2139 5421 2231 5494 qui
2276 5433 2493 5477 causam
2538 5429 2690 5473 suam
2740 5412 2934 5468 bonam
2978 5408 3059 5463 vel
3132 5403 3407 5475 probavit,
3457 5403 3547 5459 vel

1965 5513 2289 5589 persuasit),
2329 5511 2463 5567 tales
2508 5506 2647 5578 apud
2697 5519 2794 5560 vos
2840 5499 3079 5557 nondum
3123 5495 3366 5563 detecti,
3421 5510 3544 5551 cum

2030 5611 2977 5681 ‘siemateditlmdlutcproposita.
3051 5669 3064 5681 _
3100 5669 3111 5680 _

2031 5696 2053 5725 ³
2074 5674 2275 5741 {finies}
2304 5674 2550 5735 Invenietis
2572 5678 2675 5740 ejus
2697 5674 2908 5741 cbmicta
2929 5674 3157 5741 convicia.

2031 5733 2126 5817 (αῖ
2139 5733 3409 5817 ὗε”’έθὲίρἱιὲς¹ίὲ-ρῗἓὲἯε.Εθῖιίξτέ⁹.ἓίῖηἲί⁰
3450 5745 3549 5817 Ξυθ

1969 5795 2486 5889 οιιῖᾇίιέιίοιίοὶιεεείι
2766 5795 3020 5847 concilium
3057 5795 3139 5845 die
3176 5796 3235 5845 15
3255 5795 3550 5859 septembns

1970 5876 2084 5932 anni
2105 5876 2211 5927 401.
