3998 6498
474 399 580 458 367

475 512 767 582 baptizant,
815 511 943 584 quid
971 512 1038 569 ab
1078 513 1156 569 eis
1204 514 1480 584 accipitur,
1534 515 1688 583 ﬁdes,
1743 531 1811 572 an
1840 515 2060 573 reatus?

474 603 592 660 Non
621 607 802 678 utique
817 606 977 672 ﬁdes;
1005 605 1126 676 quia
1147 620 1252 660 non
1273 607 1470 663 habent
1484 609 1865 665 conscientiam
1881 618 2064 665 sancte

475 696 677 766 dantis,
701 714 824 769 qua:
850 699 1027 754 abluat
1042 697 1370 768 aecipientis.
1388 697 1494 756 Sed
1515 715 1614 758 nec
1628 711 1830 768 reatus,
1848 711 2063 772 propter

480 793 615 849 illud
641 793 878 850 additum
905 792 1128 850 verbum
1163 811 1177 848 :
1209 793 1350 849 Nam
1373 795 1460 866 qui
1488 795 1642 866 ﬁdem
1664 795 1873 850 sciensa
1903 795 2061 868 perﬁ-

474 885 542 939 do
569 886 856 957 sumpserit,
883 902 986 941 non
1014 887 1169 956 ﬁdem
1197 888 1430 960 percipit,
1478 890 1567 943 sed
1589 898 1806 944 reatum.
1832 888 1915 944 Ab
1945 887 2062 943 istis

471 989 653 1034 autem
697 993 819 1034 cum
860 978 1260 1050 baptizarentur
1298 981 1564 1051 homines,
1609 981 1794 1053 quales
1836 979 2064 1037 fuissent

469 1071 653 1143 utique
680 1059 1007 1131 nescierunt.
1037 1075 1264 1132 Proinde
1285 1090 1391 1132 non
1417 1076 1486 1132 ab
1517 1075 1596 1132 eis
1639 1075 1952 1148 accipiendo
1999 1075 2062 1128 ﬁ-

469 1163 616 1233 dem,
645 1167 770 1237 quia
793 1183 902 1223 non
946 1167 1214 1225 habebant
1242 1170 1627 1227 conscientiam
1647 1178 1829 1226 sancte
1852 1169 2059 1234 dantis;

465 1269 575 1312 non
600 1258 917 1330 accipiendo
942 1260 1105 1316 etiam
1130 1272 1359 1332 reatum,
1391 1263 1514 1334 quia
1544 1278 1649 1318 non
1673 1265 1925 1328 scientes,
1965 1260 2059 1324 sed

463 1349 772 1406 nescientes
795 1366 982 1408 eorum
1010 1352 1256 1421 crimina,
1290 1354 1544 1424 baptizati
1573 1361 1716 1421 sunt,
1735 1353 1850 1408 sine
1878 1351 1980 1407 ﬁde
2008 1359 2063 1407 et

464 1439 586 1495 sine
609 1449 759 1496 reatu
785 1453 1179 1499 remanserunt.
1209 1443 1325 1499 Non
1354 1453 1622 1515 suntergo
1651 1445 1706 1499 in
1729 1458 1956 1499 numero
1983 1452 2062 1497 ta-

463 1528 594 1586 lium
638 1531 1042 1604 ﬁagitiosorum.
1074 1534 1181 1591 Sed
1225 1550 1325 1591 nec
1366 1537 1419 1590 in
1441 1551 1664 1591 numero
1691 1543 1912 1606 possunt
1941 1550 2062 1592 esse

461 1620 738 1691 ﬁdelium;
770 1625 894 1695 quia
926 1625 1067 1681 sicut
1090 1641 1190 1682 nec
1219 1637 1451 1693 reatum,
1481 1627 1554 1682 ita
1575 1641 1674 1682 nec
1701 1626 1861 1682 ﬁdem
1885 1626 1952 1682 ab
1981 1626 2061 1681 eis

463 1713 710 1784 accipere
734 1725 1044 1786 potuerunt.
1076 1719 1147 1772 At
1168 1733 1259 1772 eos
1303 1717 1356 1772 in
1392 1733 1617 1774 numero
1639 1717 1874 1774 ﬁdelium
1903 1733 1933 1772 a
1960 1733 2059 1774 vo-

461 1806 546 1863 bis
564 1808 833 1864 cernimus
845 1809 1109 1880 deputari,
1137 1825 1235 1865 nec
1246 1825 1468 1866 censere
1482 1827 1804 1882 quemquam
1822 1820 2060 1866 vestrum

460 1909 524 1955 ut
568 1900 936 1973 baptizentur,
985 1903 1082 1959 sed
1141 1913 1314 1958 ratum
1347 1905 1366 1936 ι
1391 1902 1591 1960 habere
1641 1903 1779 1974 quod
1809 1902 2060 1973 baptizati

461 2001 609 2050 sunt.
632 1996 970 2066 Acceperunt
989 1995 1167 2066 itaque
1196 1996 1391 2064 ﬁdem;
1434 2011 1534 2052 nec
1561 2005 1736 2052 tamen
1767 1995 1836 2051 ab
1861 1997 1939 2050 eis
1971 2009 2060 2052 ac-

466 2096 747 2157 ceperunt,
778 2086 871 2158 qui
896 2103 1002 2143 non
1028 2087 1294 2144 habebant
1317 2089 1698 2144 conscientiam
1727 2095 1910 2143 sancte
1929 2087 2060 2143 dan-

461 2177 554 2244 tis,
579 2195 699 2249 qute
727 2180 970 2236 ablueret
992 2180 1320 2251 accipientis.
1351 2181 1506 2237 Unde
1547 2195 1676 2253 ergo
1700 2180 2059 2252 acceperunt?

461 2267 603 2326 Hinc
641 2279 846 2343 satago,
881 2272 984 2328 hoc
1008 2283 1259 2344 urgenter
1286 2273 1579 2345 interrogo,
1619 2274 1724 2331 hoc
1750 2281 1809 2330 ut
1829 2287 2059 2344 respon-

460 2361 655 2420 deatur
677 2365 1151 2423 vehementissime
1180 2367 1379 2440 ﬁagito.

532 2475 760 2534 CAPUT
785 2478 1028 2536 XXXIII.
1055 2511 1128 2521 —
1154 2481 1242 2539 58.
1272 2482 1522 2554 Inspicite
1549 2499 1692 2540 nunc
1714 2483 2051 2553 Petilianum,

457 2584 529 2628 ne
553 2568 659 2626 hoc
689 2572 1040 2643 respondeat,
1077 2575 1165 2631 vel
1204 2591 1273 2632 ne
1313 2577 1416 2633 hoc
1453 2578 1782 2648 respondere
1808 2593 1914 2633 non
1953 2593 2056 2649 po-

457 2662 627 2720 tuisse
646 2663 1014 2734 deprehensus
1042 2677 1314 2737 appareat,
1339 2684 1435 2738 per
1459 2679 1673 2724 nostras
1699 2669 2054 2726 contumelias

454 2754 690 2812 inaniter
729 2758 963 2828 evagari,
997 2758 1392 2824 criminantem,
1434 2768 1492 2816 et
1529 2760 1662 2814 nihil
1698 2762 2051 2831 probantem;

456 2859 512 2906 et
536 2849 630 2906 ubi
670 2849 808 2906 forte
834 2860 1060 2907 conatur
1082 2867 1180 2922 pro
1204 2868 1362 2908 causa
1394 2854 1546 2923 quasi
1574 2854 1887 2925 pugnaciter
1911 2853 2051 2909 resi-

454 2951 620 3010 stere,
647 2943 843 3016 ubique
871 2944 1126 3002 facillime
1151 2948 1394 3016 superari
1425 2965 1437 3000 :
1465 2947 1531 3002 ad
1557 2948 1658 3002 hoc
1689 2958 1864 3003 tamen
1887 2964 2053 3004 unum

455 3034 676 3090 omnino
705 3035 836 3090 nihil
864 3035 1192 3106 respondere
1219 3037 1362 3107 quod
1387 3038 1697 3106 quaerimus,
1723 3038 1784 3093 Si
1803 3040 2053 3094 conscien-

453 3125 526 3180 tia
549 3136 720 3182 sancte
745 3128 913 3183 dantis
933 3127 1230 3198 attenditur,
1254 3145 1367 3200 qua
1390 3129 1562 3184 abluat
1585 3130 1896 3201 accipientis,
1916 3132 2052 3186 unde

451 3217 736 3275 abluendus
778 3222 844 3275 sit
882 3221 968 3293 qui
1015 3220 1292 3291 accipiebat
1329 3220 1686 3290 Baptismum,
1719 3239 1832 3277 cum
1882 3223 2051 3277 dantis

451 3311 652 3383 polluta
694 3313 998 3368 conscientia
1037 3323 1139 3382 est,
1170 3321 1216 3368 et
1253 3315 1348 3368 hoc
1392 3314 1482 3368 ille
1522 3315 1609 3386 qui
1644 3322 1717 3369 est
1755 3323 2048 3386 accepturus

449 3403 674 3473 ignorat.
708 3405 804 3459 His
832 3398 976 3460 enim
1005 3406 1184 3460 verbis
1208 3421 1274 3460 ex
1297 3407 1534 3476 Epistola
1564 3423 1680 3463 mea
1715 3423 2045 3465 commemo-

451 3496 608 3562 ratis,
653 3498 930 3566 proposuit
971 3514 1060 3554 me
1109 3499 1563 3570 interrogantem,
1611 3509 1666 3556 et
1710 3516 1769 3557 se
1816 3503 2047 3559 ostendit

451 3587 591 3642 nihil
609 3587 1042 3665 respondentem.
1061 3589 1194 3644 Cum
1211 3591 1351 3644 enim
1375 3591 1597 3647 dixisset
1615 3607 1677 3646 ea
1694 3609 1812 3663 quae
1833 3593 1940 3663 jam
1962 3609 2046 3650 re-

451 3679 618 3746 colui,
646 3688 700 3734 et
724 3680 777 3734 in
799 3679 994 3750 quibus
1016 3696 1137 3736 eum
1160 3682 1369 3736 ostendi
1395 3683 1463 3737 ad
1487 3683 1539 3737 id
1561 3684 1700 3754 quod
1725 3685 2046 3755 interrogavi

446 3784 560 3826 non
600 3771 942 3841 respondisse
967 3789 982 3837 ;
1011 3787 1242 3842 cumque
1269 3774 1474 3844 magnis
1505 3775 1762 3845 angustiis
1799 3787 2042 3832 coarcta-

447 3868 558 3928 tus,
584 3873 801 3918 coactus
829 3871 971 3919 esset
990 3863 1168 3920 dicere
1192 3864 1581 3920 discutiendum
1610 3882 1730 3922 esse
1757 3867 2042 3937 baptistam

447 3966 482 4008 a
522 3953 863 4023 baptizando,
905 3954 1283 4024 baptizandum
1325 3971 1356 4010 a
1399 3956 1666 4026 baptista;
1710 3973 1939 4029 cumque
1988 3960 2042 4016 id

448 4043 698 4116 exemplo
726 4043 966 4112 Joannis,
999 4047 1043 4100 si
1084 4047 1218 4102 forte
1257 4047 1521 4104 inveniret
1559 4049 2042 4120 negligentissimos

447 4137 534 4191 vel
563 4136 990 4206 imperitissimos
1009 4137 1302 4206 auditores,
1326 4148 1568 4196 astruere
1590 4143 1897 4198 tentavisset
1917 4160 1931 4210 ;
1954 4143 2041 4199 ad-

449 4227 623 4284 hibuit
643 4230 744 4285 alia
775 4229 1078 4285 testimonia
1104 4229 1172 4285 de
1191 4229 1482 4300 Scripturis
1506 4231 1573 4286 ad
1603 4248 1717 4287 rem
1745 4249 1852 4288 non
1879 4235 2042 4304 perti-

446 4318 655 4383 nentia,
681 4318 822 4388 quod
859 4319 1106 4390 Philippo
1142 4320 1432 4376 Eunuchus
1465 4323 1680 4389 dixerit,
1718 4323 1848 4378 Ecce
1884 4342 2034 4396 aqua,

448 4409 562 4479 quis
591 4408 818 4480 prohibet
842 4425 922 4464 me
947 4409 1194 4480 baptizari
1226 4411 1359 4482 (Act.
1387 4428 1502 4479 vin,
1535 4415 1663 4484 '56)?
1687 4417 1804 4483 quia
1832 4419 2035 4487 sciebat,

449 4499 646 4571 inquit,
670 4499 891 4570 perditos
920 4501 1175 4571 prohiberi
1195 4517 1214 4556 :
1234 4510 1290 4555 et
1313 4502 1455 4571 quod
1482 4503 1601 4558 ideo
1621 4503 1894 4576 Philippus
1914 4524 2037 4563 eum

447 4591 709 4663 baptizari
750 4607 856 4647 non
897 4594 1084 4659 vetuit,
1113 4593 1237 4664 quia
1265 4609 1387 4649 eum
1419 4595 1679 4666 legentem
1722 4599 2039 4667 probaverat

450 4683 722 4754 quomodo
742 4682 986 4738 crederet
1009 4682 1278 4740 Christum
1306 4703 1318 4739 :
1341 4687 1492 4756 quasi
1515 4686 1846 4756 prohibuerit
1864 4688 2038 4745 Simo-

450 4789 575 4830 nem
603 4774 832 4846 Magum.
858 4773 929 4828 Et
957 4775 1098 4844 quod
1127 4776 1405 4846 Propheta:
1435 4777 1568 4831 falso
1597 4777 1914 4845 baptismate
1943 4780 2036 4836 de-

449 4865 557 4935 cipi
597 4866 892 4920 timuerunt
917 4884 932 4919 :
959 4876 1015 4920 et
1039 4866 1160 4921 ideo
1185 4867 1378 4921 dixerit
1407 4865 1588 4934 lsaias,
1619 4868 1764 4936 Aqua
1792 4870 2031 4940 mendax,

449 4973 554 5012 non
595 4956 782 5011 habens
820 4957 970 5026 ﬁdem
996 4957 1016 5030 (
1040 4957 1229 5014 Jerem.
1261 4973 1354 5025 xv,
1388 4959 1455 5014 18
1486 4960 1526 5030 ),
1567 4960 1712 5014 velut
1747 4963 2034 5019 ostendens

449 5049 590 5121 apud
617 5049 850 5120 perﬁdos
875 5049 1120 5106 homines
1157 5065 1346 5121 aquam
1386 5065 1507 5106 esse
1531 5053 1841 5110 mendacem
1869 5075 1882 5110 :
1911 5071 2034 5112 cum

447 5141 553 5198 hoc
569 5157 675 5197 non
696 5141 880 5208 lsaias,
899 5141 992 5198 sed
1008 5141 1266 5198 Jeremias
1281 5142 1350 5198 de
1371 5141 1673 5200 hominibus
1689 5147 2032 5202 mendacibus

449 5233 664 5300 dixerit,
704 5234 929 5305 ﬁgurate
965 5249 1157 5304 aquam
1196 5234 1455 5306 populum
1486 5237 1778 5306 appellans,
1809 5238 1950 5308 quod
1977 5239 2032 5294 in

445 5325 774 5398 Apocalypsi
798 5325 1232 5381 manifestissime
1250 5326 1648 5383 demonstratur
1664 5329 1684 5400 (
1703 5330 1861 5399 Apoc.
1897 5345 2027 5397 xvn,

447 5415 562 5488 i5).
591 5417 661 5470 Et
687 5419 826 5486 quod
851 5416 1014 5471 David
1045 5417 1259 5484 dixerit,
1291 5409 1470 5472 Oleum
1502 5421 1773 5490 peccatoris
1800 5437 1901 5475 non
1929 5438 2030 5476 un-

446 5516 535 5579 gat
562 5515 712 5577 caput
738 5523 905 5561 meum
929 5523 1097 5564 :cum
1141 5509 1234 5565 ille
1272 5509 1373 5565 hoc
1406 5511 1600 5565 dixerit
1623 5510 1689 5566 de
1726 5512 2032 5573 adulatione

374 5634 384 5642 ς
447 5598 796 5655 assentatoris
819 5599 994 5655 fallaci
1020 5601 1178 5656 laude
1201 5601 1534 5670 decipientis,
1559 5601 1698 5656 unde
1726 5603 1920 5661 laudati
1943 5621 2032 5663 ca-

447 5697 545 5761 put
571 5689 627 5746 in
653 5689 957 5760 superbiam
981 5699 1212 5749 crescat.
1233 5693 1402 5759 Quem
1433 5692 1760 5750 intellectum
1785 5697 2031 5766 aperiunt

554 5864 677 5918 editi
698 5871 798 5919 Am.
821 5869 899 5920 Er.
922 5872 978 5922 et
1008 5873 1150 5931 bov.,
1183 5869 1268 5924 sed
1299 5874 1484 5926 reatum
1519 5870 1816 5926 :manifesto
1838 5882 2022 5927 errore.

1320 401 1595 460 CONTRA
1631 399 1970 459 LITTERAS
2008 397 2371 471 PETILIANI,
2412 403 2470 460 S.
2501 401 2875 462 AUGUSTINI

3653 409 3756 469 388

2171 517 2330 572 verba
2364 518 2414 573 in
2442 519 2627 576 eodem
2657 509 2859 591 psalmo
2887 520 3162 592 prmmissa
3190 522 3455 595 superius.
3483 523 3575 582 Sic
3612 529 3753 586 enim

2171 607 2277 662 ait:
2302 608 2605 665 Emendabit
2626 630 2704 667 me
2720 614 2893 682 justus
2913 614 2965 667 in
2990 615 3354 683 misericordia,
3378 627 3424 672 et
3451 629 3630 689 arguet
3650 637 3726 675 me
3735 635 3754 688 ;

2171 701 2336 755 oleum
2381 712 2549 757 autem
2596 706 2872 776 peccatoris
2921 723 3023 761 non
3071 707 3349 780 impinguet
3395 720 3548 782 caput
3597 727 3758 766 meum

2170 791 2192 866 (
2215 791 2359 848 Psal.
2383 809 2503 861 (ιιι,
2527 797 2561 851 5
2587 794 2627 869 ).
2655 797 2792 864 Quid
2823 797 2923 855 hac
2948 801 3208 856 sententia
3237 800 3475 857 clarius?
3496 803 3626 874 quid
3652 804 3760 860 evi-

2167 884 2417 942 dentius?
2442 888 2638 944 Mavult
2665 891 2809 945 enim
2836 906 2894 947 se
2916 906 3103 962 aspera
3130 892 3503 950 emendatione
3523 894 3653 965 justi
3677 911 3760 952 ar-

2168 979 2261 1049 gui
2286 980 2707 1037 misericorditer
2732 991 2789 1036 ut
2814 993 3049 1052 sanetur,
3075 1000 3236 1056 quam
3261 983 3471 1042 lenibus
3490 985 3762 1043 blanditiis

2167 1069 2460 1127 adulatoris
2486 1073 2610 1144 ungi
2641 1081 2698 1127 ut
2726 1073 2939 1130 inﬂetur
2966 1076 3006 1128 ⁸.

2239 1163 2466 1220 CAPUT
2504 1165 2745 1221 XXXIV.
2771 1198 2841 1206 —
2869 1166 2957 1222 59.
2977 1167 3373 1225 Commemorat
3393 1169 3686 1226 Petilianus
3706 1181 3756 1228 et

2167 1256 2464 1326 apostolum
2490 1257 2749 1313 Joannem
2779 1260 3071 1326 monuisse,
3113 1276 3182 1316 ne
3221 1261 3364 1315 omni
3395 1261 3599 1342 Spiritui
3631 1278 3750 1319 crec

2167 1345 2345 1413 datur,
2370 1347 2464 1403 sed
2497 1349 2786 1418 probentur
2812 1351 3053 1421 spiritus,
3077 1351 3121 1406 si
3147 1367 3214 1408 ex
3241 1352 3347 1408 Deo
3376 1364 3496 1408 sunt
3527 1352 3572 1427 (Ι
3596 1353 3753 1410 Joan.

2167 1438 2238 1505 iv,
2265 1438 2319 1510 1)
2347 1458 2360 1493 :
2382 1440 2532 1510 quasi
2557 1440 2624 1496 ad
2644 1441 2746 1496 hoc
2767 1442 3080 1498 adhibeatur
3103 1444 3204 1498 ista
3225 1444 3518 1515 diligentia,
3539 1454 3598 1499 ut
3619 1463 3756 1502 nunc

2166 1539 2290 1586 ante
2318 1542 2525 1603 tempus
2551 1532 2877 1590 frumentum
2899 1551 2929 1589 a
2954 1535 3105 1606 palea
3131 1546 3424 1607 separetur,
3448 1553 3510 1592 ac
3536 1555 3640 1592 non
3663 1554 3756 1611 po-

2167 1622 2273 1678 tius
2292 1641 2360 1679 ne
2386 1623 2709 1681 frumentum
2736 1643 2765 1681 a
2791 1627 2940 1697 palea
2968 1627 3262 1700 decipiatur
3288 1647 3300 1682 :
3326 1639 3416 1684 aut
3443 1647 3569 1686 vero
3595 1631 3756 1686 etiam

2164 1717 2383 1788 spiritus
2411 1719 2639 1774 mendax
2671 1719 2716 1774 si
2761 1719 2959 1790 aliquid
2997 1720 3108 1774 veri
3146 1721 3361 1788 dixerit,
3405 1723 3524 1777 ideo
3557 1739 3756 1794 negan-

2164 1808 2291 1864 dum
2332 1820 2432 1878 est,
2471 1813 2592 1882 quia
2638 1812 2742 1868 hoc
2779 1813 3126 1869 detestandus
3166 1815 3384 1884 spiritus
3420 1815 3572 1868 dixit.
3603 1815 3756 1882 Quod

2164 1901 2404 1971 quisquis
2432 1903 2736 1970 arbitratur,
2764 1913 2870 1960 tam
2902 1905 3125 1961 demens
3153 1915 3257 1971 est,
3283 1915 3338 1960 ut
3365 1904 3500 1960 forte
3529 1919 3753 1962 conten-

2164 1990 2254 2046 dat
2274 1992 2488 2048 Petrum
2519 2009 2624 2049 non
2649 1995 2900 2052 debuisse
2924 1996 3123 2063 dicere,
3153 1996 3230 2050 Tu
3256 2014 3307 2050 es
3337 1996 3566 2052 Christus
3587 1998 3637 2051 F
3640 2001 3756 2054 ilius

2165 2081 2263 2138 Dei
2289 2086 2387 2139 vivi
2411 2086 2433 2159 (
2456 2086 2644 2140 Matth.
2668 2105 2780 2157 xvn,
2806 2089 2873 2144 16
2899 2089 2917 2159 )
2952 2107 2964 2142 :
2995 2090 3117 2160 quia
3149 2091 3254 2144 tale
3281 2090 3479 2159 aliquid
3505 2091 3617 2160 jam
3648 2091 3758 2146 dte-

2163 2193 2350 2235 mones
2375 2179 2618 2236 dixerant
2645 2179 2754 2252 (Id.
2778 2198 2892 2249 vnt,
2916 2181 3007 2247 29,
3034 2181 3201 2237 Marc.
3226 2198 3265 2249 ι,
3297 2181 3386 2245 24,
3413 2193 3459 2235 ει
3481 2181 3612 2236 Luc.
3641 2199 3754 2253 vni,

2161 2271 2232 2327 28
2255 2272 2298 2342 ).
2337 2271 2467 2327 Cum
2511 2288 2638 2343 ergo
2667 2273 2970 2344 Baptismus
2999 2274 3219 2342 Christi,
3253 2274 3366 2329 sive
3396 2291 3488 2344 per
3513 2275 3757 2344 iniquum

2161 2365 2276 2423 sive
2323 2383 2418 2438 per
2455 2367 2660 2439 justum
2708 2368 3059 2434 ministratus,
3111 2367 3242 2422 nihil
3291 2367 3437 2422 aliud
3479 2369 3552 2422 sit
3596 2384 3758 2438 quam

2160 2458 2464 2530 Baptismus
2494 2461 2726 2525 Christi;
2772 2461 2839 2517 ab
2877 2461 3092 2517 homine
3134 2473 3291 2517 cauto
3330 2471 3386 2517 et
3427 2462 3572 2518 bono
3611 2463 3759 2519 ﬁdeli

2159 2550 2414 2623 iniquitas
2457 2553 2692 2611 hominis
2737 2562 2820 2611 est
2857 2553 3088 2622 vitanda,
3132 2567 3239 2609 non
3271 2553 3367 2609 Dei
3407 2551 3758 2610 Sacramenta

2159 2643 2479 2703 damnanda.

2228 2737 2318 2792 40.
2344 2738 2402 2792 In
2432 2737 2516 2792 his
2539 2746 2687 2794 certe
2712 2737 2960 2793 omnibus
2987 2752 3094 2796 non
3125 2735 3413 2806 respondet
3432 2736 3753 2806 Petilianus,

2157 2827 2206 2886 si
2247 2831 2574 2886 conscientia
2621 2840 2804 2886 sancte
2846 2829 3021 2886 dantis
3061 2829 3374 2897 attenditur,
3405 2845 3527 2899 qua:
3574 2830 3756 2886 abluat

2158 2921 2488 2993 accipientis,
2505 2922 2645 2978 unde
2665 2924 2734 2978 sit
2751 2922 3048 2978 abluendus
3068 2923 3158 2992 qui
3181 2920 3374 2990 accipit
3393 2919 3753 2990 Baptismum,

2157 3030 2278 3071 cum
2303 3017 2479 3072 dantis
2505 3017 2701 3088 polluta
2728 3016 3052 3071 conscientia
3081 3023 3184 3080 est,
3211 3021 3267 3069 et
3297 3012 3399 3066 hoc
3429 3012 3518 3066 ille
3549 3014 3640 3081 qui
3673 3019 3756 3067 est

2156 3119 2470 3178 accepturus
2514 3109 2754 3179 ignorat?
2791 3107 3008 3178 Collega
3047 3108 3162 3175 ejus
3201 3121 3231 3160 a
3273 3103 3755 3160 Thubursicubure

2159 3201 2376 3271 quidam
2401 3201 2698 3272 Cyprianus
2723 3215 2845 3255 cum
2874 3198 3178 3269 turpissima
3208 3197 3400 3252 femina
3429 3197 3481 3251 in
3505 3196 3756 3264 lupanari

2154 3292 2538 3363 deprehensus,
2574 3303 2628 3350 et
2665 3293 2934 3349 Primiano
2967 3291 3299 3362 Carthaginis
3337 3290 3550 3346 oblatus
3589 3299 3754 3360 atque

2152 3384 2434 3442 damnatus
2459 3397 2560 3443 est.
2583 3388 2685 3443 iste
2711 3387 2924 3458 quando
2953 3388 2974 3418 ²
2995 3385 3314 3455 baptizabat,
3331 3393 3623 3454 antequam
3652 3383 3753 3439 de-

2150 3482 2322 3532 tectus
2343 3486 2395 3532 et
2416 3477 2652 3547 abjectus
2681 3487 2844 3543 esset,
2873 3492 2978 3532 non
3002 3477 3183 3545 utique
3208 3475 3437 3530 habebat
3464 3475 3754 3530 conscien-

2149 3572 2278 3628 tiam
2325 3581 2507 3627 sancte
2546 3571 2742 3639 dantis,
2779 3587 2898 3642 quae
2941 3570 3183 3625 ablueret
3226 3568 3562 3638 accipientis.
3595 3568 3752 3625 Unde

2148 3665 2310 3735 igitur
2338 3664 2505 3718 abluti
2533 3673 2678 3730 sunt,
2705 3664 2794 3733 qui
2825 3662 2984 3718 hodie
3015 3662 3109 3717 illo
3142 3661 3393 3716 damnato
3425 3676 3533 3715 non
3562 3662 3752 3730 utique

2148 3775 2336 3815 rursus
2361 3756 2684 3812 abluuntur?
2705 3756 2820 3810 Non
2848 3766 2961 3812 erat
2988 3769 3211 3812 necesse
3238 3763 3299 3810 ut
3333 3754 3608 3808 hominem
3645 3770 3752 3810 no-

2146 3852 2430 3918 minarem,
2455 3850 2554 3904 nisi
2581 3866 2648 3905 ne
2676 3849 2965 3905 Petilianus
2995 3849 3188 3904 iterum
3219 3849 3423 3923 diceret
3445 3848 3486 3915 ',
3518 3847 3651 3914 Quis
3679 3856 3755 3904 est

2146 3944 2258 4010 iste,
2299 3953 2386 3997 aut
2428 3942 2562 3996 unde
2607 3942 3010 4014 prosiluit?Cur
3053 3943 3213 3996 istum
3259 3942 3549 4010 baptistam
3576 3939 3755 3996 vestri

2146 4053 2252 4093 non
2275 4037 2663 4101 discusserunt,
2689 4036 2826 4090 sicut
2847 4034 3078 4089 Joannes
3097 4033 3357 4088 Petiliano
3378 4033 3451 4088 ita
3472 4034 3755 4090 sentiente

2146 4131 2418 4186 discussus
2447 4132 2564 4184 est?
2599 4129 2685 4182 An
2720 4135 2775 4182 et
2803 4126 3170 4181 discusserunt
3206 4133 3462 4194 quantum
3493 4126 3754 4182 homines

2145 4221 2420 4278 hominem
2466 4227 2774 4289 potuerunt,
2820 4218 2914 4274 sed
2961 4225 3134 4273 astuta
3183 4215 3397 4271 ﬁctione
3439 4215 3750 4278 latitantem

2144 4311 2236 4368 diu
2265 4327 2371 4367 non
2402 4307 2756 4364 invenerunt?

2215 4404 2442 4462 CAPUT
2482 4401 2700 4458 XXXV.
2742 4431 2813 4442 -—-
2850 4400 3087 4471 Hujusne
3122 4415 3256 4470 aqua
3293 4414 3400 4456 non
3436 4408 3555 4456 erat
3585 4417 3752 4458 men-

2142 4500 2266 4564 dax,
2297 4508 2390 4554 aut
2418 4497 2594 4552 oleum
2637 4493 2974 4549 fornicatoris
3003 4511 3109 4549 non
3151 4504 3232 4551 est
3269 4493 3446 4550 oleum
3481 4506 3751 4566 peccato-

2146 4589 2258 4644 ris?
2298 4590 2379 4642 An
2422 4587 2563 4656 quod
2601 4585 2876 4640 Catholica
2915 4584 3062 4650 dicit,
3103 4594 3156 4640 et
3186 4602 3368 4640 verum
3407 4595 3512 4654 est,
3551 4596 3612 4642 et
3659 4589 3751 4642 illa

2140 4695 2277 4750 aqua
2305 4687 2358 4733 et
2387 4660 2514 4732 illud
2545 4677 2719 4732 oleum
2758 4693 2865 4732 non
2895 4678 3012 4746 ejus
3041 4686 3152 4732 erat
3179 4694 3209 4731 a
3246 4693 3349 4748 quo
3390 4679 3742 4734 ministraba-

2141 4781 2246 4838 tur,
2279 4771 2374 4827 sed
2400 4771 2550 4841 cujus
2577 4771 2644 4825 ibi
2675 4787 2871 4826 nomen
2902 4771 3285 4825 invocabatur?
3309 4771 3415 4826 Cur
3441 4771 3521 4824 illi
3551 4773 3645 4839 qui
3678 4771 3751 4826 ab

2140 4868 2243 4923 isto
2293 4867 2416 4922 ﬁcto
2465 4875 2520 4922 et
2565 4866 2770 4921 occulto
2813 4865 3233 4935 baptizabantur,
3275 4880 3378 4919 non
3427 4864 3752 4934 probabant

2139 4959 2405 5029 Spiritum,
2427 4959 2546 5029 quia
2567 4974 2634 5012 ex
2659 4958 2765 5011 Deo
2786 4973 2891 5012 non
2914 4958 3065 5012 erat?
3085 4957 3310 5026 Spiritus
3339 4955 3482 5010 enim
3513 4966 3751 5029 sanctus

2139 5027 2457 5122 disciplian
2481 5053 2663 5106 ﬁctum
2713 5049 2947 5120 fugiebat
2976 5051 2995 5120 (
3022 5048 3151 5118 Sap.
3177 5064 3215 5113 t,
3244 5049 3277 5102 5
3303 5046 3354 5118 )‘i
3382 5047 3464 5102 An
3496 5057 3554 5102 et
3584 5027 3750 5103 illnu’l

2139 5144 2391 5215 fugiebat,
2433 5153 2488 5198 et
2529 5159 2624 5198 sua
2651 5143 2994 5198 Sacramenta
3023 5140 3266 5210 quamvis
3297 5156 3391 5210 per
3417 5155 3541 5195 eum
3569 5141 3748 5195 mini-

2139 5244 2303 5291 strata
2341 5250 2446 5288 non
2487 5233 2808 5289 deserebat?
2845 5232 3122 5288 Postremo
3163 5231 3413 5302 quoniam
3457 5230 3582 5286 illos
3628 5245 3753 5286 non

2137 5326 2341 5396 negatis
2365 5325 2597 5393 ablutos,
2621 5341 2755 5396 quos
2777 5324 2868 5379 illo
2887 5325 3136 5379 damnato
3162 5339 3266 5377 non
3289 5321 3487 5378 curatis
3508 5323 3751 5380 abluen-

2136 5416 2274 5486 dos;
2305 5415 2482 5474 videte
2522 5416 2570 5475 si
2610 5424 2690 5475 tot
2729 5415 2939 5474 nebulis
2977 5413 3338 5486 multipliciter
3376 5412 3589 5485 oﬁ'usis,
3623 5414 3784 5474 ullo'

2199 5684 2220 5718 ί
2242 5692 2370 5747 Mss,
2393 5682 2675 5749 neinﬂetur.

2165 5744 2399 5819 {editi}
2443 5744 2732 5819 θιείιηιιειρηι-
2778 5744 2948 5819 Metius
2989 5744 3355 5819 We-

2202 5811 2224 5843 ³
2246 5797 2501 5880 [ῖᾱίὶὶίηὶίεί
2522 5797 2784 5880 retinentis
2803 5797 2980 5860 iterum
2999 5797 3215 5872 dicere};
3236 5807 3414 5862 omisso
3427 5839 3446 5871 ν
3468 5814 3531 5861 ne
3545 5841 3563 5872 ν
3587 5797 3750 5870 ιιιιαι

2136 5885 2202 5925 ex
2225 5873 2561 5934 manuscriptis
2580 5873 2868 5924 restituitur.
3741 5909 3751 5933 ι

3745 5964 3757 6001 l
