3998 6520
311 452 413 512 569

311 572 428 629 loco
443 568 736 628 Petilianus
759 572 1049 641 respondet
1068 573 1208 630 unde
1230 574 1318 630 isti
1343 576 1508 633 abluti
1537 578 1664 647 sint,
1690 582 1741 636 si
1763 596 1894 639 con-

310 662 531 718 scientia
555 673 737 719 sancte
761 664 933 720 dantis
959 666 1268 735 attenditur,
1288 684 1407 739 quae
1430 671 1610 727 abluat
1628 675 1901 747 accipien-

311 754 406 819 tis,
433 769 595 823 quam
622 754 792 811 latens
820 756 1122 812 immundus
1144 758 1337 816 habere
1361 777 1462 817 non
1496 766 1683 833 potuit.

376 846 466 900 41.
505 845 649 901 Nihil
677 861 805 915 ergo
829 849 895 902 ad
926 848 1027 904 hoc
1053 853 1401 920 respondens,
1433 856 1575 925 quod
1600 858 1667 912 ab
1695 872 1762 914 eo
1789 867 1899 917 tam

308 938 569 992 instanter
598 938 914 1007 inquiritur;
944 940 1195 1012 deinceps
1224 945 1382 999 etiam
1413 946 1512 1000 sibi
1539 949 1789 1020 loquendi
1822 951 1901 1007 la-

307 1029 585 1084 titudinem
631 1045 969 1100 comparans,
1002 1032 1129 1087 Cum
1159 1035 1284 1099 hac,
1316 1037 1503 1107 inquit,
1540 1048 1587 1092 et
1627 1040 1897 1113 Prophette

301 1133 348 1176 et
382 1122 657 1192 ApostoLus
693 1133 838 1177 caute
875 1125 1152 1193 timuerint,
1189 1144 1288 1197 qua
1325 1130 1489 1198 fronte
1518 1141 1570 1185 tu
1596 1133 1722 1188 dicis
1762 1138 1896 1205 quod

302 1219 421 1268 bene
440 1217 759 1271 credentibus
777 1226 1007 1272 sanctum
1031 1230 1102 1273 est
1121 1218 1384 1291 Baptisma
1404 1227 1678 1293 peccatoris
1690 1229 1715 1281 ?
1730 1229 1894 1296 Quasi

306 1321 397 1377 ego
418 1309 503 1364 vel
526 1310 806 1378 quisquam
828 1311 1140 1378 catholicus,
1168 1316 1459 1381 peccatoris
1481 1317 1751 1388 Baptisma
1772 1337 1893 1379 esse

308 1398 461 1463 dicat,
488 1399 631 1469 quod
667 1410 944 1469 peccatore
975 1403 1308 1460 ministrante
1336 1408 1561 1463 traditur
1584 1412 1667 1465 vel
1692 1414 1891 1484 accipi-

306 1500 406 1559 tur,
437 1502 491 1547 et
518 1508 624 1547 non
655 1493 797 1549 illius
830 1494 880 1548 in
912 1496 1064 1564 cujus
1085 1497 1310 1554 credens
1340 1503 1554 1558 nomine
1574 1504 1887 1574 baptizatur.

303 1582 423 1638 inde
463 1584 572 1654 jam
618 1586 853 1639 excurrit
895 1588 945 1640 in
988 1587 1177 1642 ludam
1221 1591 1559 1660 traditorem,
1595 1606 1651 1652 et
1678 1597 1807 1654 dicit
1833 1602 1889 1657 in

295 1688 419 1732 eum
443 1676 702 1745 quidquid
731 1686 922 1745 potest,
940 1678 1197 1734 adhibens
1224 1683 1522 1739 testimonia
1554 1688 1884 1759 prophetica,

293 1780 411 1835 qua:
435 1766 503 1821 de
534 1767 628 1821 illo
657 1777 802 1823 tanto
838 1778 964 1823 ante
1002 1773 1275 1839 praemissa
1304 1785 1428 1829 sunt
1456 1795 1469 1830 :
1503 1786 1749 1848 tanquam
1780 1783 1886 1839 Ec-

295 1857 514 1912 clesiam
542 1858 736 1913 Christi
770 1870 879 1915 toto
906 1863 1036 1917 orbe
1063 1863 1327 1930 dill'usam,
1352 1867 1502 1937 cujus
1522 1884 1680 1925 causa
1707 1874 1760 1927 in
1786 1873 1886 1930 hac

291 1950 586 2019 quaestione
608 1961 871 2017 versatur,
896 1954 1046 2008 Judzn
1078 1957 1347 2012 traditoris
1379 1960 1647 2029 impietate
1672 1963 1884 2031 perfun-

289 2042 407 2095 dat:
430 2058 535 2096 non
568 2045 915 2100 considerans
945 2047 1086 2114 quod
1120 2050 1200 2103 vel
1228 2049 1353 2105 hinc
1374 2052 1557 2108 debuit
1582 2055 1879 2128 admoneri,

289 2140 392 2185 tam
418 2149 525 2187 non
550 2149 671 2189 esse
697 2135 1040 2192 dubitandum
1066 2139 1204 2193 illam
1229 2156 1349 2197 esse
1373 2144 1661 2201 Ecclesiam
1684 2150 1881 2214 Christi

285 2240 401 2294 qua:
454 2226 508 2279 in
561 2227 809 2281 omnibus
854 2230 1103 2298 gentibus
1152 2231 1422 2301 dilatatur,
1472 2238 1720 2307 quoniam
1777 2241 1881 2298 hoc

286 2326 429 2371 tanto
461 2328 587 2373 ante
614 2321 876 2374 veraciter
906 2322 1273 2392 prophetatum
1306 2334 1404 2391 est,
1448 2343 1605 2397 quam
1649 2347 1754 2385 non
1795 2341 1879 2388 est

283 2406 633 2463 dubitandum
688 2410 755 2464 ab
805 2408 910 2465 uno
954 2428 1020 2466 ex
1068 2414 1340 2484 discipulis
1391 2418 1525 2472 tradi
1574 2424 1876 2490 oportuisse

279 2499 591 2571 Christum,
650 2506 898 2573 quoniam
949 2514 1003 2561 et
1057 2506 1160 2563 hoc
1212 2509 1456 2565 similiter
1500 2515 1875 2583 prophetatum

279 2603 379 2647 est.

344 2685 576 2741 CAPUT
625 2687 868 2743 XXXVI.
898 2718 968 2728 —
996 2690 1085 2744 42.
1119 2690 1227 2747 Sed
1257 2693 1414 2762 plane
1439 2703 1558 2765 post
1583 2696 1699 2754 haec
1724 2698 1869 2756 Peti-

275 2776 447 2832 lianus
498 2768 588 2834 ubi
633 2781 698 2835 ad
747 2792 985 2836 nostrum
1035 2783 1162 2837 illud
1212 2788 1355 2840 venit
1396 2788 1684 2857 objeetum,
1727 2792 1871 2861 quod

274 2870 780 2928 Maximianistarum
825 2875 1151 2944 Baptismum
1194 2895 1327 2948 quos
1353 2880 1871 2943 damnaverantsus-

285 2972 537 3033 ceperunt
592 2964 811 3036 (Supra,
840 2967 927 3020 lib.
957 2967 1010 3029 2,
1042 2984 1156 3038 cap.
1185 2970 1271 3036 10,
1296 2989 1384 3025 nn.
1414 2974 1499 3041 ll,
1527 2976 1615 3049 12)
1644 2995 1656 3027 :
1681 2994 1867 3048 quam-

277 3054 359 3108 vis
390 3056 440 3109 in
474 3056 631 3126 hujus
656 3061 966 3127 quaestionis
990 3064 1352 3131 propositione
1376 3067 1485 3120 suis
1508 3068 1684 3123 verbis
1706 3087 1862 3141 quam

270 3146 402 3200 meis
427 3149 499 3201 uti
526 3149 807 3203 maluerit:
832 3166 1004 3220 neque
1028 3153 1170 3207 enim
1200 3169 1297 3209 nos
1327 3156 1571 3225 dicimus,
1604 3162 1863 3230 prodesse

272 3239 426 3294 nobis
454 3241 653 3297 debere
683 3243 1008 3312 Baptismum
1040 3255 1394 3315 peccatorum,
1431 3267 1589 3320 quem
1630 3270 1736 3310 non
1776 3272 1865 3312 so-

266 3329 376 3385 lum
405 3342 765 3401 peccatorum,
790 3335 882 3389 sed
908 3338 1174 3391 nullorum
1198 3340 1414 3394 omnino
1436 3340 1707 3399 hominum
1725 3347 1860 3404 dici-

263 3442 409 3489 mus,
454 3429 573 3496 quia
599 3444 719 3483 eum
752 3428 946 3483 Christi
976 3445 1096 3485 esse
1124 3434 1494 3502 cognoscimus
1522 3454 1535 3491 :
1563 3438 1633 3491 ita
1664 3440 1859 3510 quippe

261 3520 546 3589 proposuit
575 3537 587 3574 τ
614 3520 679 3573 At
706 3520 839 3574 enim
865 3524 1186 3591 pertinaciter
1212 3542 1486 3593 asseveras,
1520 3527 1708 3599 inquit,
1740 3533 1857 3602 quia

262 3612 405 3665 debet
430 3614 564 3666 vobis
594 3615 828 3683 prodesse
860 3614 1178 3684 Baptismum
1216 3629 1552 3689 peccatorum,
1589 3635 1856 3694 propterea

264 3706 385 3773 quia
413 3714 460 3758 et
490 3722 599 3772 nos,
630 3715 684 3759 ut
714 3708 906 3771 dixisti,
939 3725 1140 3762 reorum
1180 3727 1303 3780 quos
1331 3713 1470 3781 juste
1504 3715 1854 3774 damnavimus

264 3794 581 3867 Baptismum
605 3814 975 3853 conservamus.
1003 3799 1100 3854 Ubi
1126 3801 1190 3854 ad
1224 3801 1359 3856 hanc
1384 3807 1732 3873 quaestionem
1760 3824 1853 3865 ve-

264 3889 359 3948 nit.
386 3898 439 3942 ut
461 3889 593 3955 dixi,
623 3890 799 3944 omnis
826 3906 947 3946 eum
974 3892 1132 3945 etiam
1160 3893 1404 3959 simulata
1432 3911 1603 3966 pugna
1634 3898 1846 3956 defecit.

264 3978 377 4045 Quo
402 3980 525 4045 iret,
550 3996 651 4048 qua
684 3981 873 4047 exiret,
897 3998 1001 4052 quo
1023 3982 1167 4037 aditu
1190 3994 1523 4053 perscrutato
1548 3996 1639 4041 aut
1664 3990 1851 4047 molito

264 4072 341 4124 vel
374 4072 618 4126 clanculo
646 4073 914 4137 evaderet,
944 4075 1028 4129 vel
1059 4076 1108 4129 vi
1135 4087 1459 4146 erumperet,
1491 4094 1593 4132 non
1624 4080 1844 4140 invenit.

260 4160 395 4215 Licet
429 4165 543 4229 hoc,
587 4164 776 4233 inquit,
814 4166 1031 4219 secundo
1066 4166 1192 4221 libro
1228 4168 1582 4234 demonstrem,
1606 4182 1845 4239 quantum

260 4256 387 4308 inter
410 4268 608 4310 nostros
639 4258 833 4311 intersit
863 4270 908 4312 et
934 4270 1118 4314 vestros
1151 4278 1277 4330 quos
1316 4262 1480 4316 dicitis
1518 4264 1803 4321 innocentes
1823 4283 1844 4323 :

262 4359 421 4405 tamen
456 4352 659 4405 interim
692 4369 778 4407 vos
812 4356 955 4425 prius
977 4372 1008 4408 a
1038 4357 1344 4427 collegarum
1369 4368 1642 4414 vestrorum
1674 4362 1844 4416 crimi-

258 4443 399 4495 nibus
436 4460 550 4512 qute
590 4445 749 4499 nostis
789 4446 978 4514 eripite,
1011 4456 1056 4500 et
1082 4448 1155 4501 sic
1184 4450 1245 4501 de
1273 4450 1334 4504 iis
1371 4467 1495 4520 quos
1533 4451 1794 4521 abjicimus
1821 4455 1839 4487 ¹

255 4536 497 4603 exquirite
512 4537 777 4590 rationem.
799 4538 887 4591 Sic
904 4539 1222 4607 respondeat
1237 4542 1513 4612 quisquam
1541 4542 1836 4616 hominum,

256 4625 329 4677 sic
372 4627 723 4695 respondeat,
770 4628 868 4684 nisi
911 4629 998 4698 qui
1040 4631 1248 4686 veritati
1292 4633 1624 4702 adversatur,
1654 4648 1839 4694 contra

254 4732 404 4786 quam
432 4733 538 4773 non
568 4720 770 4774 invenit
794 4721 921 4790 quid
944 4723 1326 4792 reSpondcatur
1347 4726 1403 4778 ’ἲ
1424 4727 1478 4781 Si
1506 4742 1636 4798 ergo
1660 4739 1714 4782 et
1738 4746 1837 4787 nos

253 4808 431 4863 eadem
469 4810 632 4865 verba
675 4809 937 4879 dicamus,
982 4812 1195 4868 Interim
1237 4830 1331 4869 vos
1371 4818 1519 4887 prius
1546 4834 1575 4873 a
1601 4822 1835 4892 collega-

250 4914 363 4953 rum
393 4912 690 4956 vestrorum
720 4904 1031 4959 criminibus
1060 4922 1177 4976 quae
1215 4908 1383 4962 nostis
1427 4909 1646 4978 eripite,
1674 4922 1727 4966 et
1754 4912 1833 4969 sic

248 4992 398 5048 nobis
429 4994 496 5048 de
536 4994 619 5049 his
654 5010 788 5065 quos
815 4997 1013 5066 putatis
1039 4997 1179 5067 apud
1209 5013 1308 5058 nos
1336 5000 1506 5055 malos
1536 5002 1699 5056 ullum
1728 5004 1833 5058 cri-

248 5099 364 5141 men
385 5088 600 5158 objicite
622 5108 635 5144 :
658 5091 868 5161 utrique
888 5091 1129 5160 vicimus,
1148 5107 1215 5147 an
1243 5093 1454 5163 utrique
1469 5094 1591 5149 victi
1612 5096 1830 5152 sumus?

302 5247 319 5279 ¹
344 5247 483 5313 ttditi,
504 5248 757 5313 objicirnus
791 5262 931 5313 ,{pro
967 5263 1064 5313 quo
1091 5254 1415 5303 Lovanienses
1446 5260 1648 5304 monent
1668 5255 1826 5304 videri

239 5308 325 5389 sibi
352 5308 877 5389 legendum,
896 5319 952 5389 in
969 5308 1215 5389 gallicanis
1240 5324 1341 5389 stes.
1351 5323 1444 5375 est,
1469 5315 1739 5389 abjicimus.
1786 5378 1797 5389 .

298 5373 319 5401 ⁸
343 5375 662 5436 manuscripti,
681 5373 1057 5436 sicgrespondeat
1073 5375 1195 5436 quis,
1231 5373 1450 5436 quisnam
1486 5373 1729 5428 hominum
1753 5378 1824 5429 sic

236 5432 654 5509 fespondeut,
687 5434 788 5509 qui
1020 5432 1339 5509 ‘adrersatNur,
1365 5444 1696 5509 contraquam
1731 5453 1824 5492 non

234 5491 407 5570 fama
580 5491 943 5570 respondeatur.
972 5500 1116 5569 tiditi,
1138 5498 1215 5568 sic
1250 5491 1536 5570 respondeat
1563 5491 1824 5565 quisquam

232 5553 491 5617 hominum,
517 5558 588 5609 sic
611 5553 1031 5622 respondeat,nisi
1065 5553 1357 5622 quiveritat'i
1387 5553 1822 5622 adversdtur,'con-

229 5620 306 5666 ira
330 5632 469 5681 quem
490 5634 582 5670 non
613 5619 786 5671 invenit
811 5620 928 5682 quid
960 5619 1281 5685 respondeat?
1318 5622 1611 5673 t’ra3tulimus
1650 5619 1819 5675 lectio-

230 5690 347 5727 nem
380 5687 456 5731 Is.
475 5685 860 5747 Cygirannensis.
878 5711 937 5720 —
959 5684 1421 5744 Morel,Elem.Crit.,
1442 5700 1555 5750 pgg.
1575 5688 1685 5745 355’,
1706 5688 1815 5748 556,

228 5767 569 5834 manuscriptis
605 5767 940 5839 adstipulatur,
980 5769 1169 5839 phrasis
1209 5770 1517 5839 punctatioue
1548 5772 1617 5819 sic
1656 5777 1814 5839 muta-

227 5829 275 5893 ta
300 5840 317 5894 ε.
341 5826 882 5894 sicréspondeatquis?
904 5826 1128 5890 Quisnam
1150 5826 1394 5880 hominum
1414 5830 1484 5881 sic
1510 5832 1810 5894 respondeat,

221 5885 319 5935 nisi
342 5888 433 5957 qui
460 5885 649 5957 veritati
669 5885 972 5956 aduersatur,
996 5900 1163 5944 contra
1184 5905 1444 5955 quamnon
1482 5885 1662 5947 invenit
1693 5885 1811 5957 quid
1919 5885 2240 5955 paenitauem.
2261 5902 2473 5957 Utroque
2494 5885 2602 5949 loco

222 5954 569 6012 respondeatur
593 5952 620 6003 Ρ
803 5960 862 6005 II.

1618 460 1824 519 LIBER
1860 464 2180 525 TERTIUS.

3477 501 3585 563 570

2012 583 2126 639 lmo
2148 598 2277 642 vero
2302 585 2396 644 ille
2413 589 2539 647 vicit
2557 604 2656 663 pro
2675 594 2916 655 Ecclesia
2940 614 3035 659 sua
3056 610 3110 661 et
3135 605 3190 662 in
3210 608 3450 669 Ecclesia
3476 630 3595 690 sua,

2009 675 2101 745 qui
2127 691 2225 732 nos
2255 678 2435 736 docuit
2462 682 2513 737 in
2544 683 2816 757 Scriptura
2845 707 2961 760 sua,
2989 705 3047 750 ut
3074 712 3234 755 nemo
3257 702 3515 773 glorietur
3538 675 3597 767 iii

2008 767 2244 839 homine,
2266 781 2321 828 et
2340 782 2395 828 ut
2415 776 2503 846 qui
2523 779 2797 851 gloriatur,
2817 785 2871 840 in
2888 786 3114 845 Domino
3131 767 3391 863 glorietur
3407 800 3452 872 (ι
3470 800 3591 859 Cor.

2006 876 2083 927 lli,
2113 863 2202 930 2t,
2234 875 2281 919 et
2306 882 2344 930 ι,
2368 868 2482 939 51).
2526 871 2664 929 Ecce
2709 877 2849 932 enim
2900 896 3018 950 nos,
3067 885 3157 955 qui
3202 903 3326 945 cum
3354 863 3593 954 veritatis

2004 955 2218 1026 eloquio
2246 958 2495 1029 dicimus,
2521 979 2626 1020 non
2648 966 2928 1037 justiticari
2947 976 3254 1036 credentem
3279 983 3349 1037 ab
3374 985 3593 1047 homine

2003 1061 2035 1101 a
2075 1063 2182 1118 quo
2222 1050 2537 1123 baptizatur,
2575 1058 2670 1113 sed
2705 1062 2772 1117 ab
2804 1063 2897 1119 illo
2931 1066 2998 1122 de
3035 1084 3140 1139 quo
3182 1074 3439 1145 scriptum
3482 1091 3587 1149 est,

2004 1136 2237 1195 Credenti
2259 1143 2312 1196 in
2330 1160 2443 1198 eum
2463 1148 2550 1217 qui
2557 1151 2811 1221 justiﬁcat
2831 1136 3066 1228 impium,
3082 1136 3351 1233 deputatur
3368 1171 3498 1239 fides

1990 1231 2245 1304 justitiam
2272 1234 2446 1308 (Rom.
2473 1255 2544 1307 IV,
2568 1242 2666 1314 5);
2690 1248 2940 1315 quoniam
2965 1267 3070 1307 non
3101 1231 3392 1325 gloriamur
3417 1262 3468 1317 in
3491 1264 3588 1321 ho-

1998 1324 2159 1391 mine,
2208 1328 2535 1401 nitimurque
2578 1333 2812 1395 donante
2856 1341 2993 1412 ipso,
3030 1361 3152 1401 cum
3186 1350 3498 1423 gloriamur,
3531 1356 3588 1414 in

2000 1415 2228 1472 Domino
2273 1421 2523 1491 gloriari;
2551 1441 2710 1496 quam
2756 1435 2929 1487 securi
2977 1451 3181 1505 sumus,
3224 1444 3477 1516 quidquid
3517 1447 3589 1506 de

1995 1508 2312 1578 quibusdam
2361 1524 2558 1571 nostra:
2602 1524 2991 1581 communionis
3036 1508 3339 1589 hominibus
3369 1508 3587 1597 erroris

1995 1610 2086 1653 aut
2117 1601 2355 1657 criminis
2394 1608 2625 1675 probare
2666 1616 2933 1680 potuerit?
2961 1620 3117 1688 Apud
3154 1638 3250 1678 nos
3286 1627 3426 1682 enim
3466 1631 3587 1700 qui-

1993 1708 2222 1764 cumque
2265 1698 2389 1752 mali
2429 1702 2514 1754 vel
2552 1704 2762 1771 penitus
2793 1708 2978 1775 latent,
3009 1713 3094 1767 vel
3126 1716 3439 1783 quibusdam
3470 1698 3584 1779 noti

1992 1794 2210 1854 propter
2245 1788 2413 1844 honos
2442 1794 2635 1863 quibus
2680 1798 2845 1867 ignoti
2878 1811 3020 1868 sunt,
3046 1813 3101 1859 et
3124 1809 3263 1876 apud
3299 1825 3432 1881 quos
3454 1829 3585 1870 con-

1992 1878 2128 1933 vinci
2158 1897 2263 1936 non
2295 1897 2536 1955 possunt,
2566 1899 2781 1961 propter
2811 1896 3028 1951 unitatis
3057 1910 3109 1954 et
3140 1903 3285 1970 pacis
3312 1878 3583 1965 vinculum

1991 1972 2307 2040 tolerantur,
2332 1994 2397 2031 ne
2423 1995 2544 2035 eum
2575 1985 2789 2041 zizaniis
2821 1991 3120 2047 eradicatur
3144 2004 3197 2049 et
3224 1997 3484 2068 triticum;
3507 2002 3581 2059 ita

1989 2080 2100 2141 sua:
2126 2071 2341 2125 malitia:
2367 2076 2629 2130 sarcinam
2666 2090 2895 2147 portant,
2925 2093 2980 2137 ut
3009 2100 3127 2140 eam
3167 2104 3286 2144 cum
3314 2092 3392 2146 eis
3420 2108 3581 2152 nemo

1987 2164 2365 2231 communicet,
2402 2166 2501 2222 nisi
2533 2169 2725 2239 quibus
2752 2187 2937 2228 eorum
2970 2177 3220 2248 iniquitas
3248 2183 3441 2251 placet.
3467 2185 3578 2242 Ne-

1985 2266 2089 2321 que
2110 2254 2251 2309 enim
2282 2260 2589 2326 metuimus,
2614 2278 2681 2317 ne
2712 2281 2845 2334 quos
2872 2267 3140 2339 baptizant
3164 2273 3441 2341 justiﬁcari
3470 2292 3579 2335 non

1985 2345 2223 2413 possint;
2253 2363 2374 2404 cum
2404 2352 2475 2405 illi
2503 2353 2554 2407 in
2586 2369 2707 2409 eum
2727 2359 2949 2415 credant
2968 2362 3057 2431 qui
3082 2364 3339 2433 juStiticat
3360 2370 3574 2441 impios,

1981 2444 2038 2489 ut
2063 2435 2349 2506 deputetur
2376 2442 2508 2497 lides
2534 2460 2719 2502 eorum
2747 2449 2813 2503 ad
2840 2452 3101 2519 justitiam
3130 2456 3317 2527 (Ibid.,
3346 2458 3425 2523 5).

2049 2525 2274 2584 CAPUT
2323 2531 2588 2591 xxxv".
2614 2568 2685 2578 -
2718 2540 2806 2595 45.
2851 2542 3084 2601 proinde
3126 2525 3266 2617 apud
3304 2525 3426 2621 nos,
3470 2570 3573 2614 nec

1977 2621 2069 2675 ille
2095 2638 2252 2692 quem
2280 2625 2415 2682 dixit
2460 2643 2490 2683 a
2530 2632 2682 2687 nobis
2723 2634 2741 2664 ί
2782 2647 3000 2707 propter
3039 2639 3431 2703 Sodomitarum
3459 2650 3571 2706 cri-

1976 2729 2098 2770 men
2125 2718 2411 2786 abjectum,
2436 2730 2489 2776 et
2512 2723 2565 2777 in
2594 2725 2769 2781 locum
2800 2729 2917 2799 ejus
2942 2733 3166 2789 alterum
3197 2739 3567 2812 constitutum,

1974 2814 2029 2862 et
2054 2823 2236 2863 rursus
2264 2810 2365 2879 ipsi
2392 2825 2574 2869 nostro
2600 2818 2825 2889 collegio
2850 2822 3138 2893 redditum,
3170 2830 3414 2886 nesciens
3438 2832 3569 2903 quid

1970 2896 2251 2967 loquatur;
2299 2917 2396 2957 nec
2431 2904 2519 2960 ille
2550 2923 2708 2976 quem
2737 2904 2874 2980 apud
2903 2930 2997 2968 vos
3024 2918 3371 2986 pmnitentem
3398 2896 3569 2981 fuisse

1970 3004 2376 3063 commemorat,
2406 3013 2741 3072 quocumque
2771 3005 2932 3062 modo
2944 3023 3127 3065 eorum
3144 3027 3319 3069 causa:
3348 3015 3567 3074 defendi
3624 3058 3629 3063 ς

1969 3085 2083 3138 sive
2112 3089 2319 3156 possint
2345 3091 2457 3146 sive
2489 3108 2591 3147 non
2624 3097 2849 3165 possint,
2874 3100 3071 3170 aliquid
3095 3106 3444 3174 praeiudicant
3461 3109 3565 3165 Ec-

1958 3176 2143 3241 rclesiae
2176 3180 2291 3245 Dei,
2343 3198 2461 3252 quae
2509 3201 2605 3254 per
2647 3203 2834 3247 omnes
2880 3203 3065 3263 gentes
3106 3197 3456 3271 diﬂ'unditur,
3507 3210 3565 3258 et

1965 3270 2157 3325 crescit
2184 3272 2237 3327 in
2267 3275 2465 3331 mundo
2497 3293 2663 3349 usque
2690 3283 2756 3336 ad
2788 3300 3017 3341 messem
3050 3306 3063 3342 :
3096 3289 3148 3344 in
3194 3307 3297 3361 qua
3340 3296 3387 3349 si
3433 3310 3563 3351 vere

1963 3364 2087 3417 mali
2121 3374 2244 3419 sunt
2266 3383 2402 3437 quos
2424 3374 2707 3440 accusatis,
2741 3392 2845 3431 non
2868 3378 2979 3449 jam
3022 3382 3076 3436 in
3118 3382 3229 3451 illa,
3260 3386 3357 3441 sed
3385 3388 3438 3442 in
3467 3404 3560 3458 pa-

1964 3456 2059 3512 leis
2088 3460 2203 3528 ejus
2233 3471 2389 3528 sunt;
2434 3465 2479 3518 si
2520 3476 2695 3523 autem
2738 3470 2863 3525 boni
2910 3483 3053 3543 sunt,
3094 3492 3215 3532 cum
3242 3494 3337 3535 eos
3363 3482 3558 3553 iniquis

1962 3551 2723 3629 criminationibusinfamatis,
2750 3565 2847 3634 ipsi
2865 3567 3011 3622 velut
3028 3584 3214 3627 aurum
3239 3551 3553 3647 probantur,

1959 3642 2111 3698 vobis
2138 3645 2188 3698 in
2222 3648 2387 3715 paleae
2417 3650 2817 3710 similitudinem
2843 3658 3153 3716 ardentibus
3194 3684 3208 3718 :
3255 3666 3444 3724 alienis
3470 3679 3554 3724 ta-

1957 3750 2078 3790 men
2109 3742 2340 3806 peccatis
2367 3757 2471 3796 non
2502 3747 2797 3802 maculatur
2822 3750 3082 3821 Ecclesia,
3112 3772 3230 3826 qua:
3255 3762 3552 3819 secundum

1957 3826 2293 3887 fidelissimus
2344 3835 2652 3903 prophetias
2689 3848 2799 3894 toto
2842 3849 3099 3899 terrarum
3133 3848 3265 3904 orbe
3307 3851 3544 3923 dilatata,

1954 3919 2114 3976 tinem
2146 3924 2324 3977 saeculi
2353 3933 2601 3996 tanquam
2630 3930 2776 3987 littus
2805 3947 3098 4005 exspectat,
3141 3956 3247 4010 quo
3292 3919 3549 4012 perducta

1953 4020 2131 4066 careat
2161 4014 2392 4083 piscibus
2419 4018 2591 4085 malis,
2620 4036 2740 4076 cum
2766 4026 2957 4094 quibus
2983 4028 3120 4084 intra
3145 4031 3332 4088 eadem
3366 4035 3546 4092 domi-

1952 4104 2069 4159 nica
2096 4106 2250 4172 retia,
2284 4109 2534 4175 quamdiu
2563 4115 2803 4183 separari
2834 4118 2900 4173 ab
2937 4120 3014 4174 eis
3055 4122 3398 4192 impatienter
3435 4144 3547 4186 non

1950 4194 2153 4260 debuit,
2186 4207 2389 4254 naturae
2419 4201 2827 4262 incommoditas
2855 4208 2979 4264 ferri
3010 4214 3181 4282 potuit
3208 4217 3541 4276 innocenter.

1947 4284 2058 4341 Nec
2085 4298 2364 4358 propterea
2398 4300 2572 4350 tamen
2616 4298 2976 4356 ecclesiastica
3004 4302 3283 4376 disciplina
3316 4311 3542 4383 negligi-

1949 4386 2035 4435 tur
2062 4396 2093 4436 a
2119 4385 2487 4440 constantibus
2513 4397 2567 4442 et
2596 4388 2936 4460 diligentibus
2962 4404 3017 4451 et
3041 4398 3393 4466 prudentibus
3423 4403 3537 4460 dis-

1948 4476 2319 4544 pensatoribus
2345 4475 2562 4546 Christi,
2594 4481 2683 4535 ubi
2714 4484 2936 4540 crimina
2993 4488 3064 4543 ita
3104 4492 3533 4564 manifestantur,

1944 4576 2002 4621 ut
2028 4570 2169 4623 nulla
2204 4570 2407 4639 possint
2431 4573 2690 4642 probabili
2718 4578 2925 4634 ratione
2942 4580 3178 4638 defendi.
3205 4585 3432 4642 Exstant
3454 4589 3539 4644 in-

1942 4663 2291 4718 numerabilia
2320 4666 2637 4723 documenta
2661 4669 2715 4723 in
2742 4671 2821 4726 eis
2846 4674 2933 4742 qui
2965 4675 3047 4730 vel
3076 4677 3313 4749 episcopi
3342 4682 3425 4736 vel
3451 4682 3533 4737 al-

1941 4755 2105 4809 terius
2136 4753 2501 4824 bujuscemodi
2522 4759 2720 4828 gradus
2739 4762 2921 4818 clerici
2949 4764 3180 4834 fuerunt,
3203 4777 3259 4823 et
3285 4787 3427 4828 nunc
3447 4773 3533 4829 de-

1941 4846 2143 4915 gradati
2185 4848 2271 4902 vel
2320 4848 2521 4917 pudore
2569 4853 2623 4905 in
2667 4852 2801 4909 alias
2842 4863 3012 4911 terras
3053 4859 3319 4929 abierunt,
3351 4864 3437 4918 vel
3462 4864 3530 4920 ad

1941 4951 2038 4991 vos
2063 4937 2208 5005 ipsos
2236 4946 2327 4993 aut
2351 4939 2419 4994 ad
2439 4940 2571 4996 alias
2597 4941 2831 5000 haereses
2858 4949 3201 5019 transierunt,
3225 4954 3310 5008 vel
3336 4955 3389 5009 in
3416 4955 3538 5013 sui;

1935 5030 2238 5099 regionibus
2285 5032 2397 5086 noti
2445 5042 2570 5089 sunt
2612 5052 2624 5090 :
2671 5052 2899 5107 quorum
2946 5049 3091 5097 tanta
3122 5050 3204 5098 est
3240 5046 3533 5103 multitudu

1935 5121 2173 5191 dispersa
2203 5138 2297 5192 per
2342 5131 2531 5192 terras,
2588 5135 2647 5182 ut
2688 5128 2735 5182 si
2782 5144 2900 5185 eam
2939 5132 3228 5189 Petilianus
3256 5134 3527 5193 refrenatu

1933 5213 2201 5283 paululum
2254 5216 2605 5274 maledicendi
2651 5222 2953 5278 temeritate
2990 5225 3267 5295 cogitaret,
3314 5241 3524 5296 nequau

1932 5321 2091 5377 quam
2120 5306 2333 5362 caderet
2376 5308 2427 5362 in
2467 5318 2574 5364 tam
2618 5322 2803 5383 aperte
2850 5313 3034 5368 falsam
3064 5329 3361 5384 vanamque
3390 5331 3518 5372 sen-

1931 5402 2171 5466 tentiam,
2203 5416 2306 5471 qua
2336 5400 2617 5458 dicendum
2642 5406 2797 5461 nobis
2822 5414 3033 5476 putaret
3062 5424 3075 5460 :
3104 5404 3271 5462 Nemo
3298 5420 3515 5467 uestrum

1928 5502 2000 5548 est
2019 5493 2271 5558 innocens,
2296 5494 2382 5548 ubi
2408 5512 2523 5551 reus
2545 5512 2689 5551 nemo
2709 5498 2995 5551 damnatur.

1997 5586 2221 5642 CAPUT
2248 5586 2536 5643 XXXVIII.
2564 5618 2635 5629 —-
2662 5589 2752 5644 44.
2781 5587 2850 5643 Ut
2870 5587 3013 5643 enim
3040 5588 3172 5645 alios
3190 5593 3434 5651 omittam
3456 5597 3513 5655 in

1924 5676 2149 5731 diversis
2176 5679 2335 5733 terris
2364 5678 2693 5746 habitantes;
2722 5694 2811 5734 vix
2838 5677 2980 5735 enim
3010 5678 3204 5738 alicubi
3230 5682 3383 5743 deest
3407 5686 3510 5744 hoc

1986 5831 2002 5861 ί
2030 5829 2169 5899 ῌᾶίιί,
2194 5846 2225 5882 a
2256 5830 2383 5882 vobis
2410 5844 2428 5881 :
2455 5839 2506 5882 et
2529 5831 2837 5949 paumost,
2860 5847 2949 5886 nec
2984 5835 3071 5888 ille
3094 5851 3233 5913 quem
3255 5841 3388 5905 apud
3422 5855 3509 5916 nos

1986 5899 2240 5968 enitentem.
2261 5902 2473 5957 Utroque
2494 5894 2602 5949 loco
2721 5912 2885 5953 icanos
2906 5907 3109 5955 veteres
3129 5904 3323 5955 codices
3341 5919 3506 5968 seqm-

1920 5967 2046 6004 mur.
