3998 6476
473 493 573 548 571

475 609 652 670 genus
677 592 973 658 hominum,
1001 604 1105 660 quo
1132 595 1385 659 appareat
1413 587 1624 658 iniquos
1650 585 1964 658 praepositos
1999 599 2061 640 ac

481 689 777 752 ministros,
811 695 865 741 et
900 686 952 739 in
990 682 1249 738 catholica
1293 679 1531 736 Ecclesia
1569 681 1742 736 solere
1781 679 2019 735 damnari
2049 697 2062 732 :

468 772 841 839 'Milevitanum
869 777 1158 833 Honorium
1185 775 1251 830 de
1277 774 1518 844 proximo
1548 773 1716 844 potuit
1745 773 1960 828 intueri.
1990 771 2067 827 De

483 873 809 945 Splendonio
847 883 995 935 vero,
1028 882 1184 938 quem
1214 866 1496 922 diaconum
1528 865 1580 918 in
1615 863 1888 919 Catholica
1913 863 2066 917 dam-

484 976 689 1029 natum,
715 970 771 1018 et
793 976 824 1016 ι
850 975 910 1016 se
935 960 1318 1030 rebaptizatum
1346 957 1716 1029 presbyterum
1743 956 1885 1020 fecit,
1917 954 2068 1024 cujus

483 1073 537 1112 tn
582 1055 748 1111 Gallia
791 1054 1187 1108 damnationem
1233 1051 1298 1105 ad
1350 1065 1446 1105 nos
1488 1065 1517 1103 a
1557 1049 1808 1104 fratribus
1853 1049 2068 1103 missam

482 1150 684 1220 collega
714 1156 900 1203 noster
923 1147 1244 1202 Fortunatus
1283 1143 1478 1200 ibidem
1504 1142 1644 1214 apud
1667 1141 2069 1197 Constantinam

485 1240 697 1311 publice
739 1239 1015 1311 legendam
1064 1238 1360 1310 proposuit,
1407 1245 1459 1292 et
1493 1250 1651 1306 quem
1699 1242 1881 1304 postea
1930 1233 2070 1288 idem

484 1331 776 1386 Petilianus
807 1330 1098 1385 horrendas
1142 1330 1260 1400 ejus
1299 1327 1518 1384 insidias
1555 1334 1806 1398 expertus
1829 1325 2024 1395 abiecit
2055 1342 2070 1380 :

481 1424 553 1480 de
577 1425 683 1482 hoc
703 1439 832 1495 ergo
855 1423 1180 1493 Splendonio
1222 1423 1436 1493 quando
1475 1436 1582 1475 non
1631 1419 1804 1489 potuit
1830 1432 2071 1473 commo-

471 1516 602 1570 neri
621 1515 1075 1586 quemadmodum
1097 1515 1220 1568 mali
1249 1524 1303 1568 et
1324 1515 1376 1568 in
1399 1511 1668 1568 Catholica
1691 1509 2072 1582 degradentut’?

485 1607 646 1662 Miror
669 1609 723 1662 in
750 1623 858 1677 quo
885 1607 1204 1662 temeritatis
1230 1605 1520 1677 praecipitio
1547 1622 1642 1662 cor
1673 1605 1923 1674 habebat,
1949 1620 2072 1662 cum

483 1702 584 1757 ista
611 1702 862 1766 dictaret,
895 1701 982 1754 ubi
1013 1714 1174 1754 ausus
1199 1709 1280 1754 est
1305 1700 1484 1756 dicere
1510 1718 1524 1754 :
1559 1698 1722 1754 Nemo
1750 1708 1964 1754 vestrum
2002 1707 2075 1754 est

480 1805 743 1858 innocens,
789 1791 877 1845 ubi
909 1807 1022 1845 reus
1066 1807 1209 1844 nemo
1239 1791 1530 1845 damnatur.
1559 1789 1918 1859 Quamobrem
1948 1805 2074 1860 per-

486 1884 639 1938 mixti
681 1884 1046 1953 corporaliter,
1082 1883 1312 1954 separati
1352 1883 1700 1953 spiritualiter
1727 1883 1780 1937 in
1809 1882 2074 1938 catholica

487 1977 724 2032 Ecclesia
747 1978 894 2044 mali,
924 1986 978 2032 et
995 1979 1209 2048 quando
1239 1979 1467 2034 humana
1497 1979 1800 2034 conditione
1825 1979 2075 2049 ignoran-

487 2078 593 2130 tur,
615 2077 670 2122 et
710 2068 923 2137 quando
958 2068 1252 2138 disciplina:
1282 2071 1708 2125 consideratione
1732 2071 2072 2137 damnantur,

483 2173 615 2213 suas
641 2160 878 2214 sarcinas
906 2167 1136 2230 portant.
1172 2161 1248 2215 Ac
1284 2176 1380 2230 per
1402 2160 1504 2215 hoc
1545 2161 1618 2214 illi
1649 2162 1820 2216 securi
1860 2171 2002 2229 sunt,
2030 2161 2075 2216 si

489 2265 677 2306 eorum
719 2253 948 2321 peccatis
987 2251 1282 2306 imitatione
1319 2261 1368 2307 et
1405 2253 1758 2307 consensione
1785 2267 1892 2306 non
1930 2267 2077 2307 com-

490 2346 786 2412 municant,
825 2346 1146 2416 quicumque
1184 2360 1280 2414 per
1315 2359 1409 2400 eos
1432 2344 1629 2400 Christi
1673 2343 1942 2414 Baptismo
1979 2345 2076 2400 ba-

490 2437 756 2506 ptizantur
790 2456 803 2491 :
832 2437 954 2508 quia
994 2447 1047 2491 et
1071 2437 1114 2491 si
1146 2451 1244 2506 per
1268 2435 1499 2507 optimos
1525 2434 1937 2506 baptizarentur,
1970 2450 2076 2490 non

476 2529 593 2584 nisi
618 2530 687 2584 ab
717 2530 805 2584 illo
831 2531 923 2600 qui
949 2530 1204 2601 justitieat
1238 2531 1458 2601 impium
1479 2529 1911 2600 justiﬁearentur.
1941 2529 2077 2585 Cre-

489 2621 740 2677 dentibus
766 2623 1034 2693 quippeiu
1074 2623 1305 2694 eumqui
1331 2623 1586 2693 justiﬁcat
1625 2623 1867 2693 impium,
1909 2623 2077 2694 depu-

494 2722 636 2769 tatur
655 2713 789 2770 ﬁdes
805 2715 870 2769 ad
897 2716 1179 2784 justitiam.

566 2807 790 2864 CAPUT
821 2807 1064 2862 XXXIX.
1096 2838 1165 2849 ——
1195 2809 1283 2863 45.
1313 2806 1422 2863 Vos
1446 2817 1645 2877 autem,
1673 2823 1796 2863 eum
1821 2806 2081 2877 objiciun-

493 2908 585 2955 tur
607 2901 756 2955 vobis
798 2901 1217 2967 Maximianistaa,
1256 2911 1612 2959 trecentorum
1657 2911 1711 2958 et
1733 2903 1918 2958 decem
1948 2917 2079 2958 con-

497 2990 603 3044 cilii
639 2989 712 3061 (a)
740 2991 1006 3045 sententia
1045 2992 1317 3055 damnati;
1361 2993 1548 3048 eodem
1585 2993 1812 3046 concilio
1846 3000 1926 3047 tot
1954 3007 2082 3062 pro-

497 3082 828 3147 consulibus,
859 3090 937 3136 tot
973 3081 1153 3137 Gestis
1197 3083 1601 3152 municipalibus
1645 3083 1870 3152 allegato
1907 3098 2083 3152 oppu-

500 3174 644 3243 gnati
666 3175 719 3238 ‘;
747 3173 814 3228 de
841 3173 1078 3228 basilicis
1103 3187 1236 3242 quas
1267 3172 1535 3238 tenebant,
1567 3187 1661 3242 per
1682 3174 1827 3242 jussa
1847 3173 2084 3244 judicum

497 3277 556 3322 et
583 3268 854 3322 civitatum
886 3267 1077 3321 auxilia
1107 3265 1403 3337 proturbati
1423 3267 1478 3330 ’ς
1521 3280 1704 3321 rursus
1730 3282 1760 3321 a
1787 3267 1937 3322 vobis
1959 3282 2084 3323 cum

501 3359 583 3414 eis
616 3373 752 3427 quos
779 3367 926 3413 extra
954 3358 1382 3413 communionem
1408 3368 1640 3414 vestram
1667 3361 2083 3430 baptizaverant,

505 3451 623 3506 sine
663 3451 768 3505 ulla
798 3451 1054 3520 Baptismi
1095 3453 1390 3521 quaestione
1433 3455 1664 3523 suscepti
1711 3463 1765 3509 et
1808 3453 2082 3523 honorati;

505 3542 632 3613 quid
681 3543 1049 3612 respondeatis
1093 3559 1199 3598 non
1246 3543 1514 3600 invenitis.
1563 3545 1838 3602 Sententia
1888 3548 2088 3619 quippe

505 3635 799 3701 vincimini,
852 3651 956 3690 non
995 3651 1146 3704 vera,
1183 3637 1276 3693 sed
1320 3645 1517 3702 vestra,
1558 3653 1660 3708 qua
1686 3641 2006 3696 contenditis
2031 3642 2085 3696 in

504 3729 692 3787 eadem
724 3731 1100 3787 communione
1141 3731 1629 3797 Sacramentorum,
1680 3733 1814 3789 alios
1861 3735 2087 3790 aliorum

507 3822 682 3892 perire
710 3822 1042 3888 criminibus,
1071 3831 1127 3878 et
1147 3822 1307 3877 talem
1333 3836 1600 3893 quemque
1628 3837 1766 3889 esse,
1807 3825 1980 3894 qualis
2007 3834 2090 3881 est

505 3914 670 3972 homo
695 3931 728 3971 a
766 3932 870 3986 quo
901 3915 1059 3971 fuerit
1083 3916 1416 3986 baptizatus;
1453 3918 1498 3973 si
1525 3931 1747 3982 nocens,
1775 3926 2089 3985 nocentem;

506 4009 552 4063 si
577 4009 855 4076 innocens,
883 4011 1237 4065 innocentem.
1279 4009 1410 4076 Quae
1450 4011 1495 4064 si
1519 4025 1644 4066 vera
1673 4019 1817 4075 sunt,
1856 4021 1916 4067 ut
1958 4012 2091 4068 alios

505 4100 924 4157 inntnnerabiles
949 4102 1214 4167 omittam,
1238 4101 1744 4158 Maximianistarum
1771 4113 1935 4174 certe,
1959 4119 2094 4176 quo-

509 4206 626 4244 rum
655 4193 830 4246 scelus
855 4206 1022 4262 usque
1041 4191 1106 4245 a'd
1129 4193 1340 4246 illorum
1364 4194 1763 4250 similitudinem
1789 4213 1922 4266 quos
1943 4198 2092 4256 vivos

509 4289 650 4336 tem
675 4283 906 4347 nodi-it,
939 4284 990 4336 in
1019 4292 1130 4338 tam
1159 4299 1445 4339 numeroso
1481 4287 1713 4341 concilio
1735 4289 1896 4343 vestri
1927 4305 2091 4360 exag-

501 4381 779 4444 gerarunt,
821 4387 917 4428 vos
957 4375 1181 4428 crimina
1217 4375 1582 4444 perdiderunt.
1627 4375 1683 4432 Si
1709 4388 1884 4434 autem
1922 4380 2091 4435 Maxi-

505 4467 875 4522 mianistarum
899 4465 1128 4522 crimina
1156 4481 1252 4522 vos
1279 4482 1386 4521 non
1419 4467 1792 4536 perdiderunt;
1820 4470 1950 4526 falsa
1970 4481 2094 4527 sunt

507 4573 629 4627 qua:
651 4559 727 4612 ita
753 4559 985 4625 sentitis,
1013 4569 1068 4614 et
1097 4561 1266 4616 multo
1290 4560 1468 4615 minus
1491 4560 1673 4615 nescio
1695 4576 1816 4631 qua!
1843 4577 1945 4618 non
1971 4578 2096 4632 pro-

512 4648 633 4704 bata
663 4650 886 4706 cr‘nsina
926 4651 1169 4707 Afrorum
1213 4653 1400 4708 orbem
1446 4663 1706 4708 terrarum
1753 4654 1972 4723 perdere
1999 4669 2096 4726 po-

511 4751 746 4799 tuerunt.
765 4745 840 4800 Ae
855 4759 957 4816 per
977 4744 1100 4811 hoc,
1125 4745 1261 4800 sicut
1279 4746 1464 4801 scribit
1485 4746 1792 4816 Apostolus,
1813 4745 2096 4818 (Immonis-

504 4851 608 4906 ηαδ
646 4852 791 4890 suam
835 4837 1086 4890 sarcinam
1134 4846 1300 4906 portat
1347 4836 1543 4907 (Galat.
1571 4852 1644 4901 τι,
1678 4836 1734 4907 5)
1765 4855 1779 4890 :
1805 4845 1862 4892 et
1897 4837 2095 4894 nullius

513 4937 597 4984 est
624 4929 928 4998 Baptismus
967 4928 1189 4995 Christi,
1229 4930 1328 4983 nisi
1365 4927 1607 4985 Christi:
1635 4939 1693 4986 et
1735 4928 1930 4985 fmstra
1970 4945 2094 5000 pro-

514 5021 678 5076 mittit
699 5022 993 5078 Petilianus
1015 5037 1087 5077 ex
1114 5022 1216 5079 hoc
1238 5022 1382 5094 quod
1403 5023 1469 5075 de
1500 5023 1898 5080 Maximianistis
1923 5025 2095 5081 inten-

513 5116 711 5183 dimus,
753 5116 804 5170 in
846 5116 1084 5171 secundo
1113 5116 1250 5172 libro
1276 5130 1396 5171 esse
1417 5115 1704 5182 dicturum,
1753 5117 1914 5171 nimis
1955 5118 2097 5174 male

513 5208 749 5262 sentiam
771 5206 840 5262 de
865 5207 1118 5262 cordibus
1159 5205 1439 5272 humanis,
1465 5205 1619 5276 quasi
1654 5220 1760 5260 non
1805 5207 2097 5279 intelligant

513 5315 636 5354 eum
663 5314 767 5355 non
794 5299 996 5355 habere
1025 5299 1150 5369 quid
1173 5300 1333 5354 dicat.

581 5390 809 5447 CAPUT
832 5390 1035 5446 XL..—
1055 5391 1142 5445 t6.
1173 5390 1304 5446 Nam
1334 5391 1379 5444 si
1415 5389 1738 5462 Baptismus,
1765 5406 1922 5461 quem
1953 5391 2098 5447 Prae-

515 5489 746 5537 textatus
775 5491 828 5538 et
853 5483 1150 5539 Felicianus
1179 5483 1230 5538 in
1273 5483 1575 5538 Maximiani
1600 5485 1972 5540 communione
1993 5486 2096 5540 mi-

475 5689 481 5702 “
578 5695 594 5726 ι
621 5701 696 5764 In).
743 5695 888 5764 Lugd.
923 5703 1299 5764 Ven._Lov.-sic
1331 5699 1506 5764 legunt
1525 5700 1656 5751 hunc
1680 5699 1845 5764 locum
1879 5714 1891 5750 :
1921 5700 2098 5764 Eadem

515 5755 718 5808 concilio
733 5763 795 5828 tot
812 5755 1176 5868 parcenstdibus
1191 5770 1233 5814 et
1253 5770 1317 5813 tot
1339 5755 1485 5814 GEstis
1508 5762 1874 5828 municipalibus
1895 5762 2098 5828 allegato

1079 5890 1380 5949 Castigantur
1405 5902 1466 5940 ex
1489 5889 1845 5952 mima-ipim.

576 5944 650 6009 (a)
674 5944 928 6009 Bagaitani.

1363 469 1632 528 CONTRA
1675 467 2011 526 LITTERAS
2052 466 2424 536 PETILIANI,
2467 470 2524 526 S.
2567 471 2930 528 AUGUS’l‘lNl

3649 481 3752 537 372

2180 587 2558 653 nistravernnt,
2607 585 2819 644 illorum
2858 589 2990 657 fuit;
3023 603 3118 648 tur
3141 607 3172 649 a
3196 594 3368 665 vobis,
3410 595 3464 652 in
3503 595 3584 654 eis
3623 613 3750 670 quos

2175 679 2595 750 baptizaverunt,
2626 690 2878 753 tanquam
2903 683 3099 741 Christi
3126 699 3403 760 susceptus
3439 691 3561 747 est?
3582 690 3639 748 Si
3664 707 3755 749 au-

2178 781 2286 826 tem
2309 789 2431 828 vere
2450 763 2647 829 Christi
2675 784 2776 842 est,
2807 777 2960 831 sicuti
2985 786 3087 847 est,
3119 794 3216 834 nec
3241 781 3318 836 eis
3346 782 3604 852 prodesse
3629 799 3752 856 pos-

2176 875 2276 929 set,
2310 866 2397 936 qui
2425 882 2546 922 eum
2569 869 2924 925 cum'scelere
2945 872 3245 929 schismatis
3267 873 3609 942 habuissent;
3633 879 3754 952 quid

2174 971 2271 1011 vos
2296 958 2535 1027 potuisse
2559 960 2734 1016 dicitis
2765 973 3019 1032 praestare
3059 965 3184 1033 illis,
3233 983 3364 1038 quos
3407 983 3529 1022 cum
3566 969 3752 1026 eodem

2173 1047 2448 1117 Baptismo
2477 1052 2802 1120 suscepistis,
2835 1055 2933 1108 nisi
2965 1063 3022 1108 ut
3053 1071 3146 1125 per
3180 1057 3448 1114 vinculum
3493 1061 3641 1130 pacis
3666 1060 3752 1115 de.

2175 1139 2284 1193 leto
2332 1142 2554 1195 crimine
2597 1143 2872 1199 sceleratae
2913 1145 3189 1202 divisionis
3217 1189 3234 1214 ,
3281 1165 3384 1204 non
3439 1160 3754 1220 cogerentur

2175 1233 2342 1286 sancti
2367 1231 2559 1288 lavacri
2589 1233 2989 1291 Sacramentum
3020 1238 3259 1307 accipere
3286 1240 3433 1309 quasi
3466 1255 3570 1294 non
3599 1241 3762 1295 habe

2176 1332 2319 1389 rent,
2351 1324 2446 1379 sed
2471 1325 2608 1380 sicut
2635 1335 2750 1382 erat
2791 1337 2947 1382 antea
2991 1329 3368 1398 perniciosum,
3413 1332 3482 1386 ita
3523 1331 3630 1386 illis
3652 1333 3758 1402 jam

2176 1418 2310 1475 utile
2339 1435 2461 1475 esse
2486 1420 2746 1490 inciperet
2771 1423 2913 1493 quod
2937 1422 3233 1479 baberent?
3268 1426 3374 1479 Aut
3400 1425 3446 1480 si
3475 1426 3577 1480 hoc
3608 1427 3686 1481 eis
3711 1427 3759 1482 in

2178 1520 2356 1566 vestra
2383 1513 2756 1568 communione
2786 1515 3080 1584 praestitum
3110 1531 3214 1569 non
3237 1524 3336 1584 est,
3363 1517 3485 1586 quia
3505 1533 3608 1572 nec
3628 1534 3760 1587 pra:-

2177 1601 2307 1657 stari
2339 1601 2690 1659 schismaticis
2709 1605 2848 1673 apud
2879 1604 3245 1660 schismaticos
3291 1616 3506 1676 posset;
3547 1607 3646 1662 hoc
3679 1618 3758 1664 ta-

2171 1710 2301 1752 men
2327 1695 2480 1752 vobis
2526 1696 2579 1750 in
2619 1697 2877 1752 catholica
2922 1697 3292 1754 communione
3319 1707 3621 1768 pra-statur,
3655 1716 3758 1755 non

2178 1797 2238 1842 ut
2259 1789 2588 1858 Baptismum
2617 1791 2886 1862 accipiatis
2907 1793 3055 1861 quasi
3084 1791 3219 1846 desit
3247 1791 3418 1857 vobis,
3445 1793 3537 1848 sed
3566 1802 3625 1848 ut
3650 1792 3761 1864 ipse

2179 1895 2335 1951 quem
2381 1882 2658 1952 accepistis
2691 1884 2856 1952 prosit
2893 1884 3065 1938 vobis.
3115 1882 3301 1939 Omnia
3343 1886 3539 1955 quippe
3566 1885 3762 1942 Sacra-

2179 1982 2356 2030 menta
2382 1973 2601 2040 Christi,
2634 1991 2738 2029 non
2772 1975 2836 2030 ad
2873 1975 3119 2040 salutem,
3164 1976 3258 2031 sed
3287 1977 3352 2030 ad
3382 1977 3634 2046 iudicium
3665 1977 3761 2031 ba-

2179 2067 2372 2122 bentur
2401 2067 2516 2123 sine
2556 2067 2813 2122 charitate
2853 2069 3072 2123 unitatis
3100 2068 3317 2124 Christi.
3345 2069 3450 2126 Sed
3475 2072 3622 2141 quia,
3661 2087 3762 2128 non

2177 2173 2326 2225 vera,
2343 2157 2451 2213 sed
2476 2168 2652 2214 vestra
2673 2152 2937 2214 sententia
2957 2167 3056 2226 est,
3082 2177 3170 2230 per
3191 2161 3352 2214 nescio
3381 2179 3595 2233 quorum
3617 2163 3636 2194 ¹
3665 2162 3766 2217 Bm

2180 2252 2417 2322 ptismum
2443 2251 2742 2306 traditarum
2772 2254 2978 2325 periisse
3003 2253 3187 2309 Christi
3215 2254 3532 2326 Baptismum
3561 2259 3626 2310 de
3654 2258 3768 2312 orbe

2181 2351 2464 2408 terrarum;
2495 2346 2689 2400 merito
2718 2360 2823 2400 non
2859 2345 3108 2402 invenitis
3136 2347 3262 2419 quid
3291 2348 3664 2419 respondeatis
3703 2351 3770 2408 de

2177 2442 2396 2505 recepto
2424 2433 2697 2506 Baptismo
2732 2434 3260 2494 Maximianistarum.

2253 2527 2342 2582 47.
2373 2526 2564 2584 Videte
2611 2529 2789 2599 itaque
2838 2537 2894 2586 et
2955 2531 3357 2601 vigilantissime
3399 2542 3770 2606 mementote,

2183 2619 2631 2690 quemadmodum
2661 2621 2948 2677 Petilianus
2975 2638 3072 2680 nec
3092 2623 3157 2680 ad
3180 2639 3242 2680 ea
3274 2626 3385 2696 ipsa
3410 2613 3771 2698 responderit,

2185 2725 2303 2780 qua:
2331 2711 2430 2766 sibi
2477 2712 2547 2766 ita
2587 2716 2855 2784 pr0ponit,
2889 2714 3032 2770 unde
3072 2715 3274 2787 aliquid
3318 2719 3460 2792 loqui
3505 2721 3771 2778 videatur.

2183 2800 2320 2857 Illud
2359 2812 2539 2860 autem
2583 2806 2709 2860 olim
2757 2807 2960 2864 dimisit
3001 2808 3239 2876 omnino,
3272 2827 3370 2868 nec
3414 2813 3571 2871 nobis
3598 2815 3776 2871 dicere

2183 2894 2374 2964 voluit,
2405 2896 2525 2967 quia
2569 2899 2751 2968 utique
2787 2914 2895 2954 non
2926 2899 3118 2969 potuit,
3159 2917 3257 2958 nec
3292 2918 3457 2973 usque
3497 2905 3566 2959 ad
3615 2906 3774 2961 ﬁnem

2185 2988 2471 3043 voluminis
2507 2989 2588 3044 sui
2611 2991 2898 3060 aliquando
2923 2991 3162 3048 dicturus
3192 3001 3292 3059 est,
3322 2995 3462 3065 quod
3489 3011 3557 3050 ex
3587 2999 3775 3067 primis

2185 3081 2426 3152 partibus
2452 3081 2705 3151 Epistula:
2727 3098 2878 3149 meze,
2907 3086 3054 3154 quasi
3077 3085 3424 3142 refellendum
3449 3103 3778 3144 commemo-

2189 3172 2346 3227 ravit.
2391 3172 2598 3229 Additis
2639 3175 2833 3245 quippe
2879 3177 3041 3230 etiam
3078 3177 3283 3232 duobus
3316 3179 3512 3242 verbis.
3542 3195 3664 3250 quae
3692 3195 3779 3237 me

2189 3264 2538 3331 subtraxisse,
2570 3267 2720 3338 quasi
2750 3267 3036 3324 fortissima
3053 3284 3152 3344 sua
3180 3271 3506 3327 munimenta
3530 3272 3775 3342 iactavit,

2193 3355 2540 3412 nihilominus
2589 3357 2902 3414 imtnunitus
2949 3360 3154 3430 jaccns,
3197 3377 3303 3416 non
3347 3363 3629 3419 inveniens
3655 3365 3780 3436 quid

2190 3448 2530 3519 respondeat,
2561 3465 2680 3505 cum
2721 3454 2994 3522 quaeritur,
3034 3450 3094 3508 Si
3125 3455 3426 3508 conscientia
3449 3466 3628 3510 sancte
3656 3458 3782 3510 dan-

2193 3540 2256 3594 tis
2305 3540 2578 3594 attenditur
2607 3582 2622 3608 ,
2667 3557 2777 3611 qua:
2821 3541 2994 3596 abluat
3033 3543 3342 3613 accipientis,
3385 3545 3520 3600 unde
3556 3547 3626 3601 sit
3671 3551 3781 3620 ejus

2191 3635 2442 3689 abluenda
2483 3635 2805 3702 conscientia,
2861 3635 2946 3704 qui
2983 3634 3232 3706 pollutam
3278 3640 3636 3694 conscientiam
3683 3659 3782 3696 non

2192 3735 2363 3780 sancte
2397 3725 2565 3779 dantis
2591 3725 2827 3796 ignorat;
2853 3734 2900 3779 et
2923 3726 2968 3780 si
3007 3727 3120 3798 quis
3146 3727 3298 3796 ﬁdem
3325 3729 3486 3784 sciens
3525 3747 3557 3782 α
3585 3731 3782 3800 perﬁdo

2194 3817 2483 3888 sumpserit,
2521 3833 2621 3871 non
2651 3815 2802 3886 ﬁdem
2833 3817 3069 3889 percipit,
3095 3819 3184 3874 sed
3213 3829 3428 3888 reatum,
3467 3823 3604 3875 unde
3632 3823 3783 3892 ﬁdem

2194 3920 2487 3983 accepturus
2513 3911 2597 3976 sit,
2649 3926 2750 3965 non
2790 3920 3002 3977 reatum,
3047 3914 3135 3984 qui
3177 3915 3400 3969 nesciens
3434 3915 3732 3986 baptizatur
3755 3934 3786 3971 a

2195 4003 2390 4075 perﬁdo
2411 4002 2508 4058 :ad
2535 4002 2640 4060 hoc
2662 4018 2782 4058 eum
2805 4002 2912 4074 jam
2934 4004 3023 4060 diu
3048 4021 3114 4062 ex
3136 4021 3240 4078 quo
3255 4008 3507 4079 loquitur,
3536 4009 3674 4066 nihil
3699 4026 3784 4067 re-

2193 4095 2474 4166 spondisse
2500 4094 2838 4152 manifestum
2868 4105 2970 4153 est.

2267 4186 2355 4243 48.
2383 4186 2646 4258 Deinceps
2683 4187 2920 4258 perrexit
2960 4203 3056 4245 ore
3097 4189 3360 4246 maledico
3401 4191 3456 4247 in
3502 4192 3783 4267 vitupera-

2193 4279 2394 4335 tionem
2450 4280 2896 4336 monasteriorum
2951 4289 3005 4335 et
3069 4283 3448 4341 monachorum
3482 4327 3496 4352 ,
3550 4302 3786 4359 arguens

2197 4370 2357 4425 etiam
2386 4385 2491 4436 me,
2519 4369 2658 4442 quod
2682 4369 2785 4426 hoc
2804 4385 2972 4442 genus
2991 4370 3114 4428 vita:
3139 4387 3167 4427 a
3193 4389 3282 4430 me
3303 4373 3462 4432 fuerit
3481 4376 3784 4434 institutum

2170 4459 2293 4533 _(a).
2320 4461 2474 4530 Quod
2522 4476 2691 4532 genus
2731 4463 2857 4517 vitae
2898 4464 3116 4518 omnino
3144 4466 3303 4535 quale
3341 4468 3430 4535 sit,
3461 4471 3669 4537 nescit;
3704 4467 3785 4526 vel

2195 4551 2374 4624 potius
2403 4560 2514 4608 toto
2555 4553 2686 4609 orbe
2727 4553 3062 4609 notissimum
3108 4557 3319 4613 nescire
3358 4573 3416 4613 se
3461 4557 3631 4630 ﬁngit.
3661 4561 3786 4616 Inde

2195 4661 2448 4703 asserens
2472 4661 2556 4703 me
2594 4645 2813 4712 dixisse,
2861 4645 3132 4705 Christum
3161 4665 3278 4707 esse
3317 4652 3625 4721 baptistam,
3665 4655 3789 4711 sub-

2195 4738 2327 4810 jecit
2370 4740 2530 4794 etiam
2577 4737 2822 4809 quaedam
2850 4740 3009 4795 verba
3058 4757 3122 4798 ex
3153 4741 3390 4812 Epistola
3441 4758 3581 4811 mea,
3635 4747 3786 4816 quasi

2199 4831 2303 4888 hoc
2323 4847 2387 4887 cx
2413 4846 2533 4887 mea
2553 4833 2812 4888 sententia
2839 4832 3084 4901 dixerim,
3103 4835 3245 4906 quod
3267 4851 3330 4890 ex
3347 4847 3520 4892 vestra
3543 4848 3596 4894 et
3619 4840 3789 4911 ipsius

2199 4924 2332 4994 dixi,
2366 4935 2420 4982 et
2443 4926 2808 4997 copiosissima
2839 4929 3115 4983 atrocitate
3145 4928 3387 4986 invectus
3413 4939 3513 4997 est,
3546 4935 3703 5002 quasi
3739 4935 3788 4988 in

2201 5031 2287 5072 me
2314 5017 2404 5088 qui
2424 5016 2527 5072 hoc
2553 5016 2815 5081 dixerim;
2839 5031 2960 5072 cum
2984 5017 3070 5072 illa
3106 5034 3261 5088 quam
3289 5021 3660 5090 reprehendit,
3690 5039 3790 5078 non

2202 5109 2272 5165 sit
2311 5125 2452 5176 mea,
2485 5109 2576 5164 sed
2607 5108 2773 5178 ipsius
2801 5119 2855 5164 et
2892 5118 3065 5164 vestra
3113 5115 3404 5178 sententia;
3445 5111 3586 5182 quod
3633 5115 3789 5184 paulo

2200 5210 2323 5280 post
2377 5201 2627 5268 dilucide,
2678 5210 2933 5271 quantum
2987 5202 3238 5270 valuero,
3283 5203 3668 5260 demonstrabo
3691 5207 3790 5278 (ὁ).

2202 5294 2404 5350 Deinde
2431 5304 2652 5348 conatus
2683 5304 2767 5350 est
2808 5311 2909 5352 nos
2944 5295 3144 5352 docete
3179 5297 3366 5352 multis
3403 5307 3460 5354 et
3501 5300 3794 5368 superﬂuis

2200 5384 2401 5450 verbis,
2431 5384 2572 5456 quod
2604 5399 2708 5441 non
2740 5382 2984 5443 Christus
3021 5387 3272 5458 baptizet,
3305 5387 3399 5444 sed
3442 5389 3495 5446 in
3526 5389 3647 5460 ejus
3695 5406 3795 5448 no-

2201 5478 2346 5533 mine
2371 5477 2688 5549 baptizemr,
2719 5479 2880 5533 simul
2925 5487 2980 5534 et
3027 5479 3200 5533 Patris
3223 5489 3282 5535 et
3319 5477 3438 5534 Filii
3469 5489 3525 5536 et
3559 5480 3795 5550 Spiritus

2203 5573 2389 5640 sancti,
2421 5571 2488 5629 de
2512 5587 2614 5644 qua
2645 5573 2757 5644 ipsa
2781 5571 3040 5628 Trinitate
3071 5571 3203 5628 dixit
3221 5573 3314 5629 vel
3340 5573 3479 5643 quod
3509 5573 3682 5630 voluit
3705 5575 3793 5631 vel

2203 5665 2342 5737 quod
2373 5665 2566 5737 potuit,
2595 5663 2850 5721 Christum
2870 5680 2979 5719 esse
3010 5665 3228 5719 medium
3263 5661 3546 5722 Τείκὶωὲς.
3573 5666 3711 5722 Inde
3725 5666 3796 5721 de

2265 5825 2745 5902 ἷὲίὲἋεδξλὶςὲκίε
3053 5837 3276 5902 ηιξϊηητ

2263 5890 2340 6014 8;
2363 5890 2479 5974 vide
2493 5889 2756 5962 {fasciatim
2777 5890 2828 5938 in
2852 5887 2957 5938 Vita
2971 5887 3234 5965 augustini,
3257 5899 3398 5952 capt).
3419 5888 3472 5950 δ,
3490 5887 3566 5938 tt.

2366 5952 2479 6002 vide
2502 5951 2645 6014 mira,
2667 5963 2772 6016 cap.
2793 5950 2872 6013 45,
2896 5963 2948 6000 n.
2967 5951 3046 6002 Μ.
