3998 6462
261 441 364 502 573

264 555 476 616 nomine
503 554 740 614 Simonis
767 564 822 612 et
846 552 1069 629 Barjesu
1093 556 1112 589 ί
1138 569 1415 635 magorum
1446 555 1671 630 ingessit
1697 556 1850 614 nobis

262 664 392 722 quas
419 664 546 705 eum
570 649 719 704 libuit
753 648 1122 705 contumelias.
1154 646 1284 705 Inde
1326 648 1504 721 Optati
1549 647 1857 723 Thamuga-

262 743 441 801 densis
468 756 687 810 causam
725 739 1053 813 pedetentim
1079 741 1434 817 suspendens,
1465 756 1532 797 ne
1563 741 1706 797 illius
1730 757 1854 814 per.

263 832 575 890 funderetur
602 832 823 901 invidia,
852 847 962 888 non
991 846 1070 899 se,
1112 845 1213 887 nec
1235 845 1361 887 suos
1400 830 1467 888 de
1495 831 1587 888 illo
1611 830 1854 903 judicare

260 925 497 998 potuisse
519 942 534 984 :
559 933 615 980 et
639 924 693 979 in
721 938 788 980 eo
811 924 930 996 ipso
958 938 1057 980 nos
1084 921 1420 992 insimulans,
1442 922 1585 997 quod
1610 921 1744 978 meis
1762 922 1855 980 ille

261 1016 688 1089 suggestionibus
714 1030 932 1087 pressus
951 1016 1043 1072 sit.

328 1107 557 1165 CAPUT
586 1105 723 1163 XLI.
752 1138 822 1147 —
846 1106 935 1162 t9.
967 1107 1245 1163 Postremo
1264 1105 1528 1163 conclusit
1550 1104 1845 1177 Epistolam

258 1218 381 1260 suos
410 1203 703 1259 exhortans
728 1210 783 1257 et
819 1217 1046 1257 mouens
1072 1216 1139 1256 ne
1164 1199 1497 1271 decipiantur
1535 1214 1564 1253 a
1591 1198 1766 1265 nobis,
1795 1206 1853 1255 et

257 1302 472 1349 nostros
498 1292 687 1349 dolens
710 1292 851 1365 quod
876 1308 968 1347 eos
989 1292 1200 1366 pejores
1219 1308 1376 1363 quam
1417 1292 1625 1347 fuerant
1660 1291 1848 1348 feceri-

254 1400 393 1440 mus.
422 1384 520 1440 Ilis
546 1386 708 1458 igitur
727 1383 1007 1455 diligenter
1023 1383 1374 1441 consideratis
1385 1391 1544 1457 atque
1569 1384 1847 1452 discussis,

256 1476 392 1550 quod
424 1493 492 1534 ex
522 1493 585 1533 ea
612 1479 730 1549 ipsa
760 1477 996 1550 Epistola
1015 1494 1172 1549 quam
1204 1478 1437 1549 scripsit,
1469 1478 1597 1534 satis
1619 1476 1851 1535 dilucide

255 1578 494 1638 apparet,
522 1569 813 1624 Petilianus
831 1585 933 1625 non
962 1569 1237 1642 respondit
1258 1569 1477 1625 omnino
1495 1569 1563 1623 ad
1584 1570 1685 1624 hoc
1706 1568 1849 1641 quod

252 1660 305 1715 in
326 1660 568 1732 Epistola
595 1677 715 1716 mea
755 1663 998 1733 primitus
1025 1663 1200 1733 posui,
1229 1661 1274 1717 si
1300 1660 1749 1733 quemadmodum
1770 1660 1852 1717 di-

251 1751 342 1819 cit,
367 1754 673 1808 conscientia
702 1752 889 1821 dantis,
916 1754 998 1810 vel
1027 1754 1224 1826 potius,
1248 1763 1305 1808 ut
1329 1753 1518 1809 addam
1558 1752 1699 1824 quod
1731 1769 1847 1809 ma-

249 1859 410 1916 gnum
444 1844 840 1902 firmamentum
872 1854 1038 1915 putat,
1076 1846 1121 1900 si
1156 1845 1458 1901 conscientia
1481 1856 1654 1900 sancte
1680 1846 1848 1901 dantis

250 1937 547 2006 attenditur,
584 1955 698 2013 quae
724 1939 897 1993 abluat
924 1938 1235 2009 accipientis,
1277 1936 1420 1993 unde
1457 1936 1754 1993 ablueudus
1777 1937 1849 1994 sit

248 2031 336 2100 qui
365 2030 562 2103 accipit
590 2028 941 2102 Baptismum,
974 2044 1095 2085 cum
1116 2030 1160 2084 si
1190 2028 1367 2084 dantis
1387 2028 1714 2083 conscientia
1740 2028 1846 2099 pol-

246 2122 355 2178 luta
381 2130 486 2193 est,
514 2131 830 2193 accepturus
857 2124 1083 2195 ignorat.
1113 2120 1268 2179 Unde
1295 2137 1401 2177 non
1438 2120 1737 2177 mirandum
1761 2130 1844 2178 est

246 2214 519 2270 hominem
571 2229 671 2288 pro
716 2214 948 2273 falsitate
1000 2213 1337 2269 resistentem
1365 2253 1383 2282 ,
1428 2227 1672 2284 pressum
1710 2227 1841 2271 con-

247 2308 595 2364 travenientis
625 2306 858 2364 veritatis
886 2307 1166 2379 angustiis,
1212 2306 1399 2361 insana
1446 2305 1620 2377 potius
1671 2306 1841 2362 anhe-

244 2401 384 2458 Iasse
413 2401 680 2470 convicia,
711 2418 869 2481 quam
914 2418 1036 2457 eum
1067 2400 1158 2456 illa
1182 2416 1301 2472 qute
1330 2398 1472 2455 vinci
1515 2415 1621 2454 non
1664 2406 1842 2470 potest

244 2491 519 2548 ambulare
550 2492 805 2549 voluisse.

311 2583 400 2639 50.
433 2583 586 2638 Nunc
606 2584 739 2655 jam,
768 2583 1012 2651 obsecro,
1044 2581 1227 2655 paucis
1256 2581 1492 2637 animum
1518 2579 1780 2636 intendite
1811 2621 1827 2647 ,

243 2683 297 2732 ut
326 2675 476 2731 vobis
502 2674 633 2747 quid
662 2675 918 2740 timuerit,
952 2684 1009 2729 ut
1036 2673 1103 2729 ad
1149 2674 1250 2729 hoc
1287 2687 1395 2729 non
1442 2673 1833 2743 responderet,

242 2766 516 2823 evidenter
538 2766 839 2836 ostendam,
871 2776 927 2823 et
968 2765 1111 2838 quod
1139 2765 1431 2823 obscurare
1460 2776 1683 2821 conatus
1708 2775 1791 2821 est
1819 2807 1834 2834 ,

242 2860 297 2915 in
318 2860 493 2917 lucem
512 2859 804 2932 proferam.
827 2858 1045 2915 Poterat
1070 2858 1253 2929 utique
1276 2857 1429 2913 nobis
1450 2857 1830 2929 quaerentibus,

248 2952 380 3008 unde
408 2950 709 3009 abluendtss
732 2950 801 3007 sit
825 2949 915 3023 qui
937 2949 1128 3022 accipit
1154 2950 1483 3021 Baptismum
1511 2964 1632 3004 cum
1660 2947 1836 3005 dantis

243 3042 436 3114 polluta
466 3043 796 3099 conscientia
823 3049 926 3110 est,
955 3048 1010 3097 et
1038 3040 1141 3095 hoc
1178 3039 1264 3095 ille
1290 3039 1380 3111 qui
1407 3048 1490 3095 est
1517 3048 1834 3110 accepturus

244 3136 485 3207 ignorat,
540 3135 797 3191 facillime
843 3133 1169 3206 respondere
1196 3175 1211 3202 ,
1254 3133 1301 3189 A
1330 3134 1556 3189 Domino
1587 3132 1735 3198 Deo;
1778 3142 1833 3190 et

242 3233 459 3288 omnino
493 3230 848 3287 fidentissime
874 3229 1058 3284 dicere
1080 3270 1096 3297 ,
1128 3227 1355 3283 Prorsus
1385 3227 1524 3283 Deus
1551 3227 1717 3282 abluit
1744 3242 1833 3283 ac-

240 3326 486 3397 cipientis
505 3324 913 3392 conscientiam,
936 3324 1151 3397 quando
1177 3324 1499 3380 maculosam
1523 3339 1628 3379 non
1650 3332 1833 3380 sancte

239 3414 420 3472 dantis
451 3417 675 3489 ignorat.
707 3414 812 3472 Sed
852 3413 1014 3470 homo
1043 3415 1131 3486 qui
1162 3415 1274 3487 jam
1313 3422 1473 3471 secta:
1514 3423 1705 3470 vestrm
1730 3416 1831 3486 gin-

242 3513 479 3568 tcntione
502 3520 716 3568 coactus
754 3509 930 3566 fuerat
976 3508 1375 3565 mundationem
1422 3507 1732 3579 accipientis
1776 3508 1831 3564 in

240 3603 562 3659 conscientia
590 3600 768 3659 dantis
797 3615 1030 3672 ponere;
1062 3600 1259 3673 quippe
1295 3600 1385 3672 qui
1423 3597 1652 3661 dixerat,
1692 3595 1830 3654 Con-

238 3696 442 3751 scientia
488 3712 706 3768 namque
747 3695 951 3760 dantis,
992 3694 1078 3749 vel
1116 3705 1288 3748 sancte
1312 3693 1480 3748 dantis
1506 3693 1782 3747 attenditur
1809 3735 1826 3760 ,

243 3804 348 3860 qua:
370 3789 546 3844 abluat
578 3788 906 3860 accipientis;
935 3786 1113 3841 timuit
1137 3799 1206 3840 ne
1233 3785 1426 3841 melius
1456 3782 1618 3840 homo
1657 3784 1832 3854 bapti-

243 3883 346 3939 zari
369 3882 643 3938 videretur
656 3878 724 3935 ab
748 3879 956 3935 occulto
982 3874 1203 3934 homine
1230 3878 1391 3945 malo,
1414 3890 1573 3948 quam
1599 3890 1629 3932 a
1656 3872 1830 3930 mani-

240 3971 372 4030 festo
408 3973 630 4029 homine
669 3972 809 4028 bono
855 3990 868 4028 :
915 3980 1039 4026 tunc
1084 3969 1225 4024 enim
1280 3983 1389 4023 non
1432 3980 1461 4022 a
1503 3967 1827 4023 conscientia

240 4075 415 4123 sancte
457 4062 635 4121 dantis
679 4063 913 4119 hominis
941 4104 955 4128 ,
1000 4060 1094 4117 sed
1122 4060 1190 4115 ab
1215 4059 1330 4131 ipsa
1373 4057 1829 4114 excellentissima

240 4157 328 4216 Dei
352 4160 636 4217 sanctitate
671 4163 817 4214 esset
839 4150 1155 4211 abluendns.
1183 4152 1295 4207 Hoc
1313 4166 1440 4222 ergo
1468 4159 1732 4215 metuens,
1762 4164 1830 4206 ne

235 4260 379 4308 tanta
408 4266 535 4309 eum
564 4257 878 4321 sequeretur
915 4243 1241 4310 absurditas,
1275 4244 1359 4299 vel
1402 4243 1578 4313 potius
1604 4241 1827 4297 demen-

236 4344 326 4413 tia,
355 4352 418 4400 ut
440 4358 547 4414 qua
591 4341 798 4413 fugeret
840 4338 1090 4401 nesciret,
1138 4336 1308 4392 noluit
1355 4334 1533 4391 dicere
1582 4332 1721 4389 unde
1759 4333 1830 4390 sit
1906 4370 1913 4373 -

236 4434 543 4507 accipientis
572 4428 835 4489 abluenda
864 4430 1212 4496 conscientia,
1240 4426 1452 4499 quando
1493 4426 1820 4483 maculosam

234 4528 616 4585 conscientiam
664 4539 769 4582 non
818 4532 1003 4580 sancte
1030 4523 1205 4579 dantis
1236 4522 1478 4593 ignorat;
1506 4529 1563 4577 et
1593 4518 1822 4591 litigioso

233 4620 454 4692 strepitu
478 4626 670 4676 cuncta
698 4616 1015 4689 perturbans
1043 4613 1314 4670 occultare
1356 4611 1546 4668 maluit
1587 4611 1713 4681 quid
1758 4611 1825 4666 ab

238 4726 303 4767 eo
327 4719 681 4784 quaereretur,
703 4721 861 4779 quam
892 4705 997 4762 hoc
1014 4704 1340 4776 respondere
1364 4702 1648 4773 quaerenti,
1681 4700 1825 4757 unde

234 4804 408 4858 statim
435 4799 790 4858 sutl‘ocaretur
812 4816 827 4855 :
849 4810 1122 4868 nunquam
1145 4804 1321 4851 tamen
1344 4802 1535 4865 putans
1559 4793 1627 4848 ah
1652 4788 1825 4847 homi-

204 4893 387 4951 .nibns
428 4893 571 4951 bene
613 4890 847 4948 cordatis
886 4888 989 4961 legi
1019 4902 1177 4960 posse
1201 4887 1411 4942 litteras
1453 4894 1687 4948 nostras,
1732 4892 1824 4940 aut

241 4989 298 5045 Ib
316 4988 396 5045 eis
419 4986 528 5059 legi
552 5001 682 5043 suas
702 4984 797 5058 qui
815 4983 1068 5057 legissent
1094 4988 1149 5036 et
1172 4992 1341 5046 meas,
1373 4977 1566 5048 quibus
1592 4986 1823 5045 respon-

247 5081 355 5139 Ict'c
376 5096 439 5138 se
456 5079 643 5137 ﬁnxit.

299 5172 527 5231 CAPUT
562 5169 721 5228 XLII.
749 5201 822 5212 —
849 5170 939 5225 5i.
982 5166 1115 5223 Nam
1146 5164 1249 5221 hoc
1276 5162 1418 5236 quod
1461 5160 1620 5217 modo
1646 5160 1764 5217 dixi
1797 5201 1814 5228 ,

235 5265 281 5322 in
309 5266 399 5323 illa
426 5267 541 5338 ipsa
572 5264 811 5337 Epistola
834 5277 971 5329 mea,
988 5269 1177 5318 contra
1194 5274 1352 5331 quam
1379 5255 1664 5313 scribendo
1687 5256 1822 5314 nihil

233 5358 379 5429 dixit,
410 5357 817 5416 evidentissime
840 5356 1083 5428 positum,
1105 5362 1188 5409 est
1221 5369 1235 5406 :
1262 5360 1318 5407 et
1357 5351 1483 5420 quid
1525 5351 1595 5406 ibi
1625 5351 1815 5423 egerit,

229 5468 430 5525 quaeso,
460 5464 747 5526 parumper
768 5449 1066 5513 advertite;
1098 5452 1153 5502 et
1192 5445 1436 5516 quamvis
1461 5443 1538 5497 illi
1559 5444 1779 5499 iaveatis
1800 5483 1817 5510 ,

228 5561 429 5618 nosque
453 5543 698 5612 oderitis,
724 5542 769 5600 si
792 5540 1017 5615 potestis
1037 5552 1191 5610 aequo
1211 5535 1391 5591 animo
1416 5535 1656 5591 tolerate.
1681 5536 1818 5604 Quia

227 5641 367 5696 enim
408 5636 464 5696 in
504 5638 672 5711 priori
717 5636 956 5708 Epistoia
1008 5647 1141 5699 sua,
1181 5630 1335 5702 cujus
1360 5629 1549 5700 primis
1578 5630 1816 5699 partibus

290 5780 306 5810 ι
333 5786 434 5829 κου
456 5777 780 5833 dubitavimus
802 5774 881 5825 hic
903 5773 1168 5825 restituere
1188 5780 1402 5833 nomen,
1450 5765 1686 5833 Bariesu;
1726 5778 1815 5833 pro

221 5853 321 5904 quo
335 5826 391 5891 m'
402 5826 623 5913 Ξοιῖιιίιῖε
643 5836 886 5913 eodem?
909 5826 1814 5913 reiteeliittamwtzsﬂzétl'

216 5891 360 5965 iitum
378 5891 683 5967 mimus,
714 5899 874 5951 Varia
895 5910 1018 5959 ante.
1058 5903 1114 5946 tn
1136 5895 1352 5954 excusis,
1382 5891 1542 5944 Varia
1559 5903 1578 5953 ;
1598 5892 1812 5954 omisso,

219 5978 346 6017 sum

1619 436 1821 498 LIBER
1857 438 2187 499 TERTIUS.

3439 468 3546 527 δη

1966 573 2083 629 qua:
2126 559 2256 616 solae
2298 561 2350 620 in
2401 580 2591 624 manus
2639 578 2848 628 nostras
2872 579 2999 631 tunc
3033 558 3333 651 venerant,
3374 584 3547 652 primo

1966 652 2365 723 responderem,
2388 656 2460 712 ita
2488 674 2641 732 spem
2665 662 2964 735 baptizandi
2990 668 3226 729 hominis
3248 672 3304 729 in
3328 672 3549 743 homine

1964 744 2268 843 baptisante
2294 749 2560 821 posuaat,
2585 764 2642 810 ut
2660 756 2879 830 diceret,
2901 758 3076 823 Omnis
3092 781 3175 829 res
3199 767 3333 831 enim
3353 771 3548 843 origine

1963 848 2011 894 et
2036 840 2205 933 radice
2226 845 2472 914 consistit,
2503 857 2551 903 et
2577 849 2621 905 si
2648 862 2800 923 caput
2838 870 2939 911 non
2977 856 3124 913 habet
3157 860 3387 933 aliquid,
3416 840 3547 921 nihil

1962 940 2034 986 est
2060 932 2277 1027 (supra,
2301 937 2389 992 lib.
2420 939 2474 1009 i,
2503 956 2618 1013 cap.
2648 944 2702 1015 4,
2729 961 2782 999 n.
2811 946 2876 1017 5,
2905 965 3036 1021 sqq.;
3059 959 3106 1005 et
3134 950 3222 1007 lib.
3242 952 3296 1021 2,
3329 970 3445 1027 cap,
3470 958 3503 1014 5
3525 999 3543 1025 ,

1961 1039 2050 1117 nn.
2082 1024 2173 1117 ρο,
2204 1027 2292 1100 il)
2319 1046 2331 1082 :
2360 1030 2483 1101 quia
2507 1047 2636 1107 ergo
2669 1033 2773 1091 hoc
2812 1036 3105 1097 Petilianus
3136 1024 3400 1117 dixerat,
3435 1024 3545 1105 non

1960 1113 2099 1209 aliud
2124 1118 2312 1174 volens
2346 1121 2566 1194 intelligi
2613 1126 2870 1199 originem
2910 1138 2964 1185 et
3009 1130 3243 1193 radicem
3292 1145 3347 1201 et
3371 1113 3545 1209 caput

1960 1205 2259 1279 baptizandi
2298 1210 2549 1281 hominis,
2600 1217 2701 1272 nisi
2746 1219 3013 1277 hominem
3044 1238 3074 1278 a
3100 1239 3208 1295 quo
3243 1205 3543 1301 baptizare-

1961 1311 2064 1371 tur,
2093 1305 2297 1376 subjeci
2346 1322 2446 1378 ego
2481 1316 2537 1364 et
2572 1307 2721 1366 dixi:
2749 1313 3036 1382 Quwrimus
3074 1317 3241 1389 itaque
3273 1336 3383 1386 nos,
3426 1338 3541 1378 cum

1956 1395 2043 1450 ille
2069 1396 2349 1467 baptizatur
2378 1401 2604 1472 perﬁdus
2631 1402 2769 1470 latet,
2797 1407 2842 1461 si
2870 1416 2985 1465 tunc
3011 1408 3100 1464 ille
3125 1427 3269 1476 quem
3295 1411 3539 1484 baptizat,

1957 1489 2109 1557 ﬁdem
2124 1492 2354 1563 percipit,
2386 1510 2487 1548 non
2516 1504 2729 1564 reatum,
2750 1498 2795 1551 si
2817 1508 2935 1554 tunc
2960 1502 3005 1555 ei
3032 1518 3135 1557 non
3162 1513 3233 1559 est
3258 1503 3540 1575 baptizatur

1956 1581 2065 1653 ejus
2090 1584 2230 1655 origo
2250 1593 2298 1639 et
2321 1586 2471 1639 radiat
2498 1595 2545 1641 et
2573 1597 2746 1663 caput,
2773 1593 2885 1665 quis
2902 1601 2978 1649 est
2995 1611 3027 1649 a
3042 1611 3140 1663 quo
3161 1596 3342 1669 accipit
3362 1598 3539 1667 ﬁdem!

1959 1669 2059 1728 Ubi
2084 1684 2157 1729 est
2182 1677 2323 1747 origo
2358 1678 2420 1731 de
2442 1695 2541 1750 qua
2568 1682 2764 1737 oritur?
2793 1682 2876 1738 ubi
2903 1686 3053 1740 radix
3079 1688 3212 1743 unde
3237 1690 3482 1761 germinat
3511 1692 3539 1747 .’

2063 1777 2213 1838 caput
2239 1769 2371 1824 unde
2398 1771 2614 1842 incipit?
2641 1775 2718 1829 An
2761 1776 2893 1847 forte
2918 1795 3031 1834 cum
3061 1780 3397 1853 baptizantem
3422 1802 3542 1857 per-

1953 1856 2112 1950 ﬁdum
2138 1858 2226 1914 ille
2251 1861 2335 1934 qui
2362 1861 2648 1934 baptizatur
2670 1866 2870 1939 ignorat
2898 1911 2912 1937 ,
2958 1879 3077 1925 tunc
3103 1870 3333 1929 Christus
3358 1856 3445 1929 dat
3470 1877 3543 1950 ﬁ—

1953 1948 2086 2015 dem,
2120 1959 2237 2006 tunc
2273 1953 2499 2009 Christus
2549 1966 2623 2012 est
2655 1960 2795 2032 origo
2837 1970 2884 2015 et
2927 1963 3077 2019 radix
3106 1975 3151 2020 et
3191 1971 3387 2040 caput?
3428 1948 3542 2037 Hoc

1951 2059 2079 2117 ergo
2104 2054 2158 2102 et
2181 2063 2320 2102 nunc
2348 2047 2469 2105 dico
2497 2058 2550 2105 et
2575 2052 2836 2121 exclamo,
2864 2054 3001 2110 sicut
3034 2058 3195 2121 etiam
3228 2060 3335 2116 illic
3359 2061 3541 2117 excla-

1949 2138 2093 2193 mavi
2128 2156 2141 2192 :
2178 2138 2220 2194 0
2246 2139 2467 2195 humana
2496 2143 2750 2198 temeritas
2787 2154 2834 2199 et
2866 2147 3135 2219 superbia!
3163 2166 3255 2204 cur
3293 2168 3393 2207 non
3418 2154 3542 2209 sinis

1950 2233 2117 2303 potius
2144 2243 2197 2287 ut
2223 2251 2420 2306 semper
2444 2233 2674 2293 Christus
2697 2238 2779 2293 det
2810 2238 2985 2310 ﬁdem,
3012 2243 3341 2299 christianum
3369 2246 3542 2301 dando

1949 2324 2215 2394 facturus?
2256 2343 2347 2382 cur
2389 2346 2490 2385 non
2537 2330 2662 2386 sinis
2700 2340 2752 2385 ut
2790 2349 2986 2406 semper
3021 2335 3087 2390 sit
3125 2336 3354 2394 Christus
3399 2340 3542 2417 origo

1948 2418 2230 2489 christiani,
2258 2420 2312 2475 in
2336 2419 2533 2477 Christo
2560 2423 2783 2478 radicem
2828 2426 3134 2482 christianus
3158 2428 3359 2503 inﬁgat,
3388 2429 3540 2486 Chri-

1948 2522 2055 2567 stus
2101 2513 2363 2568 christiani
2407 2515 2473 2570 sit
2514 2517 2706 2588 caput?
2755 2516 2935 2591 Neque
2970 2522 3103 2575 enim
3130 2522 3280 2577 etiam
3306 2540 3418 2595 cum
3446 2541 3541 2597 per

1945 2617 2173 2661 sanctum
2202 2618 2249 2663 et
2273 2606 2476 2678 ﬁdelem
2496 2609 2895 2680 dispensatorem
2923 2615 3090 2686 gratia
3124 2616 3407 2687 spiritualis
3428 2635 3538 2687 cra-

1946 2698 2174 2755 dentibus
2200 2700 2510 2772 imper-titur,
2542 2701 2858 2774 dispensator
2895 2682 3005 2777 ipse
3034 2682 3306 2778 justiﬁeat,
3341 2725 3402 2763 ac
3432 2682 3537 2773 non

1944 2793 2032 2848 ille
2064 2811 2195 2848 unus
2224 2795 2287 2849 de
2321 2812 2418 2866 quo
2451 2797 2641 2851 dictum
2666 2806 2753 2864 est,
2785 2798 2923 2871 quod
2954 2818 2974 2852 ι
2998 2798 3248 2873 justiﬁcat
3273 2803 3485 2877 impium
3507 2822 3527 2856 ι

1948 2885 2122 2959 (Rom.
2148 2904 2219 2953 iv,
2252 2888 2331 2959 5).
2372 2890 2472 2943 Aut
2502 2907 2617 2945 vero
2647 2893 2906 2961 apostolus
2946 2892 3144 2951 Paulus
3170 2905 3277 2951 erat
3305 2906 3459 2969 caput
3485 2906 3536 2953 et

1943 2980 2084 3051 origo
2111 2997 2282 3035 eorum
2318 2999 2442 3053 quos
2481 2984 2824 3055 plantaverat,
2855 2996 2945 3043 aut
2971 2987 3155 3060 Apollo
3183 2990 3335 3046 radix
3360 3007 3536 3057 eorum

1941 3088 2066 3144 quos
2095 3075 2361 3143 rigaverat,
2390 3091 2451 3133 ac
2476 3091 2575 3130 non
2603 3076 2691 3130 ille
2710 3077 2795 3148 qui
2814 3078 2887 3133 eis
2905 3079 3266 3137 incrementum
3287 3083 3537 3155 dederat:

1942 3178 2058 3215 cum
2105 3162 2239 3217 idem
2283 3164 2459 3233 dicat,
2502 3185 2521 3218 ί
2556 3165 2668 3240 Ego
2695 3169 2938 3240 plantaui,
2989 3172 3172 3243 Apollo
3200 3174 3414 3246 rigavit;
3444 3175 3535 3231 sed

1943 3253 2081 3310 Deus
2138 3256 2494 3312 incrementum
2543 3260 2678 3313 dedit
2725 3276 2743 3315 :
2788 3261 2958 3332 itaque
3000 3281 3157 3335 neque
3192 3266 3278 3337 qui
3334 3267 3535 3338 plantat

1940 3347 2231 3419 estaliquid
2250 3390 2264 3413 ,
2307 3366 2466 3421 neque
2495 3352 2583 3423 qui
2617 3353 2781 3423 rigat;
2810 3355 2899 3410 sed
2925 3356 3013 3426 qui
3054 3354 3415 3417 incrementum
3444 3360 3535 3429 dat

1940 3437 2078 3495 Deus
2112 3458 2132 3492 ι
2168 3439 2225 3511 (l
2252 3439 2370 3495 Cor.
2400 3458 2479 3510 tu,
2510 3442 2564 3511 6,
2595 3443 2695 3514 7)?
2726 3443 2835 3499 Nec
2859 3445 3010 3501 radio:
3038 3464 3213 3503 eorum
3241 3460 3348 3509 erat
3374 3449 3482 3522 ipse
3512 3492 3529 3519 ,

1938 3531 2028 3589 sed
2054 3530 2139 3587 ille
2168 3535 2334 3602 potius
2360 3535 2447 3606 qui
2480 3535 2581 3601 ait,
2616 3555 2635 3588 ι
2678 3535 2788 3608 Ego
2818 3554 2928 3591 sum
2972 3538 3106 3605 vitis,
3150 3555 3237 3596 vos
3274 3543 3391 3605 estis
3412 3558 3529 3598 sor-

1939 3634 2105 3687 ntenta
2135 3645 2153 3678 ι
2184 3624 2361 3696 (Joan.
2403 3641 2489 3693 xv,
2536 3624 2616 3698 5).
2661 3626 2824 3699 Caput
2869 3629 3016 3683 etiam
3056 3646 3232 3686 eorum
3278 3634 3531 3703 quomodo

1937 3736 2041 3774 esse
2069 3730 2285 3791 poterat,
2314 3738 2427 3775 cum
2456 3721 2609 3787 dicat,
2640 3738 2731 3776 nos
2751 3723 2932 3779 multos
2953 3740 3110 3777 unum
3134 3741 3240 3780 esse
3263 3743 3448 3796 corpus
3475 3728 3531 3781 in

1938 3815 2158 3883 Christo,
2187 3817 2447 3886 ipsumque
2470 3816 2724 3873 Christum
2752 3829 2904 3889 caput
2922 3836 3027 3877 esse
3042 3822 3262 3877 universi
3280 3825 3527 3895 corporis,

1937 3908 2164 3979 pluribus
2204 3906 2326 3963 locis
2368 3910 2681 3980 apertissime
2704 3911 2988 3981 praedicet?
3022 3913 3341 3986 Quapropter
3364 3917 3465 3979 siue
3493 3934 3528 3971 a

1937 3999 2079 4068 ﬁdeli
2103 4000 2205 4053 sive
2224 4018 2254 4053 a
2276 4001 2471 4070 perﬁdo
2496 4001 2841 4071 dispensatore
2876 4014 3243 4061 sacramentum
3276 4004 3528 4079 Baptismi

1936 4090 2141 4160 quisque
2159 4090 2422 4161 percipiat,
2450 4107 2563 4160 spes
2585 4092 2630 4144 ei
2649 4093 2813 4148 onmis
2837 4093 2889 4149 in
2915 4092 3113 4150 Christo
3136 4096 3220 4167 sit,
3250 4112 3313 4155 ne
3331 4097 3396 4152 sit
3411 4114 3528 4164 gnta-

1936 4179 2149 4234 ledictus
2176 4181 2262 4251 qui
2285 4198 2423 4251 spem
2452 4198 2597 4236 suam
2622 4184 2764 4253 ponit
2788 4182 2842 4238 in
2868 4184 3067 4240 homine
3090 4181 3316 4261 (Supra,
3347 4187 3437 4251 lib.
3469 4190 3524 4259 1,

1936 4288 2049 4342 cap.
2083 4271 2136 4339 5,
2162 4289 2250 4328 nn.
2281 4272 2332 4337 6,
2366 4272 2443 4345 7).

2005 4362 2233 4420 CAPUT
2273 4364 2453 4420 XLIII.
2482 4397 2553 4407 —
2580 4362 2668 4422 52.
2699 4365 2825 4423 Haec
2850 4382 2949 4440 ego
2975 4367 3029 4424 in
3052 4364 3289 4442 Epistola
3321 4371 3522 4444 priore,

1934 4470 2058 4513 cum
2097 4452 2360 4514 Petiliano
2398 4458 2806 4531 responderem,
2836 4469 2966 4532 puto
2988 4461 3111 4532 quia
3133 4472 3187 4518 et
3211 4463 3443 4520 dilucide
3471 4474 3528 4535 et

1934 4551 2197 4607 veraciter
2222 4550 2396 4621 posui.
2435 4550 2560 4607 llaec
2586 4551 2746 4608 etiam
2766 4569 2910 4609 nunc
2928 4555 3364 4626 commemoravi,
3394 4554 3526 4616 illud

1934 4642 2209 4699 insinuans
2246 4653 2406 4715 atque
2431 4643 2834 4715 commendans,
2868 4654 2927 4700 ut
2949 4646 3169 4704 omnino
3196 4661 3321 4718 spes
3342 4628 3523 4708 nostra

1933 4751 2037 4791 non
2068 4734 2137 4792 sit
2162 4736 2215 4792 in
2244 4733 2491 4805 homine,
2526 4738 2800 4810 Deumque
2826 4738 3096 4796 Christum
3125 4740 3521 4808 mundatorem,

1929 4824 2335 4901 justificatorem
2366 4829 2642 4885 hominum
2668 4846 2787 4887 esse
2817 4830 3099 4889 credamus
3121 4874 3137 4901 ,
3183 4833 3519 4890 credentium

1931 4918 1984 4973 in
2009 4934 2130 4975 eum
2153 4919 2239 4991 qui
2254 4920 2508 4990 justifieat
2529 4921 2770 4992 impium,
2794 4932 2850 4977 ut
2869 4923 3154 4995 deputetur
3177 4922 3311 4980 fides
3334 4940 3519 4981 eorum

1930 5011 1997 5067 ad
2021 5009 2304 5081 justitiam,
2346 5012 2458 5068 sive
2497 5013 2587 5069 ille
2614 5013 2774 5070 homo
2800 5015 2870 5070 sit
2898 5025 3112 5072 sanctus
3135 5015 3226 5088 qui
3252 5014 3523 5072 ministrat

1929 5102 2279 5174 Baptismum,
2299 5103 2413 5159 sive
2431 5102 2624 5177 impius
2651 5115 2704 5162 et
2734 5106 2887 5164 fictus
2911 5123 3069 5181 quem
3098 5108 3258 5179 fugiat
3283 5106 3522 5179 Spiritus

1929 5204 2163 5251 sanctus.
2193 5192 2328 5250 Tum
2358 5195 2553 5252 deinde
2578 5197 2807 5266 subdidi,
2850 5198 2893 5255 si
2937 5196 3092 5255 aliter
3123 5206 3285 5267 esset,
3320 5207 3522 5269 quanta

1929 5297 2348 5358 consequeretur
2366 5284 2689 5357 absurditas,
2716 5298 2771 5346 et
2797 5288 2907 5345 dixi
2937 5289 3075 5363 quod
3101 5297 3153 5343 et
3179 5304 3325 5344 nunc
3350 5290 3472 5346 dico
3501 5309 3517 5347 :

1930 5381 2166 5453 Alioquin
2197 5382 2241 5437 si
2265 5382 2381 5438 talis
2408 5383 2616 5455 quisque
2645 5385 2695 5438 in
2722 5384 2888 5456 gratia
2917 5383 3171 5457 spirituali
3194 5384 3474 5441 renascitur
3495 5429 3512 5455 ,
3554 5448 3563 5463 ,

1927 5476 2091 5549 qualis
2121 5486 2193 5532 est
2221 5475 2311 5532 ille
2349 5493 2382 5531 a
2421 5493 2519 5549 quo
2562 5476 2866 5548 baptizatur,
2897 5486 2943 5530 et
2969 5492 3084 5529 cum
3113 5477 3415 5549 manifestus
3444 5490 3517 5536 est

1926 5568 2013 5640 qui
2039 5568 2260 5639 baptizat
2287 5568 2435 5623 homo
2462 5568 2640 5634 bonus,
2671 5568 2779 5637 ipse
2814 5566 2903 5620 dat
2936 5566 3124 5639 ﬁdem,
3160 5568 3271 5641 ipse
3297 5570 3439 5644 origo
3468 5582 3519 5628 et

1926 5662 2076 5717 radix
2101 5672 2347 5735 caputque
2371 5662 2619 5716 nascentis
2638 5668 2748 5722 est;
2786 5675 2900 5714 cum
2942 5670 3112 5716 autem
3145 5663 3266 5719 latet
3292 5666 3517 5737 perﬁdus

1925 5753 2207 5827 baptizator
2226 5796 2242 5823 ,
2271 5763 2388 5808 tunc
2406 5752 2612 5824 quisque
2637 5768 2668 5804 a
2693 5749 2893 5807 Christo
2936 5754 3147 5826 percipit
3188 5757 3363 5829 ﬁdem,
3398 5770 3517 5812 tunc

1924 5865 1956 5901 a
1985 5847 2185 5903 Christo
2209 5846 2349 5902 ducit
2371 5844 2629 5916 originem,
2659 5853 2776 5898 tunc
2805 5845 2857 5899 in
2879 5842 3078 5903 Christo
3098 5850 3374 5917 radicatur,
3397 5858 3516 5905 tunc

1926 5939 2125 5997 Christo
2165 5942 2330 6013 capite
2368 5937 2615 6011 gloriatur
2634 5952 2654 5992 .'
2680 5940 2960 6010 optandum
2985 5954 3057 6000 est
3085 5944 3146 6001 ab
3172 5942 3401 6001 omnibus
3423 5943 3518 6017 qui
