3998 6466
527 393 634 451 375

528 511 870 584 baptizantur,
898 513 952 563 ut
978 505 1309 578 baptizatores
1337 503 1557 575 perﬁdos
1584 501 1796 556 habeant
1816 509 1862 554 et
1879 501 2108 570 ignorent

526 622 632 660 eos.
664 603 948 669 Quamlibet
974 602 1104 655 enim
1129 601 1282 653 bonos
1317 596 1617 662 habuerint,
1649 593 1879 650 Christus
1905 601 1978 646 est
2006 593 2110 646 uti-

523 713 622 767 que
663 693 1118 762 incomparabiliter
1162 688 1373 755 melior,
1423 688 1683 773 qui.tunc
1725 687 1818 740 erit
1871 684 2112 754 baptizati
2149 766 2154 770 .

522 797 697 858 caput,
719 789 763 842 si
786 785 1010 857 perﬁdus
1037 784 1188 836 lateat
1213 781 1514 853 baptizator.
1549 780 1698 848 Quod
1721 781 1764 834 si
1799 779 2110 832 dementissi-

522 899 662 936 mum
682 889 750 934 est
770 881 968 932 credere
985 878 1002 948 (
1018 895 1210 946 semper
1225 877 1355 930 enim
1367 874 1596 931 Christus
1609 875 1856 944 justificat
1872 874 2103 943 impium,

521 979 753 1047 facienao
775 993 836 1029 at:
859 976 925 1028 im
934 977 1014 1041 pio
1040 975 1371 1029 christianum
1392 1013 1405 1036 ,
1441 989 1635 1040 semper
1662 988 1694 1024 α
1716 969 1915 1025 Christo
1946 970 2109 1040 perci-

521 1071 656 1139 pitur
677 1069 802 1136 ﬁdes
825 1111 836 1128 ,
863 1085 1058 1138 semper
1092 1066 1323 1122 Christus
1351 1076 1423 1120 est
1454 1067 1594 1136 origo
1631 1053 2034 1135 regeneratorum
2059 1070 2110 1116 et

517 1170 671 1230 caput
705 1161 988 1228 Ecclesice),
1019 1162 1139 1232 quid
1171 1161 1350 1215 habent
1397 1160 1634 1229 ponderis
1672 1159 1762 1212 illa
1791 1159 1970 1221 verba,
1995 1171 2110 1227 qua:

516 1256 634 1310 vani
665 1256 872 1308 lectores
894 1272 992 1308 non
1019 1256 1279 1308 attendunt
1302 1255 1422 1325 quid
1447 1256 1584 1307 intus
1607 1252 1841 1317 habeant,
1871 1252 1960 1307 sed
1990 1261 2106 1305 tan-

517 1358 622 1403 tum
647 1349 1064 1421 quemadmodum
1095 1359 1269 1403 sonent
1303 1349 1500 1417 (Supra
1521 1388 1534 1412 ,
1571 1347 1657 1400 lib.
1694 1347 1744 1411 1,
1769 1362 1881 1416 cap.
1913 1345 1945 1400 6
1965 1386 1979 1411 ,
2014 1361 2103 1399 nn.

517 1442 570 1507 6,
604 1443 657 1512 7)
682 1445 706 1494 ’ἐ
725 1443 846 1497 llaec
866 1453 987 1496 tunc
1004 1442 1133 1506 dixi,
1166 1442 1281 1496 haec
1311 1441 1362 1496 in
1393 1441 1475 1495 illa
1507 1455 1625 1495 mea
1642 1437 1878 1508 Epistola
1908 1436 2104 1508 scripta

515 1543 659 1589 sunt.

586 1627 810 1682 CAPUT
842 1627 1025 1681 XLIV.
1052 1655 1125 1666 --
1152 1626 1239 1680 55.
1276 1623 1474 1679 Deinde
1502 1621 1658 1692 paulo
1683 1627 1822 1693 post,
1852 1621 2103 1691 quoniam

514 1720 603 1774 ille
629 1720 854 1782 dixerat,
886 1722 1011 1786 Quae
1034 1737 1148 1773 cum
1177 1720 1249 1772 ita
1279 1719 1399 1778 sint,
1429 1719 1610 1787 fratres
1633 1758 1646 1782 ,
1674 1731 1788 1786 qua!
1813 1723 1971 1785 potest
1996 1731 2102 1768 esse

514 1814 831 1884 perversitas,
861 1823 913 1864 ut
944 1813 1029 1880 qui
1059 1813 1161 1864 suis
1189 1807 1478 1863 criminibus
1503 1825 1618 1862 reus
1641 1816 1734 1873 est,
1762 1808 1917 1860 alium
1948 1807 2102 1877 faciat

512 1909 838 1969 innocentem,
860 1906 1054 1959 dicente
1080 1905 1293 1958 Domino
1315 1903 1347 1956 J
1355 1921 1440 1957 esu
1465 1900 1687 1966 Christo,
1718 1920 1736 1951 ε
1766 1900 1928 1954 Arbor
1947 1901 2098 1965 bona,

510 1999 666 2053 bonos
703 2003 896 2071 fructus
939 1999 1100 2069 facit;
1140 1997 1290 2049 arbor
1326 1994 1481 2060 mala,
1531 1995 1690 2048 malos
1716 1993 1911 2063 fructus
1933 1994 2100 2063 facit:

511 2090 755 2159 numquid
776 2089 1019 2160 colligunt
1047 2089 1109 2142 de
1137 2089 1297 2158 spinis
1319 2103 1468 2141 uvas»
1493 2085 1706 2157 (Matth.
1732 2101 1824 2150 vn,
1855 2085 1941 2150 i7,
1968 2084 2100 2156 16)?

509 2192 557 2236 et
587 2184 785 2249 iterum,
841 2202 859 2234 ‹
887 2181 1061 2236 Omnis
1080 2183 1227 2236 homo
1255 2184 1412 2235 bonus
1433 2181 1496 2233 de
1518 2181 1646 2234 bono
1673 2181 1904 2234 thesauro
1934 2178 2100 2232 cordis

510 2274 591 2327 sui
634 2279 826 2345 profert
862 2274 1024 2338 bona,
1070 2283 1114 2327 et
1160 2274 1320 2326 omnis
1359 2273 1506 2326 homo
1558 2271 1721 2324 malus
1759 2271 1823 2324 de
1865 2272 2098 2324 thesauro

507 2365 675 2419 cordis
707 2367 784 2420 sui
821 2367 1011 2436 profert
1042 2365 1178 2419 mata
1209 2384 1226 2417 ι
1259 2364 1366 2437 (Id.
1409 2381 1503 2429 xu,
1546 2365 1672 2435 '55)?
1699 2365 1888 2435 quibus
1918 2363 2097 2418 verbis

504 2455 796 2512 Petilianus
823 2458 950 2512 satis
988 2457 1326 2527 apertissime
1355 2455 1606 2519 ostendit,
1642 2465 1893 2526 tanquam
1934 2454 2096 2509 arbo-

503 2563 619 2603 rem
646 2548 1013 2619 accipiendum
1047 2565 1166 2605 eum
1191 2549 1462 2604 hominem
1494 2549 1582 2619 qui
1608 2548 1862 2618 baptizat,
1899 2555 1953 2602 et
1976 2555 2096 2600 tan-

503 2656 660 2712 quam
688 2641 918 2698 fructum
947 2658 1069 2697 eum
1100 2643 1190 2712 qui
1220 2643 1517 2712 baptizatur
1550 2659 1563 2694 :
1606 2640 1672 2694 ad
1713 2640 1826 2695 haec
1861 2654 1962 2710 ego
2005 2653 2095 2694 re-

502 2734 867 2805 sponderam,
893 2735 956 2792 Si
994 2737 1144 2790 arbor
1187 2736 1315 2790 bona
1363 2735 1518 2790 bonus
1562 2734 1841 2805 baptizator
1884 2742 1994 2797 est,
2039 2740 2097 2786 ut

504 2832 700 2899 fructus
719 2831 829 2899 ejus
851 2831 1009 2885 bonus
1033 2831 1097 2884 sit
1125 2829 1211 2884 ille
1235 2847 1382 2900 quem
1409 2829 1769 2900 baptizauerit;
1796 2827 2016 2898 quisquis
2031 2826 2095 2882 ab

503 2917 706 2974 homine
748 2919 882 2974 malo
929 2922 1079 2974 etiam
1116 2937 1218 2974 non
1269 2922 1534 2991 manifesto
1573 2920 1723 2988 fuerit
1767 2920 2047 2989 baptizatus
2074 2960 2090 2986 ,

503 3008 662 3064 bonus
689 3027 794 3066 esse
820 3029 922 3066 non
951 3013 1130 3081 poterit
1160 3027 1178 3064 :
1208 3011 1270 3065 de
1296 3011 1430 3064 mala
1451 3011 1634 3081 quippe
1673 3011 1850 3064 arbore
1891 3019 2095 3064 exortus

503 3109 598 3155 est.
628 3101 779 3156 Aliud
808 3113 878 3158 est
910 3103 1040 3157 enim
1067 3103 1218 3157 arbor
1247 3102 1399 3170 bona,
1425 3102 1568 3155 aliud
1592 3101 1742 3155 arbor
1765 3103 1984 3168 occulta,
2005 3101 2094 3156 sed

505 3201 671 3248 tamen
699 3196 854 3249 mala.
888 3195 1023 3264 Quid
1054 3195 1195 3250 aliud
1227 3194 1311 3249 his
1339 3193 1516 3249 verbis
1547 3193 1767 3264 intelligi
1799 3193 1961 3255 volui,
1990 3192 2092 3248 nisi

502 3287 642 3358 quod
671 3288 828 3358 paulo
857 3288 1101 3359 superius
1133 3303 1412 3358 posueram
1439 3328 1454 3355 ,
1481 3286 1728 3342 arborem
1768 3295 1822 3340 et
1862 3284 2092 3340 fructum

501 3379 640 3449 ejus,
695 3396 801 3435 non
854 3396 974 3435 eum
1009 3382 1098 3452 qui
1141 3381 1372 3451 baptizat
1400 3389 1454 3435 et
1482 3395 1602 3434 eum
1636 3379 1726 3449 qui
1759 3378 2088 3448 baptizatur;

501 3472 598 3528 sed
647 3472 916 3529 hominem
969 3474 1214 3530 arborem
1239 3515 1254 3542 ,
1313 3474 1538 3529 fructum
1568 3487 1696 3527 vero
1723 3471 1838 3541 ejus
1866 3485 1999 3542 opus
2027 3485 2092 3526 ac

502 3564 666 3618 vitam
695 3565 812 3634 ejus
835 3565 1001 3635 accipi
1029 3549 1244 3630 debere,
1273 3581 1431 3636 quam
1457 3580 1670 3636 semper
1700 3563 1862 3619 habet
1896 3563 2091 3618 bonam
2169 3623 2174 3627 ,

501 3657 675 3714 bonus
695 3699 710 3724 ,
742 3667 797 3713 et
831 3659 1023 3713 malam
1053 3659 1222 3712 malus
1255 3677 1268 3712 :
1293 3674 1361 3712 ne
1390 3657 1475 3712 illa
1498 3666 1750 3727 sequatur
1768 3655 2088 3723 absurditas,

500 3759 561 3806 ut
605 3751 774 3805 malus
817 3752 885 3806 sit
923 3751 1082 3806 homo
1119 3752 1280 3806 etiam
1322 3751 1390 3805 ab
1429 3750 1640 3804 occulto
1684 3750 1823 3804 malo
1874 3749 2092 3804 homine

501 3841 836 3914 baptizatus,
899 3852 1149 3914 tanquam
1209 3841 1412 3898 fructus
1467 3841 1675 3896 arboris
1714 3841 1956 3912 quamvis
2001 3855 2093 3896 oc-
2169 3899 2172 3902 ,

502 3936 679 4000 cultae,
709 3936 803 3991 sed
833 3945 1008 3992 tamen
1029 3935 1420 3992 malae‘lcontra
1448 3934 1590 4006 quod
1612 3934 1700 3990 ille
1717 3933 1849 3989 nihil
1873 3934 2092 3990 omnino

502 4030 798 4100 respondit.

574 4123 801 4180 C.\PUT
838 4122 1000 4179 XLV.
1039 4153 1110 4165 —-
1135 4124 1224 4179 54.
1259 4122 1365 4179 Sed
1382 4138 1448 4176 ne
1466 4122 1688 4188 diceret,
1710 4123 1822 4177 sive
1843 4121 1949 4187 ille,
1978 4121 2091 4177 sive

503 4214 695 4284 aliquis
723 4226 981 4283 vestrum,
1011 4231 1132 4270 cum
1163 4215 1385 4286 quisque
1410 4215 1649 4270 occultus
1688 4214 1858 4268 malus
1890 4225 1973 4268 est
2001 4213 2092 4284 qui

505 4305 760 4376 haptizat,
795 4315 919 4362 tunc
945 4322 1048 4362 non
1074 4322 1194 4362 esse
1225 4306 1452 4361 fructum
1480 4305 1594 4374 ejus
1624 4305 1773 4359 illum
1803 4319 1961 4375 quem
1992 4303 2091 4358 ba-

506 4400 669 4470 ptizat
692 4441 706 4464 ,
753 4400 847 4455 sed
892 4399 1120 4455 fructum
1150 4399 1380 4464 Christi;
1427 4399 1676 4452 continuo
1701 4397 1904 4467 subjeci
1934 4411 2092 4467 quam

504 4507 735 4548 vesanus
761 4508 912 4547 error
941 4493 1102 4547 etiam
1141 4491 1296 4546 istam
1337 4489 1653 4544 sententiam
1695 4495 2051 4558 consequatur
2073 4530 2088 4555 ,

505 4591 561 4640 et
609 4585 830 4655 repetivi
870 4584 1018 4650 illud,
1053 4584 1178 4638 licet
1207 4583 1323 4639 aliis
1359 4581 1536 4637 verbis
1559 4623 1572 4646 ,
1605 4579 1743 4651 quod
1775 4579 1931 4650 paulo
1969 4588 2092 4635 ante

505 4677 746 4734 dixeram
781 4697 793 4732 :
824 4657 892 4733 Si
910 4695 1025 4732 cum
1058 4678 1253 4732 occulta
1292 4686 1362 4731 est
1403 4676 1552 4730 arbor
1584 4677 1752 4742 mala,
1798 4675 2094 4747 quicumque

506 4771 569 4824 ab
590 4771 682 4824 illa
709 4771 858 4842 fuerit
885 4771 1185 4841 baptizatus,
1214 4787 1313 4822 non
1341 4770 1402 4822 de
1425 4767 1538 4831 illa,
1569 4768 1658 4822 sed
1684 4768 1745 4821 de
1770 4767 1970 4821 Christo
1995 4785 2090 4822 na-

505 4863 691 4926 scitur;
713 4864 933 4916 sanctius
945 4863 1313 4933 justi/icantur,
1345 4860 1432 4930 qui
1455 4860 1776 4926 baptizantur
1800 4862 1863 4914 ab
1884 4860 2092 4915 occultis

506 4956 675 5017 malis,
703 4971 852 5025 quam
882 4955 968 5024 qui
995 4954 1312 5024 baptizantur
1332 4970 1363 5006 a
1389 4953 1669 5023 manifestis
1698 4952 1839 5006 bonis
1869 4953 2089 5023 (Supra,

505 5047 594 5102 lib.
631 5049 684 5113 ι,
716 5063 868 5117 capp.
894 5047 947 5113 7,
979 5045 1032 5111 8,
1060 5062 1146 5098 nn.
1191 5044 1244 5110 8,
1286 5044 1364 5114 9).
1395 5043 1682 5099 Petilianus
1713 5059 1841 5115 ergo
1871 5043 1954 5099 his
1985 5053 2092 5099 tam

505 5141 914 5196 vehementibus
957 5147 1255 5195 coarctatus
1302 5139 1579 5209 angustiis,
1623 5139 1786 5192 tacuit
1816 5139 2093 5208 superiora

505 5251 572 5292 ex
597 5236 788 5308 quibus
818 5236 915 5291 ista
946 5234 1279 5306 pendebant,
1309 5242 1362 5288 et
1392 5232 1504 5287 haec
1531 5232 1758 5288 absurda
1793 5249 1911 5304 qua:
1951 5234 2093 5290 illius
2180 5291 2182 5294 ,

507 5338 905 5401 consequuntur
930 5343 1188 5392 errorem,
1219 5327 1289 5382 ita
1317 5325 1754 5382 commemoravit
1780 5325 1835 5379 in
1863 5341 2089 5395 respon-

508 5421 658 5476 sione
687 5435 802 5489 sua,
844 5421 994 5490 quasi
1030 5419 1146 5474 haec
1177 5433 1275 5490 ego
1305 5434 1367 5472 cx
1398 5433 1514 5473 mea
1542 5418 1807 5472 sententia
1834 5416 2090 5484 dixerim;

509 5527 628 5581 qure
657 5512 776 5567 ideo
805 5512 942 5567 dicta
972 5522 1127 5579 sunt,
1157 5520 1216 5566 ut
1239 5510 1536 5566 attenderet
1565 5519 1819 5581 quantum
1853 5509 1978 5564 mali
2003 5525 2092 5565 se-

509 5615 762 5677 queretur
785 5606 901 5674 ejus
926 5607 1273 5672 sententiam,
1306 5614 1358 5661 et
1387 5619 1503 5660 eam
1548 5613 1755 5659 mutare
1791 5611 2089 5675 cogeretur.

513 5699 661 5754 llanc
676 5715 800 5768 ergo
823 5698 1055 5754 fraudem
1074 5698 1410 5754 audientibus
1436 5697 1518 5752 vel
1550 5696 1849 5768 legentibus
1870 5697 2090 5765 faciens,

511 5803 567 5850 et
593 5793 808 5846 omnino
825 5791 1115 5863 desperans
1142 5795 1242 5865 legi
1271 5809 1429 5864 posse
1449 5809 1566 5866 qutc
1586 5793 1914 5862 scripsuuus,
1933 5795 2095 5863 ccepit

513 5886 568 5942 in
592 5901 679 5944 me
696 5885 928 5958 graviter
951 5896 1006 5944 et
1030 5887 1330 5958 petulanter
1353 5888 1550 5956 invehi,
1572 5896 1823 5958 tanquam
1845 5903 1944 5962 ego
1973 5905 2151 5958 sene-

1414 382 1688 442 CONTRA
1726 379 2065 440 LITTERAS
2099 376 2460 451 PETILIANI,
2488 379 2546 439 S.
2584 379 2955 440 AUGUSTINI

3695 386 3803 446 576

2222 497 2411 553 sissem
2438 499 2726 570 optandum
2767 515 2886 556 esse
2924 498 3170 556 omnibus
3210 499 3300 571 qui
3342 498 3714 571 baptizantur,
3743 512 3802 560 ut

2217 589 2573 661 baptizatores
2602 592 2829 662 perfidos
2860 593 3093 649 habeant
3121 600 3174 647 et
3204 594 3445 664 ignorent
3482 607 3578 648 eos
3602 635 3618 659 ,
3665 609 3802 665 quo-

2185 684 2187 686 ’
2217 681 2360 737 niam
2390 685 2679 754 quamlibet
2705 687 2874 740 bonos
2905 686 3200 746 habuerint.
3221 684 3461 739 (.‘hrisms
3487 695 3568 740 est
3596 687 3802 741 incom-

2216 774 2524 844 parabiliter
2551 778 2757 846 melior,
2807 780 2896 848 qui
2946 787 3069 832 tunc
3121 780 3223 832 erit
3265 779 3516 850 baptizati
3544 788 3726 849 caput,
3756 780 3801 836 si

2217 867 2451 936 perfidus
2478 867 2639 923 lateat
2671 871 2984 938 baptizatur.
3026 870 3155 924 Item
3187 879 3433 939 tanquam
3463 886 3561 942 ego
3593 871 3800 927 sensiso

2215 974 2327 1015 sem
2353 1005 2368 1029 ,
2413 966 2647 1019 sanctius
2689 965 2965 1033 justificari
3008 980 3100 1019 eos
3139 966 3224 1034 qui
3255 966 3588 1035 baptizantur
3613 969 3681 1023 ab
3709 982 3801 1023 oc-

2215 1054 2371 1109 cultis
2397 1057 2570 1121 malis,
2599 1072 2754 1126 quam
2784 1057 2871 1127 qui
2900 1056 3268 1128 baptizantura
3288 1057 3580 1112 manifestis
3603 1058 3760 1114 bonis
3786 1078 3800 1114 :

2214 1160 2334 1199 cum
2378 1145 2490 1200 haec
2516 1147 2771 1201 mirabilis
2817 1147 3017 1202 insania
3049 1147 3167 1201 ideo
3196 1163 3227 1203 a
3255 1164 3341 1202 me
3383 1159 3801 1207 commemorata

2214 1236 2299 1300 sit,
2341 1237 2460 1306 quia
2494 1238 2610 1292 illos
2635 1239 2938 1294 necessario
2975 1240 3214 1309 sequitur
3257 1240 3500 1310 quicum
3540 1242 3802 1298 Petiliano

2213 1329 2470 1392 sentiunt,
2499 1330 2578 1384 sic
2617 1345 2735 1386 esse
2775 1331 3042 1386 hominem
3078 1333 3397 1402 baptizatum
3443 1333 3510 1387 ad
3555 1335 3801 1404 baptiza-

2211 1427 2383 1476 torem
2423 1437 2607 1488 suum,
2645 1424 3092 1493 quemadmodum
3119 1434 3200 1480 est
3223 1425 3422 1480 fructus
3445 1426 3510 1480 ad
3542 1428 3795 1485 arborem

2211 1510 2278 1566 de
2325 1528 2425 1582 qua
2473 1516 2727 1583 nascitur,
2773 1518 2943 1572 bonus
2982 1517 3049 1572 de
3093 1518 3250 1583 bona,
3290 1520 3461 1574 malus
3503 1520 3571 1575 de
3619 1521 3798 1576 mala:

2210 1605 2401 1675 quibus
2431 1622 2551 1661 cum
2598 1607 2887 1664 dixerimus
2929 1619 2986 1663 ut
3027 1605 3430 1680 respondeant,
3476 1611 3630 1681 cujus
3657 1613 3802 1668 arbi.

2209 1682 2418 1753 trentnr
2443 1698 2668 1754 fructum
2691 1716 2812 1756 esse
2833 1701 3098 1756 hominem
3128 1701 3469 1772 baptizatum,
3487 1704 3705 1772 quando
3735 1706 3802 1760 ab

2209 1795 2419 1844 occulto
2449 1792 2590 1846 malo
2633 1792 2928 1862 baptizatur
2953 1833 2968 1859 ,
3008 1794 3258 1863 quoniam
3304 1810 3410 1848 non
3439 1794 3638 1849 audent
3676 1811 3802 1851 eum

2209 1883 2557 1954 rebaptizare,
2589 1895 2848 1956 coguntur
2873 1885 3217 1955 reSpondere,
3248 1893 3374 1942 tunc
3401 1903 3523 1942 eum
3550 1904 3656 1941 non
3679 1903 3804 1945 esse

2209 1975 2434 2030 fructum
2467 1977 2656 2031 occulti
2687 1977 2826 2032 illius
2857 1977 2998 2044 mali,
3032 1978 3126 2032 sed
3158 1993 3276 2033 esse
3302 1978 3529 2034 fructum
3555 1977 3799 2035 Christi:

2207 2081 2270 2121 ac
2298 2082 2390 2137 per
2415 2067 2516 2122 hoc
2540 2070 2776 2139 sequitur
2800 2083 2894 2124 eos
2922 2068 3062 2138 quod
3095 2069 3317 2136 nolunt,
3345 2078 3400 2123 et
3426 2070 3565 2140 quod
3599 2071 3804 2128 sentire

2207 2159 2470 2214 dementis
2497 2169 2610 2225 est;
2639 2161 2760 2231 quia
2799 2162 2842 2214 si
2873 2159 3034 2214 homo
3059 2171 3181 2215 tunc
3218 2171 3299 2216 est
3328 2162 3530 2217 fructus
3561 2162 3798 2218 hominis

2206 2251 2553 2322 baptizatoris
2581 2255 2684 2319 sui,
2713 2254 2924 2324 quando
2948 2269 2975 2306 a
3001 2253 3283 2309 manifesto
3305 2255 3445 2308 bono
3471 2255 3796 2324 baptizatur,

2206 2360 2326 2398 cum
2354 2361 2481 2400 vero
2537 2347 2834 2416 baptizatur
2871 2346 2940 2401 ab
2968 2348 3177 2401 occulto
3223 2347 3439 2402 homine
3475 2349 3636 2413 malo,
3671 2358 3799 2405 tunc

2204 2452 2311 2493 non
2352 2439 2517 2508 ipsius
2548 2438 2779 2504 fructus,
2822 2437 2917 2495 sed
2961 2437 3156 2493 Christi
3187 2448 3307 2505 est,
3331 2440 3568 2494 sanctius
3593 2440 3798 2510 justiti-

2204 2539 2391 2587 cantur
2416 2530 2507 2601 qui
2546 2530 2882 2600 baptizantur
2904 2531 2972 2586 ab
2999 2530 3223 2586 occultis
3260 2531 3448 2600 malis,
3497 2546 3660 2601 quam
3709 2533 3800 2603 qui

2203 2624 2538 2696 baptizantur
2562 2640 2592 2678 a
2624 2625 2919 2680 manifestis
2946 2626 3119 2680 bonis.

2274 2715 2502 2771 CAPUT
2535 2714 2721 2769 XLVI.
2743 2745 2814 2754 —-
2839 2715 2927 2772 55.
2951 2714 3102 2783 Quod
3128 2730 3250 2770 cum
3281 2714 3408 2769 mihi
3432 2714 3678 2771 tribuens
3706 2715 3798 2773 Pco

2204 2806 2421 2863 tilianus
2443 2816 2692 2878 tanquam
2719 2805 2821 2862 hoc
2847 2821 2952 2878 ego
2986 2807 3244 2862 senserim
3269 2847 3284 2872 ,
3319 2807 3449 2862 satis
3477 2807 3531 2861 in
3563 2823 3651 2863 me
3674 2824 3796 2879 gra-

2202 2903 2342 2958 viter
2381 2917 2445 2958 ac
2473 2902 2814 2957 vehementer
2858 2901 3126 2956 invehitur
3148 2942 3164 2967 ,
3200 2901 3317 2971 ipse
3357 2901 3538 2972 utique
3571 2901 3796 2958 demon-

2199 3003 2372 3059 Strat,
2414 3009 2479 3050 ea
2522 2997 2636 3064 ipsa
2680 2993 2994 3064 gravissima
3027 2993 3326 3048 invectione
3352 3009 3445 3049 sua
3471 3036 3485 3059 ,
3535 3004 3795 3065 quantum

2199 3085 2351 3141 nefas
2381 3085 2463 3140 ‘sit
2503 3086 2604 3140 ista
2651 3087 2850 3140 sentire
2880 3105 2892 3138 :
2924 3100 2987 3140 ac
3017 3101 3112 3156 per
3137 3087 3238 3140 hoc
3280 3086 3536 3156 quidquid
3575 3099 3798 3158 propter

2200 3177 2338 3233 hanc
2382 3178 2698 3233 sententiam
2729 3177 2782 3232 in
2833 3193 2917 3232 me
2952 3177 3152 3233 dixisse
3192 3178 3362 3233 videri
3404 3179 3607 3246 voluit,
3658 3182 3710 3234 in
3737 3195 3794 3237 se

2199 3271 2370 3342 ipsum
2398 3271 2596 3327 dixisse
2618 3272 2914 3338 invenitur,
2947 3273 3035 3342 qui
3065 3272 3185 3327 talia
3211 3273 3409 3329 sentire
3437 3274 3791 3330 convincitur.

2200 3365 2276 3421 lbi
2304 3365 2444 3420 enim
2473 3364 2735 3430 ostendit,
2785 3375 2980 3436 quanta
3021 3365 3071 3420 vi
3116 3365 3351 3420 veritatis
3388 3376 3673 3436 superatus
3702 3368 3791 3436 sit,

2198 3457 2288 3513 ubi
2317 3458 2476 3512 alium
2503 3458 2701 3513 exitum
2729 3473 2833 3512 non
2862 3457 3084 3526 invenit,
3116 3459 3218 3513 nisi
3248 3467 3305 3514 ut
3330 3474 3416 3514 me
3439 3461 3678 3518 sensisse
3697 3462 3794 3516 tin-

2198 3561 2382 3624 geret,
2432 3552 2571 3622 quod
2619 3554 2730 3623 ipse
2773 3553 2948 3607 sentit.
2995 3553 3449 3621 Quemadmodum
3471 3557 3517 3609 si
3556 3555 3632 3610 illi
3658 3570 3793 3626 quos

2197 3646 2484 3716 Apostolus
2511 3645 2716 3716 arguit,
2745 3646 2866 3716 quia
2887 3645 3135 3701 dicebant
3167 3662 3273 3703 non
3295 3661 3412 3703 esse
3441 3648 3792 3704 resurrectio-

2197 3753 2321 3794 nem
2348 3747 2700 3806 mortuorum,
2720 3739 2964 3794 eumdem
2982 3740 3278 3810 apostolum
3294 3755 3548 3797 accusare
3567 3742 3788 3809 vellent,

2197 3830 2449 3901 quoniam
2490 3829 2659 3896 dixit,
2693 3830 2872 3901 Neque
2899 3831 3124 3886 Christus
3149 3834 3449 3901 resurrexit,
3485 3843 3542 3890 et
3574 3835 3791 3891 inanem

2173 3939 2317 4003 esse
2347 3925 2774 3994 przedicationem
2791 3927 3192 3996 Apostolorum,
3219 3928 3427 3984 inanem
3451 3930 3612 3986 etiam
3629 3930 3790 3986 ﬁdem

2198 4021 2549 4089 credentium,
2579 4021 2842 4093 falsosque
2874 4023 3096 4078 inveniri
3124 4033 3283 4080 testes
3310 4025 3567 4082 adversus
3595 4027 3785 4094 Deum,

2197 4114 2288 4185 qui
2332 4114 2591 4170 dixissent
2634 4115 2774 4186 quod
2821 4117 3154 4172 suscitaverit
3182 4118 3471 4174 Christum.
3512 4120 3629 4175 iloc
3657 4120 3789 4176 mihi

2197 4208 2490 4264 Petilianus
2530 4208 2706 4265 facere
2735 4209 2942 4277 voluit,
2986 4210 3275 4281 desperans
3323 4213 3423 4284 legi
3469 4229 3628 4284 posse
3669 4228 3789 4284 qua

2197 4301 2384 4372 seripsi
2409 4343 2424 4369 ,
2469 4302 2659 4372 quibus
2700 4302 3022 4374 re5pondere
3051 4320 3154 4358 non
3185 4307 3392 4376 potuit,
3433 4315 3488 4360 et
3529 4307 3704 4376 putari
3730 4322 3789 4363 se

2197 4394 2540 4464 respondisse
2568 4411 2889 4466 magnopere
2915 4397 3237 4466 concupivit.
3294 4397 3398 4453 Sed
3433 4399 3786 4468 quemadmo-

2199 4486 2324 4542 dum
2370 4487 2415 4541 si
2462 4488 2738 4558 quisquam
2787 4488 2913 4543 illud
2953 4488 3168 4544 fecisset
3215 4491 3510 4561 Apostolo,
3563 4494 3786 4549 recitato

2198 4582 2448 4636 universo
2478 4580 2594 4650 ipso
2621 4579 2738 4634 loco
2758 4595 2823 4635 ex
2854 4580 2968 4651 ejus
2995 4581 3250 4652 Epistola,
3277 4582 3604 4655 redditisque
3629 4600 3787 4654 supe-

2199 4673 2428 4728 rioribus
2461 4673 2640 4728 verbis
2680 4688 2744 4728 ex
2789 4673 2979 4744 quibus
3007 4673 3104 4729 ista
3134 4673 3365 4744 pendere
3392 4677 3632 4747 quisquis
3665 4677 3786 4749 legit

2174 4765 2476 4836 intelligit,
2515 4767 2688 4820 omnis
2718 4765 2806 4821 illa
2832 4766 3157 4821 calumniosa
3185 4766 3526 4836 reprehensio
3554 4769 3606 4822 in
3638 4768 3785 4823 fron-

2173 4868 2306 4924 _tem
2333 4857 2835 4928 reprehendentium
2862 4857 3174 4913 relideretur
3202 4875 3215 4911 :
3248 4859 3325 4912 sic
3345 4858 3564 4915 redditis
3591 4875 3657 4915 ex
3675 4859 3788 4930 Epi-

2172 4954 2335 5011 .stola
2363 4968 2480 5008 mea
2505 4953 2896 5025 superioribus,
2935 4952 3060 5006 dum
3096 4968 3180 5008 me
3221 4953 3508 5010 Petilianus
3549 4965 3782 5021 accusat,

2200 5049 2253 5104 in
2284 5047 2399 5118 ejus
2416 5047 2620 5111 faciem,
2643 5047 2783 5102 unde
2813 5046 2900 5100 illa
2922 5061 3196 5103 removere
3221 5056 3442 5104 conatus
3464 5057 3567 5118 est,
3586 5050 3786 5122 majore

2184 5139 2398 5212 impetu
2422 5146 2816 5208 retorquentur.

2275 5235 2363 5290 56.
2395 5231 2682 5302 Apostolus
2728 5231 2868 5286 enim
2913 5231 3238 5304 redarguens
3266 5247 3360 5290 eos
3387 5234 3477 5306 qui
3524 5235 3786 5306 negabant

2183 5325 2641 5392 resurrectionem
2673 5334 3002 5381 mortuorum
3023 5367 3040 5394 ,
3081 5327 3180 5382 ista
3219 5327 3546 5384 absurditate
3574 5329 3785 5399 corrigit

2179 5435 2320 5493 ,qua:
2346 5419 2536 5474 invitos
2560 5419 2800 5490 sequitur
2826 5419 2948 5472 talia
2975 5421 3301 5485 sentientes,
3336 5429 3392 5474 ut
3423 5420 3548 5475 dum
3591 5421 3785 5476 exhor-

2181 5520 2322 5574 rent
2349 5511 2498 5582 quod
2542 5510 2693 5568 nefas
2721 5520 2804 5567 est
2838 5510 3034 5577 dicere,
3064 5511 3333 5581 corrigam
3358 5511 3499 5584 quod
3527 5513 3644 5566 ausi
3667 5521 3784 5579 sunt

2199 5605 2438 5663 credere.
2485 5604 2714 5661 Proinde
2743 5604 2814 5659 ita
2840 5603 2968 5660 dicit
3000 5621 3013 5657 :
3045 5603 3107 5660 Si
3137 5606 3430 5660 resurrectio
3474 5615 3783 5658 mortuorum

2201 5716 2300 5756 non
2322 5708 2425 5764 est,
2471 5715 2630 5769 neque
2669 5695 2898 5754 Christus
2934 5699 3206 5752 resurrexit
3231 5716 3249 5752 :
3276 5699 3319 5753 si
3347 5709 3515 5750 autem
3553 5696 3782 5752 Christus

2180 5785 2303 5849 non
2345 5793 2648 5858 resurrexit,
2689 5793 2856 5846 inanis
2885 5802 2956 5846 est
2983 5793 3274 5863 praedicatio
3303 5803 3509 5857 nostra,
3552 5808 3689 5846 vana
3717 5797 3780 5846 est

2202 5897 2250 5945 et
2285 5887 2410 5958 ﬁdes
2449 5893 2648 5954 vestra;
2687 5884 2969 5942 invenimur
3013 5894 3182 5940 autem
3226 5893 3272 5941 et
3307 5883 3428 5956 falsi
3473 5893 3623 5941 testes
3666 5879 3779 5947 οιε,
