3998 6472
207 384 311 447 377

206 498 445 569 quoniam
475 493 820 552 testimonium
847 492 1066 549 diximus
1083 491 1322 549 adversm
1348 492 1532 559 Deum,
1553 492 1671 562 quia
1690 505 1805 545 sus-

206 592 379 646 citavit
408 588 670 645 Christum
691 630 707 656 ,
751 605 897 660 quem
922 604 1023 642 non
1067 587 1323 642 suscitauit
1352 584 1395 658 (I
1417 586 1534 641 Cor.
1570 600 1643 638 xv
1664 624 1680 650 ,
1711 584 1807 640 i5-

204 683 291 749 15)
330 698 347 735 :
379 689 441 735 ut
466 680 595 735 dum
614 679 993 735 timentdicere
1010 678 1277 733 Christum
1298 691 1403 732 non
1426 674 1801 741 resurrexisse,

203 783 253 831 et
275 784 485 830 camera
511 772 652 827 mala
681 787 745 827 ac
770 771 970 826 nefaria
1011 786 1129 840 quae
1167 777 1458 840 sequuntur
1481 807 1497 835 ,
1539 766 1808 836 corrigant

202 864 350 937 quod
386 863 551 919 stulte
592 861 984 931 inﬁdeliterque
1012 860 1306 926 dixerunt,
1339 873 1444 914 non
1481 871 1599 914 esse
1628 871 1807 912 resur-

201 959 507 1015 rectionem
534 966 888 1011 mortuorum.
938 954 995 1010 Si
1023 968 1152 1024 ergo
1191 952 1343 1007 tollas
1371 950 1512 1022 quod
1552 951 1604 1005 in
1634 949 1807 1020 capite

202 1048 635 1105 ratiocinationis
673 1047 832 1116 hujus
868 1054 949 1101 est
976 1046 1202 1115 positum
1224 1087 1238 1112 ,
1267 1044 1330 1099 Si
1350 1043 1646 1098 resurrectio
1672 1058 1807 1097 mor-

204 1151 415 1196 tuorum
443 1149 668 1204 nonest;
708 1138 846 1193 male
872 1145 1061 1193 caetera
1089 1136 1228 1191 dicta
1257 1143 1419 1203 sunt,
1468 1142 1523 1189 et
1550 1132 1806 1202 Apostolo

204 1231 498 1287 tribuenda
524 1238 669 1285 sunt.
702 1229 759 1285 Si
787 1237 967 1283 autem
998 1226 1192 1283 reddas
1217 1225 1357 1280 unde
1382 1223 1637 1294 pendent,
1667 1230 1720 1278 et
1749 1222 1805 1277 in

206 1323 436 1379 exordio
482 1323 778 1377 constituas
802 1363 818 1389 ,
862 1320 1182 1374 Resurrectio
1217 1328 1529 1373 mortuorum
1562 1333 1663 1371 non
1691 1323 1804 1380 est;

207 1424 357 1471 recte
399 1422 829 1484 consequentur,
884 1411 1062 1481 Neque
1110 1409 1337 1464 Christus
1380 1407 1687 1474 resurrexit,
1729 1414 1804 1473 et,

205 1508 378 1561 inanis
407 1517 482 1560 est
526 1505 817 1577 prazdicatio
846 1513 1019 1559 nostra
1038 1544 1052 1569 ,
1098 1503 1263 1556 inanis
1288 1511 1359 1556 est
1398 1510 1444 1555 et
1468 1500 1594 1570 ﬁdes
1619 1507 1802 1565 uestra,

213 1606 257 1653 et
285 1606 487 1651 cratera
518 1612 637 1666 quae
659 1608 904 1650 connexa
932 1602 1055 1648 sunt
1086 1610 1098 1646 :
1126 1600 1181 1647 et
1209 1592 1324 1645 haec
1354 1592 1531 1646 omnia
1571 1592 1636 1645 ab
1657 1590 1804 1659 Apo-

205 1691 348 1745 stolo
374 1690 516 1743 bene
541 1699 593 1743 et
612 1688 909 1759 prudenter
938 1686 1076 1740 dicta
1105 1693 1247 1750 sunt,
1275 1684 1523 1755 quoniam
1552 1680 1809 1754 quidquid

205 1782 337 1835 mali
364 1780 569 1835 habent
592 1822 608 1847 ,
661 1779 768 1835 illis
806 1776 1171 1848 imputandum
1204 1784 1286 1831 est
1314 1776 1403 1846 qui
1432 1776 1692 1846 negabant
1719 1789 1806 1829 re-

208 1872 606 1928 surrectionem
632 1878 987 1924 mortuorum.
1017 1868 1104 1923 Sic
1130 1867 1288 1922 etiam
1318 1867 1372 1920 in
1402 1866 1635 1937 Epistola
1664 1879 1803 1931 mea,

210 1964 340 2018 tolle
370 1962 518 2034 quod
547 1961 775 2031 positum
800 1968 880 2015 est
899 2001 912 2025 ,
943 1959 1002 2013 Si
1026 1960 1141 2012 talis
1162 1957 1366 2028 quisque
1390 1959 1442 2011 in
1472 1957 1633 2028 gratia
1658 1956 1808 2025 spiri-

210 2056 339 2109 tuali
366 2054 648 2108 renascitur
668 2094 680 2118 ,
708 2052 874 2124 qualis
895 2059 965 2105 est
994 2051 1079 2103 ille
1106 2066 1136 2102 α
1166 2066 1265 2119 quo
1288 2050 1591 2119 baptizatur,
1621 2058 1665 2101 et
1696 2063 1811 2100 cum

210 2151 515 2221 manifestus
544 2157 617 2202 est
642 2147 726 2216 qui
751 2146 969 2216 baptizat
994 2144 1141 2198 homo
1162 2143 1319 2197 bonus
1342 2185 1356 2208 ,
1386 2144 1494 2213 ipse
1519 2142 1605 2194 dat
1635 2141 1804 2209 ﬁdem,

211 2244 321 2313 ipse
364 2241 508 2311 origo
547 2247 590 2293 et
618 2238 768 2291 radix
795 2247 1041 2307 caputque
1070 2235 1316 2288 nascentis
1342 2242 1448 2296 est;
1496 2248 1609 2285 cum
1643 2241 1811 2285 autem

218 2338 335 2390 latet
361 2333 590 2405 perﬁdus
618 2332 918 2400 baptizatur,
940 2339 1056 2382 tunc
1085 2328 1291 2398 quisque
1313 2343 1344 2378 a
1369 2324 1568 2395 Christo
1600 2322 1813 2394 percipit

220 2427 373 2496 [idem
398 2468 414 2493 ,
465 2434 581 2477 tunc
608 2440 638 2476 a
665 2421 863 2477 Christo
900 2421 1037 2474 ducit
1081 2420 1351 2491 originem,
1396 2427 1512 2470 tunc
1537 2418 1589 2469 in
1616 2415 1813 2470 Christo

223 2520 508 2583 radientur,
534 2526 650 2569 tunc
676 2514 876 2570 Christo
903 2514 1065 2583 capite
1084 2512 1367 2584 gloriatur:
1395 2511 1518 2564 tolle
1547 2510 1647 2563 ista
1677 2508 1815 2564 unde

222 2609 418 2681 pendet
448 2606 590 2677 quod
614 2605 881 2674 sequitur,
912 2613 965 2657 et
984 2603 1136 2657 valde
1168 2602 1399 2671 pessime
1429 2600 1628 2654 dictum
1659 2598 1816 2653 mihi-

225 2716 327 2771 que
354 2698 693 2753 tribueudum
725 2704 824 2759 est,
858 2693 1151 2765 Optandum
1179 2702 1249 2747 est
1282 2692 1510 2746 omnibus
1537 2692 1623 2756 qui
1649 2689 1816 2760 bapti-

227 2806 423 2859 zantur,
454 2802 509 2846 ut
539 2792 870 2860 baptizatores
896 2788 1114 2860 per/idos
1144 2788 1359 2840 habeant
1384 2796 1429 2839 et
1455 2787 1683 2854 ignorent
1712 2799 1814 2838 eos.

235 2886 515 2950 Quamlibet
544 2884 673 2937 enim
701 2882 854 2935 bonos
879 2880 1161 2945 habuerint,
1195 2878 1424 2933 Christus
1450 2886 1521 2930 est
1545 2877 1714 2946 utique
1740 2876 1819 2928 in-

236 2976 635 3046 comparabiliter
660 2974 839 3027 melior
862 3014 877 3038 ,
923 2972 1010 3043 qui
1037 2981 1153 3024 tunc
1183 2972 1274 3024 erit
1302 2970 1537 3040 baptizati
1566 2975 1714 3038 caput
1734 3007 1747 3029 ,
1775 2966 1819 3020 si

235 3068 456 3141 perﬁdus
482 3068 633 3121 lateat
657 3064 938 3134 baptizator
965 3061 1185 3135 (Supra,
1219 3059 1306 3113 lib.
1342 3061 1393 3124 1,
1425 3076 1537 3128 cap.
1569 3058 1622 3123 6,
1652 3075 1703 3109 n.
1737 3056 1816 3126 7).

237 3160 539 3215 Reddantur
578 3166 753 3211 autem
786 3156 871 3208 illa
902 3170 1019 3224 qua:
1058 3169 1152 3207 vos
1173 3152 1349 3207 dicitis
1373 3193 1386 3217 ,
1423 3160 1544 3205 tunc
1582 3150 1689 3219 jam
1720 3148 1821 3203 hoc

238 3253 374 3323 quod
418 3252 540 3307 inde
585 3250 782 3320 pendet
808 3258 860 3303 et
901 3248 1177 3317 religatum
1226 3246 1495 3315 sequitur,
1538 3258 1644 3297 non
1678 3257 1707 3295 a
1736 3256 1821 3296 me

240 3345 419 3400 sentiri
451 3344 738 3408 invenitur,
759 3350 810 3393 et
830 3338 1082 3410 quidquid
1110 3337 1233 3391 mali
1263 3337 1420 3390 habet
1446 3337 1485 3399 ί,
1516 3336 1569 3388 in
1590 3342 1821 3388 vestram

242 3432 555 3493 sententiam
586 3443 942 3504 retorquetur.
976 3433 1103 3487 Item
1135 3431 1262 3485 tolle
1291 3429 1431 3500 quod
1460 3428 1688 3499 positum
1716 3434 1817 3491 est,

244 3529 305 3585 Si
334 3530 484 3582 arbor
501 3529 628 3581 bona
664 3528 823 3581 bonus
860 3526 1138 3594 baptizator
1168 3532 1272 3585 est,
1304 3531 1358 3574 ut
1380 3524 1571 3591 fructus
1599 3521 1705 3590 ejus
1731 3518 1822 3571 bo-

245 3638 335 3675 nus
361 3622 426 3675 sit
455 3620 542 3673 ille
564 3635 713 3689 quem
738 3616 1079 3687 baptizauerit,
1109 3622 1153 3667 et
1170 3615 1214 3667 si
1236 3630 1348 3666 cum
1372 3611 1566 3665 occulta
1586 3618 1655 3664 est
1675 3609 1824 3663 arbor

246 3714 377 3765 mata
396 3753 411 3778 ,
440 3712 739 3781 quicumque
766 3709 828 3762 ab
852 3708 945 3762 illa
974 3707 1123 3780 fuerit
1153 3694 1432 3775 baptizatus
1450 3745 1464 3768 ,
1496 3720 1595 3781 non
1623 3704 1685 3757 de
1709 3702 1820 3768 illa,

247 3804 327 3858 sed
346 3804 405 3857 de
428 3801 630 3857 Christo
656 3801 876 3854 nascitur
901 3818 917 3852 .'
946 3799 1071 3853 tolle
1104 3798 1220 3861 ista,
1260 3812 1378 3865 quae
1407 3795 1655 3865 cogimini
1676 3802 1730 3848 et
1755 3808 1822 3848 ex

224 3912 227 3915 '
252 3906 416 3950 vestra
439 3903 584 3949 secta
602 3902 654 3947 et
674 3909 737 3947 cx
762 3891 998 3945 Petiliani
1027 3888 1257 3959 Epistola
1281 3888 1542 3952 conﬁteri,
1566 3896 1619 3941 et
1648 3901 1823 3940 meum

250 3989 343 4043 erit
366 4002 427 4041 ac
454 3986 586 4040 mihi
611 3983 975 4054 imputandum
1004 3981 1129 4035 illud
1152 3980 1393 4034 insanum
1408 3977 1547 4049 quod
1566 3977 1821 4045 sequitur,

255 4080 484 4135 Sanctius
504 4078 855 4149 justi/icantur
881 4076 964 4144 qui
995 4074 1312 4143 baptizantur
1334 4071 1395 4123 ab
1422 4071 1627 4123 occultis
1655 4068 1823 4133 malis,

254 4188 393 4241 quam
420 4171 508 4241 qui
541 4168 859 4238 baptizantur
890 4182 921 4218 a
945 4164 1222 4234 manifestis
1242 4161 1383 4215 bonis
1424 4159 1607 4229 (lbid.,
1628 4176 1742 4227 cap.
1770 4158 1824 4224 8,

253 4280 304 4318 tt.
329 4264 407 4333 9).
450 4261 637 4317 Redde
682 4269 857 4314 autem
886 4258 975 4312 illa
1000 4272 1065 4311 ex
1106 4255 1296 4325 quibus
1325 4254 1427 4308 hoc
1454 4252 1667 4322 pendet,
1697 4266 1828 4306 con-

257 4356 397 4411 tinuo
414 4354 623 4409 videbis
647 4359 703 4407 et
727 4367 813 4406 me
846 4351 946 4405 hoc
983 4349 1049 4403 ad
1080 4364 1171 4403 vos
1202 4344 1543 4416 corrigendos
1569 4351 1713 4399 recte
1738 4358 1833 4413 po-

258 4449 415 4502 suisse
435 4488 450 4511 ,
500 4454 558 4502 et
587 4453 750 4500 totum
794 4442 933 4513 quod
964 4441 1112 4496 vobis
1152 4440 1203 4494 in
1232 4439 1330 4494 hac
1354 4438 1615 4494 sententia
1641 4436 1832 4491 merito

257 4539 516 4610 diSplicet,
549 4538 600 4591 in
628 4545 859 4590 vestram
893 4533 1079 4587 faciem
1110 4532 1383 4587 recidisse.

322 4628 543 4686 CAPUT
585 4626 793 4682 XLVII.
822 4656 892 4665 ——
919 4625 1007 4679 57.
1029 4623 1258 4678 Proinde
1285 4620 1728 4692 quemadmodum
1758 4618 1833 4674 illi

259 4722 339 4792 qui
369 4720 817 4777 resurrectionem
848 4726 1177 4772 mortuorum
1197 4715 1479 4786 negabant,
1510 4715 1654 4768 nullo
1676 4711 1835 4767 modo

260 4828 313 4867 se
337 4812 686 4868 defenderent
712 4827 740 4863 a
770 4809 928 4864 tantis
959 4808 1113 4862 malis
1140 4821 1257 4876 quas
1281 4805 1348 4860 ad
1382 4821 1476 4861 eos
1510 4804 1836 4873 redarguen-

260 4903 348 4959 dos
370 4904 662 4960 connexnit
684 4902 967 4972 Apostolus
997 4901 1177 4954 dicens
1201 4916 1233 4965 ,ί
1265 4896 1445 4964 Neque
1488 4896 1715 4951 Christus
1754 4912 1836 4948 re-

258 5001 506 5062 surrexit,
557 5005 612 5052 et
636 4994 860 5052 nefanda
887 4994 1131 5050 similiter
1161 5001 1389 5057 uetera,
1430 4990 1532 5044 nisi
1572 4997 1840 5043 mutarent

259 5090 571 5145 sententiam
594 5130 610 5153 ,
648 5096 703 5143 et
744 5088 1034 5141 faterentur
1066 5098 1184 5139 esse
1210 5082 1653 5137 resurrectionem
1694 5093 1840 5133 mor-

261 5191 464 5237 tuorum
501 5201 515 5237 :
546 5182 625 5237 sic
649 5181 806 5236 etiam
841 5194 937 5233 vos
981 5180 1023 5233 si
1058 5193 1161 5232 non
1205 5176 1361 5230 vultis
1403 5173 1551 5229 vobis
1594 5170 1843 5242 imputari

261 5274 393 5343 quod
439 5272 508 5327 ad
550 5286 646 5326 vos
692 5270 1081 5326 convincendos
1110 5276 1166 5323 et
1211 5265 1554 5336 corrigendos
1595 5263 1838 5327 dicimus,

265 5366 501 5420 sanctius
545 5362 825 5433 justiticari
867 5376 959 5416 eos
1002 5360 1092 5430 qui
1138 5358 1470 5428 baptizantur
1511 5356 1577 5410 ab
1621 5352 1842 5409 occultis

265 5459 433 5524 malis,
462 5473 623 5529 quam
651 5457 740 5527 qui
766 5455 1098 5525 baptizantur
1123 5467 1152 5506 a
1183 5449 1477 5505 manifestis
1505 5448 1658 5503 bonis
1682 5464 1697 5512 ;
1726 5462 1843 5501 mu-

267 5559 368 5606 tate
394 5551 713 5623 sententiam
733 5590 746 5615 ,
792 5556 844 5603 et
869 5563 1051 5604 eorum
1081 5560 1229 5615 spem
1261 5543 1349 5613 qui
1383 5541 1719 5611 baptizantur
1745 5553 1845 5593 no-

269 5642 355 5699 lite
381 5645 432 5699 iu
473 5645 690 5699 homine
718 5658 934 5714 ponere.
985 5640 1118 5697 Nam
1146 5639 1190 5695 si
1230 5637 1456 5709 ponitis,
1508 5632 1685 5688 videte
1719 5632 1846 5704 quid

332 5798 503 5867 tApud
525 5807 627 5867 sin.
653 5803 726 5845 Er.
774 5804 825 5847 et
848 5803 980 5867 uss,
1021 5794 1196 5847 habent
1224 5806 1241 5846 :
1265 5806 1364 5845 non
1420 5795 1579 5851 recte,
1602 5788 1697 5839 nisi
1717 5786 1848 5840 refe-

274 5866 401 5911 ratur
411 5856 501 5926 'ad,
516 5858 603 5912 illa
620 5873 726 5924 ρων
748 5873 825 5911 vos
843 5856 1020 5912 dicitis.

1557 375 1761 434 LIBER
1796 373 2115 436 TERTIUS.

3380 387 3486 447 378

1916 492 2087 546 dicam
2111 533 2126 560 ,
2168 506 2236 549 ne
2260 492 2362 551 hoc
2381 495 2574 569 aliquis
2603 495 2797 555 iterum
2819 499 3134 571 supprimat,
3165 506 3219 556 et
3243 499 3383 559 dicat
3409 518 3497 560 me

1912 584 2148 639 sensisse
2194 586 2333 656 quod
2377 587 2444 643 ad
2490 603 2588 645 vos
2628 590 3022 661 redarguendos
3050 594 3499 665 corrigendosque

1910 691 2291 733 commemoro.
2320 678 2505 736 Videte
2530 682 2656 753 quid
2681 683 2855 739 dicam
2874 726 2889 750 ,
2934 686 3075 740 undo
3103 687 3323 755 pendi-at
3359 688 3499 756 quod

1911 769 2149 825 dicturus
2178 785 2295 824 sum
2326 787 2341 825 :
2370 771 2425 827 Si
2453 784 2635 828 eorum
2675 790 2823 845 spem
2869 777 2959 847 qui
3001 778 3301 847 baptizandi
3348 788 3494 847 sunt,

1910 862 1965 917 in
1994 862 2208 919 homine
2229 880 2259 918 a
2290 880 2395 935 quo
2415 866 2747 937 baptizantur
2777 870 3004 940 ponitis;
3038 871 3080 925 si
3113 873 3492 941 baptizatorem

1911 954 2212 1023 hominem,
2265 958 2404 1013 sicut
2431 961 2643 1029 scripsit
2668 962 2954 1017 Petilianns
2979 1004 2993 1025 ,
3039 964 3294 1032 originem
3326 974 3380 1020 et
3416 980 3501 1020 ra-

1911 1048 2083 1103 dicem
2124 1058 2176 1105 et
2217 1060 2376 1120 caput
2421 1052 2535 1119 ejus
2563 1054 2651 1123 qui
2703 1056 2999 1123 baptizatur
3047 1058 3403 1122 constituitis;
3454 1059 3500 1113 si

1910 1139 2156 1194 arborem
2186 1140 2382 1195 bonam
2414 1142 2610 1197 bonum
2651 1144 2916 1199 hominem
2954 1147 3305 1217 baptizantem
3327 1190 3343 1215 ,
3391 1148 3498 1203 l‘ru-

1909 1242 2055 1289 ctum
2082 1242 2257 1290 autem
2287 1236 2403 1305 ejus
2421 1237 2618 1291 bonum
2639 1254 2760 1293 eum
2790 1239 2877 1308 qui
2912 1237 3070 1292 fuerit
3094 1239 3160 1293 ab
3183 1241 3297 1309 ipso
3322 1241 3493 1310 bapti-

1911 1333 2059 1379 zatus
2086 1326 2356 1395 accipitis;
2388 1326 2688 1381 admonetis
2716 1337 2771 1381 ut
2800 1344 3099 1397 quaeramus
3124 1346 3155 1383 a
3186 1330 3357 1396 vobis,
3390 1346 3494 1400 qua

1910 1416 2113 1488 origine
2138 1418 2373 1484 oriatur,
2409 1435 2510 1490 qua
2540 1420 2718 1474 radice
2746 1421 3000 1489 pullulet,
3048 1423 3131 1475 cui
3166 1424 3319 1491 capiti
3366 1424 3496 1477 sub-

1911 1518 2184 1576 nectatur,
2233 1509 2300 1565 de
2326 1526 2427 1580 qua
2457 1512 2648 1567 arbore
2675 1523 2921 1567 nascatur
2947 1528 3102 1583 quem
3133 1513 3299 1567 malus
3329 1512 3499 1583 bapti-

1912 1611 1998 1656 zat
2026 1603 2285 1658 occultus.
2335 1604 2417 1659 Ad
2446 1606 2581 1658 hanc
2608 1606 2803 1675 quippe
2838 1606 3230 1675 inquisitionem
3272 1605 3500 1674 pertinet

1913 1696 2071 1749 etiam
2119 1696 2245 1751 illud
2271 1738 2285 1762 ,
2331 1697 2416 1752 cui
2463 1713 2565 1752 non
2596 1699 2935 1768 respondisse
2966 1699 3283 1753 Petilianum
3312 1700 3498 1767 smpis-

1913 1786 2047 1841 sime
2075 1788 2441 1841 commendavi
2475 1808 2487 1842 :
2521 1789 2670 1845 Unde
2698 1790 2941 1843 abluatur
2973 1790 3060 1860 qui
3105 1790 3295 1858 accipit
3319 1789 3500 1857 Bapti-

1913 1895 2107 1944 smum,
2141 1896 2259 1934 cum
2289 1882 2612 1938 maculosam
2635 1886 3013 1939 conscientiam
3038 1900 3141 1938 non
3168 1895 3351 1939 sancte
3368 1884 3502 1939 dan-

1914 1973 1982 2027 tis
2056 1973 2304 2043 ignorat:
2339 1974 2475 2029 hanc
2524 1976 2665 2029 enim
2706 1977 2724 2006 ¹
2766 1978 3145 2031 conscientiam
3190 1977 3366 2031 dantis
3411 1975 3499 2033 vel

1915 2077 2098 2122 sancte
2127 2067 2301 2122 dantis
2342 2068 2454 2121 vult
2499 2083 2619 2123 esse
2649 2070 2905 2139 originem
2928 2112 2943 2136 ,
2996 2071 3227 2125 radicem
3253 2111 3267 2134 ,
3318 2077 3500 2140 caput,

1914 2174 2097 2212 semen
2125 2200 2138 2222 ,
2186 2159 2431 2213 arborem
2457 2200 2471 2225 ,
2524 2159 2664 2214 unde
2708 2160 2936 2223 existat,
2984 2160 3122 2215 unde
3159 2170 3499 2230 propagetur,

1916 2252 2057 2307 unde
2085 2252 2333 2323 incipiat,
2365 2252 2506 2309 unde
2531 2254 2828 2323 germinet,
2860 2254 2999 2309 unde
3028 2264 3277 2309 nascatur
3302 2251 3503 2309 sancti-

1917 2342 2094 2397 ﬁcatio
2128 2343 2397 2412 baptizati.

1987 2443 2211 2500 CAPUT
2244 2444 2473 2499 XLVIII.
2504 2475 2577 2487 --
2606 2446 2696 2501 58.
2734 2446 2865 2500 Cum
2896 2458 3023 2514 ergo
3048 2444 3336 2515 quierimus
3364 2444 3507 2500 unde

1919 2534 2130 2591 ablutus
2152 2536 2239 2600 sit,
2269 2552 2428 2607 quem
2459 2538 2512 2591 in
2543 2546 2719 2593 vestra
2746 2538 3119 2592 communione
3146 2552 3253 2591 non
3273 2535 3507 2605 rebapti-

1920 2630 2087 2697 zatis,
2130 2630 2286 2685 etiam
2318 2646 2438 2685 cum
2475 2646 2597 2686 eum
2628 2632 2925 2687 constiterit
2959 2629 3026 2685 ab
3055 2631 3231 2701 aliquo
3270 2629 3508 2698 baptiza-

1920 2731 2072 2785 tum,
2129 2722 2218 2791 qui
2269 2733 2485 2792 propter
2528 2724 2787 2779 occultam
2836 2723 3122 2792 nequitiam
3173 2722 3282 2792 jam
3323 2727 3510 2776 sancte

1923 2817 2102 2871 dantis
2140 2817 2523 2871 conscientiam
2572 2831 2677 2870 non
2726 2814 2982 2881 habebat;
3032 2814 3157 2884 quid
3201 2812 3511 2883 responsuri

1923 2911 2051 2965 estis
2070 2951 2085 2977 ,
2129 2908 2229 2963 nisi
2264 2924 2293 2960 a
2324 2908 2535 2964 Christo
2562 2917 2653 2963 aut
2677 2923 2707 2961 a
2733 2908 2845 2962 Deo
2865 2949 2880 2973 ,
2917 2906 3160 2976 quamvis
3187 2914 3242 2959 et
3265 2904 3511 2960 Christus

1926 3003 2066 3058 Deus
2092 3016 2254 3069 super
2285 3003 2463 3056 omnia
2488 3003 2557 3057 sit
2583 3001 2892 3057 benedictus
2912 3000 2964 3055 in
2996 3000 3187 3054 saecula
3216 2998 3394 3066 (Rom.
3426 3013 3508 3065 ix,

1924 3094 1978 3163 5)
2004 3111 2017 3160 ;
2045 3102 2133 3148 aut
2158 3094 2225 3147 ab
2255 3095 2454 3163 Spiritu
2482 3102 2667 3147 sancto
2690 3134 2704 3156 ,
2734 3108 2852 3147 cum
2880 3101 2933 3148 et
2955 3092 3067 3161 ipse
3092 3092 3162 3145 sit
3187 3091 3327 3145 Deus
3345 3131 3359 3153 ,
3390 3089 3513 3157 quia

1925 3186 2039 3241 haec
2069 3187 2303 3241 Trinitas
2330 3202 2464 3241 unus
2484 3188 2622 3241 Deus
2658 3187 2721 3239 '?
2752 3186 2903 3242 Unde
2930 3186 3117 3240 Petrus
3146 3199 3266 3239 cum
3291 3183 3515 3238 dixisset

1924 3278 2163 3344 homini,
2199 3279 2364 3333 Ausus
2400 3296 2448 3332 es
2499 3279 2699 3331 mentiri
2742 3277 2961 3347 Spiritui
3005 3286 3214 3340 sancto;
3261 3275 3513 3329 continuo

1926 3378 2141 3425 secutus
2170 3368 2409 3439 adjunxit
2433 3368 2560 3438 quid
2588 3375 2731 3422 esset
2758 3366 2986 3436 Spiritus
3016 3375 3230 3420 sanctus
3252 3405 3266 3428 ,
3310 3373 3364 3418 et
3392 3363 3465 3417 ait
3495 3378 3511 3416 :

1927 3460 2051 3515 Non
2078 3477 2128 3513 es
2155 3461 2386 3514 mentitus
2407 3459 2710 3526 hominibus,
2738 3458 2826 3512 sed
2846 3458 2951 3512 Deo
2979 3458 3115 3528 (Act.
3141 3474 3196 3523 v,
3225 3456 3279 3521 5,
3299 3455 3377 3527 4).
3410 3455 3515 3511 Po-

1926 3562 2127 3607 stremo
2176 3552 2381 3607 etiamsi
2434 3552 2624 3607 dicatis
2674 3567 2794 3606 cum
2835 3550 2901 3605 ab
2946 3551 3133 3620 angelo
3162 3549 3307 3604 ablui
3352 3556 3517 3618 atque

1927 3642 2174 3699 mundari
2198 3684 2213 3707 ,
2256 3642 2468 3712 quando
2509 3644 2762 3712 pollutam
2791 3641 3170 3696 conscientiam
3198 3654 3303 3694 non
3330 3646 3515 3693 sancte

1928 3736 2103 3791 dantis
2145 3736 2382 3805 ignorat;
2427 3735 2603 3789 videte
2648 3736 2769 3804 quia
2808 3734 2977 3787 sancti
3024 3733 3267 3786 homines
3311 3746 3430 3784 cum
3458 3730 3516 3786 in

1932 3840 2187 3884 mternam
2218 3829 2376 3881 vitam
2405 3826 2818 3892 resurrexerint,
2851 3834 2976 3879 tunc
3005 3824 3071 3878 de
3094 3823 3196 3877 illis
3212 3823 3408 3876 dictum
3432 3829 3517 3877 est

1934 3922 2075 3993 quod
2102 3928 2259 3976 erunt
2285 3920 2515 3988 aequales
2554 3918 2769 3987 Angelis
2816 3915 2909 3969 Dei
2965 3914 3175 3986 (Matth.
3218 3928 3369 3979 xm,
3398 3912 3515 3981 30).

1936 4014 2184 4082 Quisquis
2210 4026 2337 4081 ergo
2365 4019 2419 4064 et
2446 4010 2513 4064 ab
2533 4008 2722 4079 angelo
2744 4006 2993 4071 abluitur,
3027 4005 3261 4061 sanctius
3284 4003 3518 4058 abluitur

1932 4122 2091 4179 quam
2115 4105 2158 4160 si
2187 4104 2433 4159 abluatur
2456 4102 2522 4158 ab
2551 4099 2782 4156 hominis
2799 4098 3170 4169 qualicumque
3195 4096 3519 4177 "conscien-

1933 4202 2027 4257 tia.
2075 4200 2180 4255 Cur
2234 4212 2361 4268 ergo
2394 4212 2501 4252 non
2551 4195 2712 4250 vultis
2750 4202 2809 4249 ut
2850 4193 3056 4247 dicatur
3084 4190 3273 4257 vobis,
3306 4188 3364 4245 Si
3394 4198 3519 4243 tunc

1934 4293 2099 4350 abluit
2142 4291 2302 4345 homo
2332 4288 2541 4360 quando
2584 4284 2897 4342 manifestus
2926 4284 3097 4339 bonus
3130 4290 3246 4348 est,
3275 4295 3395 4336 cum
3422 4294 3522 4333 au-

1937 4395 2044 4442 tem
2087 4383 2326 4439 occultus
2365 4381 2526 4436 homo
2572 4380 2744 4435 malus
2771 4386 2887 4444 est,
2932 4375 3183 4447 quoniam
3224 4388 3328 4428 non
3360 4371 3522 4427 habet

1937 4476 2317 4535 conscientiam
2344 4471 2758 4551 sanctedanlis,
2811 4484 2916 4525 non
2939 4467 3049 4539 jam
3081 4466 3194 4537 ipse
3218 4505 3233 4531 ,
3261 4463 3353 4519 sed
3378 4464 3520 4518 Deus

1939 4580 2030 4627 aut
2058 4570 2274 4640 angelus
2304 4568 2507 4633 abluit,
2556 4564 2791 4619 sanctius
2826 4561 3183 4632 justilicantur
3221 4557 3309 4627 qui
3349 4553 3520 4625 bapti-

1940 4644 2127 4718 zantur
2154 4662 2220 4715 ab
2246 4659 2468 4715 occultis
2488 4656 2641 4711 malis
2659 4696 2674 4722 ,
2698 4669 2857 4724 quam
2878 4652 2967 4723 qui
2992 4650 3326 4721 baptizantur
3350 4662 3381 4702 a
3403 4659 3522 4701 ma-

1940 4756 2147 4812 nifestis
2169 4752 2359 4809 bonis?
2401 4751 2529 4818 Qua:
2554 4746 2816 4803 sententia
2845 4745 2891 4799 si
2916 4742 3067 4799 vobis
3094 4740 3354 4811 displicet,
3385 4751 3522 4808 quo-

1943 4854 2085 4907 niam
2111 4863 2294 4905 revera
2313 4845 2594 4915 displicere
2613 4841 2855 4897 omnibus
2875 4838 3066 4903 debet;
3099 4836 3187 4891 illa
3209 4834 3373 4890 tollite
3384 4830 3527 4886 unde

1944 4942 2177 4998 nascitur
2197 4980 2212 5004 ,
2241 4938 2329 4993 illa
2359 4935 2606 5006 corrigite
2641 4932 2780 4988 unde
2806 4931 3060 5003 religatur
3091 4946 3107 4984 :
3138 4927 3226 4983 illa
3249 4924 3393 4983 enim
3413 4935 3524 4978 non

1945 5030 2268 5107 praecedant,
2300 5037 2354 5084 et
2381 5028 2478 5082 ista
2503 5041 2607 5081 non
2635 5023 2894 5095 sequitur.

2016 5121 2238 5180 CAPUT
2264 5118 2453 5175 XLIX.
2480 5148 2551 5158 ——
2593 5116 2682 5173 59.
2724 5114 2899 5170 Nolite
2938 5112 3115 5182 itaque
3148 5107 3362 5171 dicere,
3392 5100 3527 5157 Con-

1946 5221 2154 5276 scientia
2179 5225 2348 5273 sancte
2368 5214 2534 5268 dantis
2555 5210 2845 5275 attenditur,
2865 5221 2978 5277 qua:
2998 5202 3168 5257 abluat
3192 5195 3485 5269 accipientis
3507 5209 3529 5251 :

1948 5330 2016 5370 ne
2063 5312 2268 5368 dicatur
2307 5307 2457 5363 vobis
2481 5347 2496 5373 ,
2542 5302 2764 5373 Quando
2793 5300 2921 5355 latet
2945 5292 3116 5350 dantis
3156 5288 3355 5359 polluta
3393 5301 3527 5342 con-

1950 5404 2209 5469 scientia,
2262 5402 2380 5474 quis
2424 5398 2592 5453 abluit
2642 5387 2948 5463 accipientis
2995 5378 3405 5455 conscientiam?
3462 5378 3534 5434 Et

1951 5513 2073 5554 cum
2109 5470 2528 5566 responderitis,
2570 5486 2669 5542 Vel
2694 5486 2866 5550 Deus,
2892 5478 2977 5534 vel
3004 5474 3223 5547 angelus
3253 5470 3528 5545 (quoniam

2015 5661 2030 5679 '
2064 5664 2241 5705 omnes
2270 5650 2381 5699 libri
2415 5645 2678 5705 habebant,
2704 5637 2826 5688 hanc
2848 5624 3008 5688 etiam.
3052 5639 3378 5685 Lovamenses
3395 5632 3534 5693 puts-

1951 5703 2366 5780 runt'lesendum:
2388 5709 2509 5780 ¹ιέ¹η⁶
2525 5703 2690 5780 εζιίἮς.
2703 5776 2744 5780 _-

2017 5785 2038 5815 ³
2052 5769 2106 5829 In
2131 5769 2258 5843 ass,
2283 5770 2395 5843 quia
2417 5770 2521 5819 Ιιωσ
2945 5769 3089 5813 Deus.

2022 5845 2043 5878 ³
2057 5827 2193 5903 iss...
2215 5827 2416 5889 hominis
2436 5827 2811 5894 qualiscunque.
