3998 6518
488 454 594 512 379

492 572 618 645 quid
643 566 1009 642 respondeatis
1035 561 1177 619 aliud
1209 576 1315 617 non
1356 556 1630 629 habetis);
1678 560 1930 645 sequatur
1973 564 2073 645 vos

491 641 631 719 unde
656 655 1049 729 coniundamini
1084 672 1097 711 :
1128 651 1373 709 Sanctius
1396 649 1756 719 justiticantur
1783 644 1874 717 qui
1901 641 2077 713 bapti-

489 763 680 811 zantur
702 753 769 807 ab
804 747 1023 807 occultis
1049 744 1235 811 malis,
1282 752 1339 798 ut
1367 741 1454 797 vel
1481 755 1509 796 a
1542 740 1653 796 Deo
1678 737 1763 793 vel
1791 736 1859 792 ab
1886 732 2074 807 angelo

491 846 803 909 abluantur,
848 854 1007 912 quam
1037 837 1129 907 qui
1170 836 1556 907 baptizantura
1582 827 1877 886 manifestis
1899 823 2071 888 bonis,

492 938 581 1009 qui
613 936 717 989 Deo
741 932 823 987 vel
850 930 1053 1002 angelis
1080 943 1187 984 non
1216 931 1612 995 comparantur.
1630 920 1735 979 Sed
1751 919 1911 975 dicite
1931 914 2074 991 quod

492 1027 618 1082 dicit
646 1024 854 1083 Veritas
897 1030 952 1077 et
976 1021 1238 1076 catholica
1276 1016 1548 1083 Ecclesia,
1599 1014 1722 1087 quia
1753 1026 1860 1067 non
1901 1009 2075 1065 soltun

488 1132 607 1173 cum
638 1117 807 1172 maius
830 1122 912 1171 est
937 1113 1178 1169 minister
1216 1108 1469 1179 Baptismi
1489 1148 1504 1174 ,
1554 1120 1737 1160 vcrum
1763 1103 1923 1157 etiam
1952 1114 2075 1156 cum

485 1218 704 1265 sanctus
733 1217 786 1264 et
810 1207 984 1263 bonus
1008 1212 1111 1272 est,
1146 1218 1249 1258 non
1278 1209 1360 1256 est
1388 1201 1440 1254 in
1472 1195 1689 1252 homine
1716 1207 1838 1267 spes
1872 1206 2077 1263 ponen-

483 1301 548 1356 da
570 1342 586 1367 ,
615 1301 710 1357 sed
736 1301 788 1355 in
820 1299 911 1354 illo
936 1298 1029 1370 qui
1064 1294 1324 1367 justiﬁcat
1369 1291 1590 1364 impium
1616 1329 1630 1355 ,
1675 1288 1729 1342 in
1769 1299 1928 1357 quem
1953 1297 2077 1339 cre-

484 1393 735 1451 dentibus
776 1390 907 1447 ﬁdes
950 1388 1016 1445 ad
1057 1387 1319 1460 justitiam
1348 1384 1632 1455 deputatur
1673 1379 1848 1450 (Rom.
1877 1391 1931 1432 tv
1953 1417 1970 1443 ,
1996 1375 2074 1449 5).

485 1486 618 1541 Cum
649 1485 791 1540 enim
833 1483 1060 1538 dicimus
1085 1524 1099 1549 ,
1151 1479 1397 1535 Christus
1442 1475 1711 1547 baptizat,
1749 1486 1856 1526 non
1881 1468 2077 1525 visibili

490 1577 787 1633 ministerio
813 1575 1060 1644 dicimus,
1086 1574 1222 1629 sicut
1242 1578 1391 1644 putat
1410 1569 1492 1624 vel
1509 1566 1683 1640 putari
1704 1565 1852 1638 cupit
1877 1580 1974 1620 nos
1997 1562 2081 1619 di-

486 1683 615 1724 cere
640 1667 965 1731 Petiiianus;
1012 1664 1105 1720 sed
1136 1664 1340 1720 occulta
1370 1661 1538 1732 gratia
1562 1699 1577 1725 ,
1608 1658 1816 1715 occulta
1842 1654 2077 1729 potentia

486 1759 538 1815 in
578 1760 780 1831 Spiritu
825 1765 1012 1813 sancto
1034 1798 1048 1823 ,
1096 1757 1235 1811 sicut
1261 1753 1329 1808 de
1368 1753 1461 1809 illo
1486 1751 1687 1807 dictum
1709 1760 1792 1805 est
1815 1765 1844 1803 a
1869 1749 2079 1805 Joanne

486 1852 721 1924 Baptista
746 1894 762 1919 ,
795 1851 896 1905 Hic
918 1860 991 1905 est
1024 1850 1109 1920 qui
1135 1850 1355 1919 baptizat
1385 1848 1439 1901 in
1470 1845 1671 1918 Spiritu
1695 1852 1867 1899 sancto
1896 1841 2075 1916 (Joan.

484 1959 523 2011 ι,
552 1945 667 2014 33).
699 1943 825 2010 Nec,
850 1942 986 1997 sicut
1017 1941 1306 1996 Pctilianus
1331 1938 1494 2006 dicit,
1521 1937 1629 2007 jam
1659 1936 1932 2005 baptizare
1960 1948 2073 1990 ces-

483 2035 622 2089 sarit
650 2051 664 2087 :
695 2034 789 2090 sed
829 2032 1003 2087 adhuc
1038 2032 1091 2087 id
1134 2033 1283 2102 agit,
1333 2046 1439 2084 non
1482 2027 1783 2083 ministerio
1814 2024 2072 2096 corporis,

485 2124 581 2180 sed
625 2125 876 2180 invisibili
900 2139 1062 2194 opere
1101 2122 1414 2193 majestatis.
1460 2120 1612 2189 Quod
1645 2122 1786 2174 enim
1826 2118 2073 2187 dicimus,

486 2216 605 2286 Ipse
630 2215 861 2286 baptizat
882 2255 897 2281 ,
950 2230 1056 2269 non
1087 2214 1314 2269 dicimus
1336 2253 1350 2278 ,
1403 2211 1523 2282 ipse
1549 2218 1695 2265 tcnct
1720 2251 1736 2276 ,
1772 2218 1827 2266 et
1862 2212 1914 2263 in
1941 2222 2076 2278 aqua

485 2322 679 2379 corpus
728 2308 1059 2363 credentium
1111 2306 1268 2376 tingit
1315 2323 1328 2360 :
1377 2303 1471 2359 sed
1501 2345 1515 2370 ,
1566 2302 1685 2374 Ipse
1734 2300 2076 2359 invisibiliter

486 2398 731 2467 mundat,
763 2407 816 2454 et
847 2399 947 2452 hoc
968 2398 1269 2453 universam
1301 2409 1520 2467 prorsus
1546 2392 1863 2448 Ecciesiam.
1890 2390 2076 2461 Neque

487 2492 631 2547 enim
658 2488 903 2562 apostolo
934 2488 1099 2544 Paulo
1127 2502 1236 2543 non
1267 2494 1349 2542 est
1377 2482 1705 2540 credendum
1727 2525 1742 2551 ,
1770 2483 1862 2555 qui
1890 2481 1957 2537 de
1984 2482 2075 2537 illo

490 2580 668 2637 dixit:
703 2580 833 2648 Viri,
874 2578 1072 2651 diligite
1113 2595 1301 2635 uxores
1346 2587 1554 2641 vestras,
1596 2574 1724 2630 sicut
1765 2582 1811 2629 et
1849 2572 2077 2629 Christus

484 2673 658 2728 dilexit
708 2671 1007 2739 Ecclesium,
1048 2680 1094 2726 et
1117 2688 1171 2727 se
1194 2672 1361 2742 ipsum
1385 2667 1594 2724 tradidit
1627 2683 1721 2739 pro
1747 2683 1827 2733 ea,
1875 2674 1929 2721 ut
1965 2681 2077 2720 eam

481 2768 839 2836 sancti/icaret,
889 2766 1143 2821 mandans
1195 2781 1307 2820 eam
1362 2763 1563 2819 lavacro
1603 2776 1750 2832 aqum
1792 2760 1847 2814 in
1878 2758 2025 2814 verbo
2055 2758 2073 2790 ί

486 2857 701 2932 (Ephes.
749 2873 802 2923 ν,
844 2855 937 2923 25,
976 2854 1091 2929 26).
1123 2856 1261 2913 Ecce
1303 2855 1428 2927 quia
1464 2852 1710 2909 Christus
1746 2849 2071 2917 sanctificat;

484 2964 611 3007 ecce
638 2950 761 3021 quia
785 2948 1029 3007 Christus
1056 2951 1216 3006 etiam
1248 2952 1365 3021 ipso
1387 2948 1600 3003 lavacro
1621 2961 1772 3016 aqua:
1795 2948 1847 3001 in
1883 2946 2070 3011 verbo,

378 3114 379 3117 η
483 3043 573 3098 ubi
600 3043 827 3099 ministri
852 3043 1202 3114 corporaliter
1221 3042 1472 3099 videntur
1492 3043 1722 3114 operari,
1742 3041 1855 3115 ipse
1881 3038 2071 3105 abluit,

481 3138 597 3212 ipse
633 3139 871 3196 mundat.
914 3140 1083 3196 Nemo
1119 3155 1249 3212 ergo
1274 3141 1374 3197 sibi
1405 3150 1616 3211 arroget
1646 3137 1787 3210 quod
1827 3136 1919 3195 Dei
1949 3144 2031 3193 est
2059 3155 2074 3193 :

480 3231 559 3287 sic
580 3242 723 3287 certa
750 3247 875 3303 spes
902 3229 1200 3301 homirnam,
1232 3247 1354 3288 cum
1382 3231 1435 3287 in
1466 3232 1560 3287 ilio
1593 3231 1772 3303 ﬁgitur
1798 3231 1821 3262 '
1852 3229 1940 3301 qui
1971 3226 2075 3299 ial-

481 3318 598 3378 lere
621 3337 727 3377 non
756 3329 931 3393 potest
955 3339 969 3376 :
997 3322 1267 3394 quoniam,
1305 3320 1610 3378 Maledictus
1635 3322 1799 3376 omnis
1823 3321 1911 3394 qui
1935 3335 2077 3391 spem

481 3429 628 3469 suam
653 3414 791 3484 ponit
810 3416 862 3469 in
884 3412 1084 3471 homine
1103 3413 1317 3487 (Jerem.
1342 3430 1471 3480 xvn,
1499 3415 1588 3486 5);
1613 3423 1688 3484 et,
1716 3413 1903 3468 Beatus
1927 3412 2079 3483 cujus

486 3512 558 3558 est
584 3503 832 3560 Dominus
863 3505 998 3561 Deus
1036 3522 1149 3574 spes
1178 3506 1336 3577 ipsius
1368 3502 1542 3577 (Psal.
1576 3519 1743 3561 χχχιιι
1767 3545 1780 3569 ,
1823 3503 1900 3576 5).
1942 3501 2077 3557 Nam

483 3592 817 3666 dispensator
839 3597 1009 3653 ﬁdelis
1024 3597 1322 3655 mercedem
1346 3600 1574 3669 accipiet
1590 3598 1751 3654 vitam
1778 3607 2032 3653 aeternam
2057 3611 2075 3654 :

483 3687 818 3759 diSpensator
868 3700 1043 3748 autem
1097 3693 1343 3759 inﬁdelis,
1392 3708 1514 3748 cum
1557 3688 1757 3748 cibaria
1811 3690 2079 3748 dominica

484 3777 754 3837 distribuit
792 3785 1088 3851 conservis,
1130 3784 1266 3841 absit
1295 3794 1354 3840 ut
1392 3800 1487 3856 per
1526 3798 1676 3840 suam
1708 3783 2078 3841 inﬁdelitatem

482 3872 680 3930 cibaria
719 3875 922 3931 inutilia
947 3875 1122 3933 faciat.
1164 3877 1426 3946 Quoniam
1446 3920 1461 3946 ,
1493 3894 1606 3950 qua:
1639 3876 1849 3944 dicunt,
1879 3878 2075 3951 inquit,

485 3968 658 4037 facite;
678 3984 792 4036 qure
809 3977 976 4024 autem
996 3970 1210 4042 faciunt,
1230 3974 1396 4041 facere
1415 3971 1569 4026 nolite
1591 3969 1801 4043 (Matth.
1825 3986 1973 4038 χχιιι,
1995 3971 2075 4055 5).

484 4058 636 4127 Quod
668 4058 788 4116 ideo
808 4072 991 4117 contra
1016 4064 1184 4120 malos
1206 4064 1602 4133 dispensatores
1625 4070 1949 4134 praeceptum
1972 4073 2073 4130 est,

488 4158 550 4204 ut
572 4150 710 4206 bona
738 4151 831 4206 Dei
862 4168 959 4222 per
997 4153 1142 4222 ipsos
1165 4155 1513 4224 accipiantur,
1556 4152 1691 4209 maia
1719 4164 1897 4211 autem
1928 4154 2078 4227 ipso-

486 4254 610 4296 rum
641 4243 749 4296 vita
780 4258 844 4298 ex
870 4243 1299 4300 dissimilitudine
1324 4254 1590 4302 caveatur.

560 4331 786 4389 CAPUT
827 4334 890 4390 L.
944 4366 1016 4378 —
1062 4338 1150 4392 60.
1192 4336 1250 4393 Si
1277 4346 1452 4393 autem
1483 4337 1550 4394 ad
1578 4340 1676 4395 ista
1704 4340 1874 4412 prima
1913 4339 2080 4398 verba

490 4420 743 4494 Epistoia:
767 4439 901 4480 mere
917 4425 1229 4482 Petilianum
1248 4442 1352 4483 non
1374 4430 1715 4500 respondisse
1740 4432 2079 4491 manifestum

491 4520 595 4578 est,
623 4520 677 4570 et
726 4514 815 4570 ubi
862 4515 1190 4585 respondere
1237 4527 1460 4574 conatus
1503 4523 1819 4590 est,_magis
1848 4526 2083 4583 ostendit

496 4602 637 4674 quod
664 4620 768 4660 non
797 4606 1028 4676 potuerit
1051 4607 1413 4679 respondere:
1460 4611 1584 4683 quid
1612 4608 1680 4668 de
1706 4610 1812 4668 illis
1842 4615 2081 4685 partibus

493 4711 733 4753 meorum
778 4701 1097 4771 scriptorum
1138 4698 1352 4775 loquar,
1381 4706 1575 4775 quibus
1612 4720 1711 4762 nec
1752 4709 2080 4778 respondere

494 4791 744 4859 tentavit,
772 4807 891 4864 quae
919 4794 1137 4850 omnino
1166 4811 1272 4851 non
1302 4796 1512 4869 attigit?
1551 4812 1670 4870 qua:
1699 4808 1874 4858 tamen
1903 4800 2078 4874 qualia

488 4880 598 4937 sint
623 4884 665 4937 si
694 4897 976 4942 recensere
1002 4887 1225 4958 quisque
1249 4882 1492 4958 voluerit,
1509 4890 1597 4961 qui
1620 4900 1674 4947 et
1697 4908 1815 4949 mea
1842 4903 1896 4963 et
1913 4894 2078 4966 ipsius

495 4972 656 5029 habet
684 4976 903 5047 scripta,
948 4988 1082 5048 puto
1122 4980 1263 5050 quod
1302 4981 1559 5055 intelligat
1587 4994 1781 5055 quanta
1827 4985 2080 5047 ﬁrmitate

492 5065 738 5121 roborata
762 5068 887 5137 sint.
919 5068 1071 5137 Quod
1101 5080 1161 5125 ut
1189 5070 1339 5127 vobis
1366 5072 1599 5129 breviter
1619 5076 1918 5146 ostendam,
1963 5079 2078 5151 ipsa

493 5156 794 5214 testimonia
824 5157 890 5214 de
915 5154 1207 5231 Scripturis
1246 5164 1446 5219 sanctis
1479 5165 1682 5237 prolata
1716 5168 1959 5236 recolite,
1994 5172 2078 5226 vel

491 5246 713 5317 legendo
740 5258 1037 5318 recensete,
1070 5266 1188 5322 quas
1217 5254 1393 5323 posuit
1416 5253 1561 5310 velut
1581 5256 1840 5314 adversus
1864 5273 1961 5314 nos
1983 5303 1997 5326 ,
2024 5269 2082 5317 et

492 5340 544 5393 in
592 5356 706 5397 mea
754 5344 1102 5413 responsione
1145 5358 1264 5416 qure
1305 5344 1459 5415 posui
1496 5347 1655 5402 etiam
1687 5364 1784 5420 ego
1822 5350 2077 5407 adversus

498 5446 595 5487 vos
623 5448 638 5486 :
669 5442 724 5488 et
758 5434 934 5491 videte
959 5436 1407 5509 quemadmodum
1435 5453 1534 5510 ego
1560 5440 1647 5495 illa
1675 5456 1793 5511 qua:
1823 5441 1935 5512 ipse
1974 5459 2070 5514 po-

494 5519 622 5588 suit,
655 5526 863 5580 ostendi
887 5540 993 5581 non
1020 5524 1192 5594 nobis,
1223 5529 1314 5584 sed
1342 5531 1517 5600 potius
1538 5528 1689 5586 vobis
1711 5546 1830 5589 esse
1859 5544 2076 5590 contra-

494 5615 610 5682 ria;
649 5617 765 5688 ipse
807 5628 985 5677 autem
1008 5621 1105 5685 illa
1144 5639 1262 5694 qua:
1303 5625 1453 5694 posui
1484 5626 1721 5683 maxime
1756 5629 2071 5696 necessaria,

560 5752 581 5785 ι
602 5759 650 5803 ιιι
668 5757 878 5816 excusis,
900 5756 950 5809 in
974 5760 1113 5811 verbo
1132 5760 1259 5815 uiue.
1286 5762 1449 5827 abest,
1474 5762 1599 5828 uua,
1620 5776 1651 5817 a
1666 5765 2006 5831 manuscriptis
2025 5773 2078 5820 et

492 5825 525 5865 a
545 5827 705 5871 graeco
724 5826 867 5869 textu
891 5820 1113 5871 ADOSiOll.

545 5827 705 5880 meo
724 5827 867 5869 textu
891 5827 1113 5883 Apostoii.
1910 5827 1925 5831 ⁷

545 5879 1010 5959 :Eucusilsicerta
1035 5897 1141 5959 spes
1174 5883 1418 5939 hominum
1438 5891 1550 5941 cum
1586 5886 1673 5943 illo
1694 5886 1876 5959 ﬁgitur.
1899 5894 2073 5945 Emen-

495 5949 671 6001 ωηατ
689 5953 757 5994 ex
773 5949 1125 6011 mmiptis.

1338 440 1610 515 CONTRA
1649 434 1983 495 LITTERAS
2008 433 2368 503 PETILIANI,
2407 434 2465 493 S.
2506 433 2874 503 AUGUSTINI

3657 432 3767 490 380

2184 551 2405 609 omnino
2428 562 2534 619 non
2557 548 2753 623 attigit,
2779 557 2834 604 et
2860 548 2914 603 in
2940 544 3031 603 illo
3054 560 3163 603 uno
3191 543 3452 618 Apostoli,
3478 544 3623 617 quod
3643 555 3771 605 tan-

2185 657 2343 715 quam
2370 656 2469 712 pro
2493 655 2553 696 se
2578 648 2907 715 pertractare
2931 646 3153 696 conatus
3180 646 3263 701 est
3282 679 3304 706 ,
3330 636 3581 695 videbitis
3608 653 3772 709 quam

2183 735 2388 791 nullum
2413 735 2612 790 exitum
2643 734 2923 791 invenerit.

2257 827 2346 889 6i.
2387 826 2517 883 Pars
2540 827 2736 899 quippe
2757 825 3009 899 Epistolae
3037 839 3197 898 quam
3222 824 3438 897 scripsit
3462 822 3535 881 ad
3564 837 3709 890 suos,
3739 839 3775 881 a

2185 922 2356 993 capite
2378 935 2544 993 usque
2569 921 2636 977 ad
2663 936 2784 977 eum
2812 921 2990 977 locum
3015 920 3103 975 ubi
3129 919 3287 984 dicit,
3323 917 3440 974 Hoc
3476 918 3621 973 nobis
3658 917 3775 975 Do—

2184 1015 2351 1069 minus
2376 1014 2590 1086 imperat
2619 1029 2639 1073 :
2668 1032 2687 1066 ι
2718 1013 2845 1068 Cum
2878 1030 2964 1069 vos
2986 1013 3230 1083 persecuti
3256 1012 3445 1084 fuerint
3468 1012 3698 1067 homines
3719 1012 3775 1065 in

2184 1107 2382 1163 civitate
2406 1107 2523 1172 ista,
2554 1107 2710 1177 fugite
2735 1106 2786 1160 in
2812 1104 2968 1161 aliam
2990 1124 3010 1171 ;
3035 1105 3173 1174 quod
3196 1106 3241 1159 si
3265 1113 3311 1158 et
3336 1107 3389 1161 in
3413 1121 3473 1159 ea
3491 1121 3579 1165 vos
3605 1120 3776 1174 perse-

2185 1206 2425 1270 quuntur,
2458 1198 2685 1271 fugitein
2710 1198 2867 1253 aliam
2891 1196 3133 1271 )(Matth.
3157 1213 3211 1261 ι,
3238 1195 3357 1268 25);
3378 1196 3609 1269 primum
3631 1195 3777 1251 venit

2186 1289 2241 1349 in
2271 1304 2458 1345 manus
2484 1297 2727 1354 nostras;
2748 1289 2869 1346 huic
2893 1287 3263 1359 respondimus
3290 1302 3447 1359 :qua:
3478 1296 3664 1343 nostra
3683 1301 3775 1342 re-

2181 1384 2402 1459 sponsio
2430 1398 2553 1441 cum
2582 1384 2742 1440 etiam
2776 1383 2829 1438 in
2867 1382 3006 1439 illius
3034 1384 3271 1439 venisset
3296 1396 3524 1447 manus,
3559 1379 3777 1451 scripsit

2185 1474 2324 1533 hanc
2361 1482 2568 1543 contra,
2613 1490 2770 1551 quam
2801 1490 2942 1531 nunc
2984 1473 3295 1543 refeliimus,
3335 1484 3389 1531 et
3425 1474 3551 1533 eum
3578 1481 3776 1533 nostra)

2186 1583 2293 1631 non
2346 1567 2693 1641 respondisse
2740 1577 3122 1625 monstramus.
3172 1566 3232 1625 in
3282 1567 3373 1625 illa
3419 1582 3551 1638 ergo
3602 1566 3776 1637 prima

2185 1674 2337 1739 parte
2372 1662 2694 1734 scriptorum
2734 1662 2849 1734 ejus
2878 1662 3069 1734 quibus
3112 1662 3339 1733 primum
3373 1650 3774 1731 respondimus,

2185 1753 2302 1810 haec
2329 1763 2452 1809 sunt
2493 1754 2789 1823 testimonia
2816 1753 3208 1824 Scripturarum
3230 1794 3250 1819 ,
3289 1767 3411 1823 quae
3436 1751 3598 1807 nobis
3623 1759 3779 1823 puta-

2185 1846 2263 1901 vit
2286 1845 2509 1902 adversa
2556 1862 2571 1901 :
2613 1845 2778 1901 Arbor
2805 1845 2940 1901 bona
2963 1844 3119 1905 bonos
3157 1846 3352 1917 fructus
3376 1844 3521 1915 facit,
3547 1853 3599 1899 et
3622 1844 3778 1899 arbor

2185 1936 2323 1990 mala
2353 1937 2514 1992 malos
2542 1938 2735 2008 fructus
2762 1937 2883 2008 facit
2914 1952 2935 1991 :
2973 1936 3218 2007 numquid
3242 1936 3486 2007 mitigant
3515 1935 3582 1990 de
3615 1935 3779 2006 spinis

2185 2045 2308 2085 uvas
2339 2027 2450 2101 (Id.
2482 2044 2570 2094 vn,
2600 2029 2687 2095 i7,
2715 2028 2847 2099 16)?
2871 2036 2925 2084 et
2952 2028 3165 2093 iterum,
3204 2025 3383 2087 Omnis
3424 2028 3579 2082 homo
3619 2028 3780 2083 bonus

2184 2121 2250 2177 de
2293 2122 2528 2181 thesauro
2569 2121 2738 2177 cordis
2782 2120 2866 2179 sui
2904 2124 3097 2194 profert
3138 2120 3291 2189 bona,
3332 2129 3379 2175 et
3417 2121 3585 2176 omnis
3627 2120 3780 2179 homo

2186 2213 2351 2268 nullus
2375 2214 2438 2267 de
2463 2213 2700 2269 thesauro
2722 2211 2889 2267 cordis
2907 2213 2988 2271 sui
3007 2216 3200 2284 profert
3216 2212 3351 2268 mala
3373 2210 3484 2284 (Id.
3512 2228 3613 2281 xu,
3640 2212 3739 2287 35)
3763 2230 3779 2266 :

2182 2314 2239 2361 et
2259 2305 2451 2363 iterum
2473 2346 2491 2373 ,
2525 2304 2624 2371 Qui
2651 2306 2940 2377 baptizatur
2958 2321 2993 2359 a
3014 2315 3214 2360 mortuo
3235 2347 3253 2373 ,
3279 2322 3382 2361 non
3401 2307 3447 2361 ei
3471 2305 3683 2377 prodest
3706 2305 3784 2360 lu-

2184 2400 2318 2457 vatio
2363 2399 2476 2466 cius
2516 2399 2702 2470 (Eccli.
2730 2417 2925 2467 xxnv,
2968 2399 3081 2473 50).
3122 2400 3220 2457 llis
3243 2399 3564 2456 testimoniis
3592 2398 3782 2456 volens

2184 2491 2467 2550 ostendere
2494 2493 2654 2549 talem
2682 2493 2798 2555 tieri
2827 2509 2951 2551 eum
2978 2494 3069 2566 qui
3097 2494 3417 2565 baptizatur,
3448 2491 3629 2565 qualis
3656 2492 3777 2549 tue-

2183 2585 2307 2643 rita
2332 2600 2438 2656 quo
2462 2585 2782 2655 baptizatur.
2812 2585 2927 2657 Ego
2951 2594 3137 2642 contra
3158 2583 3613 2657 quemadmodum
3637 2584 3782 2641 acci-

2184 2678 2376 2750 pienda
2403 2689 2588 2737 essent
2609 2679 2724 2737 haec
2752 2679 3056 2741 testimonia
3078 2721 3095 2747 ,
3124 2686 3180 2741 et
3204 2678 3349 2750 quod
3370 2678 3489 2749 ejus
3518 2678 3782 2737 intentio-

2183 2789 2306 2833 nem
2332 2773 2463 2833 nihil
2490 2773 2805 2844 adiuvarent
2822 2774 3052 2832 ostendi.
3077 2772 3281 2833 Cuncta
3302 2788 3432 2833 vero
3450 2789 3574 2846 quas
3600 2776 3783 2844 posuit

2182 2866 2327 2923 dicta
2370 2866 2423 2925 in
2451 2866 2624 2923 malos
2651 2874 2707 2923 et
2749 2868 3037 2924 sceleratos
3080 2866 3345 2935 homines,
3396 2881 3505 2922 non
3531 2880 3657 2922 esse
3683 2865 3780 2922 ad-
3811 2931 3822 2940 _

2184 2973 2371 3017 versus
2398 2959 2664 3019 frumenta
2683 2958 2970 3026 dominica,
2997 2960 3135 3016 sicut
3153 2957 3407 3031 przedicta
3427 2968 3484 3015 et
3508 2961 3779 3030 promissa

2182 3062 2310 3107 sunt
2334 3092 2350 3118 ,
2380 3059 2493 3107 toto
2518 3053 2653 3109 orbe
2676 3050 2865 3109 dinosa
2889 3092 2907 3120 ,
2940 3060 2997 3109 et
3020 3052 3194 3123 potius
3221 3066 3254 3107 ιι
3279 3052 3433 3113 nobis
3456 3060 3653 3111 contra
3684 3066 3781 3109 vos

2185 3160 2343 3215 posse
2371 3144 2475 3200 dici
2501 3144 2634 3203 satis
2655 3145 2864 3201 edocui.
2896 3144 3213 3212 Recensete,
3242 3152 3297 3202 et
3325 3144 3633 3203 invenietis.

2257 3238 2345 3295 62.
2386 3240 2458 3295 At
2498 3252 2627 3294 vero
2668 3253 2769 3308 ego
2819 3252 2939 3308 qua:
2983 3237 3139 3307 posui
3168 3250 3266 3306 pro
3294 3234 3552 3297 Ecclesia!
3591 3234 3783 3293 catho-

2186 3330 2304 3387 lica:
2324 3330 2644 3396 assertione,
2677 3329 2777 3385 ista
2805 3337 2932 3385 sunt
2962 3346 2976 3383 :
3016 3327 3159 3400 quod
3183 3328 3252 3384 ad
3288 3328 3623 3399 Baptismum
3649 3328 3779 3385 atti-

2166 3431 2309 3491 net,
2343 3438 2410 3480 ne
2439 3423 2493 3479 id
2517 3422 2658 3494 quod
2686 3422 2857 3494 gratia
2885 3421 2979 3481 Dei
3007 3436 3403 3493 regeneratum,
3430 3420 3778 3487 inundamur,

2181 3516 2558 3587 justiticamur,
2585 3515 2734 3571 danti
2762 3514 2968 3573 homini
2999 3515 3261 3572 tribuatur
3286 3530 3302 3572 :
3328 3512 3532 3569 Bonum
3559 3522 3637 3571 est
3664 3528 3780 3569 oon-

2185 3608 2343 3678 μσς
2378 3609 2434 3665 in
2474 3606 2715 3673 Domino,
2764 3623 2915 3677 quam
2956 3606 3209 3675 conﬁdere
3247 3607 3303 3663 in
3350 3605 3554 3662 homine
3600 3602 3778 3676 (Pssl.

2181 3715 2354 3767 cxvu,
2385 3700 2441 3772 8)
2472 3718 2485 3757 :
2518 3709 2591 3766 et,
2635 3696 2943 3759 Maledicta
2971 3699 3133 3755 omnis
3155 3699 3244 3770 qui
3269 3714 3411 3770 spent
3459 3713 3609 3753 nam
3635 3698 3782 3767 ponit

2182 3796 2239 3851 in
2260 3794 2463 3850 homine
2488 3792 2701 3865 (larem.
2727 3808 2836 3849 xvu
2860 3833 2876 3860 ,
2903 3793 2957 3862 5)
2990 3811 3003 3847 :
3037 3801 3092 3848 et
3116 3793 3242 3863 quia
3260 3829 3279 3859 ,
3309 3790 3515 3847 Domini
3536 3799 3612 3845 est
3636 3791 3781 3847 satus

2183 3883 2356 3958 (Paul.
2384 3901 2461 3953 ιιι,
2489 3882 2546 3956 9)
2575 3900 2591 3943 :
2619 3893 2693 3952 et,
2731 3882 2877 3942 Vana
2893 3883 3033 3939 salus
3062 3883 3277 3939 hominis
3302 3881 3474 3954 (Psal.
3505 3898 3620 3949 ιιι,
3646 3882 3780 3953 i3):

2185 3990 2242 4034 et
2267 3977 2412 4049 quia,
2444 3976 2624 4050 Neque
2642 3976 2731 4047 qui
2758 3976 2955 4048 plantat
2978 3984 3052 4031 est
3076 3974 3293 4047 aliquid,
3321 3988 3479 4044 neque
3499 3974 3590 4046 qui
3613 3975 3773 4045 rigat,

2184 4074 2274 4129 sed
2299 4074 2385 4145 qui
2412 4073 2776 4127 incrementum
2811 4071 2900 4126 dat
2942 4069 3080 4126 Deus
3113 4068 3297 4141 (lCor.
3324 4084 3403 4136 nt,
3435 4068 3489 4141 ’1)
3525 4086 3540 4125 ε
3568 4076 3630 4124 et
3651 4070 3780 4140 quia

2185 4166 2276 4223 ille
2304 4168 2357 4222 in
2385 4182 2543 4237 quem
2567 4166 2804 4224 creditur
2822 4165 3080 4237 justiﬁeat
3120 4166 3364 4237 impium,
3395 4173 3456 4221 ut
3480 4163 3776 4235 deputetur

2188 4260 2321 4317 tich
2366 4260 2485 4331 ejus
2509 4260 2577 4316 ad
2614 4259 2876 4331 justitiam
2903 4258 3090 4333 (Rom.
3124 4274 3198 4327 tv,
3226 4258 3319 4330 ὅ).
3354 4258 3582 4329 Propter
3606 4260 3779 4331 ipsius

2186 4367 2318 4411 vero
2342 4353 2599 4409 Ecclesia:
2627 4353 2885 4408 unitatem
2912 4367 3031 4422 quae
3059 4351 3112 4407 in
3137 4350 3387 4407 omnibus
3409 4352 3663 4422 gentibus
3690 4353 3779 4409 di-

2185 4445 2401 4512 latatur,
2436 4446 2523 4501 cui
2564 4459 2661 4501 vos
2704 4459 2813 4500 non
2854 4444 3281 4511 communicatis,
3324 4443 3442 4501 haec
3467 4445 3778 4503 testimonia

2188 4541 2342 4612 posui
2370 4539 2438 4596 dc
2481 4539 2692 4596 Christo
2718 4552 2840 4596 esse
2878 4538 3149 4610 praedicta,
3188 4538 3312 4609 quia
3360 4536 3724 4595 ﬂammabit»-
3747 4556 3779 4596 α

2185 4632 2319 4688 mari
2335 4648 2492 4705 usque
2508 4633 2576 4687 ad
2595 4647 2754 4698 mare,
2778 4640 2827 4686 et
2841 4646 2874 4684 ιι
2887 4631 3098 4703 ﬂumine
3119 4646 3277 4702 usque
3298 4631 3368 4685 ad
3380 4628 3629 4687 terminos
3645 4633 3777 4688 ortis

2187 4738 2335 4785 terra
2362 4728 2537 4801 (Psal.
2569 4741 2712 4793 Lm,
2739 4724 2795 4796 8)
2831 4742 2844 4779 :
2870 4734 2948 4795 et,
2967 4725 3111 4780 Dabo
3125 4725 3213 4780 tibi
3236 4734 3406 4796 gentes
3429 4725 3775 4782 Itth

2186 4830 2344 4887 tuam,
2356 4830 2406 4876 et
2417 4822 2778 4893 possessionem
2794 4827 2933 4874 tuam
2944 4818 3181 4874 terminos
3192 4816 3523 4888 term(Psol.
3540 4833 3599 4885 ιι,
3615 4818 3697 4890 8).
3715 4817 3776 4873 Et

2185 4916 2327 4987 quod
2346 4921 2716 4971 testamentum
2744 4912 2837 4968 Dei
2858 4912 3053 4967 factum
3074 4910 3142 4967 ad
3160 4909 3430 4966 Abraham
3452 4924 3553 4982 pro
3570 4919 3770 4976 nostra,

2184 5010 2288 5067 hoc
2332 5016 2435 5077 est,
2478 5007 2739 5065 catholica
2774 5006 3151 5062 communione
3191 5005 3464 5073 recitetur,
3506 5004 3602 5061 ubi
3644 5004 3773 5062 scri-

2185 5115 2331 5177 ptum
2349 5113 2451 5169 est,
2475 5102 2836 5158 Inseminetuo
2857 5099 3208 5155 benedicentur
3228 5114 3401 5153 omnes
3424 5105 3600 5169 gentes
3621 5098 3766 5171 (Gen.

2183 5210 2315 5264 χχιι,
2347 5193 2438 5266 i8)
2483 5212 2497 5248 :
2536 5193 2679 5263 quod
2722 5207 2905 5248 semen
2951 5192 3331 5261 interpretatur
3360 5190 3656 5261 Apo‘stoius
3693 5189 3772 5245 di-

2183 5302 2330 5354 cens,
2366 5285 2434 5340 Et
2457 5285 2634 5340 semini
2655 5295 2757 5348 tuo,
2785 5283 2920 5353 quod
2949 5293 3021 5339 est
3054 5282 3281 5338 Christus
3310 5281 3509 5353 (Colat.
3542 5296 3624 5351 ιιι,
3660 5283 3767 5357 id).

2185 5378 2339 5437 Unde
2363 5385 2585 5449 apparet
2622 5377 2676 5432 in
2711 5375 2942 5442 Christo,
2976 5390 3084 5431 non
3112 5374 3285 5431 solum
3317 5373 3474 5430 Afros
3497 5383 3595 5430 aut
3624 5374 3767 5431 Afri-

2182 5482 2321 5541 cam,
2348 5470 2444 5528 sed
2467 5484 2655 5527 omnes
2672 5478 2861 5542 gentes
2886 5469 3156 5525 habituras
3193 5468 3645 5537 benedictionem,
3678 5478 3769 5541 per

2182 5580 2315 5639 quas
2343 5567 2607 5624 catholica
2631 5566 2883 5623 dilatatur
2906 5565 3143 5623 Ecclesia
3164 5607 3181 5636 ,
3212 5568 3360 5621 tanto
3384 5573 3507 5622 ante
3538 5565 3766 5636 promis-

2178 5674 2298 5716 sam
2331 5662 2371 5715 ί.
2401 5658 2471 5717 Ει
2490 5660 2632 5732 quod
2672 5659 2823 5730 palea
2849 5672 2974 5715 cum
2999 5658 3277 5714 frumentis
3304 5659 3374 5713 sit
3395 5673 3566 5728 usque
3586 5657 3654 5713 ad
3684 5655 3764 5713 ui-

2183 5753 2365 5811 limam
2388 5753 2806 5821 ventilationem,
2826 5767 2895 5809 ne
2913 5751 3195 5824 quisquam
3222 5765 3318 5822 per
3347 5748 3646 5815 calumnias
3662 5748 3764 5805 .cri-

2748 5896 2806 5942 At
2844 5897 2974 5955 uss"
3002 5889 3287 5958 promissam
3321 5881 3499 5941 :refer
3516 5883 3604 5949 ad,
3628 5882 3762 5937 sane.
