3998 6470
207 477 297 534 38!

204 589 395 649 minam
421 585 721 644 alienorum
747 583 1082 656 sacrilegium
1108 595 1218 638 sum
1245 577 1594 653 separationis
1619 594 1779 635 excu-

202 695 314 752 set,
357 680 502 752 quod
533 679 808 751 reliquerit
835 678 919 733 vel
948 677 1242 732 deseruerit
1284 675 1517 730 omnium
1546 675 1779 748 gentium

201 773 645 832 communionem.
666 769 734 825 Et
753 785 817 824 ne
830 776 1046 840 propter
1063 771 1230 823 malos
1245 767 1662 837 dispensatores,
1679 765 1782 822 hoc

201 877 273 923 est
283 864 620 936 przepositos,
640 862 866 917 societas
877 859 1162 916 christiana
1177 858 1460 925 dividatur,
1480 858 1638 912 etiam
1656 856 1782 911 illud

198 957 557 1017 testimonium
585 955 759 1026 posui,
784 954 909 1020 Qua:
934 953 1123 1019 dicunt,
1160 953 1341 1023 facite;
1371 967 1483 1022 qua:
1507 960 1671 1003 autent
1702 952 1782 1020 fat

201 1055 343 1115 ciunt,
362 1053 539 1122 facere
558 1049 713 1103 nolite
732 1061 752 1102 :
780 1046 952 1100 dicunt
977 1046 1111 1098 enim
1138 1053 1184 1097 et
1214 1061 1312 1097 non
1340 1043 1533 1114 faciunt
1564 1040 1777 1111 (Matth.

113 1148 118 1152 ’
200 1160 354 1211 mn,
383 1138 474 1209 '5).
509 1140 636 1195 Haec
664 1138 752 1193 ille
783 1137 1084 1193 testimonia
1113 1134 1180 1189 de
1204 1133 1493 1203 Scripturis
1525 1132 1721 1186 sanctis
1751 1145 1781 1185 a

201 1251 277 1292 me
305 1234 480 1304 posita
509 1273 526 1300 ,
559 1245 657 1286 nec
682 1228 918 1285 ostendit
941 1224 1388 1297 quemadmodum
1432 1224 1584 1279 aliter
1617 1222 1781 1292 accipi

201 1327 471 1391 deberent,
494 1331 553 1378 ut
579 1337 687 1377 non
712 1335 773 1376 ea
799 1335 896 1391 pro
920 1319 1073 1374 nobis
1094 1333 1266 1388 neque
1288 1325 1473 1372 contra
1493 1331 1584 1371 vos
1612 1316 1631 1348 ί
1660 1329 1780 1370 esse

199 1415 522 1482 ostenderet,
549 1429 648 1469 nec
677 1411 894 1466 omnino
919 1410 1180 1480 attingere
1204 1408 1371 1464 voluit
1414 1425 1428 1462 :
1457 1407 1564 1461 imo
1594 1405 1644 1460 id
1677 1407 1783 1476 egit

201 1509 413 1564 tumultu
445 1504 809 1562 conviciorum
839 1516 1078 1568 suorum,
1101 1508 1160 1554 ut
1183 1498 1229 1554 si
1254 1498 1367 1554 ﬁeri
1391 1505 1589 1568 posset,
1616 1496 1728 1550 haec
1753 1510 1782 1550 a

201 1618 278 1658 me
307 1600 457 1656 dicta
498 1598 631 1653 nulli
674 1597 892 1651 omnino
929 1594 1139 1649 veniret
1165 1596 1216 1647 ln
1261 1599 1516 1655 mentem,
1544 1588 1634 1660 qui
1666 1598 1785 1657 post

202 1695 492 1765 Epistolam
536 1705 710 1747 meam
752 1690 942 1745 lectam
969 1729 983 1754 ,
1040 1687 1202 1742 etiam
1245 1684 1412 1754 ipsius
1459 1683 1640 1754 legere
1685 1697 1783 1737 vo-

202 1789 388 1842 luisset.

260 1878 490 1936 CAPUT
528 1877 614 1932 ιι.
650 1905 720 1916 -
757 1874 845 1930 65.
887 1871 1038 1941 Quod
1073 1885 1204 1926 vero
1247 1885 1312 1926 ex
1357 1867 1584 1940 apostoli
1631 1865 1784 1922 Pauli

201 1973 398 2042 scriptis
442 1985 474 2024 a
517 1983 606 2023 me
647 1965 880 2038 positum
911 1977 1008 2033 pro
1055 1977 1113 2016 se
1155 1969 1385 2016 tractare
1429 1966 1650 2014 conatus
1680 1965 1779 2022 est,

201 2065 339 2136 quale
385 2062 466 2117 sit
502 2073 792 2132 parumper
825 2054 1100 2110 attendite.
1155 2051 1342 2106 Dixisti
1383 2052 1544 2115 enim,
1574 2049 1781 2117 inquit,

203 2156 467 2228 Apostolus
510 2152 710 2207 Paulus
748 2168 831 2206 eos
881 2149 968 2221 qui
1006 2146 1232 2200 dicebant
1275 2161 1327 2200 se
1368 2143 1584 2214 apostoli
1630 2140 1786 2195 Pauli

201 2267 310 2311 esse,
349 2250 615 2319 objurgat,
662 2254 708 2299 et
747 2244 886 2309 dicit,
942 2260 960 2293 ε
991 2238 1256 2309 Numquid
1287 2235 1482 2290 Paulus
1527 2250 1620 2306 pro
1648 2233 1784 2287 vobis

201 2341 466 2407 cruciﬁxus
484 2347 557 2391 est
575 2337 597 2390 .’
613 2345 698 2389 aut
713 2335 765 2388 in
783 2332 985 2387 nomine
1003 2329 1154 2383 Pauli
1169 2327 1404 2398 baptizati
1421 2327 1536 2380 estis
1561 2345 1579 2376 ›
1605 2323 1649 2393 (1
1663 2324 1780 2377 Cor.

201 2430 394 2504 1,15)?
442 2431 763 2500 QuaprOpter
805 2426 850 2480 si
898 2424 1130 2479 errabant
1173 2421 1298 2486 illi,
1340 2427 1386 2473 et
1427 2418 1527 2472 nisi
1561 2417 1785 2484 corrige-

202 2536 360 2580 rentur
385 2525 633 2595 perirent,
675 2520 757 2591 qui
807 2517 1034 2572 volebant
1063 2531 1167 2569 esse
1209 2512 1400 2576 Pauli;
1449 2525 1561 2582 qua
1587 2509 1786 2563 tandem

202 2635 302 2688 spes
342 2632 523 2670 eorum
570 2623 660 2677 est,
708 2613 791 2683 qui
831 2610 1096 2664 uoluerunt
1141 2623 1247 2662 esse
1293 2604 1526 2659 Donati?
1556 2602 1624 2656 Id
1653 2602 1785 2656 enim

203 2721 343 2782 agunt
367 2710 482 2776 isti,
510 2717 566 2760 ut
595 2707 735 2777 origo
763 2714 808 2758 et
835 2703 988 2757 radix
1014 2712 1063 2758 et
1089 2709 1241 2772 caput
1272 2699 1531 2769 baptizari,
1565 2712 1664 2750 non
1689 2694 1788 2748 nisi

202 2805 280 2859 ille
319 2806 385 2858 sit
431 2820 464 2856 α
505 2818 603 2873 quo
645 2800 929 2870 baptizatur
977 2795 1194 2867 (Supra,
1229 2794 1316 2848 lib.
1356 2794 1408 2859 l,
1453 2808 1602 2862 capp.
1648 2791 1703 2857 5,
1729 2790 1784 2860 4,

205 2912 287 2952 nn.
311 2897 363 2961 ι,
390 2895 473 2964 5).
493 2893 621 2948 Haec
645 2892 802 2947 verba
833 2897 886 2944 et
912 2889 1012 2943 hoc
1053 2887 1289 2958 Apostoli
1333 2883 1691 2939 testimonium
1721 2898 1787 2938 ex

206 2989 435 3059 Epistola
460 3002 581 3042 mea
608 2982 1080 3046 commemoravit,
1109 2989 1162 3035 et
1183 2979 1284 3033 sibi
1312 2978 1587 3048 proposuit
1615 2974 1778 3030 refel-

205 3080 433 3136 lendum.
469 3077 699 3134 Proinde
729 3075 903 3130 videte
937 3074 982 3127 si
1011 3069 1078 3127 ad
1133 3071 1462 3142 propositum
1487 3067 1783 3138 respondit.

205 3179 284 3233 Ait
309 3179 453 3234 enim
477 3195 491 3231 :
524 3175 687 3229 lnane
717 3173 809 3226 hoc
838 3171 1026 3224 dictum
1054 3176 1145 3231 est,
1177 3167 1409 3236 inflatum
1440 3172 1484 3217 et
1511 3161 1702 3234 puerile
1727 3169 1778 3214 et

206 3270 461 3339 insipiens,
501 3277 546 3321 et
581 3266 715 3336 quod
757 3265 904 3332 longe
940 3261 1004 3315 sit
1034 3258 1231 3330 penitus
1260 3274 1290 3309 a
1319 3255 1437 3325 ﬁdei
1472 3261 1657 3308 nostra:
1696 3268 1779 3305 ra-

207 3363 351 3419 tione.
398 3362 538 3417 Tunc
564 3361 695 3415 enim
731 3367 863 3412 recte
903 3355 996 3409 hoc
1025 3353 1234 3418 diceres,
1282 3350 1327 3403 si
1366 3363 1458 3402 nos
1489 3347 1786 3409 diceremus,

207 3456 272 3512 In
297 3455 491 3510 nomine
520 3452 703 3506 Donati
726 3449 968 3519 baptizati
995 3461 1168 3499 sumus
1189 3451 1329 3506 :aut,
1361 3439 1592 3494 Donatus
1621 3435 1789 3490 cruci-

209 3553 340 3623 ﬁxus
361 3531 435 3604 est
464 3565 552 3620 pro
579 3546 718 3601 nobis
746 3561 762 3598 :
785 3551 889 3606 aut,
915 3540 981 3594 In
1009 3547 1177 3594 nostro
1199 3535 1403 3590 nomine
1437 3530 1678 3602 baptizati
1706 3546 1795 3584 su-

211 3660 336 3696 mus.
386 3641 450 3694 At
489 3657 601 3693 cum
629 3639 736 3691 hare
763 3651 793 3687 a
821 3633 960 3687 nobis
988 3647 1078 3685 nec
1107 3630 1242 3682 dicta
1268 3626 1366 3680 sint
1408 3640 1498 3677 nec
1529 3619 1782 3687 dicantur,

213 3735 326 3804 quia
354 3733 566 3800 formam
608 3728 791 3782 divina:
827 3725 1082 3795 sequimur
1105 3717 1402 3780 Trinitatis;
1445 3724 1508 3780 te,
1539 3712 1624 3784 qui
1649 3712 1793 3765 nobis

214 3802 333 3878 talia
369 3823 538 3894 objicis
563 3862 578 3888 ,
607 3827 796 3874 certum
825 3824 897 3870 est
924 3813 1164 3867 insanire.
1211 3809 1312 3861 Aut
1334 3824 1374 3860 si
1419 3815 1572 3878 putas
1596 3802 1716 3872 quia
1739 3802 1794 3855 in

215 3914 418 3984 Donati,
460 3915 535 3969 uel
577 3914 628 3967 in
676 3919 847 3966 nostra
875 3907 1073 3962 nomine
1103 3900 1341 3973 baptizati
1383 3914 1578 3963 sumus,
1601 3896 1796 3968 falleris

217 4009 418 4080 perdite,
442 4005 690 4074 simulque
709 4003 772 4056 de
802 3999 937 4055 vobis
961 4001 980 4030 '
1028 3995 1270 4065 sacrilege
1295 3991 1548 4061 conﬁteris
1569 3989 1686 4060 quia
1709 4001 1797 4042 vos

217 4101 269 4156 in
296 4101 488 4155 nomine
515 4095 780 4153 C(eciliani
802 4093 1008 4146 miseros
1029 4088 1324 4160 inquinatis.
1357 4084 1482 4139 llmc
1508 4080 1796 4137 Petilianus

221 4204 396 4247 contra
424 4193 509 4246 illa
541 4204 660 4244 mea
689 4183 994 4255 respondit,
1023 4195 1131 4235 non
1160 4176 1439 4232 intendens
1459 4217 1474 4242 ,
1498 4172 1581 4228 vel
1615 4171 1790 4242 potius

223 4295 288 4342 ne
313 4286 376 4339 ab
394 4270 921 4354 aliquointcndatur,
955 4274 1294 4342 obstrepeus,
1327 4267 1548 4322 omnino
1579 4263 1708 4319 nihil
1738 4277 1801 4318 se

223 4376 572 4446 respondisse,
606 4371 744 4442 quod
772 4369 837 4423 ad
881 4383 993 4422 rem
1025 4365 1091 4419 de
1131 4377 1232 4431 qua
1280 4359 1450 4428 agitur
1495 4357 1798 4427 pertineret.

226 4468 350 4538 Quis
370 4469 507 4525 enim
535 4479 644 4520 non
671 4463 870 4526 videat,
901 4459 1022 4513 ideo
1043 4455 1211 4526 magis
1247 4467 1276 4507 a
1303 4451 1457 4508 nobis
1480 4460 1628 4504 recte
1654 4447 1801 4518 posi-

228 4567 334 4614 tum
367 4559 466 4615 hoc
493 4554 734 4628 Apostoli
773 4549 1152 4614 testimonium,
1181 4545 1301 4616 quia
1350 4558 1455 4597 non
1495 4557 1590 4595 vos
1629 4539 1806 4594 dicitis

231 4653 284 4707 in
312 4652 484 4708 Donati
515 4647 733 4704 nomine
760 4642 1076 4713 baptizatos,
1110 4652 1281 4707 neque
1321 4635 1581 4689 Donatum
1623 4629 1800 4686 cruci-

233 4743 384 4798 ﬁxum
421 4756 540 4799 esse
568 4754 668 4810 pro
699 4733 851 4791 vobis
872 4775 885 4798 ,
914 4741 968 4787 et
1007 4740 1182 4785 tamen
1212 4736 1431 4799 propter
1456 4734 1660 4795 partem
1700 4720 1807 4776 Do-

235 4837 339 4892 nati
355 4850 444 4891 vos
467 4835 535 4890 ab
555 4831 810 4889 Ecclesia:
830 4824 1104 4882 catholicae
1123 4818 1498 4881 communione
1519 4814 1806 4884 separatis;

243 4930 371 4985 sicut
387 4930 544 4985 etiam
565 4923 640 4981 illi
667 4936 801 4993 quos
821 4918 1015 4976 Paulus
1039 4913 1314 4985 arguebat,
1333 4925 1441 4964 non
1458 4909 1640 4978 utique
1661 4903 1810 4958 dice-

240 5023 359 5078 bant
383 5024 433 5078 in
453 5019 670 5077 nomine
689 5013 840 5071 Pauli
867 5026 925 5067 se
950 5008 1110 5063 fuisse
1129 5005 1443 5074 baptizatos,
1467 5007 1557 5054 aut
1587 4995 1810 5052 Paulum

241 5131 333 5186 pro
358 5132 412 5172 se
453 5129 573 5172 esse
619 5107 952 5170 cruciﬁxum,
990 5111 1046 5157 ct
1089 5108 1267 5155 tamen
1305 5095 1372 5150 de
1422 5091 1570 5148 Pauli
1601 5088 1815 5144 nomine

245 5179 457 5264 schisma
484 5206 765 5263 faciebant.
793 5200 945 5257 Sicut
973 5209 1099 5266 ergo
1126 5193 1229 5248 illis
1252 5231 1268 5258 ,
1300 5203 1396 5260 pro
1422 5185 1616 5258 quibus
1656 5179 1814 5237 Chri-

247 5311 368 5366 stus.
409 5319 508 5359 non
548 5299 767 5363 Paulus,
818 5290 1101 5350 crucifixus
1138 5295 1238 5349 est,
1282 5290 1339 5338 et
1376 5280 1466 5352 qui
1513 5280 1569 5333 in
1601 5273 1818 5330 nomine

249 5394 469 5463 Christi,
499 5409 605 5451 non
637 5392 692 5446 in
717 5388 932 5444 nomine
963 5381 1108 5438 Pauli
1137 5421 1152 5446 ,
1185 5377 1402 5432 fuerunt
1437 5367 1690 5448 baptizati
1709 5407 1722 5432 ,
1761 5373 1816 5419 et

250 5496 413 5545 tamen
439 5459 708 5552 dicebant,
752 5481 863 5552 Ego
891 5492 1003 5532 sum
1033 5472 1222 5535 Pauli,
1251 5475 1470 5540 propter
1497 5465 1599 5517 hoc
1623 5459 1821 5515 rectius

256 5581 453 5650 dicitur,
484 5577 742 5649 Numquid
769 5572 964 5628 Paulus
997 5583 1087 5639 pro
1115 5564 1250 5620 vobis
1276 5558 1547 5626 cruciﬁxus
1577 5552 1688 5608 est?
1723 5558 1812 5603 aut

259 5677 310 5730 in
334 5645 519 5731 nomine
545 5645 697 5729 Pauli
727 5665 966 5739 baptrzati
994 5660 1157 5718 estis?
1184 5665 1244 5713 ut
1265 5655 1509 5710 haereant
1537 5648 1588 5703 ei
1613 5645 1701 5715 qui
1724 5656 1822 5713 pro

229 5877 236 5904 ε
325 5853 339 5886 ι
361 5855 427 5904 Sic
446 5848 771 5904 manser'mti-
799 5850 855 5894 At
878 5840 1011 5904 edin.
1029 5842 1195 5904 contra
1215 5840 1340 5904 tto-5.3
1367 5828 1528 5904 @935
1548 5822 1699 5904 ’ἒὲηὲ

229 5877 235 5884 ·
325 5853 339 5886 ί
361 5855 427 5904 sic
446 5850 677 5904 Μίδεω·
759 5882 771 5894 .
799 5850 855 5894 Al.
878 5848 1011 5899 editi,
1029 5848 1195 5889 contra
1215 5848 1298 5883 nos
1322 5848 1339 5880 :
1369 5848 1528 5878 uuuua
1551 5848 1699 5872 υυιιυ.

224 5889 237 5947 ³
327 5917 343 5944 ²
365 5915 472 5965 uale
496 5917 619 5966 item
647 5848 894 5965 lﬁediti,
928 5902 989 5952 de
1011 5895 1163 5951 nobis.
1209 5894 1507 5970 castigantur
1554 5897 1620 5936 ex
1659 5891 1827 5934 manu-

271 5977 456 6042 Ietiptis.

1537 430 1742 523 Lmen
1771 465 2093 528 TERTIUS.

1891 580 2021 652 ipsis
2048 580 2332 636 cruciﬁxus
2353 589 2454 648 est,
2483 588 2538 638 et
2561 583 2612 638 in
2636 581 2790 655 cujus
2813 582 3028 637 nomine
3047 581 3300 652 baptizati
3320 593 3464 651 sunt,

1890 680 1943 726 et
1967 687 2072 727 non
2099 672 2165 726 ad
2195 688 2390 728 nomen
2413 673 2559 729 Pauli
2581 673 2884 730 dividantur
2912 692 2924 729 :
2957 673 3035 730 sic
3055 682 3110 729 et
3131 675 3280 730 vobis
3299 675 3468 730 multo

1891 765 2056 834 magis
2084 767 2206 835 quia
2248 781 2351 820 non
2381 767 2554 822 dicitis
2578 809 2592 832 ,
2643 768 2698 822 In
2739 768 2955 824 nomine
2996 768 3182 822 Donati
3217 768 3466 839 baptizati

1889 870 2091 922 sumus,
2122 867 2176 911 et
2214 865 2389 913 tamen
2439 860 2597 915 vultis
2643 875 2762 916 esse
2805 861 2871 915 de
2915 870 3065 930 parte
3098 861 3308 929 Donati,
3339 877 3468 916 con-

1889 955 2138 1018 gruenter
2163 948 2356 1003 dicitur
2375 992 2388 1016 ,
2420 949 2684 1021 Numquid
2726 952 2958 1006 Donatus
2987 968 3080 1021 pro
3109 952 3262 1006 vobis
3291 952 3466 1006 cruci-

1892 1039 2024 1094 ﬁxus
2055 1041 2173 1095 est?
2199 1052 2284 1095 aut
2307 1043 2357 1096 in
2379 1044 2593 1098 nomine
2621 1045 2807 1100 Donati
2835 1046 3082 1114 baptizati
3104 1048 3233 1100 estis
3251 1046 3277 1098 τ
3311 1046 3466 1101 Scitis

1890 1131 2032 1186 enim
2059 1128 2328 1186 Christum
2359 1149 2454 1202 pro
2498 1135 2649 1189 vobis
2677 1151 2795 1191 esse
2823 1137 3130 1191 cruciﬁxum
3152 1178 3166 1201 ,
3197 1146 3250 1190 et
3276 1136 3329 1190 in
3359 1151 3461 1189 no-

1891 1222 2033 1277 mine
2059 1221 2253 1279 Christi
2280 1240 2374 1279 vos
2397 1227 2704 1296 baptizatos,
2739 1237 2792 1283 ct
2820 1238 2993 1282 tamen
3021 1237 3240 1300 pr0pter
3263 1243 3458 1282 nomen

1890 1321 1943 1366 et
1967 1324 2168 1384 partem
2192 1315 2378 1370 Donati
2404 1319 2588 1371 unitati
2618 1318 2836 1385 Christi,
2866 1320 2952 1388 qui
2982 1334 3078 1387 pro
3105 1318 3257 1372 vobis
3288 1318 3464 1373 cruci-

1889 1403 2024 1458 ﬁxus
2055 1412 2155 1471 est,
2177 1417 2231 1460 et
2258 1408 2308 1460 in
2337 1408 2485 1478 cujus
2503 1410 2717 1464 nomine
2737 1410 2986 1480 baptizati
3009 1411 3159 1478 estis,
3183 1418 3325 1464 tanta
3341 1424 3469 1479 per-

1891 1496 2081 1552 tinacia
2106 1502 2427 1569 repngnatis.
3147 1487 3150 1494 ’

1959 1587 2183 1644 CAPUT
2213 1590 2322 1644 Lll.
2367 1622 2438 1632 —
2463 1591 2552 1648 64.
2592 1591 2726 1660 Quia
2765 1607 2892 1647 vero
2931 1591 2986 1646 id
3030 1593 3136 1662 egit
3178 1593 3470 1648 Petilianus

1889 1678 2101 1749 scriptis
2131 1681 2240 1734 suis
2263 1722 2275 1742 ,
2307 1691 2360 1733 ut
2387 1683 2528 1752 origo
2567 1692 2613 1736 et
2652 1683 2803 1738 radix
2841 1692 2889 1737 et
2931 1691 3080 1753 caput
3110 1683 3345 1753 baptizati
3371 1700 3470 1736 non

1890 1768 1986 1823 nisi
2014 1768 2101 1822 ille
2131 1771 2196 1823 sit
2217 1788 2246 1823 a
2269 1789 2365 1844 quo
2389 1771 2696 1844 baptizatur,
2727 1784 2778 1828 et
2805 1773 2907 1828 hoc
2929 1789 2958 1825 a
2981 1788 3066 1827 me
3089 1787 3194 1828 non
3222 1773 3468 1842 inaniter,

1891 1875 1990 1916 nec
2018 1863 2321 1931 pueriliter,
2355 1881 2454 1919 nec
2477 1865 2790 1936 insipienter
2815 1866 3014 1938 dictum
3047 1874 3150 1932 est,
3181 1857 3471 1934 primordia

1891 1952 2142 2022 Epistulae
2174 1955 2338 2024 ipsius
2364 1956 2552 2024 quibus
2589 1966 2713 2011 tunc
2759 1957 3034 2027 respondi,
3077 1967 3372 2020 recensete,
3417 1965 3474 2012 et

1889 2045 2134 2100 videbitis
2161 2089 2176 2112 ,
2205 2047 2314 2101 imo
2335 2065 2462 2103 vero
2488 2064 2573 2104 me
2593 2059 3045 2104 commemorante
3070 2049 3349 2119 diligenter
3374 2049 3472 2103 ad-

1891 2137 2098 2192 vertite.
2133 2138 2444 2193 Conscientia
2465 2182 2479 2207 ,
2522 2141 2728 2211 inquit,
2775 2151 2942 2196 sancte
2974 2141 3144 2194 dantis
3181 2139 3472 2207 attenditur,

1891 2244 2004 2298 qua:
2024 2230 2193 2282 abluat
2224 2232 2512 2302 accipientis
2539 2248 2558 2286 :
2585 2249 2700 2286 nam
2730 2232 2813 2302 qui
2840 2233 2990 2300 ﬁdem
3021 2232 3182 2285 sciens
3213 2247 3246 2284 a
3279 2231 3476 2302 perﬁdo

1891 2323 2180 2390 smnpserit,
2215 2339 2313 2376 non
2344 2324 2494 2391 ﬁdem
2523 2325 2753 2394 percipit,
2776 2323 2865 2378 sed
2885 2333 3098 2377 reatum.
3128 2322 3196 2377 Et
3223 2331 3474 2392 tanquam

1892 2412 2162 2468 diceretur
2186 2413 2256 2481 ei,
2285 2413 2437 2470 Unde
2468 2414 2571 2468 hoc
2601 2414 2830 2484 probas?
2875 2413 3056 2468 Omnis
3081 2429 3163 2468 res
3201 2413 3335 2468 enim
3367 2413 3475 2466 ori-

1892 2503 2026 2573 gine,
2056 2503 2250 2574 inquit,
2295 2513 2341 2558 et
2368 2504 2538 2557 radice
2563 2505 2823 2568 consistit;
2850 2513 2894 2557 et
2922 2505 2966 2558 si
3003 2512 3156 2571 caput
3186 2519 3290 2556 non
3330 2501 3475 2556 habet

1894 2594 2122 2666 aliquid,
2162 2595 2290 2648 nihil
2318 2603 2422 2660 est;
2451 2611 2540 2648 nec
2579 2595 2851 2665 quidquam
2890 2594 3010 2648 bene
3044 2600 3336 2664 regenerat,
3378 2592 3475 2646 nisi

1894 2686 2022 2740 bono
2085 2689 2272 2742 semine
2348 2697 2663 2759 regeneretur
2707 2688 2746 2741 ⁸.
2819 2687 2949 2754 Quae
3011 2702 3124 2739 cum
3185 2687 3258 2739 ita
3325 2686 3469 2750 sint,

1895 2778 2076 2848 fratres
2101 2820 2115 2843 ,
2184 2796 2296 2850 qua:
2358 2789 2519 2851 potest
2581 2796 2686 2834 esse
2737 2779 3034 2849 perversitas
3065 2818 3081 2843 ,
3125 2786 3181 2830 ut
3239 2777 3326 2848 qui
3371 2776 3476 2829 suis

1894 2871 2187 2924 criminibus
2253 2886 2369 2924 reus
2422 2880 2531 2938 est,
2587 2871 2744 2924 alium
2790 2870 2944 2940 faciat
2985 2869 3341 2933 innocentem,
3399 2864 3478 2918 di-

1895 2969 2034 3015 cente
2081 2961 2296 3015 Domino
2349 2959 2475 3015 Iesu
2527 2959 2730 3016 Christo
2756 3002 2771 3028 ,
2844 2976 2865 3010 ί
2917 2958 3079 3012 Arbor
3137 2957 3267 3012 bona
3322 2957 3478 3011 bonos

1894 3059 2087 3126 fructus
2139 3055 2258 3126 facit
2292 3069 2311 3108 :
2355 3054 2599 3124 numquid
2642 3054 2885 3124 colligunt
2922 3053 2985 3106 de
3023 3053 3184 3124 spinis
3229 3053 3399 3106 uuas?
3441 3070 3464 3106 ι

1896 3154 1944 3200 et
1995 3147 2196 3210 iterum,
2231 3163 2250 3196 ‹
2301 3144 2479 3199 Omnis
2509 3147 2658 3200 homo
2687 3144 2846 3200 bonus
2865 3144 2928 3198 de
2955 3144 3190 3198 thesauro
3216 3144 3382 3197 cordis
3399 3143 3482 3198 sui

1896 3239 2087 3310 profert
2137 3238 2286 3306 bona,
2310 3247 2357 3292 et
2401 3240 2564 3294 omnis
2600 3239 2750 3293 homo
2778 3240 2943 3292 malus
2969 3238 3032 3292 de
3056 3239 3288 3292 thesauro
3310 3237 3478 3292 cordis

1895 3333 1973 3388 sui
2020 3337 2214 3405 profert
2264 3334 2400 3387 mala
2445 3348 2467 3388 :
2511 3350 2532 3384 ι
2561 3341 2605 3386 et
2649 3334 2832 3387 iterum
2856 3373 2873 3400 ,
2909 3350 2930 3386 ι
2977 3331 3080 3398 Qui
3124 3331 3409 3401 baptizatur
3449 3347 3482 3386 a

1897 3433 2114 3491 mortuo,
2169 3441 2269 3478 non
2319 3426 2366 3479 ei
2417 3425 2618 3493 prodest
2683 3424 2867 3478 lavatio
2927 3425 3057 3494 ejus.
3101 3441 3122 3476 s
3149 3421 3274 3478 Haec
3301 3421 3480 3477 omnia

1897 3533 2002 3589 quo
2031 3518 2332 3588 pertineant
2369 3517 2579 3585 videtis,
2608 3527 2667 3571 ut
2692 3516 2900 3571 scilicet
2938 3523 3119 3571 sancte
3141 3515 3320 3570 dantis
3346 3527 3480 3570 con-

1898 3612 2116 3666 scientia
2165 3609 2268 3681 (ue
2297 3610 2576 3680 quisquam
2617 3607 2776 3662 ﬁdem
2805 3622 3022 3662 sumens
3058 3622 3088 3661 a
3115 3605 3342 3676 perﬁdo,
3373 3619 3483 3660 non

1899 3703 2055 3758 ﬁdem
2083 3703 2358 3772 percipiat,
2389 3701 2484 3756 sed
2513 3700 2754 3768 reatum)
2802 3700 2912 3768 ipsa
2939 3699 3006 3751 sit
3025 3697 3194 3766 origo,
3229 3703 3286 3751 et
3308 3695 3480 3760 radix,

1899 3805 1952 3851 et
1997 3803 2177 3864 caput,
2207 3801 2262 3848 et
2289 3807 2471 3846 semen
2520 3790 2791 3858 baptizati.
2825 3789 3021 3842 Voleus
3068 3787 3208 3841 enim
3254 3785 3485 3854 probare

1899 3885 2278 3942 conscientiam
2319 3891 2500 3938 sancte
2526 3881 2702 3936 dantis
2732 3879 2954 3945 attendi,
2985 3893 3103 3945 qua:
3130 3877 3308 3931 abluat
3345 3875 3487 3929 acci-

1902 3975 2135 4048 pientis;
2185 3983 2241 4029 et
2284 3988 2393 4028 non
2442 3972 2601 4027 ﬁdem
2653 3972 2947 4042 percipere,
2981 3969 3073 4022 sed
3129 3976 3355 4030 reatum,
3396 3964 3487 4035 qui

1904 4067 2064 4123 tidem
2092 4066 2268 4120 sciens
2294 4065 2457 4120 sumit
2485 4077 2512 4116 a
2545 4061 2779 4131 perﬁdo;
2803 4059 3058 4115 continuo
3086 4057 3329 4126 subjecit,
3364 4053 3490 4109 0m-

1905 4159 1982 4213 nis
2023 4173 2103 4212 res
2143 4157 2274 4210 enim
2321 4155 2515 4225 origine
2559 4163 2603 4207 et
2651 4152 2821 4206 radice
2858 4149 3123 4212 consistit;
3165 4155 3212 4201 et
3257 4147 3302 4200 si
3335 4152 3490 4216 caput

1907 4265 2009 4305 non
2048 4251 2194 4304 habet
2229 4248 2442 4319 aliquid,
2476 4247 2603 4300 nihil
2647 4255 2720 4300 est
2742 4261 2762 4309 ;
2803 4260 2891 4298 nec
2929 4243 3201 4313 quidquam
3245 4242 3366 4295 bene
3405 4255 3490 4294 re-

1909 4352 2131 4416 generat,
2163 4342 2260 4397 nisi
2298 4342 2425 4395 bono
2459 4340 2647 4394 semine
2679 4347 3011 4408 regeneretur.
3040 4335 3102 4387 Et
3125 4347 3194 4388 ne
3213 4333 3492 4404 quisquam

1913 4447 2017 4491 tam
2047 4434 2232 4489 tardus
2268 4439 2434 4500 esset,
2479 4439 2538 4486 ut
2579 4429 2754 4484 adhuc
2791 4442 2896 4482 non
2942 4426 3259 4497 intelligeret
3293 4425 3360 4480 de
3403 4424 3495 4478 illo

1911 4542 2032 4584 eum
2060 4527 2242 4582 dicere
2286 4540 2318 4580 a
2356 4538 2463 4595 quo
2499 4522 2727 4592 quisque
2771 4519 3086 4589 baptizatur,
3119 4517 3367 4585 explanat
3394 4515 3496 4570 hoc

1913 4621 2316 4690 subsoquenter,
2362 4625 2419 4670 et
2458 4614 2632 4668 dicit:
2681 4610 2806 4675 Qua:
2857 4624 2972 4662 cum
3015 4608 3087 4660 ita
3126 4606 3248 4672 sint,
3289 4609 3492 4676 fratres,

1914 4727 2025 4783 qua!
2054 4718 2215 4781 potest
2253 4723 2359 4761 esse
2403 4704 2719 4774 perversitas,
2760 4710 2814 4753 ut
2858 4699 2944 4769 qui
2970 4698 3075 4752 suis
3111 4696 3401 4750 criminibus
3426 4701 3498 4748 est

1916 4819 2051 4870 reus,
2080 4801 2240 4855 alium
2289 4799 2442 4869 faciat
2490 4795 2822 4858 innocentem,
2867 4791 3061 4844 dicente
3106 4786 3326 4841 Domino
3374 4783 3500 4838 Iesu

1916 4893 2140 4958 Christo,
2175 4908 2196 4944 ι
2241 4887 2406 4944 Arbor
2447 4885 2578 4940 bona
2620 4884 2774 4937 bonos
2822 4885 3018 4953 fructus
3061 4879 3181 4948 facit
3211 4894 3230 4932 :
3257 4873 3500 4942 numquid

1919 4988 2166 5059 colligunt
2215 4985 2280 5038 de
2324 4981 2482 5053 spinis
2525 4979 2690 5033 uvas?
2741 4995 2763 5030 ι
2804 4975 2872 5030 Et
2901 4989 2969 5028 ne
2993 4973 3170 5028 adhuc
3205 4965 3500 5024 incredibili

1919 5055 2204 5139 obtusitale
2228 5074 2439 5130 'cordis
2465 5085 2641 5128 caecus
2665 5068 2876 5125 auditor
2899 5066 2980 5120 vel
3004 5066 3173 5120 lector
3192 5075 3300 5116 non
3325 5055 3502 5111 videat

1920 5177 1991 5232 de
2015 5173 2234 5229 homine
2275 5168 2577 5238 baptizante
2611 5163 2827 5227 dicere;
2871 5158 3110 5227 adjungit
3150 5152 3290 5208 aliud
3319 5149 3408 5204 ubi
3446 5155 3504 5202 et

1923 5267 2196 5322 hominem
2227 5261 2464 5317 nominat
2495 5276 2507 5312 :
2553 5256 2618 5311 Et
2637 5256 2834 5316 iterum,
2862 5250 3049 5320 inquit,
3081 5266 3098 5298 ι
3148 5242 3322 5297 Omnis
3355 5240 3505 5292 homo

1924 5359 2084 5414 bonus
2126 5355 2189 5408 de
2241 5353 2476 5406 thesauro
2540 5346 2707 5401 cordis
2749 5344 2829 5398 sui
2870 5343 3060 5412 profert
3088 5335 3238 5398 boris,
3265 5339 3312 5386 et
3341 5329 3507 5382 omnis

1929 5455 2077 5507 homo
2127 5447 2290 5503 malus
2339 5445 2402 5498 de
2443 5444 2678 5497 thesauro
2701 5435 2868 5490 cordis
2885 5432 2966 5485 sui
2983 5428 3172 5499 profert
3197 5423 3332 5477 mala
3356 5436 3376 5476 :
3410 5437 3430 5473 ι
3461 5426 3510 5473 et

1929 5549 2129 5608 iterum,
2175 5557 2194 5593 ι
2246 5539 2348 5607 Qui
2369 5536 2651 5606 baptizatur
2672 5545 2707 5582 a
2732 5535 2947 5586 mortuo,
2973 5535 3075 5573 non
3111 5518 3158 5571 ei
3199 5511 3509 5608 prodestqu-

1929 5640 2064 5694 vatio
2116 5606 2242 5706 ejus.
2269 5606 2310 5683 is
2343 5629 2504 5684 Certe
2541 5625 2653 5694 jam
2694 5615 3032 5692 manifestum
3100 5618 3204 5675 est,
3231 5617 3380 5664 certe
3401 5606 3510 5674 iam

1931 5745 2040 5788 non
2083 5700 2285 5798 indiget
2321 5723 2611 5788 interprete
2653 5724 2755 5766 nec
2782 5708 3112 5763 disoutatore
3153 5711 3245 5759 aut
3287 5700 3512 5756 demou-

1999 5871 2017 5903 ι
2043 5875 2148 5916 uss.
2165 5863 2245 5913 hic
2266 5865 2318 5910 et
2336 5853 2462 5916 intra
2482 5853 2780 5910 constanter,
2811 5845 3087 5915 gereretur.

2000 5934 2020 5965 ²
2036 5915 2086 5982 tu
2107 5935 2236 5988 uss,
2264 5915 2564 5974 obtwtsitate.
