3998 6466
506 409 616 472 385

510 533 759 592 stratore,
800 523 855 580 id
895 536 1054 595 agere
1089 523 1238 586 istos,
1269 525 1328 574 ut
1371 518 1521 589 origo
1549 525 1604 572 et
1650 515 1801 571 radix
1838 522 1892 570 et
1930 520 2091 584 caput

510 621 760 692 naptizati
804 617 1009 674 nonnisi
1054 615 1138 668 ille
1168 614 1238 668 sit
1263 628 1293 666 a
1315 628 1418 682 quo
1451 610 1782 677 baptizatur:
1812 618 1866 661 et
1911 615 2088 660 tamen

509 718 560 771 vi
590 715 824 770 veritatis
854 724 1158 780 oppressus,
1192 717 1245 760 et
1273 705 1425 776 quasi
1454 722 1568 775 qua:
1609 703 1829 757 dixisset
1869 700 2083 766 oblitus,

508 807 753 863 concedit
783 803 906 857 mihi
937 809 1116 872 postea
1147 799 1452 864 Petilianus,
1487 805 1542 850 ut
1573 796 1814 850 Christus
1843 793 1912 846 sit
1938 794 2086 862 origo

506 906 562 952 et
632 895 777 951 radix
843 901 1272 962 regeneratorum
1321 899 1376 944 et
1427 897 1582 956 caput
1634 887 1886 941 Ecclesia:
1917 926 1932 951 ,
1983 900 2088 940 non

513 990 786 1059 quisquam
812 987 972 1041 homo
993 987 1327 1054 dispensator
1351 984 1695 1050 ministerque
1727 979 2085 1049 Baptismatis.

508 1079 641 1134 Cum
672 1078 813 1132 enim
838 1077 1063 1132 dixisset
1089 1077 1210 1146 quia
1256 1075 1310 1129 in
1356 1075 1572 1129 nomine
1609 1070 1808 1127 Christi
1858 1070 2091 1140 baptiza-

506 1168 635 1224 bant
681 1169 938 1238 Apostoli.
991 1177 1043 1224 et
1069 1166 1336 1222 Christum
1368 1165 1766 1219 fundamentum
1799 1161 2086 1232 ponebant,

507 1271 566 1317 ut
594 1260 829 1316 facerent
855 1259 1204 1324 Christianos,
1235 1268 1290 1314 et
1319 1259 1418 1312 hoc
1447 1257 1839 1327 Scripturarum
1879 1263 2090 1307 sancta-

503 1372 622 1412 rum
647 1356 962 1411 testimoniis
986 1365 1041 1409 et
1078 1354 1358 1424 exemplis,
1389 1363 1634 1422 tanquam
1667 1365 1764 1404 nos
1800 1350 1898 1402 hoc
1926 1363 2088 1418 nega-

503 1463 705 1510 remus,
739 1449 990 1519 probaret
1022 1466 1035 1501 :
1074 1448 1172 1503 Ubi
1199 1457 1270 1501 est
1300 1463 1454 1512 nunc,
1494 1445 1684 1514 inquit,
1714 1444 1807 1496 illa
1835 1459 1948 1507 vox,
1987 1458 2090 1512 qua

502 1542 708 1595 minutis
738 1551 786 1594 et
813 1541 997 1596 crebris
1039 1539 1418 1610 quaestiunculis
1464 1537 1770 1606 crepitans‘,
1803 1535 1963 1588 multa
2011 1535 2090 1588 in-

501 1634 676 1687 voluta
707 1634 770 1687 de
810 1633 1010 1687 Christo
1045 1641 1093 1686 et
1137 1650 1229 1703 pro
1257 1632 1452 1686 Christo
1483 1639 1528 1682 et
1571 1630 1625 1681 in
1667 1627 1886 1693 Christo,
1913 1636 2090 1681 contra

503 1724 780 1778 humanam
824 1725 1148 1777 temeritatem
1189 1731 1235 1775 et
1271 1721 1556 1792 superbiant
1587 1720 1828 1772 invidiose
1871 1729 1917 1772 et
1960 1719 2090 1772 elate

501 1814 718 1869 dixisti?
759 1814 890 1868 Ecce
913 1813 1140 1867 Christus
1168 1822 1239 1867 est
1267 1813 1410 1883 origo
1440 1811 1724 1874 christiani,
1751 1809 1979 1863 Christus
2014 1816 2088 1863 est

500 1916 672 1976 caput,
697 1906 925 1962 Christus
964 1916 1037 1979 est
1077 1907 1247 1960 radix.
1295 1905 1388 1960 His
1435 1921 1564 1974 ergo
1592 1903 1806 1980 auditis,
1831 1902 1954 1971 quid
1985 1901 2087 1956 nisi

499 1997 600 2067 ipsi
631 1998 844 2052 Christo
878 1999 1074 2066 gratias
1099 2013 1274 2069 agam,
1303 1997 1391 2066 qui
1437 1997 1611 2066 coegit
1650 1996 1918 2050 hominem
1958 2010 2089 2050 con—

499 2091 678 2145 ﬁteri?
707 2090 860 2145 Falsa
879 2106 1008 2161 ergo
1033 2101 1156 2146 sunt
1184 2091 1272 2145 illa
1301 2105 1418 2160 qure
1454 2091 1506 2144 in
1534 2090 1783 2159 Epistolae
1813 2105 1923 2143 sua:
1949 2089 2088 2144 dixit

499 2181 743 2247 exordio,
766 2197 886 2236 cum
922 2183 1080 2237 vellet
1128 2182 1452 2252 persuadere
1496 2182 1876 2237 conscientiam
1903 2192 2084 2237 sancte

499 2271 674 2327 dantis
711 2274 934 2342 attendi,
965 2290 1083 2344 quae
1123 2275 1303 2329 abluat
1339 2275 1681 2344 accipientis;
1723 2283 1778 2330 et
1814 2289 1935 2329 cum
1964 2274 2084 2344 quis

496 2363 672 2420 sciens
700 2365 859 2421 ﬁdem
900 2381 928 2420 a
971 2366 1174 2436 perﬁdo
1223 2368 1531 2437 sumpserit,
1563 2383 1669 2422 non
1704 2368 1861 2422 ﬁdem
1911 2369 2084 2439 perci-

494 2467 643 2524 pere,
678 2456 772 2511 sed
799 2467 1024 2512 reatum.
1055 2459 1166 2513 Hoc
1203 2460 1345 2514 enim
1387 2460 1573 2515 volens
1602 2461 1746 2515 velut
1775 2461 2080 2530 ostendere,

494 2559 748 2619 quantum
792 2551 864 2606 sit
902 2552 953 2605 in
999 2552 1216 2608 homine
1243 2553 1567 2622 baptizante,
1599 2561 1847 2622 tanquam
1889 2567 2082 2623 magna

492 2638 810 2696 documenta
840 2643 1142 2713 subjecerat
1167 2644 1372 2709 dicens,
1393 2645 1571 2697 Omnis
1603 2647 1736 2698 enim
1761 2661 1862 2710 res,
1883 2646 2079 2716 origine

495 2738 540 2784 et
578 2733 748 2786 radice
786 2735 1048 2800 consistit;
1079 2745 1124 2788 et
1157 2736 1202 2789 si
1239 2747 1392 2805 caput
1420 2752 1519 2789 non
1542 2735 1688 2788 habet
1713 2737 1926 2805 aliquid,
1953 2737 2082 2792 nihil

494 2829 587 2874 est.
619 2822 808 2878 Postea
833 2839 960 2879 vero
990 2841 1110 2879 cum
1141 2827 1270 2880 dicit
1300 2827 1442 2896 quod
1470 2835 1523 2880 ct
1553 2841 1650 2882 nos
1677 2827 1925 2896 dicimus,
1955 2829 2082 2884 Ecce

496 2912 724 2968 Christus
754 2925 823 2970 est
852 2919 993 2987 origo
1030 2920 1318 2982 christiani,
1351 2919 1580 2974 Christus
1610 2929 1682 2974 est
1723 2932 1893 2992 caput,
1934 2922 2082 2977 Chri-

493 3012 598 3060 stus
618 3015 688 3059 est
714 3007 900 3073 radix;
931 3008 1069 3065 delet
1089 3011 1227 3080 quod
1254 3020 1409 3066 antea
1434 3012 1660 3078 dixerat,
1683 3014 1800 3080 quia
1823 3015 2082 3069 conscien-

495 3095 565 3147 tia
590 3107 760 3152 sancte
787 3099 955 3152 dantis
984 3110 1057 3153 est
1081 3101 1222 3171 origo
1255 3111 1301 3154 et
1336 3103 1486 3156 radix
1515 3113 1558 3156 et
1588 3115 1740 3175 caput
1765 3106 2076 3175 accipientis.

495 3181 632 3244 Vicit
679 3204 804 3260 ergo
835 3191 1048 3259 veritas,
1086 3202 1142 3246 ut
1181 3197 1343 3248 homo
1381 3196 1470 3263 qui
1515 3195 1842 3266 Baptismum
1881 3195 2081 3252 Christi

491 3279 782 3348 desiderat,
821 3298 925 3337 non
958 3284 1010 3338 in
1044 3284 1260 3340 homine
1289 3286 1534 3341 ministro
1580 3303 1728 3356 spem
1774 3296 1954 3356 ponat,
1983 3288 2081 3345 sed

492 3373 560 3428 ad
599 3375 768 3444 ipsum
803 3376 1070 3433 Christum
1121 3387 1371 3448 tanquam
1413 3380 1477 3434 ad
1524 3381 1783 3450 originem
1826 3397 1945 3452 qua:
1971 3397 2078 3437 non

493 3473 747 3531 mutatur,
794 3467 860 3521 ad
908 3468 1140 3523 radicem
1185 3485 1304 3538 quae
1353 3485 1458 3525 non
1501 3471 1764 3538 evellitur,
1811 3471 1879 3526 ad
1921 3479 2081 3542 caput

492 3555 634 3623 quod
665 3572 767 3609 non
799 3557 1065 3626 dejicitur,
1097 3574 1320 3614 securus
1347 3560 1586 3616 accedat.

566 3653 790 3710 CAPUT
833 3653 1050 3708 Llll.—
1090 3655 1178 3711 65.
1218 3655 1332 3710 lam
1367 3656 1494 3712 illud
1525 3657 1644 3727 quis
1670 3671 1777 3712 non
1811 3658 2075 3727 advertat,

494 3741 560 3798 de
598 3757 698 3813 qua
725 3742 904 3798 inflata
935 3759 1067 3799 vena
1097 3746 1296 3810 veniat,
1327 3745 1472 3816 quod
1519 3761 1639 3801 cum
1672 3748 1913 3816 Apostoli
1951 3763 2078 3804 sen-

490 3835 712 3889 tentiam
741 3836 884 3889 velut
919 3846 1230 3906 exponeret,
1259 3838 1351 3901 ait,
1398 3838 1496 3904 Qui
1525 3839 1672 3901 dixit,
1710 3858 1729 3891 ‹
1783 3839 1895 3911 Ego
1925 3839 2078 3910 plan-

493 3925 611 3987 tavi,
643 3925 828 3995 Apollo
875 3927 1092 3997 rigavit;
1143 3928 1233 3983 sed
1275 3928 1411 3982 Deus
1458 3929 1818 3991 incrementum
1847 3930 2024 3985 dedit:
2052 3949 2071 3984 ι

490 4017 613 4086 quid
642 4019 783 4071 aliud
826 4019 974 4086 dixit,
1007 4021 1126 4085 nisi,
1156 4020 1269 4092 Ego
1309 4023 1560 4076 hominem
1596 4026 1650 4076 in
1695 4022 1897 4078 Christo
1939 4034 2078 4080 cate-

491 4107 788 4163 chumenum
808 4111 924 4178 feci,
955 4111 1137 4180 Apollo
1178 4112 1485 4180 baptizavit;
1514 4112 1648 4167 Deus
1693 4114 1828 4184 quod
1865 4116 2078 4184 fecimus

493 4199 807 4265 confirmavit
827 4202 852 4254 ?
901 4201 1076 4267 Quare
1105 4216 1234 4271 ergo
1262 4218 1369 4256 non
1390 4203 1596 4259 addidit
1621 4205 1911 4260 Petilianus
1932 4206 2074 4277 quod

494 4291 782 4357 Apostolus
826 4291 1048 4358 addidit,
1079 4303 1134 4348 et
1173 4309 1273 4364 ego
1312 4297 1540 4350 maxime
1587 4299 1976 4366 commendavi,
2022 4309 2079 4356 ut

491 4383 649 4437 etiam
681 4367 780 4437 hoc
806 4384 958 4438 nobis
984 4395 1298 4452 exponeret,
1337 4387 1516 4457 Neque
1539 4391 1626 4458 qui
1659 4391 1854 4458 plantat
1880 4401 1952 4446 est
1980 4393 2077 4447 ali-

490 4476 632 4546 quid,
673 4493 832 4543 aeque
858 4478 942 4547 qui
971 4478 1123 4548 rigat,
1163 4479 1252 4532 sed
1280 4480 1365 4550 qui
1401 4479 1764 4535 incrementum
1807 4483 1897 4536 dat
1937 4484 2076 4540 Deus

496 4567 549 4637 (Ι
575 4567 691 4622 Cor.
721 4568 878 4630 111,6.
913 4569 1008 4638 7)?
1037 4569 1189 4638 Quod
1230 4572 1276 4626 si
1319 4573 1445 4628 velit
1473 4589 1741 4642 exponere
1781 4577 2072 4634 secundum

493 4675 552 4713 ea
593 4676 710 4729 quae
739 4676 896 4731 supra
930 4665 1126 4731 posuit,
1159 4665 1274 4720 sine
1321 4665 1484 4721 dubio
1528 4669 1768 4738 sequitur
1809 4681 1867 4726 ut
1900 4688 2074 4743 neque

492 4751 580 4818 qui
622 4751 885 4820 baptizat’
926 4755 1121 4824 aliquid
1151 4757 1238 4823 sit,
1265 4757 1356 4813 sed
1390 4758 1530 4813 Deus
1559 4761 1647 4830 qui
1686 4761 2072 4821 incrementum

490 4841 598 4896 dat.
649 4843 784 4910 Quid
830 4845 971 4900 enim
1019 4847 1086 4901 ad
1116 4864 1228 4904 rem
1261 4865 1401 4905 nunc
1441 4852 1670 4921 pertinet
1695 4857 1963 4925 quomodo
1992 4857 2074 4913 di-

491 4942 632 4988 ctum
659 4936 747 5000 sit,
779 4936 887 5008 Ego
918 4938 1160 5009 plantavi,
1194 4942 1376 5012 Apollo
1406 4945 1586 5015 rigavit
1615 4963 1633 5001 :
1667 4957 1846 5005 utrum
1884 4967 2070 5009 revera

489 5033 556 5078 tta
583 5027 948 5096 accipiendum
979 5031 1048 5084 sit
1083 5040 1334 5103 tanquam
1363 5035 1574 5101 dixerit,
1619 5037 1731 5110 Ego
1756 5043 2072 5100 catechume-

492 5131 611 5169 num
651 5119 768 5187 feci,
815 5119 999 5189 Apollo
1046 5121 1356 5192 baptizavit:
1405 5141 1472 5181 an
1523 5130 1592 5182 sit
1635 5131 1768 5186 alius
1805 5137 1981 5188 verior
2016 5143 2072 5191 et

488 5210 863 5278 congruentior
917 5214 1255 5271 intellectus?
1319 5217 1460 5274 Ecce
1509 5221 1718 5278 interim
1776 5227 2069 5283 secundum

489 5299 653 5366 Ipsius
679 5303 1087 5371 expositionem,
1128 5322 1300 5378 neque
1331 5311 1421 5378 qui
1449 5312 1888 5370 catechumenum
1923 5317 2066 5386 facit,

493 5406 666 5460 neque
695 5395 784 5462 qui
813 5395 1046 5470 baptizat
1080 5409 1161 5454 est
1186 5402 1407 5472 aliquid,
1448 5404 1540 5459 sed
1562 5407 1650 5475 qui
1682 5407 2066 5466 incrementum

488 5479 578 5533 dat
622 5482 779 5537 Deus.
813 5485 1033 5542 Multum
1078 5499 1256 5546 autem
1303 5494 1525 5550 interest
1567 5497 1704 5553 inter
1746 5501 2068 5562 conﬁrmare

489 5571 806 5630 ouodalius
835 5576 979 5643 facit,
1003 5589 1059 5636 et
1101 5583 1294 5640 facere.
1325 5585 1428 5655 Qui
1471 5589 1613 5644 enim
1643 5591 1735 5647 dat
1764 5593 2066 5652 incremen-

486 5669 619 5727 tum,
653 5679 759 5720 non
804 5669 1052 5728 arborem
1080 5675 1165 5731 vel
1212 5682 1374 5736 vitem
1400 5681 1702 5753 conﬁrmat,
1751 5687 1848 5743 sed
1898 5699 2062 5748 creat.

545 5796 563 5866 Ῐ
589 5798 639 5848 Ῑη
667 5803 794 5866 δίξδορ
811 5803 1074 5866 trepidam-

543 5855 564 5886 ²
589 5866 694 5911 κει.
715 5855 914 5929 habeni,
929 5855 1213 5930 baptizatur.

1355 398 1626 460 CONTRA
1653 393 1992 455 LITTERAS
2031 390 2389 462 PETILIANI,
2432 396 2489 455 S.
2532 398 2900 459 AUGUSTINI

3679 413 3782 474 εει

2202 511 2295 568 Illo
2324 514 2887 586 quippe.incremento
2925 519 3003 590 ﬁt,
3032 527 3091 579 ut
3125 523 3286 581 etiam
3328 525 3530 598 lignum
3571 527 3785 600 planta-

2201 613 2311 659 tum
2339 607 2569 663 radicem
2603 603 2936 680 producatet
2980 615 3143 686 ﬁgat:
3187 617 3275 674 illo
3323 619 3659 677 incremento
3709 624 3784 690 ﬁt,

2203 705 2260 750 ut
2281 712 2463 752 semen
2485 699 2682 770 jactum
2709 720 2929 773 germen
2959 707 3317 764 cmittat.Sed
3349 712 3475 782 quid
3511 712 3640 768 hinc
3674 714 3788 769 diu-

2201 789 2306 842 tius
2359 791 2727 847 diSSeramus?
2792 795 3000 852 Sufﬁcit
3051 799 3191 867 quod
3244 804 3535 859 secundum
3590 806 3786 876 ipsum,

2200 897 2371 950 neque
2410 884 2496 952 qui
2525 889 2966 943 catecltumenum
3017 889 3164 957 facit,
3197 909 3367 964 neque
3396 897 3487 964 qui
3530 885 3786 968 baptizat,

2198 972 2395 1042 aliquid
2425 987 2533 1040 est,
2567 978 2660 1032 sed
2689 983 2778 1049 qui
2820 983 3207 1040 incrementum
3245 987 3334 1042 dat
3372 989 3532 1044 Deus.
3563 992 3789 1059 Quando

2200 1071 2376 1118 autem
2414 1065 2514 1119 hoc
2540 1068 2746 1124 diceret
2787 1071 3098 1141 Petilianus,
3142 1084 3200 1130 ut
3225 1093 3347 1132 eum
3379 1079 3559 1135 dicere
3593 1083 3790 1138 intelli-

2197 1172 2466 1227 geremus,
2497 1161 2680 1230 Neque
2707 1164 2944 1220 Donatus
2972 1167 3308 1238 Carthaginis
3338 1180 3420 1225 est
3443 1173 3672 1242 aliquid,
3702 1189 3789 1229 ne-

2197 1266 2298 1320 que
2327 1251 2670 1322 Januarius‘,
2699 1273 2870 1328 nequc
2917 1260 3245 1316 Petilianus?
3287 1263 3510 1331 Quando
3558 1266 3664 1322 hoc
3712 1277 3781 1324 tu-

2196 1360 2314 1399 mor
2352 1346 2440 1401 ille
2479 1359 2767 1418 pateretur,
2805 1367 2910 1422 quo
2952 1368 3010 1408 se
3041 1364 3192 1424 putat
3233 1355 3394 1413 homo
3424 1359 3625 1428 aliquid
3671 1375 3789 1417 esse

2195 1455 2316 1494 cum
2346 1442 2475 1496 nihil
2506 1445 2593 1508 sit,
2625 1454 2679 1498 et
2707 1459 2767 1499 se
2793 1447 2964 1515 ipsum
2987 1448 3191 1503 seducit
3221 1449 3415 1522 (Colat.
3438 1468 3512 1519 vr,
3542 1453 3626 1523 5).

2265 1532 2492 1588 CAPUT
2530 1535 2664 1590 LIV.
2705 1568 2777 1577 —
2814 1538 2902 1593 66.
2946 1539 3185 1610 Denique
3232 1542 3392 1596 etiam
3448 1544 3611 1612 paulo
3669 1553 3789 1615 post

2195 1640 2312 1679 cum
2343 1626 2664 1690 institueret,
2690 1637 2742 1682 et
2765 1629 3066 1686 intenderet
3089 1641 3338 1702 tanquam
3365 1647 3426 1687 ea
3454 1634 3620 1689 verba
3646 1637 3790 1705 Apo-

2194 1719 2337 1784 stoli,
2357 1736 2474 1789 quae
2501 1737 2597 1776 nos
2627 1723 3019 1793 objeceramus,
3045 1727 3234 1782 iterum
3267 1737 3582 1798 retractare,
3618 1732 3790 1788 noluit

2195 1813 2310 1869 hinc
2346 1828 2544 1883 ponere
2586 1832 2706 1887 quae
2753 1817 2991 1874 dixeram
3039 1835 3158 1888 ego,
3209 1821 3303 1876 sed
3349 1823 3451 1878 alia
3497 1824 3548 1877 in
3593 1808 3791 1893 quibus

2193 1915 2374 1975 posset
2402 1916 2688 1977 utcumque
2719 1909 2949 1966 humana
2981 1912 3183 1968 inflatio
3210 1915 3496 1983 reSpirare.
3544 1915 3690 1970 Nam
3733 1926 3793 1972 ut

2192 2001 2299 2070 ejus
2315 2002 2357 2064 ³,
2388 2000 2576 2069 inquit,
2607 2001 2834 2071 Apostoli
2880 2004 3034 2069 dicta,
3063 2021 3176 2074 qua:
3215 2007 3356 2060 nobis
3384 2007 3663 2078 objeceras,
3694 2009 3792 2064 ite-

2191 2108 2305 2146 rum
2333 2093 2651 2162 replicemus,
2681 2095 2838 2162 dixit,
2875 2114 2893 2146 ι
2942 2096 3078 2161 Quid
3105 2107 3178 2151 est
3205 2098 3336 2152 enim
3375 2099 3583 2169 Apollo,
3607 2102 3794 2170 quidve

2193 2181 2432 2239 Paulus?
2480 2184 2704 2239 Ministri
2773 2189 2880 2257 ejus
2949 2189 3032 2242 cui
3068 2190 3366 2244 credidistis
3392 2210 3412 2243 ι
3460 2190 3514 2262 (1
3550 2190 3672 2247 Cor.
3707 2208 3787 2261 ιιι,

2189 2279 2245 2346 4,
2273 2279 2351 2350 5).
2388 2280 2523 2345 Quid
2551 2282 2713 2349 aliud,
2742 2281 2877 2336 verbi
2923 2285 3108 2354 gratia,
3151 2286 3272 2339 dicit
3297 2287 3526 2342 omnibus
3573 2289 3787 2354 nostris,

2191 2371 2310 2438 nisi,
2357 2371 2494 2438 Quid
2533 2382 2608 2427 est
2657 2373 2892 2429 Donatus
2931 2376 3271 2448 Carthaginis.
3313 2380 3436 2446 quid
3477 2379 3788 2450 Ianuarius,

2187 2464 2312 2534 quid
2355 2463 2664 2534 Petilianus,
2688 2468 2786 2522 nisi
2819 2469 3038 2524 ministri
3069 2473 3179 2542 ejus
3204 2489 3282 2526 cui
3318 2474 3600 2529 credidistis
3618 2475 3644 2528 ?
3671 2475 3791 2532 lloc

2189 2571 2288 2628 ego
2315 2557 2561 2628 Apostoli
2586 2561 2948 2617 testimonium
2982 2579 3086 2619 non
3114 2566 3271 2635 posui
3359 2567 3452 2621 sed
3484 2567 3611 2622 illud
3638 2568 3791 2638 quod

2189 2665 2614 2709 commemorare
2657 2656 2848 2723 noluit,
2890 2659 3062 2726 posui,
3111 2658 3289 2725 Neque
3335 2661 3419 2733 qui
3462 2663 3664 2732 plantat
3712 2671 3789 2720 est

2187 2742 2401 2812 aliquid,
2426 2761 2584 2815 neque
2609 2747 2692 2816 qui
2718 2749 2870 2818 rigat,
2892 2748 2981 2803 sed
3008 2749 3096 2820 qui
3120 2750 3478 2806 incrementum
3505 2753 3592 2806 dat
3621 2753 3786 2809 Deus.

2188 2833 2294 2889 Iste
2319 2847 2497 2891 autem
2523 2852 2584 2890 ea
2611 2839 2774 2893 verba
2819 2839 3059 2909 Apostoli
3100 2841 3337 2897 inserere
3362 2842 3548 2908 voluit,
3581 2845 3673 2899 ubi
3702 2846 3788 2901 in-

2187 2933 2423 2998 terrogat
2448 2930 2575 2999 quid
2605 2931 2675 2984 sit
2709 2931 2923 2997 Paulus,
2956 2931 3041 2986 vel
3081 2934 3205 3002 quid
3250 2935 3320 2990 sit
3363 2936 3573 3005 Apollo,
3606 2946 3661 2991 et
3692 2953 3788 2994 ne-

2188 3017 2438 3086 spondet,
2461 3018 2686 3074 Ministri
2712 3023 2821 3091 ejus
2849 3023 2930 3076 cui
2948 3024 3249 3079 credidistis.
3270 3024 3383 3080 lloc
3409 3027 3590 3097 aliquo
3617 3027 3788 3084 modo

2187 3107 2328 3163 ferre
2354 3112 2526 3179 potuit
2550 3121 2698 3167 torus
2729 3114 2951 3168 cervicis
2979 3114 3245 3171 lnereticae
3272 3137 3284 3171 :
3320 3118 3447 3173 illud
3477 3128 3656 3174 autem
3691 3121 3788 3178 ubi

2187 3218 2293 3259 non
2323 3205 2686 3276 interrogavit,
2717 3217 2772 3264 et
2810 3213 3089 3281 respondit
3117 3213 3242 3283 quid
3291 3226 3452 3281 essm,
3503 3216 3600 3270 sed
3646 3217 3789 3274 dixit

2188 3311 2292 3350 non
2321 3312 2442 3352 esse
2484 3300 2708 3370 aliquid,
2742 3301 2882 3357 ferre
2916 3305 3134 3359 omnino
3162 3321 3266 3359 non
3297 3307 3484 3375 potuit.
3523 3306 3628 3362 Sed
3665 3309 3788 3377 jam

2185 3390 2310 3443 volo
2334 3405 2575 3461 quaerere
2604 3401 2778 3446 utrum
2812 3408 2916 3448 non
2947 3395 3017 3448 sit
3041 3395 3241 3466 aliquid
3270 3398 3511 3452 minister
3532 3397 3740 3453 Christi
3759 3399 3786 3454 ἲ

2187 3481 2317 3548 Quis
2358 3480 2461 3536 hoc
2489 3481 2726 3538 dixerit?
2773 3484 3052 3552 Quomodo
3075 3501 3204 3556 ergo
3231 3503 3414 3542 verum
3461 3498 3564 3555 est,
3596 3488 3787 3560 Neque

2185 3571 2274 3643 qui
2299 3572 2494 3642 plantat
2523 3582 2594 3627 est
2621 3573 2838 3642 aliquid,
2877 3592 3032 3646 neque
3060 3577 3144 3644 qui
3172 3578 3324 3648 rigat,
3366 3579 3454 3632 sed
3481 3580 3568 3649 qui
3606 3580 3786 3636 incre-

2185 3671 2409 3716 mentum
2437 3663 2526 3716 dat
2572 3663 2744 3729 Deus;
2776 3666 2874 3720 nisi
2906 3668 3026 3736 quia
3057 3668 3123 3722 ad
3152 3669 3294 3723 aliud
3337 3671 3532 3740 aliquid
3559 3680 3665 3736 est,
3711 3673 3786 3732 ad

2187 3752 2327 3808 aliud
2355 3769 2458 3808 non
2499 3764 2582 3810 est
2620 3756 2863 3827 aliquid?
2908 3759 2987 3813 Ad
3031 3761 3436 3816 ministrantium
3475 3773 3526 3817 et
3553 3763 3786 3834 dispen-

2185 3845 2409 3901 sandum
2460 3848 2681 3903 verbum
2726 3865 2789 3905 ac
2846 3851 3246 3908 Sacramentum
3281 3855 3481 3926 aliquid
3527 3866 3662 3910 est:
3714 3858 3786 3914 ad

2187 3938 2548 3994 mandandum
2579 3952 2756 3998 autem
2784 3953 2840 3998 et
2859 3944 3254 4014 justiﬁcandum
3301 3958 3514 4003 nonest
3540 3949 3783 4020 aliquid;

2185 4033 2306 4102 quia
2351 4032 2454 4087 hoc
2501 4049 2606 4089 non
2637 4047 2888 4105 oneratur
2917 4038 2967 4091 in
2997 4039 3250 4094 interiore
3280 4040 3516 4108 homine,
3547 4045 3651 4098 nisi
3674 4060 3786 4113 per

2187 4138 2343 4192 quem
2377 4134 2590 4179 creatus
2627 4137 2709 4182 est
2741 4137 2880 4182 totus
2919 4129 3102 4197 homo,
3135 4139 3188 4185 et
3231 4132 3319 4202 qui
3366 4133 3505 4188 Deus
3549 4150 3783 4193 manens

2185 4216 2356 4280 factus
2383 4227 2466 4273 est
2493 4218 2673 4285 homo,
2703 4221 2792 4276 ille
2819 4222 3022 4278 scilicet
3052 4223 3118 4278 de
3139 4240 3246 4294 quo
3267 4225 3465 4280 dictum
3508 4237 3612 4291 est,
3647 4227 3785 4283 ("ide

2185 4310 2436 4365 mundana
2474 4313 2630 4366 corda
2673 4330 2846 4368 eorum
2875 4314 3011 4382 (Act.
3062 4333 3157 4385 xv,
3189 4317 3278 4388 9);
3311 4328 3384 4384 et,
3435 4320 3671 4375 Credenti
3726 4324 3782 4378 in

2183 4417 2298 4456 eum
2321 4404 2406 4473 qui
2421 4404 2673 4474 justiﬁcat
2702 4406 2909 4474 impium
2941 4407 3112 4477 (Rom.
3144 4425 3213 4474 ιν,
3242 4409 3320 4480 5).
3349 4411 3503 4479 Quod
3531 4412 3783 4466 testimo-

2182 4494 2329 4550 nium
2357 4497 2410 4551 in
2438 4498 2612 4552 verbis
2641 4501 2776 4554 meis
2801 4499 3094 4556 Petilianus
3131 4516 3330 4572 ponere
3356 4505 3544 4570 voluit,
3575 4505 3633 4560 in
3661 4505 3782 4561 suis

2182 4596 2358 4642 autem
2390 4603 2490 4644 nec
2536 4593 2798 4658 tractavit,
2831 4608 2932 4648 nec
2955 4594 3150 4665 attigit.

2252 4677 2476 4736 CAPUT
2510 4681 2813 4743 ιιι-67.
2840 4684 3079 4741 Minister
3103 4701 3250 4757 ergo,
3280 4687 3332 4743 id
3357 4697 3458 4756 est,
3487 4689 3782 4760 dispensa-

2183 4779 2267 4826 tor
2301 4772 2452 4828 verbi
2490 4783 2544 4828 et
2591 4774 2918 4832 Sacramenti
2967 4780 3288 4850 evangelici,
3338 4783 3383 4837 si
3425 4783 3598 4838 bonus
3646 4795 3778 4855 est,

2179 4865 2457 4921 consocius
2485 4867 2542 4922 ﬁt
2570 4867 2840 4939 Evangelii
2863 4887 2875 4924 :
2895 4870 2941 4925 si
2969 4883 3148 4928 autem
3178 4873 3348 4929 malus
3375 4883 3477 4940 est,
3513 4891 3620 4932 non
3648 4877 3781 4936 ideo

2179 4955 2514 5028 dispensator
2550 4975 2656 5016 non
2699 4972 2782 5018 est
2814 4962 3104 5035 Evangelii.
3145 4964 3200 5020 Si
3242 4966 3384 5021 enim
3431 4966 3606 5023 bonus
3647 4979 3734 5026 est
3758 5012 3776 5037 ,

2179 5049 2364 5108 volens
2385 5051 2486 5108 hoc
2511 5053 2636 5110 facit
2655 5071 2669 5109 :
2687 5055 2730 5109 si
2755 5064 2930 5111 autem
2959 5056 3146 5122 malus,
3176 5058 3275 5114 hoc
3300 5068 3383 5114 est
3408 5075 3500 5116 sua
3523 5077 3780 5131 qttzerens

2179 5160 2284 5200 non
2315 5162 2432 5215 quae
2459 5146 2586 5202 Jesu
2614 5147 2839 5216 Christi,
2884 5149 3077 5204 invitus
3115 5151 3214 5206 hoc
3258 5150 3384 5207 facit
3410 5163 3628 5223 propter
3665 5156 3777 5212 alia

2179 5251 2298 5305 quae
2315 5237 2554 5306 requirit.
2575 5237 2706 5294 Vide
2726 5250 2901 5296 tamen
2924 5241 3048 5312 quid
3073 5241 3209 5298 idem
3239 5245 3512 5313 apostolus
3539 5246 3776 5310 dixerit:

2181 5328 2243 5384 Si
2277 5345 2394 5398 ergo
2431 5330 2600 5385 volens
2623 5332 2717 5386 hoc
2753 5333 2918 5402 facio,
2961 5334 3168 5406 inquit,
3199 5337 3476 5392 mercedem
3501 5339 3700 5406 habeo;
3728 5342 3776 5397 si

2179 5432 2345 5476 autem
2374 5422 2582 5490 invitus,
2628 5426 2934 5496 dispensatio
2971 5429 3095 5483 mihi
3123 5431 3314 5485 credita
3339 5441 3413 5487 est
3443 5434 3461 5503 (
3488 5431 3504 5486 Ι
3537 5433 3658 5489 Cor.
3691 5451 3768 5503 ut,

2179 5514 2288 5586 17).
2321 5515 2592 5588 Tanquam
2635 5520 2956 5578 diceret:Si
3007 5521 3178 5580 bonus
3221 5527 3419 5583 bonum
3466 5532 3768 5600 annuntio,

2177 5611 2338 5667 etiam
2387 5612 2503 5684 ipse
2550 5617 2830 5685 pervenio;
2876 5619 2921 5676 si
2957 5629 3134 5677 autem
3178 5621 3371 5688 malus,
3418 5623 3620 5692 bonum
3667 5639 3770 5682 an-

2240 5769 2256 5800 ι
2284 5775 2332 5816 In
2357 5775 2462 5820 Mss.
2486 5779 2577 5831 est,
2602 5775 2946 5827 Januarianus.

2237 5833 2405 5906 flow,
2430 5843 2617 5906 nutriat
2632 5851 2708 5886 ea.
2727 5841 2882 5891 Nostri
2905 5851 3023 5892 vero
3045 5841 3358 5906 manuscripti
3380 5853 3492 5896 cum
3512 5840 3623 5896 aliis
3644 5851 3766 5899 ante

2179 5894 2339 5956 editis,
2362 5907 2477 5947 nam
2500 5901 2551 5949 ut
2571 5897 2692 5959 ejus.
