3998 6498
204 452 297 513 585

204 565 375 625 nuntio.
406 561 664 633 Numquid
690 564 831 620 enim
854 565 1005 633 dixit,
1034 563 1090 623 Si
1118 564 1313 621 invitus
1340 563 1495 631 facio,
1528 565 1741 635 dispen-

202 670 327 718 sator
366 673 463 711 non
510 658 638 711 cro?
666 661 1007 715 Annuntiavit
1037 661 1225 715 Petrus
1260 668 1316 714 et
1359 658 1540 714 ceteri
1590 658 1746 723 boni,

203 752 369 809 invitus
405 747 597 816 Judas,
646 760 820 807 tamen
866 768 988 808 cum
1014 752 1143 823 ipsis
1174 753 1366 809 missus
1390 752 1746 808 annuntiavit.

202 845 266 901 Illi
292 842 579 899 mercedem
611 843 833 911 habent,
868 846 990 901 huic
1031 846 1355 917 diSpensatio
1400 845 1601 902 credita
1646 853 1748 901 est.

202 937 285 1007 Qui
325 946 493 991 autem
524 938 770 993 omnibus
808 938 910 994 illis
950 940 1379 994 annuntiantibns
1406 939 1750 1009 Evangelium

201 1035 542 1099 perceperunt,
576 1044 681 1082 non
707 1044 736 1083 a
759 1030 1054 1098 plantatore
1082 1030 1163 1085 vel
1189 1030 1436 1100 rigatore,
1469 1030 1562 1085 sed
1591 1029 1658 1083 ab
1685 1043 1752 1085 eo

200 1117 272 1187 qui
308 1116 681 1171 incrementum
724 1117 847 1183 dat,
891 1120 1133 1174 mundari
1182 1130 1466 1190 potuerunt
1510 1128 1563 1175 et
1593 1120 1752 1190 justi-

202 1212 343 1265 ficari.
376 1209 556 1279 Neque
600 1214 741 1267 enim
782 1212 971 1268 dicturi
1014 1228 1199 1268 sumus
1225 1212 1412 1268 Judam
1444 1229 1547 1270 non
1579 1212 1751 1284 bapti-

201 1318 343 1365 zasse,
391 1318 511 1357 cum
564 1304 741 1359 adhuc
787 1304 924 1359 inter
968 1304 1255 1374 discipulos
1302 1306 1492 1372 fuerit,
1542 1304 1754 1376 quando

201 1394 334 1449 fiebat
360 1394 496 1464 quod
525 1395 777 1465 scriptum
814 1406 930 1464 est,
964 1396 1087 1466 Ipse
1110 1414 1209 1451 non
1232 1397 1534 1468 baptizabat,
1567 1398 1653 1452 sed
1677 1397 1756 1451 di-

202 1487 360 1556 scipuli
397 1488 507 1556 ejus
539 1487 713 1559 (Joan.
751 1505 822 1556 IV,
854 1488 931 1561 ἒ).
959 1491 1042 1544 An
1068 1490 1191 1559 quia
1230 1490 1462 1544 nondum
1490 1489 1756 1545 Christum

203 1578 481 1642 tradiderat,
516 1580 606 1647 qui
639 1580 844 1635 loculos
875 1580 1130 1648 habebat,
1160 1590 1214 1636 et
1240 1596 1301 1635 ea
1328 1597 1446 1651 quae
1472 1581 1755 1635 mitteban-

201 1675 270 1720 tur
290 1664 560 1722 auferebat
590 1668 697 1739 (Id.
732 1687 828 1735 xu,
870 1671 961 1740 6),
995 1681 1049 1726 et
1079 1671 1165 1741 qui
1198 1673 1435 1741 pecunia:
1463 1681 1642 1726 custos
1670 1672 1755 1726 in-

200 1774 366 1812 nocens
394 1774 520 1814 esse
570 1776 675 1815 non
723 1763 927 1831 potuit,
976 1764 1313 1835 dispensator
1357 1777 1531 1821 tamen
1574 1765 1758 1835 gratias

199 1850 290 1903 sine
322 1851 697 1919 accipientium
727 1853 922 1907 damno
950 1854 1080 1909 fuit?
1108 1857 1214 1910 Aut
1238 1858 1281 1910 si
1311 1873 1414 1911 non
1444 1858 1754 1926 baptizavit,

201 1950 317 1994 certe
356 1940 600 1999 fatemini
632 1948 751 2015 quia
784 1947 1183 2018 evangelizavit.
1216 1950 1366 2016 Quod
1397 1952 1440 2004 si
1474 1950 1574 2004 hoc
1600 1951 1757 2004 mini-

199 2046 317 2084 mum
345 2042 394 2086 et
432 2033 557 2088 leve
587 2035 800 2097 ducitis,
844 2039 1017 2094 videte
1047 2040 1173 2110 quid
1202 2040 1271 2094 de
1297 2042 1411 2109 ipso
1441 2040 1602 2096 Paulo
1630 2056 1759 2109 apo-

199 2123 310 2175 stolo
334 2126 576 2180 sentiatis
597 2169 610 2191 ,
656 2130 746 2198 qui
775 2129 922 2194 dixit,
958 2130 1079 2186 Non
1109 2134 1239 2187 enim
1269 2134 1401 2186 misit
1430 2150 1506 2187 me
1530 2132 1760 2187 Christus

199 2213 447 2283 baptizare,
479 2218 569 2271 sed
596 2221 940 2290 euangelizare
967 2224 1007 2293 (I
1039 2222 1157 2277 Cor.
1190 2242 1227 2292 ι,
1258 2227 1365 2294 l7).
1396 2225 1509 2279 Huc
1535 2225 1757 2292 accedit,

200 2307 296 2375 quia
318 2308 503 2379 incipit
523 2327 644 2365 esse
668 2313 840 2381 potior
859 2316 1065 2383 Apollo,
1093 2318 1181 2385 qui
1205 2317 1520 2386 baptizando
1547 2318 1756 2387 rigavit,

198 2414 326 2468 quam
370 2402 593 2470 Paulus,
643 2407 729 2474 qui
761 2408 1171 2477 evangelizando
1205 2410 1478 2479 plantavit,
1512 2427 1631 2465 cum
1660 2411 1761 2466 sibi

199 2489 399 2545 ofﬁcium
429 2495 606 2563 patris
635 2511 758 2565 erga
785 2498 1091 2553 Corinthios
1132 2500 1201 2554 ob
1229 2500 1332 2555 hoc
1369 2500 1631 2566 vindicet,
1665 2516 1763 2556 nec

200 2583 261 2636 eis
284 2585 361 2653 qui
393 2596 519 2654 post
550 2587 697 2641 illum
737 2590 802 2643 ad
845 2606 937 2645 eos
966 2601 1251 2658 venerant,
1284 2592 1386 2647 hoc
1412 2610 1606 2647 nomen
1636 2609 1763 2647 con-

201 2674 342 2729 cedat.
372 2678 467 2731 Ait
492 2679 636 2733 enim
664 2698 675 2732 :
701 2679 762 2734 Si
792 2681 962 2735 decem
995 2682 1159 2735 millia
1199 2685 1500 2754 pwdagogos
1539 2686 1762 2739 habeatis

200 2764 238 2817 in
264 2766 473 2834 Christo,
496 2770 587 2824 sed
612 2789 713 2824 non
740 2773 922 2828 multos
950 2785 1117 2844 patres
1139 2792 1157 2828 .'
1178 2776 1231 2829 in
1261 2776 1461 2830 Christo
1488 2777 1617 2830 enim
1638 2777 1763 2831 Jesu

201 2873 271 2924 per
295 2858 623 2931 Evangelium
660 2880 749 2934 ego
777 2880 863 2919 vos
902 2867 1051 2936 genui
1083 2865 1193 2937 (Id.
1228 2883 1299 2934 tv,
1333 2869 1441 2936 15).
1478 2869 1569 2923 Eis
1598 2867 1760 2936 dicit,

198 2945 292 3018 Ego
313 2967 385 3005 vos
417 2955 580 3023 genui
612 2970 631 3007 :
665 2954 857 3025 quibus
884 2956 991 3011 alio
1033 2958 1152 3011 loco
1180 2958 1347 3024 dicit,
1381 2958 1582 3012 Gratias
1613 2959 1721 3012 Deo
1742 2998 1758 3024 ,

198 3042 311 3104 quod
356 3044 611 3097 neminem
667 3054 883 3099 vestrum
938 3047 1186 3117 baptizavi
1210 3089 1225 3114 ,
1286 3050 1382 3103 nisi
1436 3050 1667 3119 Crispum
1717 3058 1765 3103 et

200 3127 385 3186 Gaium‘
427 3146 483 3189 et
527 3136 803 3206 Stephano!
846 3139 1051 3192 domum
1098 3139 1206 3210 (Id.
1254 3158 1291 3207 ι,
1345 3142 1449 3210 id).
1497 3142 1765 3197 Genuerat

199 3220 347 3291 itaque
376 3225 537 3291 illos,
580 3242 685 3282 non
733 3245 828 3298 per
865 3245 922 3283 se
943 3272 957 3297 ,
1007 3230 1101 3285 sed
1150 3248 1243 3302 per
1272 3233 1635 3303 Evangelium.
1664 3235 1775 3303 Qui

199 3314 378 3371 etiamsi
414 3335 516 3373 sua
546 3331 832 3390 quaareret,
862 3338 968 3377 non
997 3340 1115 3393 quae
1146 3324 1273 3380 Jesu
1301 3325 1517 3393 Christi,
1548 3339 1602 3382 et
1629 3328 1763 3382 invi-

197 3411 267 3460 tus
293 3407 387 3463 hoc
417 3409 624 3465 faceret
662 3412 777 3466 sine
821 3429 917 3467 sua
960 3415 1241 3481 mercede,
1276 3427 1449 3472 tamen
1490 3420 1765 3487 pecuniam

199 3495 493 3555 dominicam
522 3502 858 3573 dispensaret
881 3524 893 3558 :
918 3522 1107 3576 quam,
1140 3508 1260 3563 licet
1286 3512 1488 3577 malus,
1522 3526 1626 3567 non
1653 3526 1765 3565 ma-

197 3586 282 3643 lam
314 3608 408 3647 nec
439 3594 684 3649 inutilem
716 3595 850 3651 bene
881 3599 1264 3668 accipientibus
1296 3600 1515 3656 faceret.

256 3681 474 3739 CAPUT
515 3685 647 3740 LVI.
676 3718 748 3725 —
777 3687 865 3742 68.
909 3689 977 3742 Et
1004 3692 1047 3744 si
1080 3690 1179 3745 hoc
1207 3691 1273 3745 de
1304 3693 1590 3763 Evangelio
1620 3703 1766 3751 recte

199 3768 383 3840 dicitur,
428 3787 633 3846 quanto
674 3778 842 3849 magis
892 3779 957 3834 de
1006 3781 1275 3851 Baptismo
1325 3784 1604 3839 dicendum
1652 3795 1763 3854 est,

201 3866 316 3932 quod
343 3868 406 3920 ita
444 3870 679 3937 pertinet
704 3870 769 3924 ad
798 3870 1164 3940 Evangelium,
1198 3884 1254 3928 ut
1278 3876 1391 3930 sine
1422 3878 1512 3930 illo
1551 3878 1765 3947 quidem

200 3956 254 4009 ad
294 3975 513 4029 regnum
544 3962 800 4016 etelorum
831 3980 988 4019 nemo
1020 3967 1310 4034 perveniat,
1343 3968 1437 4022 sed
1477 3969 1520 4021 si
1551 3969 1769 4024 accedat

202 4044 526 4106 Sacramento
553 4050 793 4123 justitia?
819 4054 919 4121 Qui
948 4056 1087 4109 enim
1118 4056 1271 4123 dixit,
1295 4057 1411 4111 Nisi
1436 4061 1544 4127 quis
1565 4069 1767 4115 renatus

201 4145 327 4209 fuerit
351 4162 410 4199 ea:
425 4163 564 4216 aqua
580 4158 628 4200 et
655 4146 875 4217 Spiritu,
894 4167 993 4203 non
1015 4150 1215 4203 intrabit
1234 4152 1285 4204 in
1307 4168 1513 4220 regnum
1528 4155 1767 4208 caelorum

204 4231 355 4301 (Joan.
375 4254 454 4304 ιιι,
474 4239 553 4309 5);
571 4239 708 4294 idem
730 4240 842 4310 ipse
854 4241 1004 4307 dixit,
1020 4240 1138 4295 Nisi
1152 4244 1675 4315 abundaveritjustitia
1688 4263 1769 4311 ve-

200 4332 286 4378 stra
304 4345 452 4397 super
485 4329 779 4383 Scribarum
817 4342 861 4386 et
890 4334 1285 4401 Pharisaeorum,
1316 4354 1413 4390 non
1444 4338 1688 4392 intrabitis
1715 4342 1769 4394 in

200 4430 386 4486 regnum
399 4421 642 4475 caelorum
658 4419 926 4494 (Matth.v,
939 4424 1053 4497 20).
1069 4424 1257 4479 Forma
1278 4427 1600 4483 Sacramenti
1614 4430 1769 4486 datur

200 4521 281 4573 per
306 4510 657 4581 Baptismum,
677 4514 843 4567 forma
872 4513 1092 4583 justitia:
1112 4532 1205 4586 per
1230 4518 1590 4587 Evangeliutn.
1624 4521 1769 4576 Alte-

200 4614 299 4655 rum
326 4605 441 4660 sine
466 4606 636 4659 altero
656 4622 758 4659 non
776 4606 1094 4675 perducitad
1122 4624 1338 4680 regnum
1369 4613 1644 4667 cmlorum.
1670 4614 1769 4669 Ve-

200 4706 477 4751 rumtamen
495 4696 725 4765 perfecte
739 4696 1003 4767 baptizare
1016 4699 1171 4752 etiam
1188 4702 1358 4755 minus
1371 4703 1508 4756 docti
1526 4714 1763 4772 possunt,

202 4786 413 4851 perferte
438 4801 613 4843 autem
634 4792 997 4860 evangelizare
1016 4793 1181 4847 multo
1196 4794 1505 4851 difficilioris
1526 4807 1578 4851 et
1598 4800 1766 4853 rario-

201 4876 259 4930 ris
278 4891 354 4935 est
380 4888 580 4952 αρε-τίς..
614 4882 739 4937 Ideo
766 4884 951 4938 doctor
972 4884 1218 4940 Gentium
1250 4890 1487 4956 plurimis
1502 4892 1767 4945 excellen-

202 4969 289 5023 tior
306 4976 672 5044 evangt-Iizare
699 4976 891 5030 missus
915 4988 1014 5044 est,
1046 4994 1149 5031 non
1180 4979 1443 5048 baptizare
1475 5000 1486 5035 :
1520 4984 1766 5052 quoniam

200 5060 285 5118 hoc
312 5082 408 5135 per
439 5070 631 5122 multos
661 5067 771 5121 fieri
801 5080 1041 5138 poterat,
1084 5072 1209 5125 illud
1246 5089 1335 5140 per
1363 5090 1580 5142 paucos,
1633 5075 1769 5129 inter

200 5168 315 5222 quos
342 5159 636 5213 eminebat.
669 5159 734 5213 Et
756 5171 927 5214 tamen
958 5162 1179 5229 legimus
1200 5165 1218 5193 ²
1243 5179 1363 5217 οιιιιι
1403 5165 1663 5233 aliquibus
1692 5168 1771 5221 Io-

199 5244 262 5298 cis
288 5247 509 5312 dixisse,
548 5248 881 5320 Evangelium
921 5268 1084 5305 meum
1115 5253 1179 5323 (II
1212 5254 1342 5308 Tim.
1371 5271 1427 5318 ιι,
1456 5256 1509 5329 8)
1545 5274 1556 5308 :
1592 5257 1767 5326 Bapti-

199 5349 358 5391 smum
400 5351 576 5395 autem
617 5355 793 5395 meum
839 5358 1105 5412 nunquam
1146 5344 1296 5411 dixit,
1339 5346 1430 5402 sed
1464 5363 1559 5401 nec
1587 5347 1766 5418 cujus-

198 5444 341 5500 quam
368 5451 466 5504 per
488 5453 646 5508 quem
672 5438 998 5493 ministratus
1022 5450 1123 5494 est.
1152 5440 1281 5495 Nam
1313 5442 1457 5497 solus
1484 5443 1569 5497 ille
1595 5443 1767 5513 bapti-

196 5534 331 5579 smus
359 5543 520 5597 quem
549 5529 693 5584 dedit
712 5529 963 5594 Joannes,
997 5530 1167 5585 dictus
1191 5540 1271 5586 est
1298 5532 1588 5601 baptismus
1604 5533 1766 5587 Joan-

194 5612 270 5670 nis
284 5616 431 5685 (Act.
448 5621 649 5694 xrx,5).
674 5621 782 5676 Hoc
800 5623 1122 5692 praecipuum
1146 5624 1225 5678 vir
1246 5623 1333 5678 ille
1359 5623 1769 5694 dispenSationis

250 5771 544 5847 :Lov._cum
585 5775 804 5847 vulgata,
837 5777 1021 5829 caium.
1060 5784 1136 5829 Er.
1160 5781 1307 5846 Lugd.
1347 5788 1399 5834 et
1436 5789 1555 5831 Ven.
1580 5782 1765 5834 Gaium.

192 5836 367 5897 Graec,
390 5837 554 5888 Gaion.
618 5846 675 5887 tu.

249 5896 1183 5970 'sicuss.atedtti,5tcwnleginm.

1502 447 1704 507 LIBER
1740 442 2059 504 TERTIUS.

1855 576 1966 617 suae
2006 560 2455 634 munus'accepit,
2492 567 2551 616 ut
2596 561 2789 617 lavacri
2818 563 3227 633 praecursorium
3254 578 3438 620 sacrm

1856 660 2091 706 mentum
2117 653 2275 707 etiam
2302 653 2442 707 illius
2467 652 2753 722 diceretur,
2787 670 2881 724 per
2902 670 3062 735 quem
3088 654 3436 725 dispensaba-

1857 751 1944 798 tur
1973 762 1986 798 :
2019 744 2319 815 Baptismus
2342 756 2518 802 autem
2544 762 2703 817 quem
2733 746 3169 802 ministrarerunt
3195 747 3439 817 discipuli

1857 836 2076 902 Christi,
2104 836 2301 892 nullius
2337 853 2520 894 eorum
2547 839 2719 894 dictus
2742 848 2853 906 est;
2890 848 2950 895 ut
2974 839 3116 894 illius
3135 853 3255 895 esse
3284 838 3439 895 intel-

1860 926 2133 997 ligeretur,
2149 927 2217 984 de
2237 943 2343 999 quo
2362 929 2557 985 dictum
2576 938 2677 993 est,
2699 928 2926 984 Christus
2942 929 3118 985 dilexit
3138 927 3439 996 Ecclesiam,

1861 1028 1906 1075 et
1926 1037 1980 1075 se
1999 1020 2167 1092 ipsum
2196 1023 2401 1077 tradidit
2420 1040 2511 1093 pro
2523 1040 2602 1090 ea,
2624 1034 2678 1077 ut
2695 1039 2805 1077 eam
2822 1023 3177 1093 sanctiﬁcaret,
3194 1022 3443 1077 mandans

1861 1127 1971 1165 eam
1998 1112 2196 1167 lauacro
2225 1130 2368 1184 aquae
2389 1116 2442 1168 in
2468 1114 2613 1169 uerbo
2641 1113 2859 1185 (Ephes.
2892 1130 2944 1181 v,
2969 1114 3061 1180 25,
3089 1113 3203 1186 26).
3234 1113 3290 1169 Si
3316 1128 3443 1185 ergo

1861 1200 2229 1274 Evangelium,
2262 1204 2401 1274 quod
2425 1205 2496 1260 ita
2516 1204 2710 1261 Christi
2725 1214 2826 1274 est,
2858 1215 2913 1259 ut
2940 1206 3105 1276 possit
3130 1215 3184 1261 et
3206 1206 3445 1261 minister

1862 1302 2083 1365 propter
2125 1309 2316 1349 munus
2353 1294 2761 1365 dispensationis
2807 1296 2986 1351 dicere
3033 1312 3224 1361 suum,
3273 1304 3447 1366 potest

1864 1380 2025 1437 homo
2050 1384 2209 1439 etiam
2248 1400 2342 1454 per
2380 1384 2576 1439 malum
2624 1385 3039 1455 dispensatorem
3068 1385 3183 1439 sine
3213 1384 3447 1455 pericqu

1865 1475 2127 1544 accipere,
2150 1474 2350 1529 faciens
2373 1476 2515 1545 quod
2537 1475 2686 1541 dicit,
2716 1475 2858 1545 quod
2882 1484 3057 1529 autem
3089 1475 3213 1530 facit
3234 1490 3338 1529 non
3364 1474 3446 1529 fa-

1865 1567 2011 1621 ciens
2042 1577 2276 1637 :quanto
2306 1570 2473 1639 magis
2503 1568 2830 1638 Baptismum
2859 1567 3076 1631 Christi,
3108 1584 3263 1637 quem
3291 1581 3449 1622 nemo

1864 1660 2243 1728 Apostolorum
2272 1660 2343 1713 ita
2372 1660 2709 1725 ministravit,
2742 1668 2797 1713 ut
2816 1658 3036 1713 auderet
3054 1658 3231 1712 dicere
3270 1672 3445 1726 suum,

1867 1760 2042 1822 potest
2068 1753 2289 1821 quisque
2332 1752 2445 1805 sine
2472 1752 2787 1821 contagione
2836 1750 2961 1805 mali
3008 1750 3237 1804 ministri
3278 1749 3451 1821 perci-

1866 1856 2016 1911 pere,
2046 1843 2133 1909 qui
2166 1842 2300 1895 bona
2332 1842 2433 1897 fide
2457 1843 2661 1897 accedit
2686 1843 2751 1896 ad
2772 1842 3077 1896 Christum?

1938 1931 2163 1987 CAPUT
2202 1932 2356 1986 LVII.
2396 1963 2465 1971 -—
2498 1934 2587 1989 69.
2628 1934 2857 1988 Proinde
2885 1934 2929 1988 si
2960 1932 3278 2000 Petilianus,
3329 1949 3451 1989 cum

1868 2039 1966 2094 ego
1992 2039 2111 2094 qua:
2141 2026 2313 2092 posuit
2339 2024 2404 2079 de
2421 2024 2708 2094 Scripturis
2737 2025 3057 2091 testimonia,
3087 2042 3242 2095 quam
3265 2034 3450 2080 contra

1869 2130 1967 2169 nos
2009 2130 2116 2168 non
2162 2124 2369 2181 essent,
2421 2132 2525 2169 non
2577 2117 3008 2185 praetermiserim
3053 2117 3449 2182 demonstrare;

1870 2206 1983 2276 ipse
2025 2223 2143 2277 quae
2184 2208 2355 2277 posui,
2402 2209 2589 2277 partim
2626 2210 2842 2263 omnino
2884 2224 2992 2263 non
3027 2211 3218 2279 attigit,
3262 2210 3453 2279 partim

1870 2312 1987 2367 qua:
2016 2307 2243 2354 tractare
2273 2299 2456 2364 voluit,
2504 2300 2635 2354 nihil
2664 2300 2806 2355 aliud
2850 2317 2907 2356 se
2947 2318 3105 2371 quam
3148 2302 3293 2357 exire
3333 2302 3456 2357 inde

1871 2404 1975 2443 non
2008 2390 2244 2460 potuisse
2288 2392 2602 2445 monstravit
2632 2410 2644 2445 :
2675 2409 2782 2446 non
2806 2393 2893 2446 diu
2938 2394 3183 2448 hortandi
3214 2395 3341 2449 estis
3371 2395 3456 2449 vel

1872 2481 2211 2549 admonendi,
2242 2494 2299 2537 ut
2324 2485 2547 2539 videatis
2576 2486 2700 2554 quid
2730 2498 2930 2550 tenere,
2957 2487 3085 2556 quid
3129 2502 3317 2543 cavere
3355 2488 3454 2542 de-

1872 2574 2061 2631 beatis.
2093 2577 2199 2632 Sed
2221 2575 2358 2632 forte
2390 2578 2441 2631 in
2468 2587 2769 2633 sanctarum
2795 2578 3185 2649 Scripturarum
3210 2582 3453 2636 testimo-

1873 2670 1974 2723 niis
2004 2671 2121 2725 talis
2146 2672 2406 2742 apparuit,
2440 2674 2492 2726 in
2521 2672 2602 2727 his
2638 2688 2765 2729 vero
2792 2673 3145 2737 documentis,
3174 2691 3292 2744 quae
3316 2675 3457 2731 inter

1872 2762 2115 2819 hemines
2138 2764 2205 2819 de
2233 2767 2347 2835 ipso
2377 2765 2663 2820 schismate
2686 2775 2832 2836 gesta
2873 2778 2996 2821 sunt
3037 2767 3234 2839 aliquid
3261 2768 3455 2823 valuit?

1874 2851 1986 2907 Imo
2016 2870 2141 2909 vero
2169 2858 2298 2910 etin
2325 2856 2428 2923 his,
2462 2873 2763 2927 quanquam
2794 2868 2911 2928 post
2938 2859 3116 2913 divina
3153 2860 3456 2913 testimonia

1873 2944 2142 3014 superﬂuo
2185 2947 2544 3016 requirantur,
2588 2947 2715 3017 quid
2752 2950 3190 3003 commemoravit
3215 2960 3304 3003 aut
3330 2948 3459 3018 quid

1873 3038 2151 3107 probavit?
2175 3039 2278 3105 Qui
2297 3056 2417 3095 cum
2448 3040 2635 3095 fuisset
2658 3042 2889 3111 graviter
2918 3043 2971 3096 in
2994 3042 3278 3097 traditores
3303 3043 3453 3097 inve-

1874 3141 2007 3197 ctus,
2038 3142 2092 3187 et
2116 3132 2278 3186 multa
2307 3132 2359 3186 in
2386 3148 2481 3188 eos
2510 3134 2667 3187 etiam
2690 3133 2758 3188 de
2784 3134 2980 3188 sanctis
3014 3133 3188 3189 Libris
3216 3135 3459 3189 testimo-

1874 3224 1961 3278 nia
1992 3224 2391 3293 proclamasset,
2426 3225 2553 3278 nihil
2575 3234 2750 3280 tamen
2772 3226 2910 3280 dixit
2927 3226 3067 3281 unde
3093 3240 3185 3281 eos
3210 3225 3459 3282 ostende-

1875 3328 1955 3372 ret
1982 3318 2321 3373 traditores‘.
2362 3319 2474 3388 Ego
2499 3330 2677 3373 autem
2718 3320 3131 3375 commemoravi
3180 3320 3456 3375 Silvanum

1874 3408 2205 3476 Cirtcnsem,
2255 3411 2339 3464 cui
2388 3410 2700 3479 quibusdam
2752 3412 3077 3481 interpositis
3130 3415 3287 3467 etiam
3345 3414 3459 3483 ipse

1875 3502 2153 3569 successit,
2182 3518 2301 3556 cum
2330 3501 2503 3557 adhuc
2532 3511 2675 3557 esset
2703 3502 3058 3559 subdiaconus
3084 3502 3258 3558 Gestis
3287 3504 3461 3559 muni-

1874 3594 2135 3663 cipalibus
2163 3610 2479 3664 expressum
2509 3610 2628 3650 esse
2658 3596 2989 3650 traditorem.
3019 3596 3212 3651 Contra
3244 3595 3343 3649 hoc
3371 3596 3461 3652 ille

1875 3688 2071 3741 mutire
2098 3688 2171 3741 nil
2198 3704 2358 3743 ausus
2388 3698 2487 3742 est.
2518 3688 2582 3741 Et
2619 3687 2857 3757 profecto
2886 3688 3077 3742 videtis
3114 3700 3309 3757 quanta
3336 3704 3459 3742 eum

1875 3779 2213 3833 neceSsitudo
2242 3780 2595 3847 compellebat
2619 3779 2685 3832 ad
2716 3780 3164 3847 reSpondendum,
3198 3790 3251 3832 ut
3275 3779 3461 3833 videli-

1875 3880 1959 3923 cet
1983 3870 2427 3940 praadecessorem
2455 3886 2627 3935 suum,
2666 3879 2721 3923 et
2760 3888 2863 3923 non
2913 3871 3082 3925 solum
3125 3870 3456 3939 consocium,

1876 3964 1991 4029 sed,
2017 3972 2075 4017 ut
2103 3964 2173 4016 ita
2195 3963 2385 4027 dicam,
2412 3963 2570 4015 etiam
2589 3962 3103 4017 concathedraneum
3126 3963 3460 4017 innocentem

1878 4069 1907 4107 a
1950 4055 2174 4107 crimine
2207 4054 2501 4107 traditionis
2546 4053 2871 4118 ostenderet,
2902 4054 3196 4123 prmsertim
3227 4068 3349 4108 cum
3382 4062 3460 4108 to-

1879 4156 1986 4199 tam
2026 4161 2239 4199 causam
2290 4154 2519 4198 vestram
2572 4144 2641 4197 ibi
2684 4145 3041 4210 constituatis,
3081 4154 3137 4199 ut
3179 4145 3460 4200 traditores

1877 4238 2151 4309 appelletis
2180 4252 2273 4293 eos
2294 4254 2425 4308 quos
2454 4237 2795 4292 traditoribus
2828 4238 3218 4292 communionis
3248 4239 3462 4293 tramite

1878 4329 2199 4385 successisse
2243 4330 2326 4384 vel
2372 4329 2567 4399 fingitis
2603 4329 2683 4383 vel
2730 4330 2944 4398 putatis.
2993 4329 3094 4395 Qui
3141 4344 3267 4400 ergo
3296 4330 3459 4398 ipsius

1877 4439 2051 4478 causae
2076 4432 2266 4477 vestrae
2296 4423 2632 4486 necessitate,
2684 4420 2843 4475 etiam
2882 4421 3346 4476 Rusiecadiensem
3377 4422 3460 4477 vel

1878 4514 2247 4569 Calamensem
2279 4513 2363 4568 vel
2404 4513 2687 4582 cujuslibet
2716 4513 2935 4567 alterius
2971 4513 3201 4569 civitatis
3227 4516 3459 4583 aliquem

1877 4606 1943 4661 de
1976 4617 2121 4677 parte
2146 4616 2338 4672 vestra,
2382 4606 2560 4661 Gestis
2597 4606 3001 4673 municipalibus
3039 4607 3459 4662 demonstratum

1877 4697 2109 4753 dicerem
2138 4698 2465 4761 traditorcm,
2489 4697 2633 4750 omni
2663 4695 2821 4750 modo
2848 4712 2969 4750 eum
2994 4696 3279 4752 defendere
3306 4714 3462 4768 coge-

1880 4800 2047 4857 retur,
2092 4789 2159 4843 de
2214 4804 2312 4843 suo
2357 4789 2755 4857 prtedecessore
2794 4789 3065 4843 centicuit.
3124 4790 3309 4857 Unde,
3361 4793 3461 4847 nisi

1877 4883 1999 4953 quia
2027 4882 2113 4936 hic
2140 4896 2241 4935 non
2270 4881 2472 4934 invenit
2494 4896 2649 4949 quam
2678 4881 2953 4950 caliginem
2975 4880 3291 4949 offunderet,
3323 4882 3461 4936 unde

1879 4977 2066 5030 saltem
2096 4975 2339 5028 homines
2372 4983 2550 5028 mente
2588 4974 2917 5028 tardissimos
2957 4984 3010 5029 et
3043 4974 3462 5029 somnolentissi-

1878 5082 1997 5121 mos
2024 5066 2263 5119 falleret?
2293 5065 2428 5131 Quid
2456 5065 2597 5118 enim
2620 5064 2839 5130 diceret,
2870 5066 2971 5120 nisi
2993 5065 3123 5120 falsa
3154 5067 3219 5120 de
3245 5065 3459 5120 Silvano

1876 5160 1976 5214 ista
2001 5158 2226 5229 jactari?
2264 5158 2369 5213 Sed
2407 5158 2694 5213 recitamus
2720 5158 2901 5225 Gesta,
2934 5168 2988 5214 et
3023 5158 3231 5228 quando
3261 5156 3458 5210 factum

1876 5253 1964 5313 sit.
1993 5262 2045 5307 et
2087 5251 2297 5323 quando
2326 5252 2482 5306 etiam
2525 5250 2818 5322 ZenOphiIo
2863 5250 3128 5308 consulari
3175 5249 3456 5319 allegatum

1876 5348 1946 5402 sit
1969 5347 2066 5419 (a).
2096 5348 2297 5414 Quibus
2327 5349 2596 5420 quomodo
2636 5350 2725 5404 ille
2764 5350 3056 5413 resisteret,
3087 5355 3267 5416 septus
3306 5344 3460 5399 undi-

1877 5456 1981 5510 quc
2007 5441 2205 5511 optima
2235 5456 2392 5497 causa
2425 5426 2942 5507 Catholicam-vestra
2983 5448 3161 5494 autem
3188 5436 3460 5508 pessima?

1877 5529 2029 5586 Unde
2076 5532 2170 5586 ista
2202 5534 2363 5587 verba
2402 5546 2768 5587 commemoro
2802 5546 2868 5585 ex
2907 5531 2992 5584 illa
3039 5529 3273 5599 Epistola
3316 5520 3457 5599 mea,

1877 5623 1960 5676 cui
1992 5638 2083 5692 per
2110 5622 2247 5678 hanc
2267 5638 2426 5694 quam
2444 5638 2585 5677 nunc
2611 5620 2816 5688 refello,
2840 5619 3013 5675 videri
3043 5620 3204 5676 voluit
3236 5635 3462 5690 respon-

1942 5780 1959 5812 ι
1985 5785 2035 5829 ιιι
2066 5779 2406 5892 σέεἱιδιιιιειιδί
2429 5785 2529 5838 Ms.,
2556 5790 2640 5826 nos
2660 5774 2928 5846 ostenderet
2951 5776 3223 5829 traditores.

1942 5842 2012 5892 (al
2039 5844 2089 5892 γι
2125 5856 2154 5892 e
2176 5841 2263 5892 lib.
2284 5842 2316 5892 ὅ
2349 5848 2515 5892 contra
2533 5846 2866 5892 Crescomutn.
2892 5852 3030 5892 cant».
3056 5841 3133 5892 27.
3160 5841 3223 5892 28

1876 5842 2012 5955 32(a)
2039 5836 2154 5893 \‘idé
2176 5841 2263 5894 lib.
2284 5842 2316 5894 ὅ
2349 5836 2866 5903 οοιιιι-ααθεοοιιίιιω,
2892 5852 3030 5905 capp.
3056 5841 3133 5907 27,
3160 5841 3238 5906 28,
3268 5852 3345 5895 nn.
3376 5836 3453 5891 ω.
