3998 6504
560 347 668 407 387

559 459 742 519 disse:
773 460 956 531 utique
988 467 1047 514 ut
1088 456 1311 512 videatis
1351 467 1507 524 quam
1545 450 1740 506 invicte
1772 447 2003 519 positum
2047 442 2137 509 sit,

560 565 746 610 contra
771 553 915 625 quod
941 552 1035 608 ille
1056 549 1188 605 nihil
1219 547 1381 602 tutius
1410 543 1650 600 invenire
1678 541 1849 613 potuit
1877 551 2034 609 quam
2065 535 2145 591 si-

561 645 856 790 'en(;:;";iT
892 691 1068 786 L.Vlll.
1089 758 1164 772 --
1182 728 1272 784 70.
1295 725 1430 782 Cum
1455 723 1598 781 enim
1623 736 1692 780 ex
1720 718 2010 793 Evangelio
2032 715 2145 773 vel—

559 835 620 883 ut
659 835 842 882 contra
898 831 998 878 nos
1032 821 1396 878 testimonium
1431 817 1718 889 posuisset,
1758 814 1846 870 ubi
1889 812 2147 869 Dominus

563 921 657 986 ait,
693 917 902 972 Venient
928 913 1000 968 ad
1024 929 1114 968 vos
1138 913 1192 968 in
1222 912 1400 969 vestitu
1427 910 1612 976 ovium,
1652 907 1954 962 intrinsecus
1977 913 2144 958 autem

559 1017 675 1065 sunt
699 1007 811 1076 lupi
830 1023 1084 1078 rapaces;
1108 1021 1175 1060 en
1199 1004 1443 1076 fructibus
1475 1017 1650 1058 eorum
1679 999 1989 1072 cognoscetis
2021 1012 2104 1052 eos
2124 1010 2150 1064 ;

558 1110 657 1174 ego
682 1100 956 1172 respondi,
979 1107 1034 1156 et
1053 1100 1183 1167 dixi,
1213 1098 1352 1170 Ergo
1373 1101 1568 1169 fructus
1597 1093 1970 1149 consideremus
1991 1106 2012 1144 τ
2032 1099 2145 1144 tum

556 1195 810 1250 continuo
855 1193 1079 1263 subjeci,
1128 1199 1183 1247 et
1223 1190 1472 1262 adiunxi,
1518 1187 1750 1259 Objicitis
1786 1184 2149 1247 traditionem;

560 1285 692 1340 banc
717 1287 880 1356 ipsam
923 1286 1083 1339 multo
1121 1282 1430 1354 probabilius
1469 1297 1565 1336 nos
1597 1279 1736 1335 vobis
1767 1276 2050 1350 objicimus.
2077 1271 2148 1329 Et

559 1387 624 1432 ne
650 1395 740 1449 per
768 1373 928 1431 multa
963 1392 1246 1443 curramus,
1289 1379 1342 1430 in
1369 1375 1543 1430 eadem
1567 1371 1991 1430 Constantiniensi
2029 1367 2150 1423 civi-

562 1478 663 1523 tate
689 1466 958 1524 Silvanum
987 1469 1278 1540 episcopum
1307 1470 1526 1538 majores
1551 1466 1700 1522 vestri
1726 1464 1778 1518 in
1806 1466 1918 1536 ipso
1939 1461 2150 1518 exordio

560 1560 641 1613 sui
664 1559 949 1614 schismatis
975 1559 1350 1613 ordinaverunt.
1393 1555 1502 1612 Iste
1535 1573 1650 1612 cum
1686 1555 1854 1610 adhuc
1887 1561 2014 1609 esset
2040 1550 2150 1607 sub.

497 1699 500 1702 .
563 1650 828 1715 diaconus,
861 1649 1298 1717 manifestissimus
1330 1648 1542 1702 traditur
1574 1646 1966 1717 municipalibus
1988 1643 2150 1699 Gestis

563 1756 832 1810 expressus
851 1750 944 1793 est.
974 1739 1033 1795 Si
1059 1750 1106 1794 et
1125 1756 1210 1794 vos
1235 1739 1474 1796 adversus
1503 1741 1723 1811 majores
1756 1749 1954 1794 nostros
1979 1738 2151 1808 aliqua

564 1829 861 1884 documenta
881 1830 1135 1900 profertis,
1153 1845 1298 1901 aqua
1312 1830 1532 1885 conditio
1547 1829 1853 1900 postulatur,
1872 1837 1927 1882 ut
1943 1836 2154 1898 utraque

564 1935 677 1978 vera
690 1933 779 1978 aut
799 1932 1005 1994 utraque
1019 1925 1150 1994 falsa
1165 1921 1449 1978 credamus.
1466 1922 1528 1978 Si
1547 1932 1760 1992 utraque
1772 1937 1889 1976 vera
1903 1931 2040 1985 sunt,
2064 1935 2150 1975 vos

563 2017 679 2070 estis
694 2017 802 2070 sine
814 2015 966 2069 dubio
979 2015 1258 2069 schismatis
1269 2013 1360 2079 rei,
1374 2015 1462 2084 qui
1477 2013 1691 2068 crimina
1708 2029 1794 2068 vos
1805 2017 1978 2085 fugere
1995 2012 2047 2067 in
2065 2021 2139 2067 lo-

566 2107 664 2160 tius
683 2106 815 2160 orbis
831 2106 1182 2159 communione
1203 2104 1442 2174 ﬁnxistis,
1464 2119 1579 2174 qua:
1596 2103 1649 2158 in
1668 2104 1780 2175 ipsa
1805 2104 2052 2176 particula
2069 2120 2151 2159 ve-

565 2205 686 2252 stra:
709 2196 1008 2251 concisionis
1036 2195 1311 2250 habebatis.
1336 2195 1433 2251 Sin
1449 2205 1612 2249 autem
1632 2205 1846 2266 utraque
1866 2196 1998 2266 falsa
2012 2205 2148 2262 sunt,

566 2303 655 2343 eos
677 2289 795 2342 estis
819 2289 927 2342 sine
949 2286 1102 2341 dubio
1123 2287 1410 2342 schismatis
1436 2286 1530 2353 rei,
1554 2286 1639 2356 qui
1658 2295 1866 2356 propter
1893 2286 2026 2357 falsa
2055 2287 2153 2340 cri-

566 2379 706 2432 mina
733 2378 1035 2432 traditarum
1062 2378 1272 2432 immani
1305 2377 1642 2448 separationis
1680 2377 1890 2431 crimine
1926 2377 2154 2432 macula-

567 2468 712 2522 ntini.
742 2468 894 2534 Quod
910 2471 954 2522 si
977 2484 1010 2521 a
1033 2469 1176 2523 nobis
1200 2469 1374 2537 aliqua
1395 2477 1442 2521 et
1468 2483 1500 2522 a
1524 2468 1662 2523 vobis
1685 2468 1849 2534 nulla,
1878 2466 1958 2521 vel
1987 2483 2020 2521 a
2056 2483 2150 2522 uo-

567 2559 778 2616 bisvcra
800 2571 846 2617 et
867 2578 902 2615 α
929 2561 1067 2616 vobis
1095 2561 1232 2630 {alea
1267 2561 1613 2631 proferuntur,
1649 2577 1751 2615 nan
1785 2569 1861 2614 est
1891 2561 2155 2615 discutien-

567 2651 692 2706 dum
712 2669 864 2722 quam
892 2655 1094 2724 penitus
1109 2662 1273 2707 vestra
1297 2667 1388 2706 ora
1417 2653 1740 2706 claudantur.
1785 2651 1920 2719 Quid
1941 2694 1956 2719 ,
1995 2653 2040 2706 si
2067 2669 2156 2707 vos

567 2754 742 2799 sancta
760 2751 810 2799 et
831 2761 949 2800 tera
973 2744 1158 2800 Clu-isti
1181 2743 1414 2800 Ecclesia
1439 2745 1750 2799 convinceret
1773 2754 1923 2814 atque
1945 2761 2155 2814 supera-

568 2845 663 2903 ret,
691 2837 886 2890 etiamsi
902 2854 992 2890 nos
1017 2837 1161 2891 nulla
1187 2838 1264 2892 vel
1284 2836 1438 2906 falsa,
1469 2851 1556 2891 vos
1584 2845 1749 2890 autem
1772 2837 1942 2907 aliqua
1968 2844 2013 2890 et
2037 2851 2156 2890 vera

570 2930 858 2984 traditionis
883 2930 1181 2984 documenta
1206 2930 1473 2994 teneretis;
1505 2930 1630 2999 quid
1655 2931 1772 3002 jam
1810 2930 1950 2984 vobis
1980 2938 2152 2998 restet,

572 3023 670 3078 nisi
694 3033 769 3089 ut,
807 3023 851 3077 si
886 3024 1056 3089 vultis,
1089 3039 1263 3091 pacem
1297 3023 1560 3092 diligatis;
1586 3023 1630 3075 si
1654 3032 1822 3075 autem
1851 3039 1952 3076 non
1981 3021 2152 3090 vultis,

569 3116 748 3171 saltent
772 3115 1164 3170 obmutescatis?
1199 3113 1400 3168 Etenim
1429 3130 1754 3184 quacumque
1789 3115 1937 3168 modo
1969 3115 2157 3184 profer-

571 3206 711 3273 retis,
745 3208 986 3277 facillime
1003 3217 1048 3261 et
1073 3207 1327 3261 verissime
1349 3205 1585 3272 dicerem,
1631 3215 1749 3260 tunc
1777 3203 2021 3260 Ecclesiae
2056 3206 2156 3276 ple-

572 3301 731 3354 nuriat
749 3309 796 3354 et
817 3299 1082 3354 catholica:
1109 3299 1292 3352 unitati
1311 3299 1426 3368 jam
1454 3313 1542 3367 per
1569 3305 1640 3350 tot
1665 3308 1836 3368 gentes
1858 3295 2061 3364 dilfuste
2079 3306 2157 3350 at-

571 3409 666 3462 que
687 3394 902 3462 [ir-salte
919 3409 1009 3446 vos
1031 3408 1090 3446 ea
1111 3393 1324 3462 probare
1349 3389 1594 3456 debuisse,
1619 3400 1673 3442 ut
1699 3406 1786 3443 vos
1806 3390 1939 3444 intus
1961 3389 2153 3455 essetis,

572 3483 652 3539 illi
677 3495 845 3538 autem
879 3501 1003 3554 quos
1029 3484 1388 3537 convinceretis
1422 3480 1726 3551 pellerentur
1751 3484 1907 3552 foras.
1941 3479 2090 3547 Quod
2115 3481 2158 3534 si

572 3578 738 3631 cenati
765 3577 882 3631 estis
911 3579 1100 3648 facere,
1129 3574 1308 3646 procul
1335 3573 1486 3626 dubio
1515 3575 1729 3642 probare
1754 3589 1854 3625 non
1893 3573 2162 3641 potuistis;

575 3679 623 3725 et
647 3670 780 3735 victi,
807 3672 884 3723 vel
905 3670 1044 3737 irati,
1073 3685 1160 3723 vos
1183 3669 1244 3721 ab
1279 3665 1642 3728 innocentibus,
1678 3667 1765 3736 qui
1797 3666 2040 3719 damnare
2076 3666 2158 3719 in-

572 3776 707 3821 certa
727 3782 828 3820 non
859 3773 1077 3836 possent,
1112 3763 1324 3817 immani
1356 3761 1621 3832 sacrilegio
1654 3760 1942 3832 separastis.
1981 3758 2044 3814 Si
2068 3775 2160 3812 au.

573 3869 672 3915 tem
695 3876 786 3913 nec
806 3859 972 3914 conati
999 3858 1114 3912 estis
1139 3857 1196 3910 id
1222 3873 1393 3928 agere,
1419 3855 1566 3909 nimis
1595 3852 1892 3907 exsecrabili
1923 3861 1970 3906 et
2001 3852 2161 3923 impia

575 3953 800 4006 siccitate
816 3967 901 4005 vos
929 3965 961 4002 a
992 3948 1256 4019 frumentis
1284 3945 1492 4009 Christi,
1514 3959 1628 4016 quas
1651 3960 1741 4015 per
1774 3952 1930 3997 totum
1957 3959 2158 4013 agrum,

576 4043 630 4097 id
675 4052 768 4109 est,
811 4041 1057 4095 mundum
1103 4055 1260 4108 usque
1307 4039 1376 4090 ad
1422 4038 1574 4107 ﬁnem
1615 4044 1860 4101 crescunt,
1893 4036 2066 4106 paucis
2108 4035 2162 4089 in

577 4135 754 4203 Africa
779 4134 988 4188 sisnniis
1017 4130 1196 4198 offensi
1230 4129 1526 4200 prcecidistis
1554 4129 1770 4202 (Supra,
1803 4129 1889 4182 lib.
1923 4131 1976 4196 1,
2008 4145 2159 4199 capp.

577 4227 670 4291 9|,
696 4226 788 4292 2%,
815 4243 904 4279 nn.
935 4225 1028 4290 95,
1051 4223 1166 4293 2b).
1192 4222 1272 4277 Ad
1300 4223 1433 4288 haec,
1465 4235 1583 4290 quae
1617 4235 1683 4275 ex
1711 4221 1797 4274 illa
1839 4221 2016 4289 priore
2045 4235 2162 4274 mea

580 4318 819 4387 Epistula
861 4314 1310 4380 commemoravi,
1376 4313 1664 4367 Petilianus
1707 4312 1837 4367 nihil
1891 4309 2166 4382 respondit

582 4411 819 4468 omnino.
850 4409 917 4464 Et
942 4408 1123 4476 utique
1143 4405 1332 4460 videtis
1356 4405 1438 4457 his
1459 4405 1640 4473 paucis
1662 4405 1836 4459 verbis
1858 4413 2020 4459 totam
2040 4419 2166 4459 cau-

585 4520 699 4561 sam
727 4518 844 4573 qua:
872 4502 1009 4556 inter
1037 4515 1134 4554 nos
1160 4499 1336 4568 agitur
1353 4497 1635 4552 contineri.
1661 4497 1799 4565 Quid
1819 4498 1959 4552 enim
1989 4497 2168 4556 dicere

584 4603 891 4659 conaretur,
924 4592 1012 4646 ubi
1038 4589 1293 4661 quidquid
1323 4588 1540 4656 eligeret
1567 4587 1906 4642 vinceretur?

657 4687 746 4741 Ἠ.
785 4685 919 4742 Cum
959 4685 1104 4740 enim
1134 4683 1201 4737 de
1239 4681 1582 4736 traditoribus
1627 4689 1681 4737 et
1722 4696 1752 4735 a
1797 4681 1950 4737 nobis
1981 4687 2170 4738 contra

581 4789 809 4844 vestros,
841 4786 898 4833 et
922 4791 952 4832 a
994 4775 1146 4831 vobis
1172 4784 1357 4830 contra
1386 4783 1600 4829 nostros
1638 4773 1956 4829 documenta
1989 4774 2168 4844 prole-

582 4878 774 4924 runtur
802 4868 823 4942 (
848 4868 896 4923 si
933 4876 1110 4922 tamen
1135 4873 1192 4922 et
1215 4881 1245 4920 a
1273 4864 1424 4920 vobis
1450 4863 1622 4934 aliqua
1657 4861 2018 4934 proferuntur,
2048 4880 2171 4935 quae

582 4977 754 5034 usque
781 4961 848 5017 ad
877 4961 1020 5017 hunc
1045 4961 1186 5016 diem
1215 4958 1433 5015 omnino
1470 4959 1770 5025 nescimus;
1817 4975 1987 5031 neque
2027 4961 2170 5016 enim

583 5073 647 5115 ea
676 5057 967 5114 Petilianus
996 5055 1107 5110 suis
1129 5053 1322 5110 litteris
1347 5053 1583 5108 inserere
1606 5050 2057 5122 praetermitteret,
2080 5053 2172 5125 qui

587 5161 695 5208 tam
725 5151 1009 5222 diligenter
1028 5157 1216 5204 contra
1259 5161 1346 5203 me
1375 5153 1555 5216 partes
1577 5145 1860 5202 Gestorum
1881 5188 1897 5214 ,
1948 5161 2069 5219 quas
2102 5147 2170 5202 ad

585 5261 798 5301 causam
827 5244 1117 5317 pertinent,
1133 5239 1629 5298 commemorandas
1646 5239 2064 5310 inserendasque
2081 5254 2176 5294 cu-

588 5338 746 5409 ravit)
777 5355 792 5394 :
820 5344 1208 5405 verumtamen,
1236 5332 1424 5406 ut-jam
1453 5331 1632 5389 dicere
1655 5345 1943 5402 ceperam,
1967 5330 2014 5384 si
2047 5339 2101 5386 et
2142 5344 2174 5384 a

1018 305 1022 310 '
1122 334 1394 395 CONTRA
1429 329 1770 392 LITTERAS
1805 323 2167 392 PETILIANI,
2205 322 2265 380 S.
2305 320 2670 382 AUGUSTINI
2712 319 2916 382 LIBER
2960 319 3272 383 TERTIUS.
3683 333 3768 398 333

2250 439 2404 498 nobis
2425 447 2478 498 et
2503 457 2533 497 a
2557 442 2708 499 vobis
2731 441 2856 497 talia
2885 437 3242 511 proferuntur,
3262 456 3377 512 quae
3394 457 3553 516 usque
3575 448 3635 504 ad
3652 448 3766 511 hunc

2247 535 2390 592 diem
2429 535 2647 594 omnino
2689 539 2989 606 nescimus;
3034 539 3269 610 profecto
3307 551 3395 598 aut
3433 555 3633 618 utraque
3667 569 3765 609 vera

2248 639 2394 698 sunt,
2415 637 2505 686 aut
2525 637 2745 702 atraque
2772 629 2922 699 falsa,
2942 639 3035 688 aut
3060 641 3240 689 nostra
3258 649 3379 690 vera
3408 645 3629 695 etvestra
3645 644 3765 713 lalsa,

2249 735 2340 782 aut
2366 735 2544 782 nostra
2570 725 2699 783 falsa
2719 733 2773 784 ct
2794 734 2970 784 vestra
2990 741 3115 784 vera
3140 745 3153 782 :
3187 727 3302 800 plus
3322 729 3445 801 quid
3463 731 3664 802 dicatur,
3682 753 3766 794 non

2250 817 2540 875 invenitur.
2589 893 2592 896 ἢ

2320 909 2550 968 CAPUT
2574 903 2710 965 LIX.
2727 940 2800 952 —
2821 910 2892 966 At
2919 911 2971 966 in
2991 910 3236 966 omnibus
3261 911 3343 968 his
3363 923 3574 984 quatuor
3596 928 3770 975 senten-

2251 1001 2340 1058 tiis
2360 1002 2556 1058 veritas
2589 1017 2686 1073 pro
2727 1004 3101 1059 communione
3137 1003 3422 1060 Catholicae
3459 1013 3553 1060 est.
3588 1008 3700 1076 Quia
3736 1013 3771 1067 si

2253 1102 2476 1165 utraque
2512 1109 2636 1150 vera
2678 1103 2834 1163 sunt,
2883 1103 3099 1164 propter
3123 1094 3385 1164 homines,
3417 1097 3586 1166 quales
3619 1110 3666 1154 et
3698 1117 3771 1157 vos

2253 1185 2528 1242 habebatis
2551 1228 2566 1252 ,
2616 1188 3048 1242 communionem
3087 1186 3232 1242 orbis
3271 1191 3528 1242 terrarum
3569 1167 3770 1247 deserere

2252 1282 2471 1337 minime
2513 1281 2809 1337 debebatis.
2863 1280 2922 1337 Si
2967 1289 3193 1352 utraque
3248 1279 3378 1336 falsa
3425 1285 3561 1350 sunt,
3601 1293 3774 1354 propter

2253 1372 2396 1427 nulla
2447 1371 2670 1427 crimina
2726 1371 3068 1438 traditionis,
3126 1370 3419 1427 cavendum
3465 1381 3574 1426 erat
3611 1373 3772 1429 crimen

2253 1463 2644 1519 atrocissimum
2693 1463 2990 1519 divisionis.
3045 1461 3102 1519 Si
3154 1471 3336 1517 nostra
3385 1472 3504 1518 vera
3543 1469 3595 1516 et
3636 1472 3773 1517 vestra

2253 1556 2385 1613 falsa
2436 1566 2594 1624 sunt,
2654 1557 2782 1612 olim
2839 1556 2966 1628 quid
3023 1555 3272 1612 diceretis
3324 1569 3429 1610 non
3490 1553 3690 1609 habetis.
3730 1554 3774 1610 Si

2253 1657 2430 1704 vestra
2454 1663 2578 1704 vera
2607 1657 2662 1704 et
2699 1657 2881 1703 nostra
2918 1647 3050 1703 falsa
3093 1655 3237 1712 sunt,
3269 1647 3377 1701 falli
3417 1645 3659 1716 potuimus
3679 1659 3775 1700 cum

2253 1741 2383 1796 orbe
2424 1749 2684 1796 terrarum
2734 1740 2803 1796 de
2855 1738 3130 1795 hominum
3185 1737 3494 1809 iniquitate,
3543 1752 3636 1792 non
3681 1736 3775 1792 ﬁdei

2254 1833 2496 1890 veritate.
2546 1834 2662 1890 Non
2709 1834 2850 1889 enim
2879 1831 3064 1888 debuit
3092 1831 3369 1887 attendere
3398 1844 3568 1884 semen
3595 1826 3776 1883 Abrahze

2255 1925 2310 1981 in
2360 1925 2504 1981 omni
2558 1934 2715 1996 gente
2764 1923 3016 1981 didusum
3044 1966 3058 1992 ,
3108 1919 3240 1994 quid
3280 1935 3374 1976 vos
3423 1934 3572 1974 nosse
3616 1917 3777 1972 dioere-

2255 2020 2357 2086 tis,
2409 2017 2503 2076 sed
2563 2017 2690 2088 quid
2743 2015 3009 2088 iudicibus
3057 2013 3376 2086 probaretis.
3435 2010 3576 2068 Unde
3621 2010 3776 2066 scimus

2255 2109 2383 2180 quid
2450 2108 2720 2180 egerint,
2805 2123 2939 2179 quos
3001 2107 3164 2164 vestri
3248 2104 3476 2176 majores
3544 2114 3778 2156 accusave-

2257 2211 2418 2267 runt,
2483 2200 2694 2256 etiamsi
2757 2214 2883 2255 vera
2948 2199 3029 2254 eis
3098 2196 3514 2268 objiciebantur,
3577 2206 3681 2247 cum
3717 2187 3779 2243 vel

2257 2293 2620 2365 cognitoribus
2651 2291 2672 2324 ⁹
2735 2305 2915 2348 causa:
2968 2289 3055 2347 vel
3123 2297 3277 2346 certe
3341 2284 3576 2342 Ecclesiae
3628 2281 3780 2349 ubique

2256 2383 2464 2439 diffusa
2500 2425 2516 2453 ,
2599 2398 2718 2455 quae
2791 2397 2899 2438 non
2968 2381 3073 2437 nisi
3142 2380 3475 2451 cognitorum
3545 2369 3781 2429 sententias

2257 2475 2486 2532 debebat
2544 2472 2822 2532 attendere
2851 2517 2867 2543 ,
2915 2488 3024 2530 non
3071 2473 3162 2528 illa
3202 2485 3332 2528 vera
3355 2511 3370 2536 ,
3429 2465 3520 2524 sed
3559 2463 3670 2519 falsa
3703 2474 3780 2530 Ρη·

2258 2566 2553 2622 terentur?
2631 2566 2750 2623 Non
2820 2565 2940 2622 ideo
3010 2563 3153 2621 Deus
3227 2561 3508 2627 absolvit,
3577 2548 3780 2626 quidquid

2257 2657 2536 2713 hominum
2603 2658 2821 2714 sceleris
2886 2665 2947 2713 ut
3015 2655 3268 2712 homines
3330 2666 3483 2709 nosse
3546 2662 3641 2704 non
3688 2657 3780 2714 pos-

2257 2753 2364 2808 sint
2395 2769 2410 2806 :
2439 2751 2707 2808 neminem
2734 2759 2910 2807 tamen
2938 2758 3087 2806 recte
3107 2749 3340 2820 iudicari
3369 2755 3491 2818 puto
3517 2749 3778 2804 nocentem,

2258 2847 2349 2917 qui
2378 2845 2648 2902 hominem
2680 2859 2787 2900 non
2810 2844 3110 2900 convictum
3151 2839 3442 2898 crediderit
3480 2838 3781 2892 innocentem.

2261 2936 2412 2996 Unde
2436 2952 2563 3008 ergo
2588 2951 2786 2993 nocens
2811 2935 2955 2991 orbis
2978 2943 3249 2991 terrarum
3274 2976 3288 3001 ,
3328 2931 3373 2987 si
3411 2942 3558 2984 nosse
3588 2939 3678 2979 non
3708 2933 3781 2991 po-

2259 3029 2380 3097 tuit,
2409 3029 2568 3084 etiam
2602 3041 2789 3082 verum
2828 3026 3050 3082 fortasse
3091 3025 3302 3080 crimen
3341 3020 3576 3076 Afrorum
3605 3032 3618 3069 :
3643 3009 3784 3090 ethoc

2259 3130 2350 3177 aut
2378 3120 2496 3176 ideo
2531 3134 2691 3177 nosse
2729 3134 2838 3175 non
2884 3117 3074 3189 potuit,
3106 3115 3238 3188 quia
3265 3127 3421 3169 nemo
3444 3110 3508 3164 ad
3532 3121 3641 3162 eum
3665 3101 3784 3157 detu-

2260 3214 2354 3280 lit;
2397 3221 2487 3268 aut
2524 3213 2644 3269 ideo
2672 3213 2793 3285 quia
2827 3212 2879 3266 in
2911 3225 2978 3265 eo
3005 3209 3148 3280 quod
3175 3207 3414 3263 delatum
3441 3209 3533 3266 est,
3556 3190 3785 3267 cognitori-

2261 3306 2362 3362 bus
2402 3306 2576 3376 potius
2612 3303 2996 3376 iudicantibus,
3026 3316 3184 3372 quam
3216 3299 3371 3355 victis
3397 3285 3786 3376 murmurantibus

2262 3370 2523 3453 credidit?
2562 3370 2698 3453 Hinc
2739 3411 2866 3468 ergo
2906 3370 3202 3449 laudandus
3247 3399 3331 3447 est
3370 3385 3656 3444 Petilianus,
3679 3370 3788 3468 quod

2264 3489 2366 3545 hoc
2408 3504 2528 3545 cum
2572 3465 3252 3544 omninovinvictissimum
3305 3485 3572 3542 cerneret,
3620 3465 3788 3526 silentio

2264 3581 2620 3654 praetermisit.
2651 3580 2768 3636 Non
2796 3579 2952 3651 plane
2979 3577 3299 3642 laudandus,
3325 3573 3462 3646 quod
3487 3579 3662 3626 caetera
3677 3556 3790 3615 simi-

2264 3675 2390 3730 liter
2417 3673 2630 3736 invicta,
2659 3687 2778 3742 quae
2807 3679 2985 3726 tamen
3010 3670 3214 3740 putavit
3239 3681 3395 3741 posse
3417 3655 3683 3722 obscurari,
3703 3664 3793 3750 vet:-

2265 3766 2454 3822 borum
2493 3765 2700 3821 nebulis
2727 3764 2937 3833 operire
2966 3770 3189 3817 conatus
3213 3769 3331 3824 est,
3365 3765 3419 3814 et
3447 3751 3580 3826 quod
3604 3761 3678 3803 me
3699 3742 3800 3797 fecit

2266 3873 2502 3925 causam,
2526 3873 2645 3913 cum
2671 3855 2952 3913 defecisset
2980 3855 3036 3909 in
3061 3869 3219 3909 causa
3259 3871 3271 3907 :
3301 3852 3368 3907 de
3397 3864 3480 3905 me
3503 3856 3690 3915 quoque
3709 3837 3794 3904 ίρεο

2267 3950 2400 4005 nihil
2439 3950 2652 4016 dicens,
2684 3947 2786 4004 nisi
2814 3946 2956 4018 quod
2991 3954 3084 4001 aut
3111 3945 3334 4000 omnino
3363 3941 3543 3996 falsum
3567 3937 3704 3990 esset,
3729 3930 3796 3976 aut

2267 4041 2587 4113 culpandum
2621 4054 2726 4095 non
2757 4049 2930 4106 esset,
2959 4047 3051 4093 aut
3074 4036 3140 4092 ad
3165 4052 3256 4092 me
3275 4035 3384 4106 jam
3409 4046 3511 4087 non
3539 4021 3794 4098 pertineret.

2268 4134 2372 4190 Sed
2403 4133 2604 4188 interea
2633 4145 2729 4185 vos
2751 4171 2768 4197 ,
2794 4145 2928 4200 quos
2958 4129 3096 4184 inter
3119 4143 3206 4182 me
3229 4168 3246 4194 ,
3279 4135 3332 4182 et
3360 4124 3505 4178 illum
3521 4115 3702 4188 judices
3722 4119 3796 4176 p0-

2269 4227 2372 4294 sui,
2413 4226 2669 4296 sapitisne
2710 4221 2906 4292 aliquid
2949 4221 3089 4277 inter
3128 4233 3316 4274 verum
3354 4215 3606 4269 falsumve
3640 4201 3798 4296 discet-

2272 4291 2437 4375 nere?
2476 4291 2614 4372 inter
2643 4291 2882 4370 inﬂatum
2919 4323 2974 4369 et
3021 4312 3275 4378 solidum,
3321 4310 3458 4365 inter
3495 4291 3799 4392 turbido-lin}?t

2272 4411 2634 4481 tranquillum,
2668 4409 2807 4464 inter
2837 4406 3094 4462 tumidum
3137 4414 3191 4459 et
3235 4415 3455 4464 sanum,
3500 4397 3626 4450 inter
3663 4384 3800 4481 divina

2272 4475 2522 4575 praedicta
2548 4509 2602 4556 et
2622 4475 2855 4555 humana
2887 4505 3204 4567 praesumpta
3231 4535 3248 4561 .
3280 4494 3419 4549 ίηῑθτ
3443 4475 3803 4575 Ρτοδθίίθηῗδηθξ

2273 4571 2703 4660 criminationes,
2751 4592 2890 4645 inter
2931 4589 3252 4643 documenta
3297 4593 3351 4640 et
3395 4582 3627 4652 ﬁgmenta
3652 4611 3665 4636 ν
3700 4571 3804 4665 llic"

2274 4703 2450 4746 causae
2500 4686 2764 4742 actionem
2811 4692 2864 4737 et
2903 4695 3078 4736 causa:
3118 4671 3486 4732 aversionem?
3531 4666 3580 4722 Si
3622 4664 3803 4727 εθῐηυδθ

2276 4779 2414 4836 bene
2439 4787 2492 4834 et
2515 4785 2662 4833 recte
2691 4792 2704 4828 :
2737 4775 2779 4829 si
2807 4781 2984 4828 autem
3012 4786 3118 4826 non
3142 4769 3348 4840 sapitis,
3377 4777 3474 4819 nos
3490 4753 3639 4813 vestri
3661 4753 3805 4840 cuer

2275 4871 2506 4944 gessisse
2536 4884 2641 4924 non
2671 4864 2979 4938 paenitebit;
3011 4862 3134 4934 quia
3161 4837 3262 4916 etsi
3286 4873 3382 4915 cor
3408 4859 3630 4944 vestrum
3656 4837 3714 4895 ad

2277 4939 2395 5020 cem
2433 4977 2541 5018 non
2581 4961 2933 5027 convertitur,
2965 4968 3070 5028 pax
3111 4961 3294 5009 nostra
3330 4959 3506 5006 tamen
3541 4939 3606 4996 ad
3638 4939 3809 4992 nos"?

2277 5064 2535 5113 vertetur.

2343 5275 2362 5305 ι
2387 5270 2584 5342 Μδςημι
2604 5265 2678 5318 vel
2713 5265 3050 5332 comitatibus.
3071 5272 3174 5318 Am.
3199 5269 3362 5325 δίει,
3392 5255 3466 5314 vel
3507 5257 3558 5309 ut

2281 5335 2782 5396 bus;omisso,cum.

1794 5663 1815 5669 "
1876 5660 1893 5670 "
1950 5712 1951 5715 ~
2075 5660 2168 5747 λζ
2531 5660 2573 5671 "
