3998 6490
1283 522 2338 741 ADMONITIO
2982 526 2985 529 ’

1240 842 1243 843 ί
1313 861 1379 917 IN
1416 859 1959 947 SUBSEQUENTEM
1997 860 2277 919 LIBRUM.

1698 1038 1962 1095 θιαειαο

236 1213 397 1283 Hujus
418 1214 541 1270 libri
570 1216 845 1286 exemplar
876 1218 1081 1273 calamo
1105 1218 1361 1286 scriptum
1389 1218 1601 1273 unicum
1637 1234 1702 1273 ex
1734 1219 1913 1289 Belgio
1940 1219 2355 1275 Lovaniensibus
2379 1221 2578 1288 adfuit,
2611 1222 2975 1293 Endoviense;
3020 1228 3231 1283 unicum
3258 1230 3420 1286 etiam

180 1307 313 1361 nobis
337 1324 405 1361 ex
437 1308 644 1376 Galliis,
679 1311 1035 1365 Floriaeeuse.
1071 1312 1126 1365 ln
1157 1311 1481 1366 Endoviensi
1520 1312 1706 1367 titulus
1733 1324 1813 1367 est
1833 1355 1846 1376 ,
1885 1311 1950 1365 In
1985 1311 2266 1383 Epistula»:
2294 1314 2535 1369 Petiliani
2560 1319 2626 1370 ad
2656 1318 2936 1374 Catholicos
2960 1322 3022 1375 de
3045 1332 3178 1376 secta
3212 1324 3431 1378 Donati-

179 1414 368 1454 starum.
400 1401 457 1455 In
475 1403 824 1471 Floriaceusi,
854 1405 1044 1458 Aurelii
1072 1404 1339 1475 Augustini
1372 1404 1602 1473 Epistola
1623 1406 1689 1457 ad
1714 1404 1998 1460 Catholicos
2020 1405 2082 1459 de
2104 1417 2235 1460 secta
2263 1407 2646 1463 Donatistarum
2670 1429 2681 1463 :
2711 1422 2765 1467 et
2791 1413 2938 1467 linito
2962 1414 3095 1469 libro
3121 1457 3135 1481 ,
3164 1416 3215 1470 in
3240 1417 3429 1472 eodem

179 1494 487 1549 Floriacensi
518 1498 806 1565 exemplari
864 1498 1074 1566 legitur,
1102 1497 1326 1567 Explicit
1357 1498 1588 1567 Epistola
1619 1498 1814 1553 Aurelii
1834 1498 2342 1571 Augustiniepiscopi
2363 1502 2431 1555 ad
2461 1502 2744 1556 Catholicos
2772 1504 2972 1572 fratres.
2997 1508 3113 1574 Quo
3135 1511 3430 1577 posteriore

181 1587 311 1641 titulo
335 1588 403 1641 ad
433 1588 660 1643 Possidii
687 1588 918 1643 Iudicem
944 1604 1250 1660 comparato
1294 1591 1445 1645 facile
1472 1590 1788 1645 adducimur
1827 1602 1882 1645 ut
1910 1591 2187 1647 credamus
2219 1593 2359 1647 hunc
2392 1595 2561 1661 ipsum
2600 1595 2791 1649 librum
2818 1611 2935 1650 esse
2962 1639 2976 1662 ,
3002 1599 3088 1666 qui
3119 1599 3170 1653 in
3198 1600 3435 1669 ejusdem

180 1677 352 1734 Indicis
389 1680 567 1750 capite
598 1681 755 1734 tertio
784 1681 862 1735 sic
888 1689 1100 1735 notatur
1129 1698 1142 1734 :
1171 1679 1407 1750 Eptstola
1447 1692 1622 1735 contra
1656 1698 1779 1751 quos
1806 1697 1962 1749 supra
1988 1682 2063 1753 (id
2082 1692 2163 1737 est
2190 1693 2372 1738 contra
2424 1683 2745 1756 Donatistas)
2786 1685 2853 1739 ad
2900 1685 3183 1742 Catholicos
3232 1692 3435 1760 fratres,

181 1766 284 1821 liber
305 1785 457 1824 unus.
486 1768 541 1823 lu
565 1771 792 1825 concilio
816 1771 1049 1842 generali
1080 1772 1263 1841 quinto
1289 1813 1301 1833 .
1329 1773 1505 1827 collat.
1536 1773 1586 1837 5,
1620 1773 1852 1826 citantur
1878 1772 2035 1826 verba
2064 1774 2250 1843 capitis
2276 1775 2415 1829 tertii
2447 1774 2585 1830 hunc
2614 1777 2665 1831 in
2703 1777 2916 1831 modum
2952 1796 2965 1831 :
2997 1777 3244 1849 Ejusdem
3281 1780 3298 1852 (
3324 1781 3437 1835 Au-

179 1862 352 1931 gustini
381 1863 486 1932 ηπ
508 1861 747 1933 Epistula
770 1864 837 1916 ad
865 1864 1170 1918 Catholicos.
1200 1864 1354 1934 Apud
1380 1864 1858 1919 Atuerbachianam
1883 1864 2169 1920 editionem
2196 1866 2518 1934 inscribitur,
2536 1867 2725 1923 Contra
2752 1866 2991 1923 Petiliani
3015 1870 3282 1925 donatistw
3303 1869 3438 1943 Epi-

180 1956 337 2009 stolam
366 1956 492 2009 liber
520 1974 671 2010 unus.
707 1956 857 2027 Apud
886 1958 1228 2027 posteriores,
1271 1959 1324 2012 in
1374 1959 1649 2027 marginali
1702 1960 1871 2028 Spatio
1895 1960 2156 2028 superiori
2216 1958 2451 2013 additum
2477 1970 2591 2026 est,
2622 1960 2700 2013 De
2728 1961 2934 2016 Unitate
2975 1960 3213 2018 Ecclesitc
3256 1979 3277 2019 .'
3320 1979 3441 2034 quas

181 2046 394 2115 profecto
420 2048 700 2116 inscriptio
726 2066 829 2103 non
854 2050 1029 2103 minus
1056 2050 1262 2104 caeteris
1289 2050 1547 2104 adversus
1578 2050 1877 2105 Douatistas
1899 2050 2169 2119 opusculis
2194 2052 2463 2123 convenit,
2493 2067 2651 2121 quam
2672 2052 2794 2107 huic
2817 2055 2974 2107 libro.

235 2140 306 2194 Ad
335 2154 536 2194 annum
562 2141 773 2196 circiter
797 2142 903 2197 402
930 2144 1194 2211 pertinere
1222 2142 1370 2212 Opus
1398 2142 1626 2209 videtur,
1652 2142 1850 2197 editum
1878 2151 2002 2196 ante
2034 2143 2246 2197 tertium
2280 2143 2473 2197 librum
2510 2152 2696 2197 contra
2723 2144 3058 2198 Petiliauum.
3088 2144 3221 2199 Nam
3250 2144 3439 2215 Operis

180 2232 414 2302 principio
444 2231 734 2287 Petilianus
773 2233 1166 2303 interpellatur,
1198 2243 1254 2288 ut
1282 2234 1363 2289 vel
1388 2234 1562 2289 eidem
1586 2235 1773 2303 operi,
1799 2235 1881 2287 vel
1910 2233 2094 2303 primis
2122 2235 2330 2290 duobus
2354 2247 2538 2290 contra
2566 2236 2730 2306 ipsius
2759 2236 3049 2307 Epistolam
3078 2238 3230 2291 libris
3254 2238 3437 2308 Augu-

180 2326 286 2381 stini
309 2327 651 2396 respondeat.
680 2327 921 2381 Nondum
948 2344 1075 2398 ergo
1105 2328 1216 2382 visa
1243 2337 1356 2383 erat
1381 2328 1548 2382 altera
1578 2327 1844 2393 Petiliaui,
1875 2344 1995 2397 quae
2040 2327 2175 2383 libro
2201 2328 2479 2397 Augustini
2512 2330 2669 2385 tertio
2694 2330 2998 2386 confutatur
3029 2330 3264 2401 Epistola
3290 2372 3304 2398 ,
3335 2347 3440 2402 qua

180 2420 406 2473 nimirum
434 2420 525 2475 ille
545 2420 611 2474 ad
639 2421 864 2491 primum
898 2421 1089 2475 librum
1122 2421 1401 2491 Augustini
1427 2420 1752 2489 respondere
1778 2419 1855 2474 sic
1884 2420 2123 2486 enititur,
2154 2431 2211 2476 ut
2238 2421 2431 2476 librum
2462 2429 2639 2477 tamen
2669 2421 2835 2493 ipsius
2864 2422 3181 2490 secundum,
3210 2424 3301 2495 qui
3324 2424 3438 2480 cir-

180 2510 293 2563 citer
317 2509 631 2579 prmdictum
659 2528 856 2567 annum
887 2512 991 2568 402
1018 2512 1231 2581 prodiit,
1260 2525 1367 2566 non
1395 2512 1639 2579 attingat.

238 2602 563 2673 Praegrandis
593 2604 814 2673 hujusce
838 2606 1014 2674 cperis
1036 2605 1087 2657 in
1114 2603 1593 2658 Retractationibus
1625 2602 1765 2655 nulla
1788 2602 1845 2656 iit
1885 2601 2117 2667 mentio;
2152 2600 2287 2657 forte
2313 2602 2456 2671 quia,
2487 2602 2560 2657 uti
2592 2602 2951 2660 Lovanienses
2971 2604 3277 2673 observant,
3306 2620 3435 2676 pro-

182 2694 281 2763 prie
302 2695 518 2764 epistola
546 2706 649 2761 est,
677 2710 782 2751 non
806 2696 960 2750 liber.
989 2694 1100 2764 Nec
1125 2710 1339 2749 movere
1374 2694 1531 2748 debet
1555 2692 1697 2764 quod
1717 2693 1785 2748 ibi
1817 2700 2156 2747 recenseatur
2183 2692 2275 2763 qui
2316 2692 2471 2763 longe
2512 2693 2722 2749 brevior
2750 2694 2873 2757 isto,
2914 2702 2969 2750 et
2992 2695 3229 2766 epistola:
3269 2696 3439 2752 forma

183 2791 360 2856 pariter
386 2790 618 2859 scriptus
648 2798 750 2856 est,
779 2790 914 2845 liber
944 2789 995 2843 in
1025 2789 1342 2842 Petiliauum
1370 2788 1570 2856 primus
1602 2805 1615 2839 :
1648 2787 1843 2856 quippe
1874 2785 2076 2854 primus
2102 2785 2202 2839 iste
2232 2785 2369 2842 liber
2391 2801 2513 2843 cum
2555 2785 2790 2842 secundo
2818 2794 2875 2842 et
2902 2787 3057 2843 tertio
3086 2798 3229 2843 totus
3252 2789 3436 2844 colite-

182 2892 273 2944 ret.
300 2898 514 2951 anque
540 2883 612 2936 ob
635 2897 848 2937 causam
877 2882 1177 2937 necessario
1204 2882 1341 2936 inter
1368 2879 1529 2934 libros
1552 2878 1767 2933 habitus
1790 2892 2001 2945 semper
2027 2877 2144 2931 fuit.

243 2974 339 3031 Sed
363 2985 485 3031 sunt
512 2975 614 3030 alia
639 3016 655 3040 ,
686 2990 791 3030 non
816 2974 1134 3039 difﬁtemur,
1158 2990 1275 3044 quae
1298 2988 1396 3027 nos
1417 2973 1503 3027 hic
1531 2981 1795 3026 moveant.
1817 2971 2055 3025 Primum
2079 2971 2412 3027 salutationis
2438 2971 2661 3027 formula
2683 3012 2699 3039 ,
2729 2970 2887 3027 Salus
2914 2989 3025 3043 qua
3045 2975 3097 3028 in
3122 2972 3322 3028 Christo
3342 2982 3415 3028 est

179 3077 297 3133 etc.,
330 3083 458 3122 nova
488 3068 783 3137 Augustino
811 3076 865 3122 et
894 3067 1163 3121 inusitata.
1197 3065 1396 3120 Deinde
1422 3063 1781 3128 transitiones,
1812 3062 1991 3131 ﬁgura:
2016 3103 2031 3128 ,
2058 3076 2121 3116 ac
2151 3063 2445 3139 locutiones
2470 3064 2667 3133 passim
2695 3064 3019 3135 inelegantes
3042 3078 3097 3121 et
3118 3067 3440 3136 impropria}.

180 3156 405 3227 Exempli
446 3159 650 3229 gratia,
676 3172 793 3228 cap.
822 3160 874 3223 6,
908 3174 961 3211 n.
1010 3158 1096 3223 11,
1132 3166 1189 3211 ιιι
1213 3156 1281 3210 ad
1321 3155 1610 3223 Scriptum
1655 3154 1957 3207 testimonia
1997 3156 2240 3209 veniatur
2274 3172 2287 3207 :
2321 3155 2365 3207 0
2400 3154 2701 3222 Donatistis,
2745 3154 2972 3212 Cenesim
3019 3157 3183 3227 legite.
3224 3158 3355 3227 Cap.
3380 3160 3435 3225 8,

178 3266 223 3303 n.
247 3251 310 3304 2|
344 3269 357 3305 :
389 3252 515 3319 Quis
537 3261 640 3304 tam
661 3252 830 3305 devius
857 3260 903 3304 et
931 3250 1182 3304 absurdus
1210 3258 1283 3303 est
1310 3266 1341 3301 α
1369 3248 1550 3301 divinis
1577 3247 1805 3315 eloquiis.
1831 3246 1958 3315 Cap.
1995 3247 2081 3312 15,
2117 3263 2169 3299 tt.
2199 3248 2268 3302 38
2300 3265 2310 3298 :
2345 3246 2410 3302 Ut
2441 3249 2493 3301 in
2523 3249 2645 3318 ipsis
2680 3266 2873 3319 quoque
2911 3251 3289 3305 udmirabilibus
3313 3268 3435 3305 san-

176 3344 279 3395 ctis.
310 3342 498 3397 ibidem
524 3359 538 3397 :
574 3341 679 3397 Sed
706 3352 908 3411 aspectu
948 3351 995 3395 et
1018 3341 1195 3395 auditu
1215 3342 1387 3412 justus
1417 3340 1702 3393 inhabitans
1740 3337 1960 3391 animum
1975 3340 2169 3408 justam
2218 3340 2404 3409 iniquis
2428 3340 2645 3394 aliorum
2673 3341 2973 3409 factionibus
2996 3344 3271 3397 cruciabat.
3302 3342 3436 3413 Cap.

174 3432 253 3499 24,
291 3451 339 3489 n.
367 3434 432 3491 69
458 3454 470 3489 :
506 3433 575 3491 Ut
598 3436 808 3487 multum
834 3449 998 3487 causa:
1023 3443 1206 3487 nostra:
1233 3434 1479 3485 minuam.
1508 3430 1708 3485 ibidem
1752 3445 1767 3484 :
1802 3428 1902 3494 Qui
1950 3431 2291 3499 tergiversaris
2326 3432 2576 3500 quomodo
2610 3432 2924 3501 suscipieris.
2954 3433 3085 3505 Cap.
3116 3434 3207 3503 25,
3238 3450 3291 3489 ιι.
3325 3435 3434 3489 73:

176 3528 300 3584 Cum
317 3531 550 3585 adversus
580 3529 805 3582 homines
830 3527 963 3581 male
983 3527 1075 3581 sibi
1095 3544 1125 3580 a
1150 3526 1354 3596 collegis
1375 3526 1676 3579 insinuatas.

234 3621 405 3676 Movet
424 3622 584 3676 etiam
614 3620 757 3689 quod
786 3620 925 3674 idem
956 3620 1067 3688 ipse
1087 3620 1177 3689 qui
1222 3618 1274 3673 in
1302 3618 1467 3687 Epist.
1493 3617 1584 3682 23,
1613 3632 1667 3671 n.
1696 3615 1755 3683 4,
1782 3622 1835 3670 et
1863 3615 1957 3670 lib.
1987 3616 2012 3669 1
2047 3624 2230 3670 contra
2262 3612 2609 3670 Cresconium
2640 3657 2653 3681 ,
2695 3632 2812 3687 cap.
2854 3617 2948 3682 3|,
2973 3634 3065 3676 nu.
3094 3620 3161 3675 36
3188 3659 3201 3684 ,
3234 3620 3323 3685 '57,
3352 3620 3440 3676 di-

175 3723 310 3768 serte
327 3692 474 3769 docet
493 3712 855 3769 Samaritanos
878 3711 1122 3766 haeresim
1153 3726 1249 3765 seu
1278 3710 1556 3766 haereticos
1584 3708 1889 3765 Judaeorum
1915 3722 2070 3771 esse;
2098 3708 2150 3761 in
2179 3707 2333 3775 hujus
2373 3707 2490 3762 libri
2517 3708 2687 3776 capite
2720 3709 2787 3763 15
2806 3749 2821 3775 ,
2853 3726 2907 3762 u.
2936 3710 3004 3765 53
3024 3754 3038 3773 ,
3069 3712 3198 3765 nolit
3223 3720 3282 3765 ut
3310 3726 3438 3781 pars

175 3806 256 3860 illa
289 3810 458 3878 populi
486 3824 608 3878 qum
636 3820 666 3861 a
692 3821 856 3875 regno
882 3804 1016 3861 Juda
1066 3806 1231 3861 scissa
1260 3814 1342 3860 est
1364 3846 1379 3870 ,
1413 3814 1661 3873 tanquam
1698 3801 1919 3857 hmresis
1961 3801 2278 3868 deputetur,
2328 3800 2621 3868 praesertim
2665 3815 2791 3854 vero
2826 3802 2925 3855 hac
2982 3804 3157 3857 nitens
3207 3804 3435 3870 ratione,

177 3900 286 3966 qni:
324 3908 565 3970 separata
609 3910 689 3955 est
727 3898 947 3968 jubente
1003 3898 1134 3963 Deo,
1191 3898 1281 3966 qui
1329 3912 1597 3967 nunquam
1650 3894 1836 3964 jnbeat
1894 3892 2137 3949 haeresim
2195 3892 2331 3958 fieri,
2380 3891 2571 3960 quique
2616 3907 2837 3960 regnum
2890 3891 3050 3945 dividi
3104 3894 3435 3964 praeceperit,

176 4005 270 4046 non
298 3994 623 4064 religionem.
656 3992 772 4059 Quo
807 3992 925 4047 loco
952 3990 1305 4060 Augustinum
1333 4004 1362 4042 a
1392 3990 1538 4055 viro,
1570 3997 1629 4044 ut
1652 3988 1830 4055 aiunt,
1861 4003 1965 4042 non
1994 3985 2209 4042 indocto
2251 3983 2637 4053 reprehensum
2680 3983 2948 4039 vindicare
2972 3995 3229 4041 conantur
3256 3988 3429 4043 Lova—

175 4085 390 4141 nienses.

176 4192 185 4195 ‘
231 4177 584 4233 Gbss-rvamus
622 4177 842 4246 insuper
890 4175 1177 4247 Scriptura:
1234 4177 1380 4232 locos
1422 4176 1509 4231 hic
1566 4190 1671 4230 non
1722 4176 1871 4247 juxta
1925 4174 2218 4231 solemnem
2274 4176 2574 4232 versionem
2594 4175 2828 4239 citatos,
2873 4182 2931 4228 ut
2954 4173 3160 4244 cap.“
3190 4212 3205 4239 ,
3236 4189 3290 4226 n.
3317 4172 3388 4229 29
3414 4212 3433 4237 ,

174 4284 228 4324 ex
251 4276 365 4326 Act.
393 4288 432 4339 ι,
486 4272 555 4326 14
588 4288 601 4324 :
628 4269 701 4324 Hi
739 4288 908 4325 omnes
947 4281 1091 4325 erant
1138 4274 1456 4326 asservientes
1497 4269 1760 4323 unanimes
1794 4270 2031 4322 orationi.
2054 4267 2207 4333 lbid.,
2241 4286 2293 4324 n.
2325 4269 2425 4333 30,
2458 4284 2523 4324 ex
2546 4271 2663 4324 Act.
2696 4284 2782 4332 Ix,
2814 4267 2881 4321 15
2914 4285 2925 4320 :
2961 4265 3026 4321 Ut
3058 4276 3218 4335 portet
3248 4282 3432 4319 nomen

173 4380 327 4418 meum
352 4380 522 4418 eorum
546 4364 795 4435 gentibus,
828 4374 875 4417 et
892 4365 1090 4433 regibus
1115 4404 1130 4428 ,
1160 4373 1205 4417 et
1235 4363 1357 4431 [iliis
1380 4361 1545 4416 Israel
1576 4361 1913 4431 magni/icari.
1946 4359 2102 4425 lbid.,
2135 4377 2199 4416 ex
2223 4364 2342 4416 Act.
2373 4378 2402 4415 κ
2425 4402 2439 4427 ,
2471 4362 2532 4416 11
2567 4379 2580 4415 :
2612 4360 2877 4431 Tanquam
2913 4361 3120 4414 linteum
3149 4359 3437 4428 limpidum.

172 4454 286 4525 Cap.
323 4459 389 4512 16
408 4500 424 4523 ,
452 4475 506 4512 n.
539 4456 632 4524 49,
656 4473 721 4511 ex
746 4457 943 4511 Ezecb.
978 4470 1170 4523 xxvttt,
1201 4456 1235 4510 5
1258 4497 1273 4521 ,
1309 4454 1571 4524 Numquid
1605 4464 1659 4509 tu
1682 4454 1857 4508 melior
1884 4471 2035 4525 quam
2071 4453 2300 4509 Daniel?
2327 4454 2413 4510 ubi
2442 4456 2613 4525 legere
2642 4454 2801 4520 solet,
2850 4454 3147 4523 sapientior,
3177 4462 3235 4507 ut
3257 4452 3439 4506 videre

168 4557 240 4601 est
263 4549 315 4603 in
344 4549 509 4619 Epist.
536 4550 660 4612 111,
691 4548 815 4603 nul.
833 4547 1069 4618 Denique
1094 4548 1192 4603 etsi
1216 4547 1401 4600 Statuit
1428 4545 1577 4600 initio
1607 4545 1725 4599 libri
1752 4545 1949 4600 relictis
1978 4544 2239 4615 ambiguis
2265 4555 2494 4617 apertum
2514 4545 2705 4614 aliquid
2727 4560 2823 4614 quo
2845 4545 3189 4613 manifestetur
3211 4542 3439 4595 Ecclesia

170 4640 546 4708 requirendum;
570 4642 889 4695 sententiam
924 4648 1101 4695 tamen
1129 4638 1272 4693 illam
1296 4652 1363 4693 ex
1392 4637 1512 4692 lsai.
1543 4652 1676 4703 Lxu,
1707 4638 1740 4692 4
1771 4679 1787 4704 ,
1817 4636 2031 4691 insolito
2057 4636 2216 4691 modo
2248 4637 2647 4707 interpretatam
2671 4679 2685 4703 ,
2718 4635 2873 4689 Terra
2901 4646 2987 4688 tua
3014 4635 3147 4689 orbis
3192 4646 3440 4689 terrarum

168 4732 183 4798 (
206 4748 304 4799 qua
332 4732 548 4803 quidem
578 4733 753 4802 ipsum
782 4746 1005 4802 usquam
1033 4731 1167 4787 alias
1196 4744 1351 4787 usum
1376 4738 1561 4786 contra
1592 4729 1895 4785 Donatistas
1924 4744 2031 4785 non
2052 4728 2474 4799 recordamur),
2498 4729 2735 4796 adhibet,
2761 4743 2880 4799 cap.
2912 4729 2965 4796 7,
2995 4744 3051 4782 u.
3075 4728 3175 4794 l9;
3203 4742 3323 4798 cap.
3342 4728 3437 4795 24,

168 4822 335 4969 “.13,
943 4930 998 4969 n.
1029 4914 1119 4980 68,
1160 4913 1250 4969 ubi
1298 4912 1544 4982 objicitur
1584 4926 1719 4981 aqua
1757 4926 1878 4981 qua:
1921 4910 1989 4965 de
2040 4909 2205 4965 latere
2257 4908 2464 4963 Domini
2521 4907 2807 4978 proﬂuxit,
2860 4910 3215 4980 significatum
3260 4910 3439 4978 Bapti—

165 5017 329 5061 imum
356 5023 373 5072 ;
407 5007 690 5077 respondet
712 5006 764 5062 id
787 5006 961 5062 adhuc
990 5004 1127 5060 forte
1154 5002 1457 5072 diligentius
1498 4999 1871 5069 requirendum
1903 5014 2024 5055 esse
2067 5016 2081 5053 :
2109 5013 2227 5055 cum
2258 4998 2358 5054 hoc
2384 4998 2557 5068 ipsum
2586 5008 2834 5070 tanquam
2861 5009 3194 5070 compertum
3222 4999 3437 5073 tradere

165 5106 209 5151 et
231 5098 506 5155 inculcare
525 5100 714 5166 soleat,
743 5108 800 5155 ut
823 5098 999 5155 Tract.
1017 5096 1071 5161 9,
1094 5106 1147 5152 et
1175 5095 1351 5149 Tract.
1376 5093 1479 5148 120
1507 5094 1557 5147 in
1584 5092 1864 5155 Joannem,
1912 5100 1967 5146 et
1992 5105 2157 5145 serm.
2178 5088 2305 5155 218,
2323 5088 2391 5144 de
2416 5090 2670 5145 Passione
2694 5091 2920 5157 Domini,
2956 5108 3010 5145 n.
3038 5092 3123 5147 14.
3162 5091 3439 5145 Postremo

166 5192 295 5256 quod
322 5191 430 5247 sub
455 5192 573 5248 libri
606 5192 763 5246 linem
788 5192 999 5261 legitur,
1028 5188 1266 5244 nondum
1292 5202 1321 5241 a
1352 5186 1530 5241 radice
1566 5184 1843 5254 praecisum
1875 5198 1995 5238 eum
2020 5198 2137 5237 esse
2161 5224 2176 5249 ,
2205 5182 2292 5252 qui
2321 5183 2457 5237 mala
2486 5182 2773 5252 cupiditate
2800 5186 2909 5254 agit
2949 5200 3108 5253 opera
3139 5198 3255 5253 quae
3288 5197 3319 5235 a
3347 5195 3438 5235 re-

162 5296 256 5349 gno
283 5285 387 5341 Dei
416 5284 724 5349 excludunt,
746 5284 791 5339 si
818 5283 975 5338 modo
1002 5297 1108 5337 non
1131 5296 1225 5351 pro
1248 5280 1374 5350 ipsis
1398 5278 1647 5348 operibus
1667 5277 1825 5335 etiam
1853 5275 2066 5343 veritati
2094 5275 2442 5346 apertissima;
2461 5277 2696 5343 resistat,
2721 5276 3028 5332 nonnullam
3056 5272 3441 5329 difﬁcultatem

160 5375 310 5433 alien
331 5378 468 5435 dum
492 5386 832 5450 comparatur
855 5375 925 5434 ad
954 5375 1149 5433 librum
1176 5373 1215 5429 2
1238 5380 1423 5429 contra
1449 5370 1818 5440 Cresconium,
1840 5382 1964 5439 cap.
1995 5365 2089 5424 21.

1221 5596 2375 5677 ww
