3998 6462
521 399 3803 475 W

1387 575 1535 651 AD
1590 571 2304 651 CATHOLICOS
2353 571 2887 644 EPISTOLA

1717 728 2037 794 CONTRA
2079 725 2578 788 DONATISTAS

2035 869 2266 927 γυιρο

930 1020 1201 1177 DE
1331 1021 2179 1178 UNITATE
2320 1008 3344 1166 ECCLESUE

1659 1244 2147 1362 LIBER
2219 1240 2436 1347 ΠΝ
2449 1244 2657 1352 US.

1939 1444 2413 1507 meum:

582 1600 821 1662 Proposita
843 1598 1132 1662 quaestione,
1154 1597 1284 1662 Sitne
1305 1593 1485 1662 Christi
1494 1589 1703 1662 Ecclesia
1724 1585 1850 1660 apud
1870 1585 2150 1662 catholicos,
2166 1584 2682 1662 gan‘appdponatistas,
2704 1584 2831 1662 quod
2844 1584 2934 1662 hic
2948 1585 3135 1662 nonnisi
3154 1599 3215 1635 ex
3240 1599 3388 1662 sacrae
3410 1587 3667 1662 Scriptura:
3692 1583 3808 1662 locis

525 1648 684 1714 certis
721 1648 788 1711 et,
815 1648 955 1710 claris
991 1648 1317 1708 deﬁniendum
1340 1671 1351 1705 :
1377 1654 1682 1718 proferuntur
1707 1648 1910 1718 primum
1935 1648 2209 1697 testimonia
2232 1660 2294 1696 ex
2311 1653 2632 1718 [instrumento
2649 1655 2819 1718 vetere
2835 1661 2891 1698 ac
2910 1661 3034 1718 novo
3054 1651 3427 1718 quatiuntur-ima,
3444 1648 3620 1718 quibus
3636 1658 3807 1698 osten-

528 1711 669 1774 ditur,
698 1724 861 1772 doceri
904 1723 1156 1771 evidenter
1181 1733 1236 1768 ac
1257 1711 1410 1776 certo,
1449 1711 1925 1776 Ecclesiam’rcbristi‘
1952 1722 2246 1776 verameam
2265 1722 2410 1776 esse,
2435 1721 2546 1776 quze
2570 1716 2670 1757 toto
2702 1716 2938 1758 terrarum
2967 1711 3088 1776 orbe
3125 1711 3420 1776 diffunditur.
3444 1711 3626 1776 Deinde
3671 1723 3806 1770 vero,

528 1772 638 1848 quze
662 1798 808 1847 pauca
834 1799 894 1832 ex
936 1784 1105 1832 iisdem
1139 1781 1378 1848 canonicis
1400 1772 1663 1838 Scripturis
1698 1772 1929 1848 objectari
1961 1783 1990 1819 a
2034 1772 2350 1848 schismaticis
2391 1772 2551 1848 solent
2585 1784 2683 1842 pro.
2705 1773 3086 1848 partenbonati,
3113 1785 3172 1821 ea
3194 1780 3245 1848 et
3267 1773 3492 1848 ambigua
3519 1773 3808 1848 incertaque

530 1829 920 1908 Sisigﬁéﬁiar‘ge
936 1829 1194 1908 adieorum
1217 1842 1444 1908 tuendam
1467 1829 1677 1908 causam,
1703 1829 1812 1907 cu'm
1835 1835 2028 1908 ratione.
2046 1829 2758 1908 contrariaespliearipossint,
2785 1832 2968 1908 nullum
3003 1836 3159 1908 robur
3213 1829 3424 1883 habere:
3452 1829 3810 1884 Donatistarimt

529 1893 675 1959 etiam
696 1893 772 1958 de.
785 1893 1060 1966 traditione,
1084 1906 1148 1955 de
1171 1906 1532 1968 persecutione,
1557 1893 1763 1956 aliaanue
1787 1898 1836 1944 in
1853 1893 2116 1944 Catholicos
2135 1894 2386 1945 calumnia:
2409 1893 2518 1942 data
2535 1895 2785 1943 occasione
2806 1894 3098 1944 refutantur.

527 2036 860 2092 AUGUSTINUS
896 2035 1173 2102 episcopus
1198 2073 1212 2096 ,
1244 2027 1600 2085 dilectissimis
1631 2023 1882 2084 fratribus
1911 2021 1977 2075 ad
2011 2035 2112 2076 no-

601 2137 724 2182 stra:
745 2125 1154 2194 dispensationis
1175 2138 1352 2176 curam
1379 2117 1763 2190 pertinentibus
1785 2134 1797 2169 :
1819 2114 1972 2170 Salus
1993 2126 2114 2182 qute

599 2217 654 2272 in
684 2217 897 2271 Christo
936 2224 1038 2283 est,
1070 2224 1123 2270 et
1147 2229 1249 2285 pax
1277 2212 1494 2267 unitatis
1523 2219 1577 2265 et
1605 2207 1875 2263 charitatis
1904 2205 2019 2274 ejus
2045 2203 2113 2256 sit

599 2308 908 2376 vobiscum,
949 2317 1003 2362 et
1043 2307 1246 2377 integer
1289 2305 1504 2374 spiritus
1543 2310 1719 2356 vester
1757 2307 1811 2354 et
1844 2296 2018 2351 anima
2056 2300 2112 2348 et

600 2418 794 2473 corpus
832 2403 885 2457 in
924 2401 1067 2457 diem
1106 2398 1316 2456 Domini
1354 2397 1522 2454 nostri
1549 2395 1677 2451 Jesu
1705 2390 1903 2448 Christi
1930 2401 2111 2444 serve-

598 2504 704 2550 tur.

598 2584 822 2642 CAPUT
862 2584 1144 2641 PRIMUM.
1168 2584 1310 2637 -1.
1352 2581 1684 2645 Meministis,
1707 2578 1894 2633 fratres
1914 2615 1929 2642 ,
1961 2571 2110 2628 Peti-

529 2678 658 2734 liani
690 2673 1082 2734 Donatistarum
1111 2676 1594 2733 Constantiniensis
1624 2672 1855 2742 episcopi
1886 2683 2107 2740 perpar-

527 2784 649 2824 vam
698 2770 946 2840 Epistolae
992 2779 1194 2841 partem
1240 2770 1293 2823 in
1339 2783 1528 2822 manus
1571 2775 1780 2819 nostras
1825 2756 2110 2830 aliquando

530 2859 772 2925 venisse,
816 2861 969 2931 eique
1010 2860 1280 2930 particulae
1321 2858 1463 2928 quod
1501 2852 1932 2924 responderimus
1975 2848 2110 2903 scri-

530 2950 702 3021 psisse
740 2966 826 3006 me
863 2950 929 3006 ad
968 2950 1312 3004 Dilectionem
1354 2956 1599 3001 vestram.
1643 2943 1748 2999 Sed
1774 2957 1896 2997 cum
1929 2947 2110 3010 postea

529 3040 639 3097 tota
667 3049 720 3096 et
744 3041 900 3112 plena
929 3041 1082 3096 nobis
1107 3056 1137 3093 a
1167 3039 1417 3094 fratribus
1437 3037 1526 3106 qui
1554 3037 1623 3090 ibi
1646 3045 1770 3090 sunt
1790 3032 2106 3099 mitteretur,

529 3134 728 3204 placuit
753 3135 800 3189 ei
831 3134 897 3188 ab
924 3132 1144 3188 exordio
1171 3129 1515 3200 respondere,
1546 3137 1793 3197 tanquam
1820 3132 2110 3195 praesentes

529 3243 806 3298 ageremus
835 3245 848 3282 :
873 3224 1318 3297 quemadmodum
1349 3238 1559 3293 semper
1589 3222 1734 3275 scitis
1765 3234 1860 3275 nos
1889 3234 2008 3274 cum
2031 3217 2111 3273 eis

529 3333 687 3389 agere
729 3317 959 3373 voluisse
984 3359 1000 3384 ,
1028 3325 1086 3371 ut
1112 3315 1227 3370 sine
1256 3314 1432 3368 studio
1460 3313 1847 3377 contentionis,
1878 3310 2002 3381 quid
2027 3308 2111 3364 vel

529 3410 596 3464 ab
626 3411 754 3479 ipsis
782 3410 865 3464 vel
892 3425 921 3462 a
949 3409 1100 3463 nobis
1129 3407 1334 3462 dicatur
1358 3449 1373 3475 ,
1401 3407 1590 3462 collata
1617 3405 1972 3476 disputatione
1995 3418 2110 3457 om-

532 3499 688 3554 nibus
727 3509 1028 3570 appareret.
1070 3498 1127 3554 ln
1169 3501 1451 3554 multorum
1492 3497 1635 3554 enim
1681 3497 1924 3552 manibus
1965 3495 2110 3548 illam

531 3588 821 3659 Epistolam
848 3606 968 3645 esse
999 3591 1298 3654 didicimus,
1323 3589 1412 3660 qui
1434 3591 1596 3645 etiam
1619 3589 1782 3642 multa
1804 3604 1868 3642 ex
1896 3587 1982 3640 illa
2009 3600 2114 3641 me-

533 3681 754 3736 moriter
798 3690 1011 3746 tenent,
1040 3681 1239 3752 aliquid
1302 3697 1485 3736 verum
1555 3681 1808 3735 adversus
1849 3694 1947 3732 nos
1990 3692 2111 3732 eum

530 3775 727 3830 dixisse
756 3777 1092 3831 arbitrantes.
1113 3775 1230 3831 "Sed
1264 3790 1403 3830 nunc
1431 3775 1476 3828 si
1507 3775 1680 3845 legere
1706 3773 1970 3827 voluerint
1991 3785 2112 3841 quae

531 3869 904 3939 respondimus
929 3911 943 3936 ,
979 3869 1218 3940 profecto
1249 3869 1542 3936 intelligent
1571 3866 1697 3936 quid
1731 3865 1830 3919 sibi
1859 3863 2113 3933 abjicieu-

527 3959 653 4015 dunt
678 4002 693 4027 ,
725 3971 780 4016 et
814 3962 938 4031 quid
971 3963 1254 4015 tenendum
1293 3959 1380 4012 sit.
1413 3958 1594 4027 Neque
1629 3957 1770 4011 enim
1812 3955 1902 4008 illa
1933 3964 2114 4010 nostra

529 4062 683 4118 sunt,
729 4053 860 4107 sicut
902 4053 1001 4121 ipsi
1043 4061 1262 4122 pOSsunt
1299 4050 1664 4115 considerare,
1714 4049 1759 4102 si
1797 4048 1960 4102 velint
1999 4048 2114 4104 sine

441 4133 464 4142 ”
529 4143 702 4200 studio
741 4145 969 4214 partium
1004 4144 1246 4214 judicare
1275 4162 1289 4197 :
1321 4158 1441 4197 nam
1483 4143 1549 4197 de
1589 4142 1880 4211 Scripturis
1916 4140 2114 4196 sanctis

529 4238 599 4292 ita
645 4247 767 4291 sunt
796 4239 976 4293 omnia
1008 4238 1209 4306 prolata
1239 4245 1290 4290 ct
1317 4236 1534 4306 probata
1561 4277 1576 4302 ,
1605 4246 1660 4290 ut
1691 4250 1752 4290 ea
1785 4248 1980 4305 negare
2006 4248 2114 4288 non

531 4331 737 4399 possit,
778 4331 877 4384 nisi
917 4331 1006 4400 qui
1048 4331 1258 4383 illarum
1305 4328 1698 4397 Scripturarum
1740 4342 1800 4382 se
1843 4325 2113 4381 inimicum

533 4437 651 4477 esse
695 4424 991 4492 proﬁtetur.
1040 4421 1144 4476 Sed
1179 4422 1244 4476 de
1275 4422 1362 4474 illo
1397 4435 1558 4490 opere
1589 4428 1771 4474 nostro
1801 4418 1954 4474 video
1988 4418 2115 4489 quid

533 4518 740 4584 ροςεῐιιι
784 4515 961 4570 dicere
1002 4515 1140 4569 illius
1180 4523 1285 4568 tam
1320 4514 1471 4568 malae
1504 4528 1677 4568 causae
1707 4513 2114 4583 pertinacissimi

534 4606 843 4661 defensores
871 4626 883 4660 :
909 4623 992 4662 me
1033 4607 1281 4660 videlicet
1319 4605 1554 4660 absentis
1597 4606 1850 4677 Epistola:
1889 4621 2114 4677 respon-

535 4697 678 4753 disse
700 4740 714 4763 ,
748 4683 837 4752 u'bi
863 4697 1022 4753 verba
1054 4713 1167 4752 mea
1202 4698 1289 4752 ille
1320 4713 1426 4752 non
1456 4698 1692 4764 audiret,
1720 4697 1912 4767 quibus
1939 4697 2114 4752 conti-

536 4806 643 4845 nuo
674 4791 1037 4858 responderet.
1074 4789 1329 4844 Defendat
1355 4806 1482 4860 ergo
1509 4789 1670 4845 verba
1697 4789 1952 4859 Epistola:
1981 4803 2114 4857 suae,

541 4890 614 4944 et,
651 4881 693 4934 si
730 4891 936 4950 potest,
977 4881 1224 4936 ostendat
1261 4881 1697 4951 reSponsionibus
1737 4882 1870 4936 meis
1911 4896 2014 4936 non
2051 4896 2116 4937 ea

538 4971 699 5026 fuisse
730 4975 952 5026 rel‘utata
995 4986 1152 5043 atque
1181 4972 1441 5027 convicta.
1485 4973 1588 5027 Aut
1618 4973 1662 5027 si
1698 4973 1798 5028 hoc
1826 4988 1933 5028 non
1960 4972 2112 5040 vult,

537 5063 695 5119 faciat
720 5075 774 5120 et
799 5067 911 5135 ipse
939 5067 1058 5120 huic
1085 5067 1336 5136 Epistolm
1361 5081 1515 5132 meze,
1541 5065 1683 5137 quod
1707 5081 1806 5136 ego
1830 5066 1904 5122 illi
1928 5067 2113 5136 ipsius,

535 5159 619 5212 cui
645 5159 753 5228 jam
785 5159 1054 5229 re~pondi.
1088 5159 1233 5214 Illum
1260 5159 1453 5229 quippe
1477 5159 1688 5228 scripsit
1711 5158 1778 5213 ad
1803 5172 1949 5223 suos,
1980 5157 2118 5213 sicut

536 5265 634 5321 ego
664 5252 796 5305 hanc
827 5251 892 5305 ad
922 5265 1014 5305 vos
1039 5269 1052 5305 :
1077 5251 1160 5308 cui
1189 5251 1233 5305 si
1264 5252 1385 5306 velit
1409 5251 1570 5306 etiam
1601 5251 1713 5320 ipse
1738 5249 2076 5322 respondeat.

605 5342 828 5398 CAPUT
870 5342 932 5397 ll.
955 5373 1026 5384 —
1045 5343 1099 5396 2.
1123 5343 1354 5409 Quaestio
1383 5353 1528 5398 certe
1552 5345 1688 5397 inter
1711 5357 1808 5397 nos
1834 5353 2076 5397 versatur
2097 5383 2114 5411 ,

535 5431 637 5488 Ubi
667 5433 733 5486 sit
762 5434 1030 5501 Ecclesia;
1056 5443 1230 5489 utrum
1257 5435 1394 5505 apud
1421 5449 1539 5500 nos,
1567 5450 1632 5488 an
1657 5433 1794 5502 apud
1820 5433 1958 5488 illos.
1987 5433 2116 5500 Quae

535 5526 718 5596 utique
746 5541 850 5582 una
875 5536 958 5584 est
979 5569 996 5596 ,
1025 5543 1184 5600 quam
1208 5527 1438 5598 majores
1467 5527 1633 5582 nostri
1660 5525 1985 5581 Catholicam
2013 5540 2112 5581 no-

2221 2019 2492 2074 minarunt
2516 2061 2530 2085 ,
2565 2028 2623 2074 ut
2659 2035 2723 2076 ex
2756 2021 2870 2090 ipso
2899 2022 3116 2077 nomine
3145 2023 3529 2090 ostenderent,
3560 2023 3690 2093 quia
3716 2039 3810 2094 per

2220 2121 2389 2168 totum
2419 2124 2519 2168 est.
2549 2114 2850 2170 Secundum
2881 2126 3046 2171 totum
3075 2119 3238 2184 enim,
3268 2121 3370 2172 καθ’
3395 2126 3500 2172 ὅλον
3525 2133 3709 2188 επιξοο
3734 2117 3810 2173 di-

2219 2206 2373 2260 citur.
2422 2206 2546 2261 Haec
2575 2216 2750 2261 autem
2791 2207 3027 2263 Ecclesia
3059 2224 3252 2279 corpus
3290 2209 3488 2265 Christi
3517 2219 3635 2274 est,
3677 2210 3810 2266 sicut

2217 2297 2506 2366 Apostolus
2547 2298 2674 2352 dicit
2705 2318 2717 2353 :
2752 2298 2857 2354 Pro
2896 2317 3106 2370 corpore
3142 2303 3271 2372 ejus,
3313 2318 3424 2372 qua:
3460 2312 3531 2356 est
3577 2303 3808 2357 Ecclesia

2218 2386 2435 2461 (Coloss.
2463 2405 2500 2454 ι,
2529 2388 2641 2460 24).
2671 2389 2823 2446 Unde
2849 2393 3030 2462 utique
3058 2393 3394 2447 manifestum
3426 2403 3528 2458 est,
3562 2408 3693 2448 eum
3723 2395 3809 2465 qui

2216 2496 2323 2535 non
2353 2491 2435 2536 est
2461 2481 2515 2535 in
2545 2482 2801 2536 membris
2825 2483 3044 2550 Christi,
3077 2485 3419 2539 christianam
3445 2485 3685 2539 salutem
3715 2485 3808 2539 ha-

2216 2573 2344 2629 bere
2374 2590 2478 2629 non
2501 2590 2676 2644 posse.
2701 2576 2937 2630 Membra
2958 2592 3086 2632 vero
3105 2577 3301 2633 Christi
3325 2593 3419 2647 per
3439 2577 3666 2632 unitatis
3686 2577 3807 2633 cha—

2215 2669 2427 2725 ritatem
2469 2669 2568 2724 sibi
2607 2671 2960 2740 copulantur,
3005 2679 3060 2725 et
3098 2686 3193 2740 per
3231 2671 3473 2726 eamdem
3517 2673 3686 2741 capiti
3715 2687 3806 2728 suo

2217 2760 2506 2828 coltzercnt,
2533 2762 2673 2831 quod
2700 2771 2782 2816 est
2806 2762 3046 2816 Christus
3066 2761 3242 2817 Jesus.
3266 2762 3456 2817 Totum
3479 2764 3645 2833 igitur
3670 2762 3805 2834 quod

2217 2853 2564 2908 annuutiatur
2587 2853 2653 2908 de
2677 2852 2908 2921 Christo,
2931 2863 3091 2924 caput
3109 2864 3163 2909 et
3181 2869 3375 2925 corpus
3395 2863 3477 2910 est
3501 2873 3514 2907 :
3537 2866 3706 2925 caput
3726 2862 3807 2912 est

2216 2945 2331 3015 ipse
2357 2925 2669 3016 iniigenitus
2705 2946 2860 3000 .lesus
2896 2944 3138 3001 Christus
3178 2945 3342 3001 Filius
3383 2947 3476 3002 Dei
3515 2947 3664 3014 vivi,
3704 2948 3806 3017 ipse

2216 3036 2436 3090 salvator
2467 3037 2689 3106 corporis
2715 3035 2926 3108 (Ep/tes.
2962 3051 3026 3106 v,
3053 3036 3178 3106 25),
3209 3037 3297 3108 qui
3323 3047 3548 3091 mortuus
3581 3047 3661 3092 est
3689 3053 3804 3107 pro-

2181 3134 2190 3143 '
2219 3139 2328 3200 pter
2350 3129 2531 3184 delicta
2557 3138 2727 3184 nostra
2750 3170 2765 3196 ,
2793 3139 2842 3184 et
2868 3131 3138 3184 resurrexit
3165 3139 3370 3202 propter
3384 3131 3808 3200 justiﬁcationem

2216 3229 2437 3274 nostram
2472 3221 2643 3291 (Rom.
2670 3235 2725 3275 iv
2748 3262 2762 3286 ,
2788 3221 2879 3292 25)
2913 3235 3142 3291 :corpus
3169 3222 3284 3291 ejus
3315 3221 3579 3289 Ecclesia,
3613 3223 3683 3278 de
3710 3237 3807 3291 qua

2217 3313 2429 3379 dicitur,
2462 3324 2517 3368 ut
2543 3315 2794 3368 exhiberet
2822 3314 2915 3368 sibi
2944 3314 3218 3386 gloriosam
3248 3312 3549 3381 Ecclesiam,
3585 3333 3692 3369 non
3721 3317 3808 3369 ha-

2218 3405 2409 3459 bentem
2453 3406 2724 3471 maculam,
2769 3417 2857 3460 aut
2901 3423 3102 3478 rugam,
3148 3415 3235 3460 aut
3277 3406 3470 3477 aliquid
3509 3405 3809 3477 hujusmodi

2222 3497 2436 3568 (Ep/tes.
2464 3515 2513 3564 v,
2544 3499 2661 3569 27).
2691 3498 2833 3554 Inter
2856 3513 2956 3554 nos
2979 3508 3156 3554 autem
3183 3507 3236 3554 et
3256 3499 3558 3553 Donatistas
3585 3500 3808 3570 quaestio

2225 3599 2326 3654 est,
2359 3591 2449 3645 ubi
2479 3591 2548 3645 sit
2575 3590 2676 3646 hoc
2703 3605 2917 3660 corpus,
2947 3591 2999 3645 id
3028 3600 3130 3657 est,
3162 3589 3252 3645 ubi
3285 3591 3355 3645 sit
3379 3591 3646 3645 Ecclesia.
3678 3588 3809 3657 Quid

2224 3697 2350 3752 ergo
2377 3683 2564 3737 facturi
2591 3682 2815 3736 sumus?
2839 3683 2892 3736 in
2921 3681 3099 3737 verbis
3124 3682 3320 3736 nostris
3344 3696 3462 3736 eam
3487 3680 3771 3751 quaesituri
3788 3723 3803 3747 ,

2219 3790 2284 3829 an
2318 3777 2372 3830 in
2403 3775 2578 3830 verbis
2607 3775 2793 3845 capitis
2822 3775 2940 3842 sui,
2973 3774 3184 3828 Domini
3214 3773 3381 3828 nostri
3407 3771 3532 3828 Jesu
3564 3771 3810 3828 Christi?

2219 3868 2356 3924 Puto
2401 3867 2543 3939 quod
2584 3869 2636 3922 in
2678 3867 2815 3922 illius
2858 3867 3034 3937 potius
3059 3867 3237 3922 verbis
3271 3881 3391 3921 eam
3427 3880 3682 3936 quaerere
3719 3865 3808 3922 de—

2220 3962 2428 4028 bemus,
2457 3962 2546 4032 qui
2576 3961 2772 4016 veritas
2798 3972 2901 4028 est,
2929 3969 2983 4016 et
3010 3961 3209 4031 optime
3237 3961 3385 4016 novit
3409 3975 3613 4032 corpus
3639 3975 3806 4017 suum.

2222 4055 2377 4109 Novit
2405 4055 2548 4110 enim
2578 4052 2827 4109 Dominus
2854 4054 2942 4124 qui
2968 4065 3083 4108 sunt
3109 4057 3220 4125 ejus
3247 4053 3313 4126 (ll
3343 4052 3474 4108 Tim.
3505 4070 3567 4121 ll,
3601 4054 3718 4125 l9).

2291 4147 2345 4202 5.
2385 4147 2514 4213 Quae
2551 4145 2657 4201 sint
2695 4153 2871 4202 autem
2907 4147 3068 4202 verba
3104 4154 3316 4212 nostra,
3358 4145 3412 4200 in
3454 4145 3657 4216 quibus
3695 4160 3807 4201 eam

2220 4238 2385 4309 qureri
2414 4253 2521 4293 non
2547 4246 2783 4308 oportet,
2816 4237 3095 4304 advertite,
3122 4245 3178 4293 et
3196 4236 3372 4292 videte
3396 4237 3555 4291 etiam
3587 4237 3664 4291 ibi
3691 4234 3809 4307 quid

2220 4331 2430 4386 intersit
2465 4333 2604 4386 inter
2638 4339 2817 4387 nostra
2857 4331 3018 4386 verba
3053 4341 3107 4386 et
3150 4331 3360 4385 illorum
3391 4347 3406 4383 :
3439 4339 3493 4384 et
3531 4337 3720 4384 tamen
3759 4330 3807 4386 in

2220 4423 2397 4479 verbis
2441 4423 2639 4478 nostris
2687 4421 2977 4477 Ecelesiam
3018 4423 3182 4494 quaeri
3222 4422 3491 4476 nolumus.
3536 4419 3808 4491 Quidquid
3853 4405 3868 4500 δ’

2221 4515 2373 4570 nobis
2403 4515 2630 4570 invicem
2658 4513 2959 4584 objicimus,
2993 4515 3058 4569 de
3089 4513 3368 4568 traditione
3394 4512 3647 4568 codicum
3680 4513 3807 4568 divi-
3849 4501 3859 4566 ἓ

2221 4624 2410 4663 norum
2429 4649 2445 4675 ,
2477 4607 2545 4663 de
2574 4606 2997 4674 thurificatione,
3028 4607 3094 4661 de
3128 4607 3621 4677 persecutionibus,
3651 4606 3808 4662 verba

2221 4709 2403 4755 nostra
2438 4709 2581 4755 sunt.
2625 4698 2690 4752 Et
2719 4698 2772 4752 in
2806 4698 2997 4754 talibus
3025 4698 3237 4768 quidem
3266 4714 3362 4754 nos
3390 4698 3530 4753 hunc
3560 4708 3808 4755 tenemus

2221 4791 2470 4857 modum,
2511 4799 2568 4846 ut
2603 4791 2686 4845 vel
2725 4801 2949 4860 utraque
2982 4805 3105 4846 vera
3143 4805 3263 4846 esse
3299 4791 3660 4861 deputentur.
3703 4790 3810 4845 sive

2222 4899 2340 4954 quae
2368 4898 2398 4938 a
2435 4883 2607 4950 nobis,
2635 4883 2748 4938 sive
2773 4898 2892 4961 qua:
2919 4882 2985 4936 ab
3012 4883 3137 4952 ipsis
3167 4882 3434 4950 dicuntur,
3465 4883 3554 4937 vel
3583 4893 3808 4951 utraque

2221 4976 2374 5042 falsa,
2403 4975 2488 5033 vel
2515 4985 2694 5031 nostra
2722 4992 2846 5031 vera
2877 4984 2931 5031 et
2959 4991 3051 5030 sua
3084 4975 3234 5040 falsa,
3270 4974 3353 5030 vel
3385 4985 3566 5030 nostra
3599 4976 3733 5030 falsa
3759 4981 3806 5029 et

2221 5084 2316 5125 sua
2340 5085 2486 5127 vera.
2515 5069 2583 5124 Et
2608 5071 2661 5124 in
2687 5069 2770 5125 his
2795 5069 3042 5124 omnibus
3065 5069 3268 5123 nullum
3289 5068 3490 5124 crimen
3517 5069 3642 5124 esse
3667 5068 3807 5124 orbis

2221 5160 2534 5227 christiani,
2579 5161 2663 5215 cui
2703 5176 2802 5216 nos
2839 5162 3294 5216 communicamus
3317 5202 3334 5228 ,
3365 5160 3725 5225 ostendimus.
3753 5158 3806 5214 Si

2223 5253 2364 5310 enim
2387 5265 2512 5307 vera
2537 5260 2660 5308 sunt
2685 5253 2904 5307 crimina
2931 5263 2984 5308 et
3009 5269 3127 5322 qua:
3153 5269 3180 5306 a
3209 5252 3362 5308 nobis
3387 5252 3438 5306 in
3464 5253 3582 5308 illos
3611 5260 3668 5307 et
3692 5263 3808 5321 qua:

2222 5346 2291 5400 ab
2316 5344 2445 5414 ipsis
2477 5344 2529 5398 in
2552 5358 2650 5399 nos
2667 5343 2934 5410 dicuntur,
2958 5343 3213 5398 faciamus
3234 5344 3376 5414 quod
3396 5344 3471 5398 ait
3494 5341 3804 5414 Apostolus,

2223 5435 2484 5491 Donantes
2504 5434 2889 5507 nobismetipsis,
2916 5437 3043 5490 sicut
3064 5445 3109 5489 et
3129 5434 3266 5489 Deus
3293 5437 3346 5489 in
3371 5435 3571 5490 Christo
3601 5432 3809 5488 donavit

2223 5527 2368 5582 nobis
2397 5525 2612 5600 (Ep/tes.
2658 5543 2746 5597 tv,
2786 5527 2879 5597 32)
2919 5547 2933 5582 :
2971 5537 3028 5582 ut
3055 5528 3270 5598 maligni
3305 5527 3570 5596 homines,
3604 5541 3711 5583 nec
3735 5522 3809 5580 illi

1701 5633 1984 5674 ADHONITIO
2021 5634 2102 5672 PP.
2143 5634 2621 5676 BENEDICTINORUM.

595 5713 736 5778 Liber
755 5713 821 5765 de
843 5716 1031 5766 Unitate
1061 5714 1288 5766 Ecclesia?
1329 5716 1592 5778 castigatus
1625 5711 1740 5778 olim
1780 5726 1868 5774 per
1907 5713 2231 5778 t.ovanien_ses
2253 5727 2314 5764 ex
2347 5713 2606 5764 collatione
2641 5713 2953 5778 Endoviensis
2982 5715 3307 5778 manuscripti,
3344 5721 3397 5766 et
3425 5727 3553 5765 nunc
3587 5725 3684 5777 per
3721 5720 3815 5762 nos

535 5776 830 5827 emendatus
851 5785 928 5828 est
948 5778 1112 5828 denuo
1134 5792 1197 5828 ex
1223 5779 1408 5828 veteris
1430 5774 1608 5827 codicis
1636 5774 1967 5833 Floriacensis,
2000 5789 2056 5825 ac
2082 5775 2345 5825 editionum
2371 5786 2467 5826 Am.
2488 5783 2560 5826 Er.
2582 5784 2635 5826 et
2657 5783 2764 5825 ιον.
2791 5775 3018 5827 lectione.

616 5860 1126 5942 Comparavimus
1153 5871 1455 5943 praetereo
1479 5881 1578 5926 eas
1608 5877 1811 5927 omnes
1839 5858 2142 5926 editiones
2163 5858 2350 5928 initio
2381 5861 2553 5924 Retr.
2573 5856 2962 5938 etConfcss,
2983 5867 3130 5928 tom.
3159 5862 3217 5942 1,
3243 5865 3635 5926 inmoratus.
3678 5854 3765 5921 Μ.
