3998 6466
223 376 317 433 393
388 356 397 364 ’

220 484 297 553 qui
324 482 459 538 forte
489 482 701 539 fuerunt
728 484 809 539 vel
838 492 961 540 sunt
986 484 1122 553 apud
1153 498 1249 537 nos
1270 522 1285 548 ,
1314 499 1411 538 nec
1434 484 1519 554 qui
1551 484 1634 537 vel
1666 483 1779 538 fue—

224 584 332 627 runt
364 574 447 628 vel
489 584 618 629 sunt
657 574 792 644 apud
834 575 972 637 illos,
1008 575 1294 643 impediant
1321 574 1659 628 concordiam
1693 590 1786 627 no.

217 674 365 719 stram
392 674 445 719 et
471 665 738 719 vinculum
766 666 930 734 pacis,
962 680 1066 717 uno
1089 681 1270 717 eorum
1298 664 1495 718 scelere
1520 675 1781 731 corrccto,

217 757 341 826 quod
371 772 428 810 se
464 755 661 810 frustra
700 766 1080 826 separaverunt
1110 756 1174 810 ab
1205 757 1403 809 unitate
1442 757 1587 809 orbis
1616 765 1784 810 terra-

217 864 341 913 rum,
366 862 484 900 cum
511 849 644 903 tales
667 848 940 902 haberent.
967 848 1020 901 Si
1046 858 1220 901 autem
1246 858 1463 913 utraque
1488 848 1616 900 falsa
1638 856 1783 912 sunt,

213 941 311 993 sive
340 954 456 1007 qua:
487 954 587 993 nos
618 940 739 1000 illis.
772 939 881 993 sive
907 955 1024 1008 qum
1054 939 1124 991 illi
1152 938 1303 991 nobis
1332 938 1587 1005 objiciunt
1610 938 1691 991 vel
1718 938 1785 992 de

214 1020 517 1093 traditione,
552 1028 631 1082 vel
663 1027 730 1082 de
766 1029 1132 1097 persecutione
1160 1027 1554 1091 innocentium;
1588 1027 1782 1080 nullam

214 1119 354 1173 video
383 1118 490 1173 litis
518 1134 753 1182 causam,
787 1119 885 1172 nisu
914 1120 1035 1189 quia
1066 1128 1147 1172 est
1171 1134 1326 1171 ezmsa
1357 1129 1408 1171 ut
1438 1119 1508 1171 illi
1538 1134 1595 1172 se
1620 1119 1784 1173 corri-

188 1221 334 1279 .gant,
367 1210 453 1281 qui
481 1225 542 1264 se
567 1211 682 1264 sine
708 1226 866 1264 causa
894 1220 1291 1278 separaverunt.
1322 1209 1470 1274 Quod
1499 1208 1540 1261 si
1571 1223 1668 1263 nos
1695 1224 1785 1264 vc-

213 1317 260 1355 ra
284 1302 525 1368 dicimus,
557 1304 806 1372 quoniam
834 1302 988 1355 Gesta
1019 1320 1134 1371 quae
1161 1302 1495 1369 proferimus,
1521 1310 1573 1355 et
1597 1302 1783 1355 litteris

213 1393 533 1461 Imperatoris
556 1393 620 1447 ad
643 1409 799 1463 quem
830 1404 951 1447 tunc
973 1402 1024 1448 et
1050 1395 1217 1462 primo
1239 1394 1563 1462 scripserunt
1579 1403 1629 1447 et
1651 1403 1785 1462 post-

213 1486 407 1540 modum
452 1488 897 1556 appellaverunt,
940 1495 992 1540 et
1036 1486 1195 1539 totius
1234 1486 1377 1538 orbis
1411 1486 1783 1540 communione

213 1580 502 1643 ﬁrmamus;
535 1594 655 1648 qum
684 1588 861 1632 autem
888 1578 963 1631 illi
990 1578 1189 1641 dicunt,
1220 1576 1339 1630 ideo
1365 1576 1494 1629 falsa
1521 1591 1639 1631 esse
1663 1591 1784 1630 con-

212 1669 497 1733 vincuntur,
524 1670 648 1737 quia
673 1668 801 1738 ipsis
829 1668 1172 1738 temporibus,
1203 1683 1322 1721 cum
1350 1667 1534 1721 eadem
1560 1668 1782 1736 quaestio

212 1770 517 1825 versaretur,
546 1759 790 1814 obtinere
811 1774 1023 1812 causam
1049 1774 1197 1812 suam
1223 1758 1440 1812 minimc
1462 1766 1777 1827 potuerunt:

211 1851 362 1919 major
404 1851 456 1903 in
493 1852 572 1905 eis
611 1860 832 1921 apparet
871 1850 1143 1921 sacrilega:
1172 1850 1524 1905 animositatis
1554 1849 1700 1904 furor
1728 1858 1782 1906 et

210 1942 488 1995 animarum
520 1944 883 1997 innocentium
912 1944 1232 2012 persecutio,
1260 1958 1415 2016 quam
1440 1944 1486 2001 si
1508 1942 1623 2000 solo
1643 1941 1783 2000 Schi-

209 2034 374 2087 smatis
412 2034 641 2088 crimine
685 2041 1009 2091 tenerentur.
1044 2034 1112 2092 Et
1150 2034 1239 2091 illa
1269 2036 1480 2106 quidem
1511 2037 1776 2102 tribuant,

211 2141 300 2181 non
328 2126 599 2194 omnibus,
628 2125 725 2183 sed
752 2129 943 2199 quibus
975 2129 1241 2183 voluerint
1267 2144 1480 2182 suorum
1503 2169 1518 2193 ,
1551 2128 1778 2181 scbisma

211 2228 367 2275 tamen
394 2220 604 2275 crimen
631 2227 715 2274 est
744 2219 1002 2273 omnium.
1034 2219 1201 2273 Porro
1228 2220 1270 2273 si
1296 2218 1517 2272 crimina
1544 2218 1781 2271 traditio-

212 2313 283 2368 nis
310 2324 359 2369 et
390 2314 779 2383 persecutionis
820 2328 943 2366 vera
986 2312 1171 2366 volunt
1198 2327 1316 2365 esse
1345 2326 1461 2380 qum
1487 2310 1772 2379 objiciunt,

209 2412 255 2458 et
280 2404 400 2459 falsa
428 2421 552 2475 qua:
581 2404 904 2473 objiciuntur
929 2418 958 2456 a
991 2403 1142 2457 nobis
1166 2445 1179 2467 ,
1209 2418 1308 2456 nec
1336 2402 1411 2455 sic
1437 2412 1724 2471 purgantur
1748 2418 1775 2454 a

210 2495 408 2551 crimine
434 2496 761 2551 schismatis.
790 2494 868 2549 Ad
894 2494 1149 2564 quosdam
1175 2493 1369 2563 quippe
1396 2493 1479 2545 illa
1510 2493 1775 2561 pertinere

211 2599 436 2655 possunt,
467 2603 570 2641 non
594 2588 661 2641 ad
687 2588 989 2641 universum
1013 2584 1195 2639 orbem
1219 2584 1585 2637 christianum.
1609 2584 1774 2651 Quem

211 2678 246 2732 si
264 2679 572 2748 contagione
595 2678 795 2747 perisse
814 2677 1169 2756 arbitrantur;
1192 2676 1377 2729 omitto
1401 2674 1595 2737 dicere,
1617 2690 1775 2744 quam

210 2771 352 2823 multa
382 2770 554 2824 sancti
589 2770 727 2823 bono
758 2769 900 2837 pacis
928 2768 1086 2822 etiam
1113 2765 1322 2835 cognita
1354 2764 1489 2818 mala
1518 2765 1569 2819 in
1600 2764 1775 2818 homi-

212 2876 319 2915 num
341 2861 756 2930 congregatione
780 2858 1118 2913 toleraverint
1143 2874 1156 2909 :
1183 2857 1309 2910 illud
1332 2856 1467 2920 dico,
1494 2856 1578 2910 isti
1601 2866 1775 2910 osten-

209 2951 335 3018 dant,
363 2952 634 3023 quomodo
659 2967 843 3006 eorum
871 2950 1186 3021 contagione
1209 2964 1313 3003 non
1344 2947 1619 3017 perierint,
1644 2963 1775 3017 quos

211 3046 479 3115 sacrilegos
508 3045 855 3099 incestatores
887 3051 1212 3097 consecrata:
1253 3041 1519 3110 pudicitim
1557 3040 1775 3095 femina-

211 3150 310 3189 rum
334 3136 473 3190 inter
498 3150 556 3190 se
584 3136 750 3189 latere
775 3135 858 3189 vel
889 3133 1104 3187 latuisse
1129 3174 1143 3198 ,
1186 3134 1267 3185 vel
1297 3131 1454 3185 modo
1486 3131 1729 3186 nesciunt
1756 3173 1770 3196 ,

210 3227 279 3281 vel
312 3228 597 3298 aliquando
635 3228 960 3281 nescierunt.
993 3225 1236 3279 Profecto
1262 3224 1452 3278 dicturi
1480 3232 1602 3277 sunt
1624 3265 1640 3290 ,
1674 3224 1775 3279 hoc

206 3320 306 3389 ipso
332 3337 400 3377 se
430 3337 532 3375 non
560 3320 946 3375 contaminatos
974 3317 1113 3387 quod
1146 3318 1468 3371 nescierunt.
1497 3316 1773 3383 Quomodo

204 3424 312 3479 ergo
338 3410 735 3465 contaminatus
763 3419 845 3464 est
871 3409 1037 3473 orbis,
1070 3407 1155 3475 qui
1189 3406 1356 3460 nescit
1383 3405 1555 3457 adlmc
1582 3420 1647 3457 an
1679 3420 1773 3459 ve-

205 3519 254 3558 ra
281 3505 391 3559 sint
418 3506 512 3558 ista
542 3520 660 3574 qure
690 3500 977 3556 dicuntur?
1009 3500 1256 3554 Putemus
1287 3496 1437 3552 nobis
1466 3496 1626 3550 modo
1654 3512 1775 3566 pro-

205 3593 308 3650 bata
332 3636 353 3660 ,
386 3595 540 3651 modo
568 3595 932 3649 demonstrata
963 3610 976 3645 :
1003 3591 1126 3662 quid
1156 3590 1361 3660 agimus
1398 3589 1465 3644 de
1502 3598 1579 3643 tot
1604 3590 1773 3659 genti.

208 3685 331 3739 bus?
379 3687 700 3741 Deseruntur
737 3684 1055 3743 nescientes,
1101 3696 1227 3751 ergo
1269 3680 1587 3735 deseruntur
1618 3680 1773 3735 inno-

207 3788 413 3832 centes:
442 3784 495 3831 et
521 3791 641 3830 cum
682 3774 808 3828 illud
836 3775 902 3827 sit
931 3773 1131 3827 nullum
1170 3772 1371 3825 crimen
1403 3770 1639 3836 illorum,
1674 3770 1773 3823 hoc

209 3880 313 3923 csse
365 3868 545 3937 incipit
595 3865 1058 3921 sceleratissimum
1114 3873 1372 3917 nostrum.
1424 3862 1506 3915 An
1557 3877 1773 3917 currere

208 3958 465 4025 debemus,
481 3968 535 4014 et
562 3959 655 4013 eds
682 3959 874 4012 docere
905 3955 1043 4025 quod
1074 3954 1313 4010 scimus?
1334 3954 1524 4024 thuid
1554 3954 1689 4008 hoc?
1716 3955 1771 4009 Si

212 4058 261 4103 ut
294 4052 603 4106 innocentes
646 4051 782 4114 sint;
818 4050 1127 4102 innocentes
1167 4054 1290 4100 sunt
1325 4046 1483 4101 etiam
1520 4045 1643 4099 dum
1677 4062 1769 4100 ne-

211 4142 384 4196 sciunt.
430 4141 544 4196 Non
586 4141 727 4195 enim
766 4138 1040 4193 malefacta
1083 4138 1357 4191 hominum
1385 4137 1770 4205 cognoscendo,

211 4233 291 4286 sed
326 4232 545 4303 cognitis
584 4248 689 4285 non
730 4230 1140 4295 consentiendo,
1182 4228 1247 4283 de
1284 4228 1560 4296 incognitis
1592 4237 1770 4282 autem

212 4337 302 4378 non
334 4334 532 4379 temere
564 4322 851 4392 iudicando
877 4364 890 4386 ,
934 4320 1287 4375 innocentiam
1317 4318 1662 4373 custodimus.
1697 4323 1774 4371 Ac.

212 4430 295 4484 per
332 4416 430 4471 hoc
453 4458 468 4481 ,
507 4424 564 4468 ut
595 4414 741 4478 dixi,
776 4414 1029 4467 innocens
1060 4422 1138 4465 est
1169 4411 1312 4465 orbis
1344 4418 1601 4465 terrarum
1628 4451 1643 4474 ,
1682 4411 1773 4480 qui

212 4505 413 4560 crimina
453 4521 573 4576 qua:
611 4506 677 4558 ab
721 4505 835 4559 istis
871 4504 922 4557 in
965 4502 1223 4573 quosdam
1255 4502 1532 4568 dicuntur,
1563 4502 1770 4557 etiamsi

213 4612 324 4652 vera
359 4600 638 4664 dicuntur,
682 4598 905 4667 ignorat.
947 4596 1029 4650 Ab
1069 4595 1149 4650 bis
1188 4604 1362 4649 autem
1404 4596 1773 4652 innocentibus

213 4690 291 4756 qui
316 4704 371 4744 se
397 4691 542 4759 ipsos
568 4697 975 4757 separaverunt,
1010 4686 1196 4745 eodem
1226 4686 1341 4755 ipso
1366 4686 1590 4741 crimine
1616 4701 1772 4755 sepa-

215 4782 415 4835 rationis
458 4792 513 4835 et
558 4778 857 4835 schismatis
908 4778 1263 4831 innocentiam
1307 4777 1692 4846 perdiderunt:
1723 4785 1777 4831 et

216 4872 357 4925 modo
373 4887 470 4927 nos
488 4871 702 4935 docent,
721 4885 844 4925 vera
872 4885 930 4923 se
959 4870 1137 4923 dicere
1155 4869 1206 4922 in
1230 4867 1504 4937 quosdam,
1526 4876 1582 4921 ut
1610 4868 1676 4922 ab
1698 4869 1776 4923 eis

214 4977 299 5017 nos
317 4972 565 5033 separent
586 4966 636 5016 in
660 4976 792 5031 quos
815 4976 917 5016 non
943 4960 1137 5013 habent
1158 4974 1280 5012 vera
1304 4974 1419 5027 qum
1437 4958 1643 5012 dicant‘
1675 4958 1771 5028 ((ι).

270 5058 321 5111 4.
361 5057 474 5111 lloc
502 5055 641 5110 enim
659 5055 736 5108 eis
762 5054 888 5107 dicit
913 5052 1058 5105 orbis
1086 5061 1370 5113 terrarum,
1394 5049 1531 5117 quod
1559 5048 1773 5118 quidem

210 5164 443 5204 sermone
474 5148 839 5202 brevissimum
871 5153 971 5208 est,
1004 5143 1097 5197 sed
1130 5142 1553 5195 robustissimum
1579 5141 1772 5195 verita-

210 5249 273 5294 te.
300 5240 410 5295 Afri
438 5254 631 5307 nempe
652 5239 788 5292 inter
810 5252 868 5291 se
889 5235 1121 5304 episcopi
1151 5232 1501 5303 conﬂigebant
1522 5249 1534 5284 :
1556 5233 1600 5285 si
1629 5232 1778 5286 finire

210 5332 335 5386 inter
357 5346 414 5386 se
439 5332 681 5385 obortam
712 5327 1096 5383 dissensionem
1125 5341 1227 5379 non
1257 5334 1536 5394 poterant,
1566 5334 1625 5380 ut
1667 5326 1779 5379 sive

210 5439 295 5491 per
320 5423 659 5479 concordiam
684 5420 990 5491 compositis
1008 5459 1024 5482 ,
1056 5419 1167 5473 sive
1191 5418 1490 5485 degradatis
1520 5418 1607 5486 qui
1644 5419 1780 5472 male

211 5516 604 5577 contenderent,
630 5513 678 5566 hi
706 5513 793 5582 qui
819 5513 1009 5564 bonam
1032 5524 1243 5562 causam
1273 5508 1538 5560 habebant
1562 5508 1611 5560 in
1634 5522 1781 5562 com-

217 5606 457 5657 munione
478 5603 621 5656 orbis
648 5611 908 5657 terraruni
936 5616 1026 5669 per
1047 5598 1261 5652 unitatis
1284 5597 1491 5649 vinculu
1517 5614 1544 5648 n
1575 5611 1781 5665 perma-

269 5718 282 5744 ²
317 5715 451 5774 Editi,
481 5713 659 5762 dictant.
684 5712 852 5762 Melius
882 5710 1191 5774 Floriaccnsis
1218 5716 1318 5774 δίδη
1345 5707 1526 5774 dicant.

268 5774 335 5835 (τι)
356 5768 448 5834 sic,
470 5783 635 5823 contra
655 5777 854 5823 Litteras
879 5770 1270 5835 Petiliani,ilib.il
1290 5805 1303 5827 ,
1324 5782 1459 5832 capp.
1488 5770 1564 5829 “ll,
1589 5768 1669 5833 ΞΒ,
1696 5781 1776 5816 nn.

212 5831 380 5899 5,2};
405 5831 560 5899 et_lil).
584 5837 630 5893 5,
655 5849 789 5897 capp.
815 5835 894 5893 58,
913 5834 990 5890 59,
1016 5833 1201 5899 n_n_._70,
1223 5834 1299 5881 7t.

441 5897 665 5957 SANCT.
713 5894 992 5957 λυαυετ.
1038 5894 1151 5955 ιχ.

486 371 761 429 CONTRA
816 372 1232 430 DONATISTAS
1280 368 1632 434 EPISTULA,
1676 382 1845 423 vULco
1886 369 1970 423 DE
2030 372 2324 431 UNITATE
2366 376 2716 434 ECCLESIIE
2751 380 2951 437 LIBER
2992 383 3188 441 UNUS.

3371 387 3472 444 ὅθι

1895 498 2115 551 ncrcnt;
2149 490 2382 543 restabat
2411 492 2589 562 utique
2623 503 2677 547 ut
2707 497 2939 564 episcopi
2965 500 3301 554 transmarini
3322 541 3339 565 ,
3369 518 3471 572 qua

1894 591 2013 645 pars
2062 579 2292 632 maxima
2335 581 2721 638 dill‘undebatur
2763 586 3015 641 Ecclesiae
3054 589 3358 659 catholicm,
3410 593 3477 647 de

1893 666 2140 722 Afrorum
2189 672 2508 742 collegarum
2552 676 2973 734 dissensionibus
3010 681 3343 750 judicarcnt,
3375 685 3476 740 illis

1892 760 2135 814 videlicet
2174 762 2489 819 instantibus
2518 769 2533 797 ί
2562 769 2652 837 qui
2695 772 2893 826 crimen
2927 774 3079 828 make
3122 774 3475 833 ordinationis

1890 851 2005 904 aliis
2035 851 2376 920 objiciebant.
2409 856 2518 911 Hoc
2541 858 2584 912 si
2614 858 2807 915 factum
2835 878 2936 917 non
2963 873 3065 931 est,
3095 866 3247 936 culpa
3286 883 3470 926 comm

1891 959 1971 1005 est
1997 966 2025 1004 a
2056 953 2245 1021 quibus
2274 955 2389 1009 ﬁeri
2418 957 2618 1023 debuit,
2644 975 2746 1015 non
2774 961 2918 1015 orbis
2941 973 3223 1035 terrarum,
3249 970 3339 1038 qui
3365 984 3469 1024 non

1888 1041 1953 1095 ad
1982 1058 2039 1097 se
2070 1046 2268 1113 perlata
2292 1049 2531 1102 nescivit.
2558 1049 2611 1104 Si
2639 1062 2815 1106 autem
2842 1050 3037 1107 factum
3065 1066 3170 1123 est,
3198 1059 3323 1128 quid
3347 1075 3471 1129 pec-

1888 1145 2143 1188 caverunt
2184 1137 2525 1193 ecclesiastici
2566 1140 2809 1209 judices,
2854 1144 2946 1214 qui
2991 1148 3212 1203 crimina
3261 1151 3468 1206 etiamsi

1888 1237 2011 1277 vera
2034 1234 2086 1278 et
2109 1226 2175 1280 ad
2202 1242 2260 1282 se
2276 1228 2468 1297 delata,
2493 1232 2592 1285 sibi
2619 1240 2794 1289 tamen
2819 1249 2925 1293 nou
2952 1239 3192 1309 probata,
3216 1240 3472 1297 damnare

1889 1315 2031 1369 nullo
2059 1319 2217 1374 modo
2239 1319 2539 1377 debebant?
2563 1323 2828 1399 Numquid
2857 1345 2949 1386 eos
2976 1331 3102 1385 mali
3123 1333 3360 1403 polluere
3384 1349 3471 1404 po-

1888 1414 2086 1473 terant,
2115 1410 2202 1479 qui
2244 1412 2323 1466 eis
2363 1411 2693 1474 manifestari
2735 1436 2839 1476 non
2887 1424 3169 1491 poterant?
3206 1422 3264 1478 Si
3291 1436 3467 1480 autem

1888 1498 2204 1554 manifestati
2234 1511 2358 1556 sunt
2382 1502 2483 1574 eis,
2514 1519 2569 1563 et
2594 1509 2770 1580 aliqua
2802 1512 2885 1566 vel
2920 1513 3144 1582 segnitia
3171 1513 3252 1568 vel
3289 1517 3467 1569 conni-

1886 1590 2059 1644 ventia
2081 1592 2101 1622 ³
2131 1594 2263 1648 tales
2289 1610 2321 1652 a
2350 1603 2726 1658 communione
2763 1619 3037 1660 removere
3069 1605 3387 1673 noluerunt,
3414 1616 3471 1663 et

1887 1695 2137 1748 perverso
2160 1683 2362 1756 judicio
2408 1706 2504 1759 pro
2547 1692 2625 1747 eis
2665 1694 2823 1748 etiam
2854 1694 3101 1749 dixerunt
3137 1697 3465 1751 sententias:

1883 1770 2011 1842 quid
2037 1780 2275 1845 peccavit
2300 1780 2445 1835 orbis
2472 1790 2754 1851 terrarum,
2778 1786 2866 1855 qui
2896 1801 3109 1841 causam
3136 1788 3278 1842 illam
3301 1789 3468 1844 malos

1879 1861 2088 1933 judices
2115 1868 2361 1926 habuisse
2390 1874 2611 1928 nescivit
2635 1915 2648 1936 ,
2679 1884 2733 1929 et
2772 1890 2865 1931 eos
2893 1878 3032 1933 male
3068 1878 3334 1947 judicasse
3359 1896 3466 1935 non

1884 1956 2108 2010 credidit
2133 1958 2175 2024 ³,
2208 1959 2273 2014 de
2300 1962 2489 2030 quibus
2513 1964 2751 2032 judicare
2791 1981 2895 2021 non
2926 1968 3131 2037 potuit?
3154 1969 3300 2025 Sicut
3321 1973 3463 2026 enim

1884 2062 2096 2102 reorum
2126 2051 2319 2116 scelus,
2347 2054 2391 2107 si
2412 2054 2619 2122 judices
2645 2056 2811 2119 latuit,
2840 2072 2945 2113 non
2971 2073 3065 2113 cos
3115 2060 3296 2128 utique
3329 2075 3464 2116 con-

1886 2139 2157 2194 taminavit
2184 2160 2195 2194 :
2222 2144 2299 2197 sic
2320 2154 2373 2198 et
2395 2145 2631 2214 judicum
2660 2148 2854 2215 scelus,
2885 2149 2928 2203 si
2951 2149 3162 2219 aliquod
3191 2150 3312 2218 fuit,
3340 2152 3464 2221 quia

1882 2228 2065 2282 orbem
2089 2238 2349 2287 terrarum
2373 2234 2545 2302 latuit,
2568 2253 2689 2291 cum
2717 2238 2950 2308 profecto
2971 2240 3332 2296 contaminare
3358 2258 3464 2295 non

1882 2318 2071 2385 potuit.
2112 2321 2203 2375 llis
2240 2323 2398 2393 igitur
2428 2326 2799 2381 innocentibus
2829 2329 3141 2385 innocenter
3170 2333 3466 2386 communi-

1881 2423 2063 2464 camus
2088 2410 2127 2477 ‘,
2155 2414 2412 2484 hodieque
2440 2419 2736 2474 nescientes
2752 2436 2870 2489 quae
2897 2429 3020 2476 tunc
3039 2430 3154 2477 acta
3175 2424 3300 2477 sint.
3324 2424 3466 2491 Qua-

1882 2511 2098 2570 propter
2137 2505 2344 2560 etiamsi
2387 2524 2510 2564 vera
2549 2525 2667 2565 esse
2710 2526 2829 2581 quae
2868 2514 2920 2568 in
2963 2515 3216 2584 quosdam
3244 2514 3459 2580 dicunt,

1884 2588 2039 2647 hodie
2069 2592 2432 2664 didicerimus,
2465 2600 2608 2655 nulla
2643 2616 2802 2656 causa
2831 2612 2913 2657 est
2942 2618 3037 2658 cur
3064 2604 3131 2658 ab
3164 2605 3461 2660 innocenti-

1883 2677 1982 2733 bus
2025 2683 2115 2752 qui
2164 2685 2277 2740 haec
2312 2690 2557 2744 nesciunt
2581 2692 2894 2749 recedamus
2915 2735 2929 2760 ,
2958 2704 3013 2749 et
3042 2703 3369 2753 transeamus
3394 2698 3463 2752 ad

1880 2785 1993 2835 eos,
2017 2775 2107 2842 qui
2134 2785 2411 2846 propterea
2438 2782 2659 2837 crimine
2684 2783 2987 2841 schismatis
3002 2801 3187 2841 omnes
3208 2787 3462 2859 implicati

1881 2870 2040 2928 sunt,
2068 2866 2186 2932 quia
2219 2867 2269 2920 id
2299 2868 2535 2924 fecerunt
2560 2872 2702 2941 quod
2745 2888 2844 2929 nos
2893 2874 3065 2931 facere
3107 2875 3369 2942 suadent,
3404 2889 3465 2932 ut

1880 2967 1986 3009 non
2039 2958 2285 3026 exemplo
2342 2961 2717 3029 Apostolorum
2771 2965 3056 3021 toleremus
3100 2968 3305 3033 malos,
3365 2969 3462 3023 sed

1879 3046 2124 3114 exemplo
2146 3045 2514 3105 hzereticorum
2535 3052 2844 3109 deseramus
2864 3055 3050 3111 honos.
3078 3055 3182 3112 Sed
3208 3057 3463 3113 faciamus

1879 3134 2062 3190 orbem
2092 3148 2375 3207 terrarum,
2405 3143 2544 3213 quod
2574 3144 2689 3200 ﬁeri
2725 3162 2830 3201 non
2854 3156 3056 3217 potest,
3091 3149 3248 3205 hodie
3274 3150 3457 3207 nobis-

1879 3240 1998 3280 cum
2026 3227 2093 3281 ad
2116 3229 2368 3299 liquidum
2394 3248 2549 3303 posse
2568 3250 2889 3306 cognoscere
2919 3254 3040 3294 vera
3067 3254 3186 3295 esse
3207 3255 3462 3311 quorum-

1878 3315 1999 3371 dam
2032 3321 2233 3376 scelera
2257 3365 2271 3389 ,
2303 3340 2436 3394 quos
2466 3326 2552 3381 isti
2578 3328 2924 3384 criminantur
2949 3349 2962 3384 :
2985 3331 3240 3401 numquid
3266 3347 3331 3388 ex
3360 3332 3462 3388 hoc

1878 3406 2216 3468 innocentior
2237 3414 2347 3469 fieri
2371 3419 2586 3486 poterit,
2613 3435 2770 3489 quam
2796 3430 2910 3475 erat
2933 3432 3217 3492 antequam
3242 3425 3460 3478 nosset?

1879 3498 2028 3554 Sicut
2049 3503 2191 3557 enim
2216 3519 2309 3560 eos
2338 3508 2602 3564 maculare
2633 3524 2738 3564 non
2764 3520 3006 3580 poterant
3032 3512 3280 3584 incogniti
3309 3515 3457 3581 mali,

1879 3591 2084 3647 etiamsi
2114 3594 2285 3649 adhuc
2316 3597 2369 3651 in
2396 3597 2495 3653 hac
2520 3599 2623 3653 vita
2650 3610 2863 3667 essent;
2906 3602 2975 3655 ita
3004 3603 3093 3671 qui
3119 3603 3227 3672 jam
3266 3618 3330 3659 ex
3361 3603 3461 3661 hac

1878 3684 1983 3735 vita
2013 3684 2363 3754 emigrarunt,
2388 3689 2547 3743 etiam
2571 3691 2763 3759 cogniti
2790 3692 3054 3747 maculare
3084 3709 3187 3747 non
3220 3705 3456 3761 possunt.

1877 3773 1931 3827 Si
1963 3790 2090 3844 ergo
2137 3777 2255 3831 talis
2302 3787 2566 3833 estcausa
2610 3789 2787 3834 nostra
2836 3782 2887 3835 in
2928 3782 3105 3836 verbis
3150 3784 3344 3836 nostris
3390 3784 3459 3838 de

1878 3868 2225 3934 quorumdam
2253 3869 2581 3936 criminibus,
2608 3888 2724 3940 qua:
2745 3873 2961 3927 alternis
2986 3875 3137 3928 nobis
3153 3874 3453 3943 obiicimus,

1880 3964 1936 4009 ut
1966 3966 2071 4011 tam
2099 3958 2289 4013 invicta
2311 3960 2398 4025 sit,
2428 3960 2635 4015 etiamsi
2665 3960 2794 4017 falsa
2822 3977 2942 4019 esse
2968 3979 3085 4032 qua:
3117 3965 3168 4017 in
3198 3964 3456 4034 quosdam

1881 4047 2089 4101 illorum
2134 4048 2358 4103 dicimus
2380 4091 2395 4115 ,
2442 4060 2496 4105 et
2525 4067 2649 4105 vera
2685 4066 2804 4107 esse
2830 4068 2949 4122 qua:
2993 4054 3044 4108 in
3072 4055 3327 4124 quosdam
3358 4071 3458 4111 no-

1878 4145 2046 4191 strum
2075 4137 2277 4206 dicunt,
2309 4139 2465 4195 hodie
2493 4156 2897 4212 cognoscamus,
2928 4145 3050 4213 quid
3080 4145 3277 4201 habent
3314 4149 3457 4216 quod

1878 4228 2264 4297 respondeant;
2295 4230 2407 4285 sive
2438 4232 2526 4286 illa
2558 4234 2734 4302 potius
2761 4248 2883 4289 vera
2929 4236 3036 4289 sint
3063 4253 3179 4305 qua:
3207 4253 3303 4292 nos
3329 4239 3462 4294 dici-

1880 4333 2019 4383 mus,
2046 4326 2099 4373 et
2129 4318 2256 4373 falsa
2282 4337 2399 4390 qua:
2422 4322 2623 4390 dicunt,
2653 4323 2769 4379 sive
2789 4334 3010 4396 utraque
3036 4326 3167 4383 falsa
3192 4329 3319 4396 sint,
3346 4331 3461 4386 sive

1881 4416 2102 4479 utraque
2129 4425 2251 4465 vera
2294 4413 2431 4478 sint;
2471 4415 2895 4485 quandoquidem
2939 4428 2990 4473 et
3038 4419 3135 4489 ipsi
3180 4420 3462 4477 vincuntur

1880 4498 1989 4565 ibi,
2018 4500 2159 4571 quod
2189 4501 2359 4557 solum
2389 4503 2525 4559 votis
2550 4505 2798 4561 omnibus
2820 4506 2921 4563 sibi
2950 4517 3007 4563 ut
3041 4509 3311 4577 credatur,
3362 4526 3463 4567 ex-

1880 4592 2101 4659 Optant?

1950 4681 2176 4737 CAPUT
2204 4681 2286 4736 Ill.
2312 4715 2379 4723 —
2399 4685 2453 4739 5.
2493 4684 2618 4752 Sed,
2644 4696 2700 4741 ut
2720 4686 2897 4743 dicere
2922 4704 3210 4760 coeperam,
3235 4706 3341 4746 non
3362 4707 3461 4747 au-

1880 4772 2087 4827 diamus
2112 4815 2127 4839 ,
2156 4772 2279 4829 Haec
2305 4774 2439 4829 dicis
2459 4816 2473 4840 ,
2519 4775 2633 4832 haec
2669 4777 2825 4842 dico;
2856 4780 2950 4835 sed
2989 4782 3300 4847 audiamus,
3334 4783 3461 4839 Haec

1880 4865 2005 4919 dicit
2032 4866 2303 4919 Dominus.
2355 4867 2488 4921 Sunt
2527 4877 2673 4923 certe
2716 4870 2860 4925 Libri
2904 4872 3196 4939 dominici,
3228 4889 3458 4943 quorum

1882 4956 2180 5010 auctoritati
2219 4957 2428 5026 utrique
2468 4961 2868 5029 consentimus,
2898 4963 3108 5034 utrique
3135 4964 3372 5019 cedimus
3399 4963 3422 4994 ⁸
3459 5005 3475 5030 ,

1883 5047 2093 5117 utrique
2117 5048 2405 5103 servimus:
2425 5050 2493 5104 ibi
2523 5067 2822 5121 quaeramus
2846 5056 3161 5122 Ecclesiam,
3190 5056 3261 5111 ibi
3284 5054 3463 5111 discu-

1885 5141 2075 5194 tiamus
2100 5156 2311 5195 causam
2340 5152 2596 5199 nostram.
2628 5146 2724 5201 llic
2749 5147 2884 5203 forte
2922 5147 3114 5203 dicturi
3139 5157 3262 5202 sunt
3287 5164 3300 5201 :
3324 5147 3462 5213 Quid

1884 5231 2077 5301 quieris
2104 5232 2156 5285 in
2186 5232 2357 5288 Libris
2387 5249 2521 5303 quos
2567 5236 2775 5305 ignibus
2802 5238 3102 5292 tradidisti?
3127 5237 3208 5291 Ad
3238 5236 3340 5291 hoc
3366 5253 3460 5292 rc-

1885 5323 2141 5393 spondeo,
2170 5324 2305 5392 Quid
2335 5327 2488 5381 times
2514 5343 2580 5382 ne
2608 5329 2848 5398 legantur
2874 5330 2958 5383 isti
2988 5328 3165 5395 Libri,
3193 5328 3239 5382 si
3268 5343 3365 5383 eos
3390 5330 3459 5383 ab

1950 5438 1965 5469 ί
2000 5437 2311 5487 ῐτΙοτίθοθηειδ
2331 5439 2505 5497 codex,
2538 5440 2784 5490 stantibus.

1930 5501 1974 5570 ³·
2002 5506 2048 5570 tn
2075 5500 2233 5570 editis,
2257 5502 2328 5570 uti
2352 5503 2525 5570 passim
2548 5503 2595 5549 in
2619 5504 2825 5564 antiquis
2848 5500 2983 5549 libris
3007 5512 3111 5562 pro,
3132 5499 3466 5562 connivemia,‘

1885 5562 2112 5621 scriptum
2140 5568 2230 5617 est,
2255 5560 2530 5611 cohibentia.

1950 5622 1970 5653 ³
2004 5621 2312 5669 Floriacensis
2349 5623 2521 5679 codex,
2560 5622 2934 5681 bencjudicassc
2957 5621 3183 5674 credidit.

1951 5681 1972 5712 ⁸
2004 5685 2076 5731 sic
2098 5684 2420 5730 Floriacensis.
2450 5691 2525 5730 Ms.
2562 5691 2617 5731 At
2641 5690 2731 5741 Ern,
2759 5684 3224 5737 communicabimus.
3267 5695 3365 5735 Am.
3409 5694 3463 5736 ct

1889 5752 2017 5801 tnv.,
2042 5743 2500 5792 communicarinms.

1956 5807 1976 5836 ³
2007 5813 2055 5853 ιιι
2080 5807 2290 5867 excusis,
2311 5805 2567 5854 credimus.

2788 5892 3030 5968 (Treize
3055 5896 3088 5971 )
