  <div class='ocr_page' id='page_1' title='image "/cluster/home/n/w/nwhite01/storage/ocr_20150623/43/hvd.32044012717385/203.png"; bbox 0 0 3998 6466; ppageno 0'>
   <div class='ocr_carea' id='block_1_1' title="bbox 525 401 692 458">
    <p class='ocr_par' dir='ltr' id='par_1_1' title="bbox 525 401 692 458">
     <span class='ocr_line' id='line_1_1' title="bbox 525 401 692 458; baseline -0.006 0"><span class='ocrx_word' id='word_1_1' title='bbox 525 401 630 458; x_wconf 73' lang='lat' dir='ltr'><strong>aes</strong></span> <span class='ocrx_word' id='word_1_2' title='bbox 683 403 692 408; x_wconf 65' lang='lat'>&quot;</span> 
     </span>
    </p>
   </div>
   <div class='ocr_carea' id='block_1_2' title="bbox 524 503 2100 585">
    <p class='ocr_par' dir='ltr' id='par_1_2' title="bbox 524 503 2100 585">
     <span class='ocr_line' id='line_1_2' title="bbox 524 503 2100 585; baseline -0.008 -17"><span class='ocrx_word' id='word_1_3' title='bbox 524 515 734 585; x_wconf 77' lang='lat' dir='ltr'><strong>ignibus</strong></span> <span class='ocrx_word' id='word_1_4' title='bbox 761 509 1075 569; x_wconf 76' lang='lat' dir='ltr'><strong>custodisti?</strong></span> <span class='ocrx_word' id='word_1_5' title='bbox 1121 507 1227 562; x_wconf 87' lang='lat' dir='ltr'><strong>Eos</strong></span> <span class='ocrx_word' id='word_1_6' title='bbox 1252 512 1397 562; x_wconf 85' lang='lat' dir='ltr'><strong>certe</strong></span> <span class='ocrx_word' id='word_1_7' title='bbox 1420 503 1508 560; x_wconf 89' lang='lat' dir='ltr'><strong>ille</strong></span> <span class='ocrx_word' id='word_1_8' title='bbox 1532 503 1810 561; x_wconf 92' lang='lat' dir='ltr'><strong>tradidisse</strong></span> <span class='ocrx_word' id='word_1_9' title='bbox 1831 503 2100 571; x_wconf 88' lang='lat' dir='ltr'><strong>credatur,</strong></span> 
     </span>
    </p>
   </div>
   <div class='ocr_carea' id='block_1_3' title="bbox 525 595 2104 675">
    <p class='ocr_par' dir='ltr' id='par_1_3' title="bbox 525 595 2104 675">
     <span class='ocr_line' id='line_1_3' title="bbox 525 595 2104 675; baseline -0.009 -14"><span class='ocrx_word' id='word_1_10' title='bbox 525 606 616 675; x_wconf 87' lang='lat' dir='ltr'><strong>qui</strong></span> <span class='ocrx_word' id='word_1_11' title='bbox 647 605 724 660; x_wconf 91' lang='lat' dir='ltr'><strong>eis</strong></span> <span class='ocrx_word' id='word_1_12' title='bbox 755 604 906 660; x_wconf 90' lang='lat' dir='ltr'><strong>lectis</strong></span> <span class='ocrx_word' id='word_1_13' title='bbox 932 616 1035 656; x_wconf 91' lang='lat' dir='ltr'><strong>non</strong></span> <span class='ocrx_word' id='word_1_14' title='bbox 1063 597 1365 654; x_wconf 88' lang='lat' dir='ltr'><strong>consentire</strong></span> <span class='ocrx_word' id='word_1_15' title='bbox 1389 596 1742 652; x_wconf 82' lang='lat' dir='ltr'><strong>convincitur.</strong></span> <span class='ocrx_word' id='word_1_16' title='bbox 1775 597 1879 650; x_wconf 84' lang='lat' dir='ltr'><strong>Aut</strong></span> <span class='ocrx_word' id='word_1_17' title='bbox 1904 596 1948 650; x_wconf 88' lang='lat' dir='ltr'><strong>si</strong></span> <span class='ocrx_word' id='word_1_18' title='bbox 1969 595 2104 649; x_wconf 91' lang='lat' dir='ltr'><strong>forte</strong></span> 
     </span>
    </p>
   </div>
   <div class='ocr_carea' id='block_1_4' title="bbox 524 675 2105 761">
    <p class='ocr_par' dir='ltr' id='par_1_4' title="bbox 524 675 2105 761">
     <span class='ocr_line' id='line_1_4' title="bbox 524 675 2105 761; baseline -0.006 -12"><span class='ocrx_word' id='word_1_19' title='bbox 524 696 612 750; x_wconf 82' lang='lat' dir='ltr'><strong>isti</strong></span> <span class='ocrx_word' id='word_1_20' title='bbox 640 696 779 750; x_wconf 84' lang='lat' dir='ltr'><strong>Libri</strong></span> <span class='ocrx_word' id='word_1_21' title='bbox 799 695 867 748; x_wconf 89' lang='lat' dir='ltr'><strong>ita</strong></span> <span class='ocrx_word' id='word_1_22' title='bbox 892 675 1168 761; x_wconf 75' lang='lat' dir='ltr'><strong>designant</strong></span> <span class='ocrx_word' id='word_1_23' title='bbox 1187 687 1490 744; x_wconf 88' lang='lat' dir='ltr'><strong>traditorem</strong></span> <span class='ocrx_word' id='word_1_24' title='bbox 1509 700 1686 754; x_wconf 86' lang='lat' dir='ltr'><strong>suum,</strong></span> <span class='ocrx_word' id='word_1_25' title='bbox 1704 685 1842 742; x_wconf 87' lang='lat' dir='ltr'><strong>sicut</strong></span> <span class='ocrx_word' id='word_1_26' title='bbox 1860 685 2105 755; x_wconf 79' lang='lat' dir='ltr'><strong>designa-</strong></span> 
     </span>
    </p>
   </div>
   <div class='ocr_carea' id='block_1_5' title="bbox 524 775 2106 852">
    <p class='ocr_par' dir='ltr' id='par_1_5' title="bbox 524 775 2106 852">
     <span class='ocr_line' id='line_1_5' title="bbox 524 775 2106 852; baseline -0.004 -14"><span class='ocrx_word' id='word_1_27' title='bbox 524 788 601 842; x_wconf 93' lang='lat' dir='ltr'><strong>vit</strong></span> <span class='ocrx_word' id='word_1_28' title='bbox 632 787 882 842; x_wconf 88' lang='lat' dir='ltr'><strong>Dominus</strong></span> <span class='ocrx_word' id='word_1_29' title='bbox 911 783 1132 848; x_wconf 86' lang='lat' dir='ltr'><strong>Judam;</strong></span> <span class='ocrx_word' id='word_1_30' title='bbox 1171 781 1349 852; x_wconf 86' lang='lat' dir='ltr'><strong>legant</strong></span> <span class='ocrx_word' id='word_1_31' title='bbox 1381 780 1436 836; x_wconf 92' lang='lat' dir='ltr'><strong>in</strong></span> <span class='ocrx_word' id='word_1_32' title='bbox 1473 780 1551 835; x_wconf 90' lang='lat' dir='ltr'><strong>eis</strong></span> <span class='ocrx_word' id='word_1_33' title='bbox 1590 775 1900 835; x_wconf 84' lang='lat' dir='ltr'><strong>nominatim</strong></span> <span class='ocrx_word' id='word_1_34' title='bbox 1941 786 1994 833; x_wconf 89' lang='lat' dir='ltr'><strong>et</strong></span> <span class='ocrx_word' id='word_1_35' title='bbox 2014 792 2106 833; x_wconf 83' lang='lat' dir='ltr'><strong>ex-</strong></span> 
     </span>
    </p>
   </div>
   <div class='ocr_carea' id='block_1_6' title="bbox 527 869 2102 945">
    <p class='ocr_par' dir='ltr' id='par_1_6' title="bbox 527 869 2102 945">
     <span class='ocr_line' id='line_1_6' title="bbox 527 869 2102 945; baseline -0.002 -18"><span class='ocrx_word' id='word_1_36' title='bbox 527 891 708 945; x_wconf 89' lang='lat' dir='ltr'><strong>presse</strong></span> <span class='ocrx_word' id='word_1_37' title='bbox 723 874 808 931; x_wconf 90' lang='lat' dir='ltr'><strong>vel</strong></span> <span class='ocrx_word' id='word_1_38' title='bbox 823 874 1158 931; x_wconf 69' lang='lat' dir='ltr'><strong>Cteeilianum</strong></span> <span class='ocrx_word' id='word_1_39' title='bbox 1184 872 1267 928; x_wconf 93' lang='lat' dir='ltr'><strong>vel</strong></span> <span class='ocrx_word' id='word_1_40' title='bbox 1283 871 1613 928; x_wconf 84' lang='lat' dir='ltr'><strong>ordinatores</strong></span> <span class='ocrx_word' id='word_1_41' title='bbox 1637 869 1772 942; x_wconf 82' lang='lat' dir='ltr'><strong>ejus,</strong></span> <span class='ocrx_word' id='word_1_42' title='bbox 1795 869 2102 926; x_wconf 90' lang='lat' dir='ltr'><strong>eorumdem</strong></span> 
     </span>
    </p>
   </div>
   <div class='ocr_carea' id='block_1_7' title="bbox 526 960 2101 1026">
    <p class='ocr_par' dir='ltr' id='par_1_7' title="bbox 526 960 2101 1026">
     <span class='ocr_line' id='line_1_7' title="bbox 526 960 2101 1026; baseline -0.005 -4"><span class='ocrx_word' id='word_1_43' title='bbox 526 968 806 1022; x_wconf 89' lang='lat' dir='ltr'><strong>Librorum</strong></span> <span class='ocrx_word' id='word_1_44' title='bbox 835 963 1040 1020; x_wconf 88' lang='lat' dir='ltr'><strong>futuros</strong></span> <span class='ocrx_word' id='word_1_45' title='bbox 1060 963 1222 1018; x_wconf 91' lang='lat' dir='ltr'><strong>fuisse</strong></span> <span class='ocrx_word' id='word_1_46' title='bbox 1248 961 1547 1026; x_wconf 88' lang='lat' dir='ltr'><strong>traditores,</strong></span> <span class='ocrx_word' id='word_1_47' title='bbox 1577 969 1632 1017; x_wconf 87' lang='lat' dir='ltr'><strong>et</strong></span> <span class='ocrx_word' id='word_1_48' title='bbox 1657 960 1700 1016; x_wconf 90' lang='lat' dir='ltr'><strong>si</strong></span> <span class='ocrx_word' id='word_1_49' title='bbox 1729 975 1832 1016; x_wconf 91' lang='lat' dir='ltr'><strong>non</strong></span> <span class='ocrx_word' id='word_1_50' title='bbox 1854 974 1949 1016; x_wconf 88' lang='lat' dir='ltr'><strong>eos</strong></span> <span class='ocrx_word' id='word_1_51' title='bbox 1973 973 2101 1014; x_wconf 86' lang='lat' dir='ltr'><strong>ana-</strong></span> 
     </span>
    </p>
   </div>
   <div class='ocr_carea' id='block_1_8' title="bbox 525 1049 2101 1126">
    <p class='ocr_par' dir='ltr' id='par_1_8' title="bbox 525 1049 2101 1126">
     <span class='ocr_line' id='line_1_8' title="bbox 525 1049 2101 1126; baseline -0.006 -13"><span class='ocrx_word' id='word_1_52' title='bbox 525 1058 942 1113; x_wconf 72' lang='lat' dir='ltr'><strong>thematicavero</strong></span> <span class='ocrx_word' id='word_1_53' title='bbox 962 1097 977 1120; x_wconf 94' lang='lat'><strong>,</strong></span> <span class='ocrx_word' id='word_1_54' title='bbox 1008 1055 1119 1126; x_wconf 90' lang='lat' dir='ltr'><strong>ipse</strong></span> <span class='ocrx_word' id='word_1_55' title='bbox 1161 1069 1280 1109; x_wconf 93' lang='lat' dir='ltr'><strong>cum</strong></span> <span class='ocrx_word' id='word_1_56' title='bbox 1322 1053 1401 1108; x_wconf 83' lang='lat' dir='ltr'><strong>eis</strong></span> <span class='ocrx_word' id='word_1_57' title='bbox 1429 1052 1636 1123; x_wconf 89' lang='lat' dir='ltr'><strong>judicer</strong></span> <span class='ocrx_word' id='word_1_58' title='bbox 1663 1049 1966 1106; x_wconf 81' lang='lat' dir='ltr'><strong>tradidisse.</strong></span> <span class='ocrx_word' id='word_1_59' title='bbox 1996 1049 2101 1106; x_wconf 88' lang='lat' dir='ltr'><strong>Sed</strong></span> 
     </span>
    </p>
   </div>
   <div class='ocr_carea' id='block_1_9' title="bbox 523 1143 2099 1220">
    <p class='ocr_par' dir='ltr' id='par_1_9' title="bbox 523 1143 2099 1220">
     <span class='ocr_line' id='line_1_9' title="bbox 523 1143 2099 1220; baseline -0.005 -16"><span class='ocrx_word' id='word_1_60' title='bbox 523 1164 698 1220; x_wconf 90' lang='lat' dir='ltr'><strong>neque</strong></span> <span class='ocrx_word' id='word_1_61' title='bbox 723 1163 823 1204; x_wconf 90' lang='lat' dir='ltr'><strong>nos</strong></span> <span class='ocrx_word' id='word_1_62' title='bbox 849 1147 900 1202; x_wconf 92' lang='lat' dir='ltr'><strong>in</strong></span> <span class='ocrx_word' id='word_1_63' title='bbox 930 1148 1008 1203; x_wconf 89' lang='lat' dir='ltr'><strong>eis</strong></span> <span class='ocrx_word' id='word_1_64' title='bbox 1033 1147 1207 1202; x_wconf 88' lang='lat' dir='ltr'><strong>Libris</strong></span> <span class='ocrx_word' id='word_1_65' title='bbox 1238 1144 1534 1200; x_wconf 83' lang='lat' dir='ltr'><strong>invenimus</strong></span> <span class='ocrx_word' id='word_1_66' title='bbox 1564 1143 1801 1213; x_wconf 82' lang='lat' dir='ltr'><strong>Majorini</strong></span> <span class='ocrx_word' id='word_1_67' title='bbox 1829 1143 2099 1200; x_wconf 85' lang='lat' dir='ltr'><strong>ordinato-</strong></span> 
     </span>
    </p>
   </div>
   <div class='ocr_carea' id='block_1_10' title="bbox 522 1235 2102 1312">
    <p class='ocr_par' dir='ltr' id='par_1_10' title="bbox 522 1235 2102 1312">
     <span class='ocr_line' id='line_1_10' title="bbox 522 1235 2102 1312; baseline -0.003 -16"><span class='ocrx_word' id='word_1_68' title='bbox 522 1256 611 1296; x_wconf 89' lang='lat' dir='ltr'><strong>res</strong></span> <span class='ocrx_word' id='word_1_69' title='bbox 638 1241 943 1312; x_wconf 77' lang='lat' dir='ltr'><strong>designatos</strong></span> <span class='ocrx_word' id='word_1_70' title='bbox 980 1253 1098 1296; x_wconf 90' lang='lat' dir='ltr'><strong>esse</strong></span> <span class='ocrx_word' id='word_1_71' title='bbox 1125 1239 1437 1305; x_wconf 88' lang='lat' dir='ltr'><strong>traditores,</strong></span> <span class='ocrx_word' id='word_1_72' title='bbox 1465 1238 1704 1309; x_wconf 85' lang='lat' dir='ltr'><strong>quamvis</strong></span> <span class='ocrx_word' id='word_1_73' title='bbox 1735 1236 1848 1291; x_wconf 67' lang='lat' dir='ltr'><strong>huic</strong></span> <span class='ocrx_word' id='word_1_74' title='bbox 1888 1235 2102 1291; x_wconf 82' lang='lat' dir='ltr'><strong>aliunde</strong></span> 
     </span>
    </p>
   </div>
   <div class='ocr_carea' id='block_1_11' title="bbox 524 1327 2102 1398">
    <p class='ocr_par' dir='ltr' id='par_1_11' title="bbox 524 1327 2102 1398">
     <span class='ocr_line' id='line_1_11' title="bbox 524 1327 2102 1398; baseline -0.004 -13"><span class='ocrx_word' id='word_1_75' title='bbox 524 1333 829 1388; x_wconf 90' lang='lat' dir='ltr'><strong>rccitemus.</strong></span> <span class='ocrx_word' id='word_1_76' title='bbox 876 1328 1194 1385; x_wconf 82' lang='lat' dir='ltr'><strong>Auferantur</strong></span> <span class='ocrx_word' id='word_1_77' title='bbox 1222 1342 1349 1398; x_wconf 85' lang='lat' dir='ltr'><strong>ergo</strong></span> <span class='ocrx_word' id='word_1_78' title='bbox 1378 1327 1465 1382; x_wconf 89' lang='lat' dir='ltr'><strong>illa</strong></span> <span class='ocrx_word' id='word_1_79' title='bbox 1511 1327 1578 1382; x_wconf 93' lang='lat' dir='ltr'><strong>de</strong></span> <span class='ocrx_word' id='word_1_80' title='bbox 1608 1327 1818 1393; x_wconf 91' lang='lat' dir='ltr'><strong>medio,</strong></span> <span class='ocrx_word' id='word_1_81' title='bbox 1849 1341 1967 1396; x_wconf 76' lang='lat' dir='ltr'><strong>qnte</strong></span> <span class='ocrx_word' id='word_1_82' title='bbox 2009 1327 2102 1380; x_wconf 88' lang='lat' dir='ltr'><strong>ad-</strong></span> 
     </span>
    </p>
   </div>
   <div class='ocr_carea' id='block_1_12' title="bbox 523 1417 2095 1487">
    <p class='ocr_par' dir='ltr' id='par_1_12' title="bbox 523 1417 2095 1487">
     <span class='ocr_line' id='line_1_12' title="bbox 523 1417 2095 1487; baseline -0.003 -11"><span class='ocrx_word' id='word_1_83' title='bbox 523 1437 710 1480; x_wconf 86' lang='lat' dir='ltr'><strong>versus</strong></span> <span class='ocrx_word' id='word_1_84' title='bbox 737 1437 832 1477; x_wconf 91' lang='lat' dir='ltr'><strong>nos</strong></span> <span class='ocrx_word' id='word_1_85' title='bbox 863 1422 1107 1487; x_wconf 93' lang='lat' dir='ltr'><strong>invicem,</strong></span> <span class='ocrx_word' id='word_1_86' title='bbox 1138 1435 1241 1476; x_wconf 87' lang='lat' dir='ltr'><strong>non</strong></span> <span class='ocrx_word' id='word_1_87' title='bbox 1270 1435 1334 1476; x_wconf 77' lang='lat' dir='ltr'><strong>ex</strong></span> <span class='ocrx_word' id='word_1_88' title='bbox 1364 1419 1558 1474; x_wconf 77' lang='lat' dir='ltr'><strong>divinis</strong></span> <span class='ocrx_word' id='word_1_89' title='bbox 1585 1418 1856 1473; x_wconf 83' lang='lat' dir='ltr'><strong>canonicis</strong></span> <span class='ocrx_word' id='word_1_90' title='bbox 1884 1417 2058 1472; x_wconf 89' lang='lat' dir='ltr'><strong>Libris</strong></span> <span class='ocrx_word' id='word_1_91' title='bbox 2081 1459 2095 1485; x_wconf 94' lang='lat'><strong>,</strong></span> 
     </span>
    </p>
   </div>
   <div class='ocr_carea' id='block_1_13' title="bbox 525 1508 2095 1578">
    <p class='ocr_par' dir='ltr' id='par_1_13' title="bbox 525 1508 2095 1578">
     <span class='ocr_line' id='line_1_13' title="bbox 525 1508 2095 1578; baseline -0.005 -9"><span class='ocrx_word' id='word_1_92' title='bbox 525 1515 618 1570; x_wconf 91' lang='lat' dir='ltr'><strong>sed</strong></span> <span class='ocrx_word' id='word_1_93' title='bbox 646 1513 862 1569; x_wconf 90' lang='lat' dir='ltr'><strong>aliunde</strong></span> <span class='ocrx_word' id='word_1_94' title='bbox 892 1513 1194 1568; x_wconf 89' lang='lat' dir='ltr'><strong>recitamns.</strong></span> <span class='ocrx_word' id='word_1_95' title='bbox 1228 1509 1379 1578; x_wconf 89' lang='lat' dir='ltr'><strong>Quod</strong></span> <span class='ocrx_word' id='word_1_96' title='bbox 1409 1509 1452 1564; x_wconf 90' lang='lat' dir='ltr'><strong>si</strong></span> <span class='ocrx_word' id='word_1_97' title='bbox 1481 1508 1650 1562; x_wconf 88' lang='lat' dir='ltr'><strong>nolint</strong></span> <span class='ocrx_word' id='word_1_98' title='bbox 1678 1516 1735 1562; x_wconf 92' lang='lat' dir='ltr'><strong>ut</strong></span> <span class='ocrx_word' id='word_1_99' title='bbox 1775 1508 2095 1572; x_wconf 90' lang='lat' dir='ltr'><strong>auferantur,</strong></span> 
     </span>
    </p>
   </div>
   <div class='ocr_carea' id='block_1_14' title="bbox 527 1597 2098 1675">
    <p class='ocr_par' dir='ltr' id='par_1_14' title="bbox 527 1597 2098 1675">
     <span class='ocr_line' id='line_1_14' title="bbox 527 1597 2098 1675; baseline -0.004 -17"><span class='ocrx_word' id='word_1_100' title='bbox 527 1605 740 1662; x_wconf 75' lang='lat' dir='ltr'><strong>videant</strong></span> <span class='ocrx_word' id='word_1_101' title='bbox 764 1605 885 1675; x_wconf 90' lang='lat' dir='ltr'><strong>quia</strong></span> <span class='ocrx_word' id='word_1_102' title='bbox 911 1613 963 1658; x_wconf 92' lang='lat' dir='ltr'><strong>et</strong></span> <span class='ocrx_word' id='word_1_103' title='bbox 988 1603 1031 1657; x_wconf 91' lang='lat' dir='ltr'><strong>si</strong></span> <span class='ocrx_word' id='word_1_104' title='bbox 1060 1613 1282 1671; x_wconf 90' lang='lat' dir='ltr'><strong>utraque</strong></span> <span class='ocrx_word' id='word_1_105' title='bbox 1311 1614 1432 1655; x_wconf 89' lang='lat' dir='ltr'><strong>vera</strong></span> <span class='ocrx_word' id='word_1_106' title='bbox 1461 1608 1616 1663; x_wconf 91' lang='lat' dir='ltr'><strong>sunt,</strong></span> <span class='ocrx_word' id='word_1_107' title='bbox 1645 1597 1789 1652; x_wconf 89' lang='lat' dir='ltr'><strong>nulla</strong></span> <span class='ocrx_word' id='word_1_108' title='bbox 1817 1597 1912 1652; x_wconf 92' lang='lat' dir='ltr'><strong>fuit</strong></span> <span class='ocrx_word' id='word_1_109' title='bbox 1938 1612 2098 1652; x_wconf 89' lang='lat' dir='ltr'><strong>causa</strong></span> 
     </span>
    </p>
   </div>
   <div class='ocr_carea' id='block_1_15' title="bbox 530 1685 2099 1766">
    <p class='ocr_par' dir='ltr' id='par_1_15' title="bbox 530 1685 2099 1766">
     <span class='ocr_line' id='line_1_15' title="bbox 530 1685 2099 1766; baseline -0.008 -14"><span class='ocrx_word' id='word_1_110' title='bbox 530 1695 884 1766; x_wconf 88' lang='lat' dir='ltr'><strong>separatiouis</strong></span> <span class='ocrx_word' id='word_1_111' title='bbox 931 1693 1136 1747; x_wconf 91' lang='lat' dir='ltr'><strong>illorum</strong></span> <span class='ocrx_word' id='word_1_112' title='bbox 1164 1732 1178 1753; x_wconf 89' lang='lat'><strong>,</strong></span> <span class='ocrx_word' id='word_1_113' title='bbox 1243 1698 1297 1744; x_wconf 87' lang='lat' dir='ltr'><strong>ut</strong></span> <span class='ocrx_word' id='word_1_114' title='bbox 1345 1703 1438 1744; x_wconf 88' lang='lat' dir='ltr'><strong>eos</strong></span> <span class='ocrx_word' id='word_1_115' title='bbox 1483 1687 1717 1758; x_wconf 82' lang='lat' dir='ltr'><strong>fugerent</strong></span> <span class='ocrx_word' id='word_1_116' title='bbox 1763 1700 1896 1756; x_wconf 90' lang='lat' dir='ltr'><strong>quos</strong></span> <span class='ocrx_word' id='word_1_117' title='bbox 1938 1685 2099 1740; x_wconf 86' lang='lat' dir='ltr'><strong>habe-</strong></span> 
     </span>
    </p>
   </div>
   <div class='ocr_carea' id='block_1_16' title="bbox 525 1779 2098 1852">
    <p class='ocr_par' dir='ltr' id='par_1_16' title="bbox 525 1779 2098 1852">
     <span class='ocr_line' id='line_1_16' title="bbox 525 1779 2098 1852; baseline -0.006 -10"><span class='ocrx_word' id='word_1_118' title='bbox 525 1790 656 1843; x_wconf 88' lang='lat' dir='ltr'><strong>bant</strong></span> <span class='ocrx_word' id='word_1_119' title='bbox 683 1805 697 1841; x_wconf 74' lang='grc' dir='ltr'>ε</span> <span class='ocrx_word' id='word_1_120' title='bbox 731 1796 784 1842; x_wconf 90' lang='lat' dir='ltr'><strong>et</strong></span> <span class='ocrx_word' id='word_1_121' title='bbox 807 1785 849 1842; x_wconf 92' lang='lat' dir='ltr'><strong>si</strong></span> <span class='ocrx_word' id='word_1_122' title='bbox 879 1794 1097 1852; x_wconf 90' lang='lat' dir='ltr'><strong>utraque</strong></span> <span class='ocrx_word' id='word_1_123' title='bbox 1126 1783 1253 1837; x_wconf 90' lang='lat' dir='ltr'><strong>falsa</strong></span> <span class='ocrx_word' id='word_1_124' title='bbox 1285 1789 1428 1847; x_wconf 89' lang='lat' dir='ltr'><strong>sunt,</strong></span> <span class='ocrx_word' id='word_1_125' title='bbox 1457 1780 1599 1834; x_wconf 91' lang='lat' dir='ltr'><strong>nulla</strong></span> <span class='ocrx_word' id='word_1_126' title='bbox 1632 1779 1727 1834; x_wconf 87' lang='lat' dir='ltr'><strong>fuit</strong></span> <span class='ocrx_word' id='word_1_127' title='bbox 1755 1793 1912 1833; x_wconf 87' lang='lat' dir='ltr'><strong>causa</strong></span> <span class='ocrx_word' id='word_1_128' title='bbox 1943 1792 2098 1847; x_wconf 88' lang='lat' dir='ltr'><strong>sepa-</strong></span> 
     </span>
    </p>
   </div>
   <div class='ocr_carea' id='block_1_17' title="bbox 529 1868 2098 1941">
    <p class='ocr_par' dir='ltr' id='par_1_17' title="bbox 529 1868 2098 1941">
     <span class='ocr_line' id='line_1_17' title="bbox 529 1868 2098 1941; baseline -0.006 -9"><span class='ocrx_word' id='word_1_129' title='bbox 529 1877 751 1932; x_wconf 84' lang='lat' dir='ltr'><strong>ratieuis</strong></span> <span class='ocrx_word' id='word_1_130' title='bbox 807 1875 1056 1937; x_wconf 89' lang='lat' dir='ltr'><strong>illorum,</strong></span> <span class='ocrx_word' id='word_1_131' title='bbox 1119 1881 1175 1926; x_wconf 91' lang='grc' dir='ltr'><strong>ιιι</strong></span> <span class='ocrx_word' id='word_1_132' title='bbox 1221 1885 1314 1926; x_wconf 93' lang='lat' dir='ltr'><strong>cos</strong></span> <span class='ocrx_word' id='word_1_133' title='bbox 1373 1869 1612 1941; x_wconf 84' lang='lat' dir='ltr'><strong>fugerent</strong></span> <span class='ocrx_word' id='word_1_134' title='bbox 1660 1883 1794 1939; x_wconf 90' lang='lat' dir='ltr'><strong>quos</strong></span> <span class='ocrx_word' id='word_1_135' title='bbox 1853 1869 1905 1922; x_wconf 92' lang='lat' dir='ltr'><strong>iu</strong></span> <span class='ocrx_word' id='word_1_136' title='bbox 1957 1868 2098 1923; x_wconf 90' lang='lat' dir='ltr'><strong>nullo</strong></span> 
     </span>
    </p>
   </div>
   <div class='ocr_carea' id='block_1_18' title="bbox 523 1958 2098 2033">
    <p class='ocr_par' dir='ltr' id='par_1_18' title="bbox 523 1958 2098 2033">
     <span class='ocr_line' id='line_1_18' title="bbox 523 1958 2098 2033; baseline -0.006 -11"><span class='ocrx_word' id='word_1_137' title='bbox 523 1967 746 2022; x_wconf 88' lang='lat' dir='ltr'><strong>crimine</strong></span> <span class='ocrx_word' id='word_1_138' title='bbox 790 1963 1157 2033; x_wconf 86' lang='lat' dir='ltr'><strong>reperiebant:</strong></span> <span class='ocrx_word' id='word_1_139' title='bbox 1183 1972 1235 2016; x_wconf 91' lang='lat' dir='ltr'><strong>ct</strong></span> <span class='ocrx_word' id='word_1_140' title='bbox 1274 1961 1316 2016; x_wconf 91' lang='lat' dir='ltr'><strong>si</strong></span> <span class='ocrx_word' id='word_1_141' title='bbox 1350 1970 1527 2015; x_wconf 90' lang='lat' dir='ltr'><strong>nostra</strong></span> <span class='ocrx_word' id='word_1_142' title='bbox 1573 1973 1694 2015; x_wconf 91' lang='lat' dir='ltr'><strong>vera</strong></span> <span class='ocrx_word' id='word_1_143' title='bbox 1718 1999 1732 2024; x_wconf 94' lang='lat'><strong>,</strong></span> <span class='ocrx_word' id='word_1_144' title='bbox 1765 1958 1972 2013; x_wconf 90' lang='lat' dir='ltr'><strong>illorum</strong></span> <span class='ocrx_word' id='word_1_145' title='bbox 2001 1973 2098 2012; x_wconf 84' lang='lat' dir='ltr'><strong>att-</strong></span> 
     </span>
    </p>
   </div>
   <div class='ocr_carea' id='block_1_19' title="bbox 525 2049 2095 2120">
    <p class='ocr_par' dir='ltr' id='par_1_19' title="bbox 525 2049 2095 2120">
     <span class='ocr_line' id='line_1_19' title="bbox 525 2049 2095 2120; baseline -0.005 -9"><span class='ocrx_word' id='word_1_146' title='bbox 525 2067 632 2114; x_wconf 90' lang='lat' dir='ltr'><strong>tem</strong></span> <span class='ocrx_word' id='word_1_147' title='bbox 663 2056 791 2110; x_wconf 89' lang='lat' dir='ltr'><strong>falsa</strong></span> <span class='ocrx_word' id='word_1_148' title='bbox 816 2063 971 2119; x_wconf 88' lang='lat' dir='ltr'><strong>sunt,</strong></span> <span class='ocrx_word' id='word_1_149' title='bbox 999 2052 1139 2106; x_wconf 89' lang='lat' dir='ltr'><strong>nulla</strong></span> <span class='ocrx_word' id='word_1_150' title='bbox 1169 2050 1262 2106; x_wconf 92' lang='lat' dir='ltr'><strong>fuit</strong></span> <span class='ocrx_word' id='word_1_151' title='bbox 1293 2063 1450 2106; x_wconf 88' lang='lat' dir='ltr'><strong>causa</strong></span> <span class='ocrx_word' id='word_1_152' title='bbox 1479 2049 1828 2120; x_wconf 87' lang='lat' dir='ltr'><strong>separationis</strong></span> <span class='ocrx_word' id='word_1_153' title='bbox 1856 2050 2095 2114; x_wconf 91' lang='lat' dir='ltr'><strong>illortnn,</strong></span> 
     </span>
    </p>
   </div>
   <div class='ocr_carea' id='block_1_20' title="bbox 524 2142 2099 2218">
    <p class='ocr_par' dir='ltr' id='par_1_20' title="bbox 524 2142 2099 2218">
     <span class='ocr_line' id='line_1_20' title="bbox 524 2142 2099 2218; baseline -0.002 -17"><span class='ocrx_word' id='word_1_154' title='bbox 524 2149 645 2216; x_wconf 89' lang='lat' dir='ltr'><strong>quia</strong></span> <span class='ocrx_word' id='word_1_155' title='bbox 678 2147 853 2218; x_wconf 78' lang='lat' dir='ltr'><strong>potius</strong></span> <span class='ocrx_word' id='word_1_156' title='bbox 879 2161 937 2202; x_wconf 90' lang='lat' dir='ltr'><strong>se</strong></span> <span class='ocrx_word' id='word_1_157' title='bbox 961 2144 1250 2214; x_wconf 80' lang='lat' dir='ltr'><strong>corrigere.</strong></span> <span class='ocrx_word' id='word_1_158' title='bbox 1283 2153 1440 2213; x_wconf 89' lang='lat' dir='ltr'><strong>atque</strong></span> <span class='ocrx_word' id='word_1_159' title='bbox 1480 2142 1531 2196; x_wconf 90' lang='lat' dir='ltr'><strong>in</strong></span> <span class='ocrx_word' id='word_1_160' title='bbox 1563 2142 1762 2198; x_wconf 89' lang='lat' dir='ltr'><strong>unitate</strong></span> <span class='ocrx_word' id='word_1_161' title='bbox 1789 2157 2099 2212; x_wconf 89' lang='lat' dir='ltr'><strong>permanere</strong></span> 
     </span>
    </p>
   </div>
   <div class='ocr_carea' id='block_1_21' title="bbox 523 2233 2097 2297">
    <p class='ocr_par' dir='ltr' id='par_1_21' title="bbox 523 2233 2097 2297">
     <span class='ocr_line' id='line_1_21' title="bbox 523 2233 2097 2297; baseline -0.004 -3"><span class='ocrx_word' id='word_1_162' title='bbox 523 2240 903 2295; x_wconf 80' lang='lat' dir='ltr'><strong>dchchantzet</strong></span> <span class='ocrx_word' id='word_1_163' title='bbox 945 2238 989 2291; x_wconf 91' lang='lat' dir='ltr'><strong>si</strong></span> <span class='ocrx_word' id='word_1_164' title='bbox 1023 2246 1198 2290; x_wconf 85' lang='lat' dir='ltr'><strong>nostra</strong></span> <span class='ocrx_word' id='word_1_165' title='bbox 1249 2234 1376 2288; x_wconf 74' lang='lat' dir='ltr'><strong>falsa</strong></span> <span class='ocrx_word' id='word_1_166' title='bbox 1417 2244 1578 2297; x_wconf 86' lang='lat' dir='ltr'><strong>sunt,</strong></span> <span class='ocrx_word' id='word_1_167' title='bbox 1619 2243 1674 2288; x_wconf 89' lang='lat' dir='ltr'><strong>ct</strong></span> <span class='ocrx_word' id='word_1_168' title='bbox 1716 2233 1927 2288; x_wconf 90' lang='lat' dir='ltr'><strong>illorum</strong></span> <span class='ocrx_word' id='word_1_169' title='bbox 1975 2249 2097 2290; x_wconf 88' lang='lat' dir='ltr'><strong>vcra</strong></span> 
     </span>
    </p>
   </div>
   <div class='ocr_carea' id='block_1_22' title="bbox 524 2323 2096 2396">
    <p class='ocr_par' dir='ltr' id='par_1_22' title="bbox 524 2323 2096 2396">
     <span class='ocr_line' id='line_1_22' title="bbox 524 2323 2096 2396; baseline -0.005 -12"><span class='ocrx_word' id='word_1_170' title='bbox 524 2341 649 2384; x_wconf 89' lang='lat' dir='ltr'><strong>sunt</strong></span> <span class='ocrx_word' id='word_1_171' title='bbox 676 2371 689 2388; x_wconf 93' lang='lat'><strong>.</strong></span> <span class='ocrx_word' id='word_1_172' title='bbox 716 2329 855 2383; x_wconf 86' lang='lat' dir='ltr'><strong>nulla</strong></span> <span class='ocrx_word' id='word_1_173' title='bbox 899 2327 994 2381; x_wconf 90' lang='lat' dir='ltr'><strong>fuit</strong></span> <span class='ocrx_word' id='word_1_174' title='bbox 1021 2340 1178 2381; x_wconf 87' lang='lat' dir='ltr'><strong>causa</strong></span> <span class='ocrx_word' id='word_1_175' title='bbox 1209 2325 1559 2396; x_wconf 85' lang='lat' dir='ltr'><strong>separationis</strong></span> <span class='ocrx_word' id='word_1_176' title='bbox 1588 2325 1795 2378; x_wconf 89' lang='lat' dir='ltr'><strong>illorum</strong></span> <span class='ocrx_word' id='word_1_177' title='bbox 1823 2365 1835 2386; x_wconf 88' lang='lat'><strong>.</strong></span> <span class='ocrx_word' id='word_1_178' title='bbox 1865 2323 1984 2393; x_wconf 89' lang='lat' dir='ltr'><strong>quia</strong></span> <span class='ocrx_word' id='word_1_179' title='bbox 2015 2324 2096 2376; x_wconf 87' lang='lat' dir='ltr'><strong>iii-</strong></span> 
     </span>
    </p>
   </div>
   <div class='ocr_carea' id='block_1_23' title="bbox 527 2415 2097 2478">
    <p class='ocr_par' dir='ltr' id='par_1_23' title="bbox 527 2415 2097 2478">
     <span class='ocr_line' id='line_1_23' title="bbox 527 2415 2097 2478; baseline -0.005 -2"><span class='ocrx_word' id='word_1_180' title='bbox 527 2432 802 2478; x_wconf 83' lang='lat' dir='ltr'><strong>noccntem</strong></span> <span class='ocrx_word' id='word_1_181' title='bbox 830 2421 1012 2476; x_wconf 82' lang='lat' dir='ltr'><strong>orbem</strong></span> <span class='ocrx_word' id='word_1_182' title='bbox 1036 2427 1318 2478; x_wconf 83' lang='lat' dir='ltr'><strong>terrarum,</strong></span> <span class='ocrx_word' id='word_1_183' title='bbox 1350 2416 1432 2472; x_wconf 78' lang='lat' dir='ltr'><strong>cui</strong></span> <span class='ocrx_word' id='word_1_184' title='bbox 1465 2417 1576 2471; x_wconf 81' lang='lat' dir='ltr'><strong>Il.l‘C</strong></span> <span class='ocrx_word' id='word_1_185' title='bbox 1621 2415 1989 2471; x_wconf 88' lang='lat' dir='ltr'><strong>demonstrare</strong></span> <span class='ocrx_word' id='word_1_186' title='bbox 2019 2415 2097 2468; x_wconf 90' lang='lat' dir='ltr'><strong>vel</strong></span> 
     </span>
    </p>
   </div>
   <div class='ocr_carea' id='block_1_24' title="bbox 526 2506 2095 2578">
    <p class='ocr_par' dir='ltr' id='par_1_24' title="bbox 526 2506 2095 2578">
     <span class='ocr_line' id='line_1_24' title="bbox 526 2506 2095 2578; baseline -0.005 -12"><span class='ocrx_word' id='word_1_187' title='bbox 526 2513 808 2568; x_wconf 90' lang='lat' dir='ltr'><strong>noluerunt</strong></span> <span class='ocrx_word' id='word_1_188' title='bbox 837 2513 914 2565; x_wconf 88' lang='lat' dir='ltr'><strong>vel</strong></span> <span class='ocrx_word' id='word_1_189' title='bbox 949 2524 1050 2564; x_wconf 92' lang='lat' dir='ltr'><strong>non</strong></span> <span class='ocrx_word' id='word_1_190' title='bbox 1077 2516 1384 2578; x_wconf 82' lang='lat' dir='ltr'><strong>potuerunt,</strong></span> <span class='ocrx_word' id='word_1_191' title='bbox 1411 2508 1658 2562; x_wconf 87' lang='lat' dir='ltr'><strong>deserere</strong></span> <span class='ocrx_word' id='word_1_192' title='bbox 1683 2523 1785 2560; x_wconf 91' lang='lat' dir='ltr'><strong>non</strong></span> <span class='ocrx_word' id='word_1_193' title='bbox 1813 2506 2095 2561; x_wconf 78' lang='lat' dir='ltr'><strong>debebant.</strong></span> 
     </span>
    </p>
   </div>
   <div class='ocr_carea' id='block_1_25' title="bbox 595 2597 2098 2670">
    <p class='ocr_par' dir='ltr' id='par_1_25' title="bbox 595 2597 2098 2670">
     <span class='ocr_line' id='line_1_25' title="bbox 595 2597 2098 2670; baseline -0.005 -12"><span class='ocrx_word' id='word_1_194' title='bbox 595 2604 648 2658; x_wconf 85' lang='lat'><strong>6.</strong></span> <span class='ocrx_word' id='word_1_195' title='bbox 689 2606 896 2670; x_wconf 66' lang='lat' dir='ltr'><strong>Qua-rat</strong></span> <span class='ocrx_word' id='word_1_196' title='bbox 923 2601 1146 2656; x_wconf 85' lang='lat' dir='ltr'><strong>fortasse</strong></span> <span class='ocrx_word' id='word_1_197' title='bbox 1169 2598 1379 2667; x_wconf 80' lang='lat' dir='ltr'><strong>aliquis,</strong></span> <span class='ocrx_word' id='word_1_198' title='bbox 1409 2608 1459 2651; x_wconf 90' lang='lat' dir='ltr'><strong>ct</strong></span> <span class='ocrx_word' id='word_1_199' title='bbox 1488 2597 1626 2650; x_wconf 89' lang='lat' dir='ltr'><strong>dicat</strong></span> <span class='ocrx_word' id='word_1_200' title='bbox 1653 2597 1780 2651; x_wconf 89' lang='lat' dir='ltr'><strong>mihi</strong></span> <span class='ocrx_word' id='word_1_201' title='bbox 1807 2615 1818 2650; x_wconf 93' lang='lat'>:</span> <span class='ocrx_word' id='word_1_202' title='bbox 1842 2598 1948 2651; x_wconf 90' lang='lat' dir='ltr'><strong>Cur</strong></span> <span class='ocrx_word' id='word_1_203' title='bbox 1973 2611 2098 2666; x_wconf 83' lang='lat' dir='ltr'><strong>ergo</strong></span> 
     </span>
    </p>
   </div>
   <div class='ocr_carea' id='block_1_26' title="bbox 528 2687 2095 2758">
    <p class='ocr_par' dir='ltr' id='par_1_26' title="bbox 528 2687 2095 2758">
     <span class='ocr_line' id='line_1_26' title="bbox 528 2687 2095 2758; baseline -0.006 -10"><span class='ocrx_word' id='word_1_204' title='bbox 528 2694 633 2748; x_wconf 78' lang='lat' dir='ltr'><strong>ista</strong></span> <span class='ocrx_word' id='word_1_205' title='bbox 679 2694 758 2748; x_wconf 85' lang='lat' dir='ltr'><strong>vis</strong></span> <span class='ocrx_word' id='word_1_206' title='bbox 787 2692 980 2748; x_wconf 87' lang='lat' dir='ltr'><strong>auterri</strong></span> <span class='ocrx_word' id='word_1_207' title='bbox 1027 2691 1093 2746; x_wconf 91' lang='lat' dir='ltr'><strong>de</strong></span> <span class='ocrx_word' id='word_1_208' title='bbox 1135 2689 1314 2744; x_wconf 89' lang='lat' dir='ltr'><strong>medio</strong></span> <span class='ocrx_word' id='word_1_209' title='bbox 1337 2730 1352 2756; x_wconf 95' lang='lat'><strong>,</strong></span> <span class='ocrx_word' id='word_1_210' title='bbox 1384 2688 1596 2758; x_wconf 85' lang='lat' dir='ltr'><strong>quando</strong></span> <span class='ocrx_word' id='word_1_211' title='bbox 1637 2687 1938 2743; x_wconf 76' lang='lat' dir='ltr'><strong>coriinnmio</strong></span> <span class='ocrx_word' id='word_1_212' title='bbox 1970 2697 2054 2740; x_wconf 92' lang='lat' dir='ltr'><strong>tua</strong></span> <span class='ocrx_word' id='word_1_213' title='bbox 2080 2728 2095 2752; x_wconf 88' lang='lat'><strong>,</strong></span> 
     </span>
    </p>
   </div>
   <div class='ocr_carea' id='block_1_27' title="bbox 529 2777 2099 2852">
    <p class='ocr_par' dir='ltr' id='par_1_27' title="bbox 529 2777 2099 2852">
     <span class='ocr_line' id='line_1_27' title="bbox 529 2777 2099 2852; baseline -0.005 -11"><span class='ocrx_word' id='word_1_214' title='bbox 529 2783 736 2841; x_wconf 88' lang='lat' dir='ltr'><strong>etiamsi</strong></span> <span class='ocrx_word' id='word_1_215' title='bbox 766 2781 1120 2852; x_wconf 88' lang='lat' dir='ltr'><strong>proferantur,</strong></span> <span class='ocrx_word' id='word_1_216' title='bbox 1152 2780 1344 2834; x_wconf 87' lang='lat' dir='ltr'><strong>invicta</strong></span> <span class='ocrx_word' id='word_1_217' title='bbox 1381 2778 1500 2834; x_wconf 88' lang='lat' dir='ltr'><strong>cst?</strong></span> <span class='ocrx_word' id='word_1_218' title='bbox 1527 2777 1660 2845; x_wconf 86' lang='lat' dir='ltr'><strong>Quia</strong></span> <span class='ocrx_word' id='word_1_219' title='bbox 1706 2777 1828 2833; x_wconf 86' lang='lat' dir='ltr'><strong>nolo</strong></span> <span class='ocrx_word' id='word_1_220' title='bbox 1858 2777 2099 2833; x_wconf 90' lang='lat' dir='ltr'><strong>lnnnanis</strong></span> 
     </span>
    </p>
   </div>
   <div class='ocr_carea' id='block_1_28' title="bbox 527 2865 2098 2935">
    <p class='ocr_par' dir='ltr' id='par_1_28' title="bbox 527 2865 2098 2935">
     <span class='ocr_line' id='line_1_28' title="bbox 527 2865 2098 2935; baseline -0.01 -2"><span class='ocrx_word' id='word_1_221' title='bbox 527 2876 894 2935; x_wconf 84' lang='lat' dir='ltr'><strong>doctuiientis.</strong></span> <span class='ocrx_word' id='word_1_222' title='bbox 925 2871 1018 2926; x_wconf 89' lang='lat' dir='ltr'><strong>sed</strong></span> <span class='ocrx_word' id='word_1_223' title='bbox 1058 2869 1247 2925; x_wconf 89' lang='lat' dir='ltr'><strong>divinis</strong></span> <span class='ocrx_word' id='word_1_224' title='bbox 1281 2868 1508 2924; x_wconf 89' lang='lat' dir='ltr'><strong>oraculis</strong></span> <span class='ocrx_word' id='word_1_225' title='bbox 1541 2877 1775 2923; x_wconf 87' lang='lat' dir='ltr'><strong>sanctam</strong></span> <span class='ocrx_word' id='word_1_226' title='bbox 1814 2865 2098 2921; x_wconf 77' lang='lat' dir='ltr'><strong>I-Icclesiam</strong></span> 
     </span>
    </p>
   </div>
   <div class='ocr_carea' id='block_1_29' title="bbox 532 2954 2098 3027">
    <p class='ocr_par' dir='ltr' id='par_1_29' title="bbox 532 2954 2098 3027">
     <span class='ocr_line' id='line_1_29' title="bbox 532 2954 2098 3027; baseline -0.01 -4"><span class='ocrx_word' id='word_1_227' title='bbox 532 2962 906 3023; x_wconf 79' lang='lat' dir='ltr'><strong>demonstrari.</strong></span> <span class='ocrx_word' id='word_1_228' title='bbox 936 2962 990 3020; x_wconf 83' lang='lat' dir='ltr'><strong>Si</strong></span> <span class='ocrx_word' id='word_1_229' title='bbox 1011 2961 1151 3014; x_wconf 92' lang='lat' dir='ltr'><strong>enim</strong></span> <span class='ocrx_word' id='word_1_230' title='bbox 1179 2968 1376 3012; x_wconf 67' lang='lat' dir='ltr'><strong>sanctte</strong></span> <span class='ocrx_word' id='word_1_231' title='bbox 1398 2958 1682 3027; x_wconf 78' lang='lat' dir='ltr'><strong>Scriptura:</strong></span> <span class='ocrx_word' id='word_1_232' title='bbox 1711 2958 1761 3009; x_wconf 90' lang='lat' dir='ltr'><strong>in</strong></span> <span class='ocrx_word' id='word_1_233' title='bbox 1787 2956 1962 3011; x_wconf 77' lang='lat' dir='ltr'><strong>Africa</strong></span> <span class='ocrx_word' id='word_1_234' title='bbox 1989 2954 2098 3010; x_wconf 80' lang='lat' dir='ltr'><strong>sola</strong></span> 
     </span>
    </p>
   </div>
   <div class='ocr_carea' id='block_1_30' title="bbox 527 3045 2102 3128">
    <p class='ocr_par' dir='ltr' id='par_1_30' title="bbox 527 3045 2102 3128">
     <span class='ocr_line' id='line_1_30' title="bbox 527 3045 2102 3128; baseline -0.007 -14"><span class='ocrx_word' id='word_1_235' title='bbox 527 3060 933 3128; x_wconf 78' lang='lat' dir='ltr'><strong>designaverunt</strong></span> <span class='ocrx_word' id='word_1_236' title='bbox 964 3050 1251 3109; x_wconf 70' lang='lat' dir='ltr'><strong>Ecciesiam</strong></span> <span class='ocrx_word' id='word_1_237' title='bbox 1275 3093 1289 3116; x_wconf 87' lang='lat'><strong>,</strong></span> <span class='ocrx_word' id='word_1_238' title='bbox 1317 3060 1371 3106; x_wconf 88' lang='lat' dir='ltr'><strong>et</strong></span> <span class='ocrx_word' id='word_1_239' title='bbox 1403 3049 1452 3105; x_wconf 91' lang='lat' dir='ltr'><strong>in</strong></span> <span class='ocrx_word' id='word_1_240' title='bbox 1493 3048 1673 3120; x_wconf 87' lang='lat' dir='ltr'><strong>paucis</strong></span> <span class='ocrx_word' id='word_1_241' title='bbox 1699 3047 1882 3105; x_wconf 73' lang='lat' dir='ltr'><strong>liomfe</strong></span> <span class='ocrx_word' id='word_1_242' title='bbox 1907 3045 2102 3106; x_wconf 81' lang='lat' dir='ltr'><strong>Cutzu—</strong></span> 
     </span>
    </p>
   </div>
   <div class='ocr_carea' id='block_1_31' title="bbox 531 3142 2100 3220">
    <p class='ocr_par' dir='ltr' id='par_1_31' title="bbox 531 3142 2100 3220">
     <span class='ocr_line' id='line_1_31' title="bbox 531 3142 2100 3220; baseline -0.006 -16"><span class='ocrx_word' id='word_1_243' title='bbox 531 3150 755 3220; x_wconf 86' lang='lat' dir='ltr'><strong>pitanis‘</strong></span> <span class='ocrx_word' id='word_1_244' title='bbox 792 3149 870 3203; x_wconf 89' lang='lat' dir='ltr'><strong>vel</strong></span> <span class='ocrx_word' id='word_1_245' title='bbox 903 3147 1281 3212; x_wconf 72' lang='lat' dir='ltr'><strong>Mutitmisilnts,</strong></span> <span class='ocrx_word' id='word_1_246' title='bbox 1312 3154 1366 3200; x_wconf 90' lang='lat' dir='ltr'><strong>et</strong></span> <span class='ocrx_word' id='word_1_247' title='bbox 1396 3145 1445 3198; x_wconf 89' lang='lat' dir='ltr'><strong>iii</strong></span> <span class='ocrx_word' id='word_1_248' title='bbox 1476 3144 1634 3198; x_wconf 88' lang='lat' dir='ltr'><strong>domo</strong></span> <span class='ocrx_word' id='word_1_249' title='bbox 1661 3143 1740 3198; x_wconf 88' lang='lat' dir='ltr'><strong>vel</strong></span> <span class='ocrx_word' id='word_1_250' title='bbox 1785 3142 2100 3212; x_wconf 87' lang='lat' dir='ltr'><strong>patrimonio</strong></span> 
     </span>
    </p>
   </div>
   <div class='ocr_carea' id='block_1_32' title="bbox 534 3232 2100 3309">
    <p class='ocr_par' dir='ltr' id='par_1_32' title="bbox 534 3232 2100 3309">
     <span class='ocr_line' id='line_1_32' title="bbox 534 3232 2100 3309; baseline -0.006 -13"><span class='ocrx_word' id='word_1_251' title='bbox 534 3244 689 3297; x_wconf 84' lang='lat' dir='ltr'><strong>unius</strong></span> <span class='ocrx_word' id='word_1_252' title='bbox 715 3240 956 3309; x_wconf 80' lang='lat' dir='ltr'><strong>llispan.e</strong></span> <span class='ocrx_word' id='word_1_253' title='bbox 984 3237 1224 3293; x_wconf 83' lang='lat' dir='ltr'><strong>mulieris</strong></span> <span class='ocrx_word' id='word_1_254' title='bbox 1249 3237 1324 3307; x_wconf 79' lang='lat' dir='ltr'><strong>(lt)</strong></span> <span class='ocrx_word' id='word_1_255' title='bbox 1352 3252 1367 3300; x_wconf 85' lang='lat'><strong>;</strong></span> <span class='ocrx_word' id='word_1_256' title='bbox 1391 3234 1641 3305; x_wconf 87' lang='lat' dir='ltr'><strong>quidqunl</strong></span> <span class='ocrx_word' id='word_1_257' title='bbox 1669 3235 1735 3290; x_wconf 92' lang='lat' dir='ltr'><strong>dc</strong></span> <span class='ocrx_word' id='word_1_258' title='bbox 1759 3234 1958 3288; x_wconf 88' lang='lat' dir='ltr'><strong>chartis</strong></span> <span class='ocrx_word' id='word_1_259' title='bbox 1983 3232 2100 3286; x_wconf 90' lang='lat' dir='ltr'><strong>aliis</strong></span> 
     </span>
    </p>
   </div>
   <div class='ocr_carea' id='block_1_33' title="bbox 529 3322 2099 3401">
    <p class='ocr_par' dir='ltr' id='par_1_33' title="bbox 529 3322 2099 3401">
     <span class='ocr_line' id='line_1_33' title="bbox 529 3322 2099 3401; baseline -0.008 -13"><span class='ocrx_word' id='word_1_260' title='bbox 529 3335 670 3388; x_wconf 89' lang='lat' dir='ltr'><strong>alnnl</strong></span> <span class='ocrx_word' id='word_1_261' title='bbox 701 3333 1014 3401; x_wconf 81' lang='lat' dir='ltr'><strong>proferatur.</strong></span> <span class='ocrx_word' id='word_1_262' title='bbox 1049 3343 1151 3383; x_wconf 89' lang='lat' dir='ltr'><strong>non</strong></span> <span class='ocrx_word' id='word_1_263' title='bbox 1186 3337 1365 3384; x_wconf 88' lang='lat' dir='ltr'><strong>tenent</strong></span> <span class='ocrx_word' id='word_1_264' title='bbox 1409 3325 1696 3380; x_wconf 78' lang='lat' dir='ltr'><strong>Ecclesiani</strong></span> <span class='ocrx_word' id='word_1_265' title='bbox 1739 3323 1836 3377; x_wconf 89' lang='lat' dir='ltr'><strong>nisi</strong></span> <span class='ocrx_word' id='word_1_266' title='bbox 1886 3322 2099 3377; x_wconf 88' lang='lat' dir='ltr'><strong>Donati-</strong></span> 
     </span>
    </p>
   </div>
   <div class='ocr_carea' id='block_1_34' title="bbox 527 3404 2097 3490">
    <p class='ocr_par' dir='ltr' id='par_1_34' title="bbox 527 3404 2097 3490">
     <span class='ocr_line' id='line_1_34' title="bbox 527 3404 2097 3490; baseline -0.008 -12"><span class='ocrx_word' id='word_1_267' title='bbox 527 3434 644 3478; x_wconf 57' lang='grc' dir='ltr'><strong>ειν.</strong></span> <span class='ocrx_word' id='word_1_268' title='bbox 677 3423 732 3478; x_wconf 81' lang='lat' dir='ltr'><strong>Si</strong></span> <span class='ocrx_word' id='word_1_269' title='bbox 764 3423 816 3474; x_wconf 90' lang='lat' dir='ltr'><strong>in</strong></span> <span class='ocrx_word' id='word_1_270' title='bbox 848 3404 1024 3490; x_wconf 77' lang='lat' dir='ltr'><strong>paucis</strong></span> <span class='ocrx_word' id='word_1_271' title='bbox 1056 3419 1248 3474; x_wconf 75' lang='lat' dir='ltr'><strong>Mani-is</strong></span> <span class='ocrx_word' id='word_1_272' title='bbox 1281 3417 1562 3486; x_wconf 72' lang='lat' dir='ltr'><strong>provincia:</strong></span> <span class='ocrx_word' id='word_1_273' title='bbox 1601 3413 1955 3470; x_wconf 74' lang='lat' dir='ltr'><strong>Czesarcensis</strong></span> <span class='ocrx_word' id='word_1_274' title='bbox 1980 3426 2097 3468; x_wconf 89' lang='lat' dir='ltr'><strong>eam</strong></span> 
     </span>
    </p>
   </div>
   <div class='ocr_carea' id='block_1_35' title="bbox 526 3507 2093 3582">
    <p class='ocr_par' dir='ltr' id='par_1_35' title="bbox 526 3507 2093 3582">
     <span class='ocr_line' id='line_1_35' title="bbox 526 3507 2093 3582; baseline -0.005 -12"><span class='ocrx_word' id='word_1_275' title='bbox 526 3525 709 3572; x_wconf 86' lang='lat' dir='ltr'><strong>sancta</strong></span> <span class='ocrx_word' id='word_1_276' title='bbox 735 3513 1004 3582; x_wconf 80' lang='lat' dir='ltr'><strong>Scriptura</strong></span> <span class='ocrx_word' id='word_1_277' title='bbox 1029 3510 1342 3566; x_wconf 86' lang='lat' dir='ltr'><strong>determinat</strong></span> <span class='ocrx_word' id='word_1_278' title='bbox 1365 3525 1378 3571; x_wconf 88' lang='lat'><strong>;</strong></span> <span class='ocrx_word' id='word_1_279' title='bbox 1405 3507 1470 3562; x_wconf 89' lang='lat' dir='ltr'><strong>ad</strong></span> <span class='ocrx_word' id='word_1_280' title='bbox 1499 3507 1794 3578; x_wconf 72' lang='lat' dir='ltr'><strong>Iiogatistas</strong></span> <span class='ocrx_word' id='word_1_281' title='bbox 1821 3516 2093 3562; x_wconf 86' lang='lat' dir='ltr'><strong>transeun-</strong></span> 
     </span>
    </p>
   </div>
   <div class='ocr_carea' id='block_1_36' title="bbox 525 3596 2098 3671">
    <p class='ocr_par' dir='ltr' id='par_1_36' title="bbox 525 3596 2098 3671">
     <span class='ocr_line' id='line_1_36' title="bbox 525 3596 2098 3671; baseline -0.004 -13"><span class='ocrx_word' id='word_1_282' title='bbox 525 3605 652 3659; x_wconf 88' lang='lat' dir='ltr'><strong>dum</strong></span> <span class='ocrx_word' id='word_1_283' title='bbox 682 3613 784 3659; x_wconf 88' lang='lat' dir='ltr'><strong>est.</strong></span> <span class='ocrx_word' id='word_1_284' title='bbox 827 3602 881 3657; x_wconf 89' lang='lat' dir='ltr'><strong>Si</strong></span> <span class='ocrx_word' id='word_1_285' title='bbox 928 3603 978 3656; x_wconf 90' lang='lat' dir='ltr'><strong>iti</strong></span> <span class='ocrx_word' id='word_1_286' title='bbox 1025 3600 1205 3671; x_wconf 84' lang='lat' dir='ltr'><strong>paucis</strong></span> <span class='ocrx_word' id='word_1_287' title='bbox 1243 3599 1586 3668; x_wconf 83' lang='lat' dir='ltr'><strong>Tripolitanis</strong></span> <span class='ocrx_word' id='word_1_288' title='bbox 1625 3608 1676 3652; x_wconf 87' lang='lat' dir='ltr'><strong>ct</strong></span> <span class='ocrx_word' id='word_1_289' title='bbox 1724 3596 2007 3668; x_wconf 70' lang='lat' dir='ltr'><strong>liyzacenis</strong></span> <span class='ocrx_word' id='word_1_290' title='bbox 2045 3604 2098 3651; x_wconf 90' lang='lat' dir='ltr'><strong>et</strong></span> 
     </span>
    </p>
   </div>
   <div class='ocr_carea' id='block_1_37' title="bbox 525 3686 2098 3757">
    <p class='ocr_par' dir='ltr' id='par_1_37' title="bbox 525 3686 2098 3757">
     <span class='ocr_line' id='line_1_37' title="bbox 525 3686 2098 3757; baseline -0.007 -5"><span class='ocrx_word' id='word_1_291' title='bbox 525 3695 973 3756; x_wconf 81' lang='lat' dir='ltr'><strong>l‘roviiicialibus;</strong></span> <span class='ocrx_word' id='word_1_292' title='bbox 996 3690 1392 3748; x_wconf 72' lang='lat' dir='ltr'><strong>Maximianista:</strong></span> <span class='ocrx_word' id='word_1_293' title='bbox 1412 3689 1480 3742; x_wconf 89' lang='lat' dir='ltr'><strong>ad</strong></span> <span class='ocrx_word' id='word_1_294' title='bbox 1501 3703 1616 3744; x_wconf 92' lang='lat' dir='ltr'><strong>eam</strong></span> <span class='ocrx_word' id='word_1_295' title='bbox 1648 3697 2019 3757; x_wconf 90' lang='lat' dir='ltr'><strong>pervenerunt.</strong></span> <span class='ocrx_word' id='word_1_296' title='bbox 2041 3686 2098 3743; x_wconf 86' lang='lat' dir='ltr'><strong>Si</strong></span> 
     </span>
    </p>
   </div>
   <div class='ocr_carea' id='block_1_38' title="bbox 531 3779 2101 3846">
    <p class='ocr_par' dir='ltr' id='par_1_38' title="bbox 531 3779 2101 3846">
     <span class='ocr_line' id='line_1_38' title="bbox 531 3779 2101 3846; baseline -0.005 -4"><span class='ocrx_word' id='word_1_297' title='bbox 531 3805 582 3842; x_wconf 87' lang='lat' dir='ltr'><strong>in</strong></span> <span class='ocrx_word' id='word_1_298' title='bbox 614 3788 740 3844; x_wconf 81' lang='lat' dir='ltr'><strong>solis</strong></span> <span class='ocrx_word' id='word_1_299' title='bbox 761 3784 1154 3846; x_wconf 82' lang='lat' dir='ltr'><strong>Orientalibus;</strong></span> <span class='ocrx_word' id='word_1_300' title='bbox 1184 3782 1321 3836; x_wconf 88' lang='lat' dir='ltr'><strong>inter</strong></span> <span class='ocrx_word' id='word_1_301' title='bbox 1341 3780 1566 3836; x_wconf 84' lang='lat' dir='ltr'><strong>Arianos</strong></span> <span class='ocrx_word' id='word_1_302' title='bbox 1593 3789 1647 3835; x_wconf 92' lang='lat' dir='ltr'><strong>et</strong></span> <span class='ocrx_word' id='word_1_303' title='bbox 1671 3779 2026 3836; x_wconf 82' lang='lat' dir='ltr'><strong>Eunomianos</strong></span> <span class='ocrx_word' id='word_1_304' title='bbox 2047 3789 2101 3835; x_wconf 90' lang='lat' dir='ltr'><strong>et</strong></span> 
     </span>
    </p>
   </div>
   <div class='ocr_carea' id='block_1_39' title="bbox 526 3871 2095 3943">
    <p class='ocr_par' dir='ltr' id='par_1_39' title="bbox 526 3871 2095 3943">
     <span class='ocr_line' id='line_1_39' title="bbox 526 3871 2095 3943; baseline -0.006 -9"><span class='ocrx_word' id='word_1_305' title='bbox 526 3878 956 3937; x_wconf 74' lang='lat' dir='ltr'><strong>Macedonianos.</strong></span> <span class='ocrx_word' id='word_1_306' title='bbox 981 3885 1035 3932; x_wconf 89' lang='lat' dir='ltr'><strong>et</strong></span> <span class='ocrx_word' id='word_1_307' title='bbox 1061 3873 1106 3930; x_wconf 91' lang='lat' dir='ltr'><strong>si</strong></span> <span class='ocrx_word' id='word_1_308' title='bbox 1131 3873 1216 3943; x_wconf 90' lang='lat' dir='ltr'><strong>qui</strong></span> <span class='ocrx_word' id='word_1_309' title='bbox 1250 3872 1355 3928; x_wconf 90' lang='lat' dir='ltr'><strong>illic</strong></span> <span class='ocrx_word' id='word_1_310' title='bbox 1376 3872 1462 3926; x_wconf 90' lang='lat' dir='ltr'><strong>alii</strong></span> <span class='ocrx_word' id='word_1_311' title='bbox 1488 3881 1630 3935; x_wconf 86' lang='lat' dir='ltr'><strong>sunt,</strong></span> <span class='ocrx_word' id='word_1_312' title='bbox 1655 3871 1968 3941; x_wconf 89' lang='lat' dir='ltr'><strong>requirenda</strong></span> <span class='ocrx_word' id='word_1_313' title='bbox 1995 3879 2095 3926; x_wconf 89' lang='lat' dir='ltr'><strong>est.</strong></span> 
     </span>
    </p>
   </div>
   <div class='ocr_carea' id='block_1_40' title="bbox 527 3961 2099 4036">
    <p class='ocr_par' dir='ltr' id='par_1_40' title="bbox 527 3961 2099 4036">
     <span class='ocr_line' id='line_1_40' title="bbox 527 3961 2099 4036; baseline -0.001 -17"><span class='ocrx_word' id='word_1_314' title='bbox 527 3969 656 4034; x_wconf 76' lang='lat' dir='ltr'><strong>Quis</strong></span> <span class='ocrx_word' id='word_1_315' title='bbox 677 3977 854 4024; x_wconf 89' lang='lat' dir='ltr'><strong>autem</strong></span> <span class='ocrx_word' id='word_1_316' title='bbox 884 3975 1048 4036; x_wconf 79' lang='lat' dir='ltr'><strong>possit</strong></span> <span class='ocrx_word' id='word_1_317' title='bbox 1078 3963 1310 4034; x_wconf 79' lang='lat' dir='ltr'><strong>singulas</strong></span> <span class='ocrx_word' id='word_1_318' title='bbox 1336 3976 1573 4032; x_wconf 89' lang='lat' dir='ltr'><strong>quasque</strong></span> <span class='ocrx_word' id='word_1_319' title='bbox 1615 3961 1846 4016; x_wconf 70' lang='grc' dir='ltr'><strong>Ιιειτρερε</strong></span> <span class='ocrx_word' id='word_1_320' title='bbox 1879 3975 2099 4017; x_wconf 88' lang='lat' dir='ltr'><strong>enunie-</strong></span> 
     </span>
    </p>
   </div>
   <div class='ocr_carea' id='block_1_41' title="bbox 529 4051 2097 4130">
    <p class='ocr_par' dir='ltr' id='par_1_41' title="bbox 529 4051 2097 4130">
     <span class='ocr_line' id='line_1_41' title="bbox 529 4051 2097 4130; baseline -0.006 -15"><span class='ocrx_word' id='word_1_321' title='bbox 529 4075 645 4116; x_wconf 86' lang='lat' dir='ltr'><strong>rare</strong></span> <span class='ocrx_word' id='word_1_322' title='bbox 669 4061 903 4130; x_wconf 81' lang='lat' dir='ltr'><strong>gentium</strong></span> <span class='ocrx_word' id='word_1_323' title='bbox 944 4056 1312 4128; x_wconf 78' lang='lat' dir='ltr'><strong>singularum?</strong></span> <span class='ocrx_word' id='word_1_324' title='bbox 1354 4055 1410 4111; x_wconf 82' lang='lat' dir='ltr'><strong>Si</strong></span> <span class='ocrx_word' id='word_1_325' title='bbox 1439 4063 1614 4109; x_wconf 90' lang='lat' dir='ltr'><strong>autem</strong></span> <span class='ocrx_word' id='word_1_326' title='bbox 1640 4052 1836 4107; x_wconf 82' lang='lat' dir='ltr'><strong>Christi</strong></span> <span class='ocrx_word' id='word_1_327' title='bbox 1867 4051 2097 4108; x_wconf 81' lang='lat' dir='ltr'><strong>Ecclesia</strong></span> 
     </span>
    </p>
   </div>
   <div class='ocr_carea' id='block_1_42' title="bbox 527 4141 2100 4216">
    <p class='ocr_par' dir='ltr' id='par_1_42' title="bbox 527 4141 2100 4216">
     <span class='ocr_line' id='line_1_42' title="bbox 527 4141 2100 4216; baseline -0.006 -11"><span class='ocrx_word' id='word_1_328' title='bbox 527 4153 902 4206; x_wconf 83' lang='lat' dir='ltr'><strong>canonicarum</strong></span> <span class='ocrx_word' id='word_1_329' title='bbox 927 4147 1320 4216; x_wconf 80' lang='lat' dir='ltr'><strong>Scripturarum</strong></span> <span class='ocrx_word' id='word_1_330' title='bbox 1341 4143 1533 4199; x_wconf 72' lang='lat' dir='ltr'><strong>divinis</strong></span> <span class='ocrx_word' id='word_1_331' title='bbox 1555 4153 1607 4199; x_wconf 93' lang='lat' dir='ltr'><strong>ct</strong></span> <span class='ocrx_word' id='word_1_332' title='bbox 1633 4141 1942 4198; x_wconf 86' lang='lat' dir='ltr'><strong>certissimis</strong></span> <span class='ocrx_word' id='word_1_333' title='bbox 1963 4141 2100 4197; x_wconf 73' lang='lat' dir='ltr'><strong>lesu-</strong></span> 
     </span>
    </p>
   </div>
   <div class='ocr_carea' id='block_1_43' title="bbox 531 4231 2098 4306">
    <p class='ocr_par' dir='ltr' id='par_1_43' title="bbox 531 4231 2098 4306">
     <span class='ocr_line' id='line_1_43' title="bbox 531 4231 2098 4306; baseline -0.005 -12"><span class='ocrx_word' id='word_1_334' title='bbox 531 4243 722 4295; x_wconf 84' lang='lat' dir='ltr'><strong>nmmis</strong></span> <span class='ocrx_word' id='word_1_335' title='bbox 747 4239 800 4293; x_wconf 86' lang='lat' dir='ltr'><strong>iii</strong></span> <span class='ocrx_word' id='word_1_336' title='bbox 835 4237 1083 4293; x_wconf 90' lang='lat' dir='ltr'><strong>omnibus</strong></span> <span class='ocrx_word' id='word_1_337' title='bbox 1120 4237 1363 4306; x_wconf 79' lang='lat' dir='ltr'><strong>gentibus</strong></span> <span class='ocrx_word' id='word_1_338' title='bbox 1401 4233 1676 4302; x_wconf 83' lang='lat' dir='ltr'><strong>designata</strong></span> <span class='ocrx_word' id='word_1_339' title='bbox 1705 4242 1785 4286; x_wconf 89' lang='lat' dir='ltr'><strong>est</strong></span> <span class='ocrx_word' id='word_1_340' title='bbox 1812 4248 1824 4284; x_wconf 89' lang='lat'><strong>:</strong></span> <span class='ocrx_word' id='word_1_341' title='bbox 1847 4231 2098 4300; x_wconf 89' lang='lat' dir='ltr'><strong>quidquid</strong></span> 
     </span>
    </p>
   </div>
   <div class='ocr_carea' id='block_1_44' title="bbox 528 4321 2096 4394">
    <p class='ocr_par' dir='ltr' id='par_1_44' title="bbox 528 4321 2096 4394">
     <span class='ocr_line' id='line_1_44' title="bbox 528 4321 2096 4394; baseline -0.004 -12"><span class='ocrx_word' id='word_1_342' title='bbox 528 4333 797 4384; x_wconf 87' lang='lat' dir='ltr'><strong>attulerint</strong></span> <span class='ocrx_word' id='word_1_343' title='bbox 823 4369 838 4392; x_wconf 93' lang='lat'><strong>,</strong></span> <span class='ocrx_word' id='word_1_344' title='bbox 875 4337 930 4382; x_wconf 89' lang='lat' dir='ltr'><strong>ct</strong></span> <span class='ocrx_word' id='word_1_345' title='bbox 977 4327 1343 4394; x_wconf 88' lang='lat' dir='ltr'><strong>undecumque</strong></span> <span class='ocrx_word' id='word_1_346' title='bbox 1374 4322 1706 4378; x_wconf 84' lang='lat' dir='ltr'><strong>recitaverint</strong></span> <span class='ocrx_word' id='word_1_347' title='bbox 1744 4321 1830 4390; x_wconf 92' lang='lat' dir='ltr'><strong>qui</strong></span> <span class='ocrx_word' id='word_1_348' title='bbox 1876 4321 2058 4376; x_wconf 90' lang='lat' dir='ltr'><strong>dicunt</strong></span> <span class='ocrx_word' id='word_1_349' title='bbox 2081 4363 2096 4388; x_wconf 83' lang='lat'><strong>,</strong></span> 
     </span>
    </p>
   </div>
   <div class='ocr_carea' id='block_1_45' title="bbox 536 4409 2099 4480">
    <p class='ocr_par' dir='ltr' id='par_1_45' title="bbox 536 4409 2099 4480">
     <span class='ocr_line' id='line_1_45' title="bbox 536 4409 2099 4480; baseline -0.006 -6"><span class='ocrx_word' id='word_1_350' title='bbox 536 4420 664 4476; x_wconf 70' lang='lat' dir='ltr'><strong>ficte</strong></span> <span class='ocrx_word' id='word_1_351' title='bbox 691 4424 771 4474; x_wconf 84' lang='lat' dir='ltr'><strong>hic</strong></span> <span class='ocrx_word' id='word_1_352' title='bbox 811 4429 882 4472; x_wconf 80' lang='lat' dir='ltr'><strong>cst</strong></span> <span class='ocrx_word' id='word_1_353' title='bbox 921 4419 1149 4472; x_wconf 84' lang='lat' dir='ltr'><strong>(.Iirtstns</strong></span> <span class='ocrx_word' id='word_1_354' title='bbox 1170 4456 1185 4479; x_wconf 94' lang='lat'><strong>,</strong></span> <span class='ocrx_word' id='word_1_355' title='bbox 1216 4429 1327 4469; x_wconf 80' lang='lat' dir='ltr'><strong>cccc</strong></span> <span class='ocrx_word' id='word_1_356' title='bbox 1354 4414 1495 4477; x_wconf 86' lang='lat' dir='ltr'><strong>illic;</strong></span> <span class='ocrx_word' id='word_1_357' title='bbox 1521 4412 1797 4466; x_wconf 89' lang='lat' dir='ltr'><strong>audiamus</strong></span> <span class='ocrx_word' id='word_1_358' title='bbox 1825 4409 1997 4480; x_wconf 90' lang='lat' dir='ltr'><strong>potius</strong></span> <span class='ocrx_word' id='word_1_359' title='bbox 2016 4451 2030 4472; x_wconf 87' lang='lat'><strong>,</strong></span> <span class='ocrx_word' id='word_1_360' title='bbox 2055 4412 2099 4467; x_wconf 91' lang='lat' dir='ltr'><strong>si</strong></span> 
     </span>
    </p>
   </div>
   <div class='ocr_carea' id='block_1_46' title="bbox 530 4500 2102 4579">
    <p class='ocr_par' dir='ltr' id='par_1_46' title="bbox 530 4500 2102 4579">
     <span class='ocr_line' id='line_1_46' title="bbox 530 4500 2102 4579; baseline -0.008 -13"><span class='ocrx_word' id='word_1_361' title='bbox 530 4524 659 4567; x_wconf 90' lang='lat' dir='ltr'><strong>oves</strong></span> <span class='ocrx_word' id='word_1_362' title='bbox 683 4522 800 4579; x_wconf 70' lang='lat' dir='ltr'><strong>ejus</strong></span> <span class='ocrx_word' id='word_1_363' title='bbox 825 4519 1030 4570; x_wconf 90' lang='lat' dir='ltr'><strong>sumus,</strong></span> <span class='ocrx_word' id='word_1_364' title='bbox 1059 4518 1243 4561; x_wconf 86' lang='lat' dir='ltr'><strong>vocem</strong></span> <span class='ocrx_word' id='word_1_365' title='bbox 1277 4504 1502 4572; x_wconf 86' lang='lat' dir='ltr'><strong>pastoris</strong></span> <span class='ocrx_word' id='word_1_366' title='bbox 1530 4501 1694 4561; x_wconf 86' lang='lat' dir='ltr'><strong>nostri</strong></span> <span class='ocrx_word' id='word_1_367' title='bbox 1721 4501 1965 4566; x_wconf 89' lang='lat' dir='ltr'><strong>dicentis,</strong></span> <span class='ocrx_word' id='word_1_368' title='bbox 1999 4500 2102 4554; x_wconf 78' lang='lat' dir='ltr'><strong>No-</strong></span> 
     </span>
    </p>
   </div>
   <div class='ocr_carea' id='block_1_47' title="bbox 537 4589 2098 4664">
    <p class='ocr_par' dir='ltr' id='par_1_47' title="bbox 537 4589 2098 4664">
     <span class='ocr_line' id='line_1_47' title="bbox 537 4589 2098 4664; baseline -0.006 -10"><span class='ocrx_word' id='word_1_369' title='bbox 537 4610 624 4656; x_wconf 79' lang='grc' dir='ltr'>ιιιε</span> <span class='ocrx_word' id='word_1_370' title='bbox 649 4604 848 4654; x_wconf 76' lang='lat' dir='ltr'><strong>cratcre</strong></span> <span class='ocrx_word' id='word_1_371' title='bbox 875 4595 1088 4664; x_wconf 73' lang='lat' dir='ltr'><strong>(Matth.</strong></span> <span class='ocrx_word' id='word_1_372' title='bbox 1120 4607 1268 4658; x_wconf 71' lang='lat' dir='ltr'><strong>SSIV,</strong></span> <span class='ocrx_word' id='word_1_373' title='bbox 1295 4592 1410 4658; x_wconf 75' lang='lat'><strong>9.3).</strong></span> <span class='ocrx_word' id='word_1_374' title='bbox 1459 4589 1561 4645; x_wconf 82' lang='lat' dir='ltr'><strong>Ill:e</strong></span> <span class='ocrx_word' id='word_1_375' title='bbox 1584 4589 1778 4659; x_wconf 90' lang='lat' dir='ltr'><strong>quippe</strong></span> <span class='ocrx_word' id='word_1_376' title='bbox 1803 4590 2020 4660; x_wconf 65' lang='lat' dir='ltr'><strong>singulm</strong></span> <span class='ocrx_word' id='word_1_377' title='bbox 2048 4589 2098 4644; x_wconf 87' lang='lat' dir='ltr'><strong>in</strong></span> 
     </span>
    </p>
   </div>
   <div class='ocr_carea' id='block_1_48' title="bbox 536 4676 2102 4758">
    <p class='ocr_par' dir='ltr' id='par_1_48' title="bbox 536 4676 2102 4758">
     <span class='ocr_line' id='line_1_48' title="bbox 536 4676 2102 4758; baseline -0.007 -13"><span class='ocrx_word' id='word_1_378' title='bbox 536 4690 714 4746; x_wconf 87' lang='lat' dir='ltr'><strong>multis</strong></span> <span class='ocrx_word' id='word_1_379' title='bbox 737 4688 976 4758; x_wconf 71' lang='lat' dir='ltr'><strong>gentibus</strong></span> <span class='ocrx_word' id='word_1_380' title='bbox 1001 4725 1015 4746; x_wconf 87' lang='lat'><strong>.</strong></span> <span class='ocrx_word' id='word_1_381' title='bbox 1049 4683 1134 4737; x_wconf 86' lang='lat' dir='ltr'><strong>tibi</strong></span> <span class='ocrx_word' id='word_1_382' title='bbox 1163 4685 1258 4738; x_wconf 90' lang='lat' dir='ltr'><strong>ista</strong></span> <span class='ocrx_word' id='word_1_383' title='bbox 1301 4689 1386 4736; x_wconf 88' lang='lat' dir='ltr'><strong>est</strong></span> <span class='ocrx_word' id='word_1_384' title='bbox 1409 4721 1424 4745; x_wconf 88' lang='lat'><strong>,</strong></span> <span class='ocrx_word' id='word_1_385' title='bbox 1454 4695 1556 4733; x_wconf 89' lang='lat' dir='ltr'><strong>non</strong></span> <span class='ocrx_word' id='word_1_386' title='bbox 1586 4676 1962 4733; x_wconf 90' lang='lat' dir='ltr'><strong>inveniuntur:</strong></span> <span class='ocrx_word' id='word_1_387' title='bbox 1989 4679 2102 4734; x_wconf 78' lang='lat' dir='ltr'><strong>lucc</strong></span> 
     </span>
    </p>
   </div>
   <div class='ocr_carea' id='block_1_49' title="bbox 533 4767 2098 4847">
    <p class='ocr_par' dir='ltr' id='par_1_49' title="bbox 533 4767 2098 4847">
     <span class='ocr_line' id='line_1_49' title="bbox 533 4767 2098 4847; baseline -0.007 -13"><span class='ocrx_word' id='word_1_388' title='bbox 533 4793 733 4844; x_wconf 88' lang='lat' dir='ltr'><strong>autctn,</strong></span> <span class='ocrx_word' id='word_1_389' title='bbox 759 4790 877 4847; x_wconf 66' lang='lat' dir='ltr'><strong>quae</strong></span> <span class='ocrx_word' id='word_1_390' title='bbox 898 4775 1092 4844; x_wconf 86' lang='lat' dir='ltr'><strong>ubique</strong></span> <span class='ocrx_word' id='word_1_391' title='bbox 1115 4783 1213 4834; x_wconf 80' lang='lat' dir='ltr'><strong>cs1,</strong></span> <span class='ocrx_word' id='word_1_392' title='bbox 1235 4771 1394 4826; x_wconf 87' lang='lat' dir='ltr'><strong>etiam</strong></span> <span class='ocrx_word' id='word_1_393' title='bbox 1423 4768 1507 4823; x_wconf 85' lang='lat' dir='ltr'><strong>tibi</strong></span> <span class='ocrx_word' id='word_1_394' title='bbox 1535 4768 1636 4822; x_wconf 73' lang='lat' dir='ltr'><strong>illte</strong></span> <span class='ocrx_word' id='word_1_395' title='bbox 1662 4777 1786 4821; x_wconf 89' lang='lat' dir='ltr'><strong>sunt</strong></span> <span class='ocrx_word' id='word_1_396' title='bbox 1813 4767 2098 4823; x_wconf 88' lang='lat' dir='ltr'><strong>invenitur.</strong></span> 
     </span>
    </p>
   </div>
   <div class='ocr_carea' id='block_1_50' title="bbox 537 4858 2099 4941">
    <p class='ocr_par' dir='ltr' id='par_1_50' title="bbox 537 4858 2099 4941">
     <span class='ocr_line' id='line_1_50' title="bbox 537 4858 2099 4941; baseline -0.009 -15"><span class='ocrx_word' id='word_1_397' title='bbox 537 4873 677 4941; x_wconf 64' lang='lat' dir='ltr'><strong>largo</strong></span> <span class='ocrx_word' id='word_1_398' title='bbox 703 4887 753 4924; x_wconf 90' lang='grc' dir='ltr'><strong>ιιι</strong></span> <span class='ocrx_word' id='word_1_399' title='bbox 778 4866 1066 4936; x_wconf 75' lang='lat' dir='ltr'><strong>Scriptut&#39;is</strong></span> <span class='ocrx_word' id='word_1_400' title='bbox 1089 4861 1286 4918; x_wconf 87' lang='lat' dir='ltr'><strong>sanctis</strong></span> <span class='ocrx_word' id='word_1_401' title='bbox 1312 4859 1580 4915; x_wconf 87' lang='lat' dir='ltr'><strong>canonicis</strong></span> <span class='ocrx_word' id='word_1_402' title='bbox 1606 4871 1723 4911; x_wconf 87' lang='lat' dir='ltr'><strong>cani</strong></span> <span class='ocrx_word' id='word_1_403' title='bbox 1751 4858 2099 4928; x_wconf 86' lang='lat' dir='ltr'><strong>requiramus.</strong></span> 
     </span>
    </p>
   </div>
   <div class='ocr_carea' id='block_1_51' title="bbox 529 4949 2103 5019">
    <p class='ocr_par' dir='ltr' id='par_1_51' title="bbox 529 4949 2103 5019">
     <span class='ocr_line' id='line_1_51' title="bbox 529 4949 2103 5019; baseline -0.005 -7"><span class='ocrx_word' id='word_1_404' title='bbox 529 5007 534 5012; x_wconf 85' lang='lat'><strong>.</strong></span> <span class='ocrx_word' id='word_1_405' title='bbox 600 4959 827 5018; x_wconf 62' lang='lat' dir='ltr'><strong>CAPUT</strong></span> <span class='ocrx_word' id='word_1_406' title='bbox 860 4957 947 5011; x_wconf 95' lang='lat' dir='ltr'><strong>IV.</strong></span> <span class='ocrx_word' id='word_1_407' title='bbox 972 4955 1110 5008; x_wconf 85' lang='lat'><strong>—7.</strong></span> <span class='ocrx_word' id='word_1_408' title='bbox 1149 4951 1314 5007; x_wconf 86' lang='lat' dir='ltr'><strong>Totus</strong></span> <span class='ocrx_word' id='word_1_409' title='bbox 1338 4949 1580 5006; x_wconf 89' lang='lat' dir='ltr'><strong>Christus</strong></span> <span class='ocrx_word' id='word_1_410' title='bbox 1621 4959 1778 5019; x_wconf 88' lang='lat' dir='ltr'><strong>caput</strong></span> <span class='ocrx_word' id='word_1_411' title='bbox 1819 4959 1872 5004; x_wconf 93' lang='lat' dir='ltr'><strong>et</strong></span> <span class='ocrx_word' id='word_1_412' title='bbox 1911 4962 2103 5018; x_wconf 88' lang='lat' dir='ltr'><strong>corpus</strong></span> 
     </span>
    </p>
   </div>
   <div class='ocr_carea' id='block_1_52' title="bbox 529 5039 2104 5121">
    <p class='ocr_par' dir='ltr' id='par_1_52' title="bbox 529 5039 2104 5121">
     <span class='ocr_line' id='line_1_52' title="bbox 529 5039 2104 5121; baseline -0.011 -10"><span class='ocrx_word' id='word_1_413' title='bbox 529 5066 631 5110; x_wconf 87' lang='lat' dir='ltr'><strong>est.</strong></span> <span class='ocrx_word' id='word_1_414' title='bbox 657 5053 829 5121; x_wconf 84' lang='lat' dir='ltr'><strong>Caput</strong></span> <span class='ocrx_word' id='word_1_415' title='bbox 866 5047 1164 5118; x_wconf 81' lang='lat' dir='ltr'><strong>unigenitus</strong></span> <span class='ocrx_word' id='word_1_416' title='bbox 1191 5043 1280 5101; x_wconf 84' lang='lat' dir='ltr'><strong>Dei</strong></span> <span class='ocrx_word' id='word_1_417' title='bbox 1312 5043 1472 5098; x_wconf 88' lang='lat' dir='ltr'><strong>l-‘ilius</strong></span> <span class='ocrx_word' id='word_1_418' title='bbox 1493 5043 1512 5072; x_wconf 84' lang='grc'>¹</span> <span class='ocrx_word' id='word_1_419' title='bbox 1535 5050 1589 5096; x_wconf 90' lang='lat' dir='ltr'><strong>et</strong></span> <span class='ocrx_word' id='word_1_420' title='bbox 1629 5055 1822 5108; x_wconf 78' lang='lat' dir='ltr'><strong>corpus</strong></span> <span class='ocrx_word' id='word_1_421' title='bbox 1851 5040 1969 5110; x_wconf 86' lang='lat' dir='ltr'><strong>ejus</strong></span> <span class='ocrx_word' id='word_1_422' title='bbox 1994 5039 2104 5094; x_wconf 84' lang='lat' dir='ltr'><strong>Ec-</strong></span> 
     </span>
    </p>
   </div>
   <div class='ocr_carea' id='block_1_53' title="bbox 530 5131 2100 5213">
    <p class='ocr_par' dir='ltr' id='par_1_53' title="bbox 530 5131 2100 5213">
     <span class='ocr_line' id='line_1_53' title="bbox 530 5131 2100 5213; baseline -0.01 -10"><span class='ocrx_word' id='word_1_423' title='bbox 530 5146 714 5206; x_wconf 85' lang='lat' dir='ltr'><strong>clesia.</strong></span> <span class='ocrx_word' id='word_1_424' title='bbox 740 5154 967 5213; x_wconf 80' lang='lat' dir='ltr'><strong>sponsus</strong></span> <span class='ocrx_word' id='word_1_425' title='bbox 986 5149 1040 5196; x_wconf 88' lang='lat' dir='ltr'><strong>ct</strong></span> <span class='ocrx_word' id='word_1_426' title='bbox 1063 5149 1279 5208; x_wconf 81' lang='lat' dir='ltr'><strong>sponsa,</strong></span> <span class='ocrx_word' id='word_1_427' title='bbox 1301 5135 1406 5189; x_wconf 88' lang='lat' dir='ltr'><strong>tltio</strong></span> <span class='ocrx_word' id='word_1_428' title='bbox 1427 5134 1477 5188; x_wconf 93' lang='lat' dir='ltr'><strong>in</strong></span> <span class='ocrx_word' id='word_1_429' title='bbox 1504 5147 1665 5189; x_wconf 89' lang='lat' dir='ltr'><strong>carne</strong></span> <span class='ocrx_word' id='word_1_430' title='bbox 1688 5147 1791 5187; x_wconf 86' lang='lat' dir='ltr'><strong>una</strong></span> <span class='ocrx_word' id='word_1_431' title='bbox 1813 5131 2023 5202; x_wconf 78' lang='lat' dir='ltr'><strong>(Ep/tes.</strong></span> <span class='ocrx_word' id='word_1_432' title='bbox 2047 5147 2100 5198; x_wconf 76' lang='grc' dir='ltr'><strong>γ,</strong></span> 
     </span>
    </p>
   </div>
   <div class='ocr_carea' id='block_1_54' title="bbox 530 5221 2104 5302">
    <p class='ocr_par' dir='ltr' id='par_1_54' title="bbox 530 5221 2104 5302">
     <span class='ocr_line' id='line_1_54' title="bbox 530 5221 2104 5302; baseline -0.011 -9"><span class='ocrx_word' id='word_1_433' title='bbox 530 5237 622 5302; x_wconf 75' lang='lat'><strong>9.3,</strong></span> <span class='ocrx_word' id='word_1_434' title='bbox 647 5235 738 5301; x_wconf 76' lang='lat'><strong>50,</strong></span> <span class='ocrx_word' id='word_1_435' title='bbox 765 5234 880 5302; x_wconf 81' lang='lat'><strong>3|).</strong></span> <span class='ocrx_word' id='word_1_436' title='bbox 907 5232 1237 5298; x_wconf 76' lang='lat' dir='ltr'><strong>Quicumque</strong></span> <span class='ocrx_word' id='word_1_437' title='bbox 1265 5225 1334 5281; x_wconf 90' lang='lat' dir='ltr'><strong>dc</strong></span> <span class='ocrx_word' id='word_1_438' title='bbox 1360 5224 1475 5293; x_wconf 91' lang='lat' dir='ltr'><strong>ipso</strong></span> <span class='ocrx_word' id='word_1_439' title='bbox 1501 5224 1695 5292; x_wconf 87' lang='lat' dir='ltr'><strong>capite,</strong></span> <span class='ocrx_word' id='word_1_440' title='bbox 1724 5223 1791 5276; x_wconf 89' lang='lat' dir='ltr'><strong>ab</strong></span> <span class='ocrx_word' id='word_1_441' title='bbox 1817 5221 2104 5290; x_wconf 78' lang='lat' dir='ltr'><strong>Sci-ipturis</strong></span> 
     </span>
    </p>
   </div>
   <div class='ocr_carea' id='block_1_55' title="bbox 535 5312 2106 5384">
    <p class='ocr_par' dir='ltr' id='par_1_55' title="bbox 535 5312 2106 5384">
     <span class='ocr_line' id='line_1_55' title="bbox 535 5312 2106 5384; baseline -0.012 0"><span class='ocrx_word' id='word_1_442' title='bbox 535 5327 736 5384; x_wconf 85' lang='lat' dir='ltr'><strong>sanctis</strong></span> <span class='ocrx_word' id='word_1_443' title='bbox 770 5321 1090 5380; x_wconf 88' lang='lat' dir='ltr'><strong>dissentiunt</strong></span> <span class='ocrx_word' id='word_1_444' title='bbox 1114 5358 1130 5382; x_wconf 87' lang='lat'><strong>,</strong></span> <span class='ocrx_word' id='word_1_445' title='bbox 1161 5315 1367 5374; x_wconf 90' lang='lat' dir='ltr'><strong>etiamsi</strong></span> <span class='ocrx_word' id='word_1_446' title='bbox 1399 5315 1450 5368; x_wconf 89' lang='lat' dir='ltr'><strong>in</strong></span> <span class='ocrx_word' id='word_1_447' title='bbox 1497 5313 1742 5368; x_wconf 88' lang='lat' dir='ltr'><strong>omnibus</strong></span> <span class='ocrx_word' id='word_1_448' title='bbox 1783 5312 1912 5366; x_wconf 88' lang='lat' dir='ltr'><strong>locis</strong></span> <span class='ocrx_word' id='word_1_449' title='bbox 1953 5313 2106 5366; x_wconf 87' lang='lat' dir='ltr'><strong>inve-</strong></span> 
     </span>
    </p>
   </div>
   <div class='ocr_carea' id='block_1_56' title="bbox 595 5467 2106 5545">
    <p class='ocr_par' dir='ltr' id='par_1_56' title="bbox 595 5467 2106 5545">
     <span class='ocr_line' id='line_1_56' title="bbox 595 5467 2106 5545; baseline -0.018 -4"><span class='ocrx_word' id='word_1_450' title='bbox 595 5493 610 5524; x_wconf 86' lang='grc'>¹</span> <span class='ocrx_word' id='word_1_451' title='bbox 645 5497 824 5539; x_wconf 83' lang='lat' dir='ltr'><strong>comes</strong></span> <span class='ocrx_word' id='word_1_452' title='bbox 839 5484 975 5540; x_wconf 81' lang='lat' dir='ltr'><strong>editi,</strong></span> <span class='ocrx_word' id='word_1_453' title='bbox 1002 5477 1255 5545; x_wconf 78' lang='lat' dir='ltr'><strong>mtpitmiis.</strong></span> <span class='ocrx_word' id='word_1_454' title='bbox 1284 5482 1338 5524; x_wconf 81' lang='grc' dir='ltr'>Αι</span> <span class='ocrx_word' id='word_1_455' title='bbox 1353 5467 2106 5545; x_wconf 25' lang='lat' dir='ltr'><strong>Pluriacensis.codesueleganter</strong></span> 
     </span>
    </p>
   </div>
   <div class='ocr_carea' id='block_1_57' title="bbox 531 5539 2107 5612">
    <p class='ocr_par' dir='ltr' id='par_1_57' title="bbox 531 5539 2107 5612">
     <span class='ocr_line' id='line_1_57' title="bbox 531 5539 2107 5612; baseline -0.018 -10"><span class='ocrx_word' id='word_1_456' title='bbox 531 5560 738 5612; x_wconf 85' lang='lat' dir='ltr'><strong>scriptus</strong></span> <span class='ocrx_word' id='word_1_457' title='bbox 759 5549 922 5612; x_wconf 62' lang='lat' dir='ltr'><strong>habet.</strong></span> <span class='ocrx_word' id='word_1_458' title='bbox 943 5539 1283 5612; x_wconf 51' lang='lat' dir='ltr'><strong>t‘rgtzjqitturig.</strong></span> <span class='ocrx_word' id='word_1_459' title='bbox 1306 5543 1448 5585; x_wconf 87' lang='lat' dir='ltr'><strong>Certe</strong></span> <span class='ocrx_word' id='word_1_460' title='bbox 1472 5539 1744 5593; x_wconf 75' lang='lat' dir='ltr'><strong>Cntzuptms</strong></span> <span class='ocrx_word' id='word_1_461' title='bbox 1771 5539 1981 5579; x_wconf 80' lang='lat' dir='ltr'><strong>nominat</strong></span> <span class='ocrx_word' id='word_1_462' title='bbox 2023 5541 2107 5575; x_wconf 80' lang='lat' dir='ltr'><strong>nll-</strong></span> 
     </span>
    </p>
   </div>
   <div class='ocr_carea' id='block_1_58' title="bbox 531 5599 1274 5674">
    <p class='ocr_par' dir='ltr' id='par_1_58' title="bbox 531 5599 1274 5674">
     <span class='ocr_line' id='line_1_58' title="bbox 531 5599 1274 5674; baseline -0.019 -14"><span class='ocrx_word' id='word_1_463' title='bbox 531 5599 752 5674; x_wconf 61' lang='grc' dir='ltr'>ᾆιιδίιιιιιιι</span> <span class='ocrx_word' id='word_1_464' title='bbox 769 5621 814 5656; x_wconf 87' lang='grc' dir='ltr'><strong>ιιι</strong></span> <span class='ocrx_word' id='word_1_465' title='bbox 839 5605 1038 5666; x_wconf 67' lang='lat' dir='ltr'><strong>epistola</strong></span> <span class='ocrx_word' id='word_1_466' title='bbox 1050 5599 1133 5674; x_wconf 57' lang='lat'><strong>:37),</strong></span> <span class='ocrx_word' id='word_1_467' title='bbox 1156 5614 1213 5674; x_wconf 34' lang='grc' dir='ltr'>ιιὶ</span> 
     </span>
    </p>
   </div>
   <div class='ocr_carea' id='block_1_59' title="bbox 596 5655 1977 5722">
    <p class='ocr_par' dir='ltr' id='par_1_59' title="bbox 596 5655 1977 5722">
     <span class='ocr_line' id='line_1_59' title="bbox 596 5655 1977 5722; baseline -0.009 -4"><span class='ocrx_word' id='word_1_468' title='bbox 596 5655 954 5718; x_wconf 57' lang='grc' dir='ltr'><strong>ῖῖέιόὖιιισριίςιε</strong></span> <span class='ocrx_word' id='word_1_469' title='bbox 977 5655 1150 5718; x_wconf 54' lang='lat' dir='ltr'><strong>codex}</strong></span> <span class='ocrx_word' id='word_1_470' title='bbox 1177 5670 1302 5710; x_wconf 67' lang='lat' dir='ltr'><strong>licus</strong></span> <span class='ocrx_word' id='word_1_471' title='bbox 1329 5655 1504 5722; x_wconf 79' lang='lat' dir='ltr'><strong>Pilius._</strong></span> <span class='ocrx_word' id='word_1_472' title='bbox 1884 5713 1893 5722; x_wconf 86' lang='lat'>_</span> <span class='ocrx_word' id='word_1_473' title='bbox 1949 5709 1977 5722; x_wconf 46' lang='grc' dir='ltr'><strong>η</strong></span> 
     </span>
    </p>
   </div>
   <div class='ocr_carea' id='block_1_60' title="bbox 594 5709 2105 5791">
    <p class='ocr_par' dir='ltr' id='par_1_60' title="bbox 594 5709 2105 5791">
     <span class='ocr_line' id='line_1_60' title="bbox 594 5709 2105 5791; baseline -0.014 -12"><span class='ocrx_word' id='word_1_474' title='bbox 594 5709 1235 5791; x_wconf 47' lang='grc' dir='ltr'><strong>((ιῇἶιιᾶἰιηξξςιᾶξίέιιιῖιέιζ</strong></span> <span class='ocrx_word' id='word_1_475' title='bbox 1261 5726 1424 5772; x_wconf 83' lang='lat' dir='ltr'><strong>contra</strong></span> <span class='ocrx_word' id='word_1_476' title='bbox 1462 5719 1660 5767; x_wconf 84' lang='lat' dir='ltr'><strong>Litteras</strong></span> <span class='ocrx_word' id='word_1_477' title='bbox 1686 5711 1894 5764; x_wconf 82' lang='lat' dir='ltr'><strong>Petiliani</strong></span> <span class='ocrx_word' id='word_1_478' title='bbox 1911 5746 1926 5774; x_wconf 92' lang='lat'><strong>,</strong></span> <span class='ocrx_word' id='word_1_479' title='bbox 1949 5709 2031 5760; x_wconf 75' lang='grc' dir='ltr'>ιιι).</span> <span class='ocrx_word' id='word_1_480' title='bbox 2058 5709 2105 5771; x_wconf 69' lang='lat'><strong>2,</strong></span> 
     </span>
    </p>
   </div>
   <div class='ocr_carea' id='block_1_61' title="bbox 530 5787 958 5856">
    <p class='ocr_par' dir='ltr' id='par_1_61' title="bbox 530 5787 958 5856">
     <span class='ocr_line' id='line_1_61' title="bbox 530 5787 958 5856; baseline -0.026 -12"><span class='ocrx_word' id='word_1_481' title='bbox 530 5787 632 5856; x_wconf 78' lang='lat' dir='ltr'><strong>cap.</strong></span> <span class='ocrx_word' id='word_1_482' title='bbox 653 5787 769 5849; x_wconf 57' lang='lat'><strong>108,</strong></span> <span class='ocrx_word' id='word_1_483' title='bbox 788 5803 832 5837; x_wconf 89' lang='grc' dir='ltr'>ιι.</span> <span class='ocrx_word' id='word_1_484' title='bbox 852 5787 958 5834; x_wconf 71' lang='lat' dir='ltr'><strong>cIlii.</strong></span> 
     </span>
    </p>
   </div>
   <div class='ocr_carea' id='block_1_62' title="bbox 1608 389 2726 461">
    <p class='ocr_par' dir='ltr' id='par_1_62' title="bbox 1608 389 2726 461">
     <span class='ocr_line' id='line_1_62' title="bbox 1608 389 2726 461; baseline 0.004 -15"><span class='ocrx_word' id='word_1_485' title='bbox 1608 389 1879 446; x_wconf 72' lang='lat' dir='ltr'><strong>CONTRA</strong></span> <span class='ocrx_word' id='word_1_486' title='bbox 1921 389 2340 448; x_wconf 77' lang='lat' dir='ltr'><strong>DONATISTAS</strong></span> <span class='ocrx_word' id='word_1_487' title='bbox 2379 393 2726 461; x_wconf 75' lang='lat' dir='ltr'><strong>EPISTOLA,</strong></span> 
     </span>
    </p>
   </div>
   <div class='ocr_carea' id='block_1_63' title="bbox 3676 399 3789 454">
    <p class='ocr_par' dir='ltr' id='par_1_63' title="bbox 3676 399 3789 454">
     <span class='ocr_line' id='line_1_63' title="bbox 3676 399 3789 454; baseline 0 -1"><span class='ocrx_word' id='word_1_488' title='bbox 3676 399 3789 454; x_wconf 75' lang='lat'><strong>596</strong></span> 
     </span>
    </p>
   </div>
   <div class='ocr_carea' id='block_1_64' title="bbox 2215 505 3781 581">
    <p class='ocr_par' dir='ltr' id='par_1_64' title="bbox 2215 505 3781 581">
     <span class='ocr_line' id='line_1_64' title="bbox 2215 505 3781 581; baseline 0.009 -23"><span class='ocrx_word' id='word_1_489' title='bbox 2215 505 2426 562; x_wconf 80' lang='lat' dir='ltr'><strong>niantur</strong></span> <span class='ocrx_word' id='word_1_490' title='bbox 2454 508 2505 562; x_wconf 91' lang='lat' dir='ltr'><strong>in</strong></span> <span class='ocrx_word' id='word_1_491' title='bbox 2534 509 2721 580; x_wconf 88' lang='lat' dir='ltr'><strong>quibus</strong></span> <span class='ocrx_word' id='word_1_492' title='bbox 2749 509 2980 563; x_wconf 88' lang='lat' dir='ltr'><strong>Ecclesia</strong></span> <span class='ocrx_word' id='word_1_493' title='bbox 3009 509 3275 581; x_wconf 74' lang='lat' dir='ltr'><strong>designata</strong></span> <span class='ocrx_word' id='word_1_494' title='bbox 3303 519 3402 578; x_wconf 88' lang='lat' dir='ltr'><strong>est,</strong></span> <span class='ocrx_word' id='word_1_495' title='bbox 3436 527 3538 566; x_wconf 88' lang='lat' dir='ltr'><strong>non</strong></span> <span class='ocrx_word' id='word_1_496' title='bbox 3565 525 3686 569; x_wconf 91' lang='lat' dir='ltr'><strong>sunt</strong></span> <span class='ocrx_word' id='word_1_497' title='bbox 3725 520 3781 572; x_wconf 87' lang='lat' dir='ltr'><strong>in</strong></span> 
     </span>
    </p>
   </div>
   <div class='ocr_carea' id='block_1_65' title="bbox 2215 600 3784 676">
    <p class='ocr_par' dir='ltr' id='par_1_65' title="bbox 2215 600 3784 676">
     <span class='ocr_line' id='line_1_65' title="bbox 2215 600 3784 676; baseline 0.006 -24"><span class='ocrx_word' id='word_1_498' title='bbox 2215 600 2470 655; x_wconf 84' lang='lat' dir='ltr'><strong>Ecclesia.</strong></span> <span class='ocrx_word' id='word_1_499' title='bbox 2504 602 2565 655; x_wconf 92' lang='lat' dir='ltr'><strong>Et</strong></span> <span class='ocrx_word' id='word_1_500' title='bbox 2597 616 2780 655; x_wconf 85' lang='lat' dir='ltr'><strong>rursus</strong></span> <span class='ocrx_word' id='word_1_501' title='bbox 2825 603 3142 674; x_wconf 87' lang='lat' dir='ltr'><strong>quicumque</strong></span> <span class='ocrx_word' id='word_1_502' title='bbox 3185 605 3251 659; x_wconf 87' lang='lat' dir='ltr'><strong>de</strong></span> <span class='ocrx_word' id='word_1_503' title='bbox 3296 605 3409 673; x_wconf 87' lang='lat' dir='ltr'><strong>ipso</strong></span> <span class='ocrx_word' id='word_1_504' title='bbox 3436 607 3606 676; x_wconf 88' lang='lat' dir='ltr'><strong>capite</strong></span> <span class='ocrx_word' id='word_1_505' title='bbox 3634 609 3784 662; x_wconf 80' lang='lat' dir='ltr'><strong>Scri-</strong></span> 
     </span>
    </p>
   </div>
   <div class='ocr_carea' id='block_1_66' title="bbox 2210 677 3784 760">
    <p class='ocr_par' dir='ltr' id='par_1_66' title="bbox 2210 677 3784 760">
     <span class='ocr_line' id='line_1_66' title="bbox 2210 677 3784 760; baseline 0.007 -16"><span class='ocrx_word' id='word_1_506' title='bbox 2210 693 2377 760; x_wconf 89' lang='lat' dir='ltr'><strong>ptnris</strong></span> <span class='ocrx_word' id='word_1_507' title='bbox 2412 695 2608 748; x_wconf 90' lang='lat' dir='ltr'><strong>sanctis</strong></span> <span class='ocrx_word' id='word_1_508' title='bbox 2637 695 3012 759; x_wconf 91' lang='lat' dir='ltr'><strong>consentiunt,</strong></span> <span class='ocrx_word' id='word_1_509' title='bbox 3059 706 3110 749; x_wconf 86' lang='lat' dir='ltr'><strong>et</strong></span> <span class='ocrx_word' id='word_1_510' title='bbox 3151 698 3336 751; x_wconf 90' lang='lat' dir='ltr'><strong>unitati</strong></span> <span class='ocrx_word' id='word_1_511' title='bbox 3381 677 3631 753; x_wconf 77' lang='lat' dir='ltr'><strong>Ecclesia:</strong></span> <span class='ocrx_word' id='word_1_512' title='bbox 3672 716 3784 755; x_wconf 88' lang='lat' dir='ltr'><strong>non</strong></span> 
     </span>
    </p>
   </div>
   <div class='ocr_carea' id='block_1_67' title="bbox 2210 783 3782 856">
    <p class='ocr_par' dir='ltr' id='par_1_67' title="bbox 2210 783 3782 856">
     <span class='ocr_line' id='line_1_67' title="bbox 2210 783 3782 856; baseline 0.005 -22"><span class='ocrx_word' id='word_1_513' title='bbox 2210 783 2623 846; x_wconf 89' lang='lat' dir='ltr'><strong>communicant,</strong></span> <span class='ocrx_word' id='word_1_514' title='bbox 2656 797 2760 837; x_wconf 90' lang='lat' dir='ltr'><strong>non</strong></span> <span class='ocrx_word' id='word_1_515' title='bbox 2785 794 2906 838; x_wconf 89' lang='lat' dir='ltr'><strong>sunt</strong></span> <span class='ocrx_word' id='word_1_516' title='bbox 2935 785 2984 838; x_wconf 90' lang='lat' dir='ltr'><strong>in</strong></span> <span class='ocrx_word' id='word_1_517' title='bbox 3027 785 3294 851; x_wconf 84' lang='lat' dir='ltr'><strong>Ecclesia;</strong></span> <span class='ocrx_word' id='word_1_518' title='bbox 3321 787 3440 856; x_wconf 90' lang='lat' dir='ltr'><strong>quia</strong></span> <span class='ocrx_word' id='word_1_519' title='bbox 3475 786 3542 842; x_wconf 86' lang='lat' dir='ltr'><strong>de</strong></span> <span class='ocrx_word' id='word_1_520' title='bbox 3579 787 3782 844; x_wconf 86' lang='lat' dir='ltr'><strong>Christi</strong></span> 
     </span>
    </p>
   </div>
   <div class='ocr_carea' id='block_1_68' title="bbox 2209 872 3780 944">
    <p class='ocr_par' dir='ltr' id='par_1_68' title="bbox 2209 872 3780 944">
     <span class='ocr_line' id='line_1_68' title="bbox 2209 872 3780 944; baseline 0.004 -20"><span class='ocrx_word' id='word_1_521' title='bbox 2209 884 2461 940; x_wconf 89' lang='lat' dir='ltr'><strong>corpore,</strong></span> <span class='ocrx_word' id='word_1_522' title='bbox 2490 872 2627 941; x_wconf 85' lang='lat' dir='ltr'><strong>quod</strong></span> <span class='ocrx_word' id='word_1_523' title='bbox 2661 883 2741 927; x_wconf 90' lang='lat' dir='ltr'><strong>est</strong></span> <span class='ocrx_word' id='word_1_524' title='bbox 2767 873 3002 929; x_wconf 88' lang='lat' dir='ltr'><strong>Ecclesia</strong></span> <span class='ocrx_word' id='word_1_525' title='bbox 3027 916 3041 940; x_wconf 95' lang='lat'><strong>,</strong></span> <span class='ocrx_word' id='word_1_526' title='bbox 3067 875 3134 930; x_wconf 90' lang='lat' dir='ltr'><strong>ab</strong></span> <span class='ocrx_word' id='word_1_527' title='bbox 3171 875 3337 944; x_wconf 92' lang='lat' dir='ltr'><strong>ipsius</strong></span> <span class='ocrx_word' id='word_1_528' title='bbox 3365 876 3558 931; x_wconf 89' lang='lat' dir='ltr'><strong>Christi</strong></span> <span class='ocrx_word' id='word_1_529' title='bbox 3587 879 3780 931; x_wconf 87' lang='lat' dir='ltr'><strong>testifi-</strong></span> 
     </span>
    </p>
   </div>
   <div class='ocr_carea' id='block_1_69' title="bbox 2207 963 3785 1037">
    <p class='ocr_par' dir='ltr' id='par_1_69' title="bbox 2207 963 3785 1037">
     <span class='ocr_line' id='line_1_69' title="bbox 2207 963 3785 1037; baseline 0.004 -21"><span class='ocrx_word' id='word_1_530' title='bbox 2207 963 2411 1017; x_wconf 82' lang='lat' dir='ltr'><strong>catione</strong></span> <span class='ocrx_word' id='word_1_531' title='bbox 2450 963 2783 1018; x_wconf 89' lang='lat' dir='ltr'><strong>dissentiunt.</strong></span> <span class='ocrx_word' id='word_1_532' title='bbox 2836 964 2992 1020; x_wconf 91' lang='lat' dir='ltr'><strong>Verbi</strong></span> <span class='ocrx_word' id='word_1_533' title='bbox 3035 967 3199 1036; x_wconf 78' lang='lat' dir='ltr'><strong>gratia</strong></span> <span class='ocrx_word' id='word_1_534' title='bbox 3225 1008 3240 1031; x_wconf 96' lang='lat'><strong>,</strong></span> <span class='ocrx_word' id='word_1_535' title='bbox 3268 967 3358 1037; x_wconf 92' lang='lat' dir='ltr'><strong>qui</strong></span> <span class='ocrx_word' id='word_1_536' title='bbox 3406 981 3510 1022; x_wconf 89' lang='lat' dir='ltr'><strong>non</strong></span> <span class='ocrx_word' id='word_1_537' title='bbox 3553 968 3785 1024; x_wconf 90' lang='lat' dir='ltr'><strong>credunt</strong></span> 
     </span>
    </p>
   </div>
   <div class='ocr_carea' id='block_1_70' title="bbox 2206 1052 3783 1128">
    <p class='ocr_par' dir='ltr' id='par_1_70' title="bbox 2206 1052 3783 1128">
     <span class='ocr_line' id='line_1_70' title="bbox 2206 1052 3783 1128; baseline 0.007 -22"><span class='ocrx_word' id='word_1_538' title='bbox 2206 1052 2474 1108; x_wconf 90' lang='lat' dir='ltr'><strong>Christum</strong></span> <span class='ocrx_word' id='word_1_539' title='bbox 2506 1054 2556 1109; x_wconf 90' lang='lat' dir='ltr'><strong>in</strong></span> <span class='ocrx_word' id='word_1_540' title='bbox 2584 1069 2740 1111; x_wconf 86' lang='lat' dir='ltr'><strong>carne</strong></span> <span class='ocrx_word' id='word_1_541' title='bbox 2758 1057 2963 1112; x_wconf 90' lang='lat' dir='ltr'><strong>venisse</strong></span> <span class='ocrx_word' id='word_1_542' title='bbox 2984 1057 3049 1112; x_wconf 89' lang='lat' dir='ltr'><strong>de</strong></span> <span class='ocrx_word' id='word_1_543' title='bbox 3074 1058 3273 1128; x_wconf 83' lang='lat' dir='ltr'><strong>virgine</strong></span> <span class='ocrx_word' id='word_1_544' title='bbox 3295 1058 3453 1114; x_wconf 82' lang='lat' dir='ltr'><strong>Maria</strong></span> <span class='ocrx_word' id='word_1_545' title='bbox 3481 1076 3546 1115; x_wconf 79' lang='lat' dir='ltr'><strong>ex</strong></span> <span class='ocrx_word' id='word_1_546' title='bbox 3573 1063 3783 1117; x_wconf 88' lang='lat' dir='ltr'><strong>semine</strong></span> 
     </span>
    </p>
   </div>
   <div class='ocr_carea' id='block_1_71' title="bbox 2210 1143 3782 1220">
    <p class='ocr_par' dir='ltr' id='par_1_71' title="bbox 2210 1143 3782 1220">
     <span class='ocr_line' id='line_1_71' title="bbox 2210 1143 3782 1220; baseline 0.006 -23"><span class='ocrx_word' id='word_1_547' title='bbox 2210 1143 2392 1208; x_wconf 90' lang='lat' dir='ltr'><strong>David,</strong></span> <span class='ocrx_word' id='word_1_548' title='bbox 2427 1145 2566 1215; x_wconf 91' lang='lat' dir='ltr'><strong>quod</strong></span> <span class='ocrx_word' id='word_1_549' title='bbox 2592 1147 2924 1216; x_wconf 86' lang='lat' dir='ltr'><strong>apertissime</strong></span> <span class='ocrx_word' id='word_1_550' title='bbox 2959 1147 3229 1218; x_wconf 84' lang='lat' dir='ltr'><strong>Scriptura</strong></span> <span class='ocrx_word' id='word_1_551' title='bbox 3269 1149 3362 1204; x_wconf 89' lang='lat' dir='ltr'><strong>Dei</strong></span> <span class='ocrx_word' id='word_1_552' title='bbox 3393 1150 3656 1220; x_wconf 89' lang='lat' dir='ltr'><strong>loquitur;</strong></span> <span class='ocrx_word' id='word_1_553' title='bbox 3689 1164 3782 1206; x_wconf 87' lang='lat' dir='ltr'><strong>aut</strong></span> 
     </span>
    </p>
   </div>
   <div class='ocr_carea' id='block_1_72' title="bbox 2209 1235 3785 1309">
    <p class='ocr_par' dir='ltr' id='par_1_72' title="bbox 2209 1235 3785 1309">
     <span class='ocr_line' id='line_1_72' title="bbox 2209 1235 3785 1309; baseline 0.006 -22"><span class='ocrx_word' id='word_1_554' title='bbox 2209 1250 2311 1288; x_wconf 89' lang='lat' dir='ltr'><strong>non</strong></span> <span class='ocrx_word' id='word_1_555' title='bbox 2345 1235 2395 1289; x_wconf 94' lang='lat' dir='ltr'><strong>in</strong></span> <span class='ocrx_word' id='word_1_556' title='bbox 2421 1250 2644 1305; x_wconf 90' lang='lat' dir='ltr'><strong>corpore</strong></span> <span class='ocrx_word' id='word_1_557' title='bbox 2672 1237 2783 1306; x_wconf 91' lang='lat' dir='ltr'><strong>ipso</strong></span> <span class='ocrx_word' id='word_1_558' title='bbox 2814 1239 3186 1303; x_wconf 73' lang='lat' dir='ltr'><strong>resurrexisse,</strong></span> <span class='ocrx_word' id='word_1_559' title='bbox 3220 1240 3268 1292; x_wconf 92' lang='lat' dir='ltr'><strong>in</strong></span> <span class='ocrx_word' id='word_1_560' title='bbox 3294 1255 3398 1309; x_wconf 92' lang='lat' dir='ltr'><strong>quo</strong></span> <span class='ocrx_word' id='word_1_561' title='bbox 3421 1240 3706 1296; x_wconf 80' lang='lat' dir='ltr'><strong>cruciﬁxus</strong></span> <span class='ocrx_word' id='word_1_562' title='bbox 3730 1253 3785 1296; x_wconf 91' lang='lat' dir='ltr'><strong>et</strong></span> 
     </span>
    </p>
   </div>
   <div class='ocr_carea' id='block_1_73' title="bbox 2207 1327 3784 1400">
    <p class='ocr_par' dir='ltr' id='par_1_73' title="bbox 2207 1327 3784 1400">
     <span class='ocr_line' id='line_1_73' title="bbox 2207 1327 3784 1400; baseline 0.006 -22"><span class='ocrx_word' id='word_1_563' title='bbox 2207 1327 2440 1395; x_wconf 86' lang='lat' dir='ltr'><strong>sepultus</strong></span> <span class='ocrx_word' id='word_1_564' title='bbox 2481 1338 2598 1391; x_wconf 91' lang='lat' dir='ltr'><strong>est;</strong></span> <span class='ocrx_word' id='word_1_565' title='bbox 2637 1329 2839 1383; x_wconf 86' lang='lat' dir='ltr'><strong>etiamsi</strong></span> <span class='ocrx_word' id='word_1_566' title='bbox 2885 1345 2978 1400; x_wconf 91' lang='lat' dir='ltr'><strong>per</strong></span> <span class='ocrx_word' id='word_1_567' title='bbox 3019 1345 3205 1385; x_wconf 89' lang='lat' dir='ltr'><strong>omnes</strong></span> <span class='ocrx_word' id='word_1_568' title='bbox 3241 1342 3407 1386; x_wconf 91' lang='lat' dir='ltr'><strong>terras</strong></span> <span class='ocrx_word' id='word_1_569' title='bbox 3448 1333 3784 1388; x_wconf 84' lang='lat' dir='ltr'><strong>inveniantur</strong></span> 
     </span>
    </p>
   </div>
   <div class='ocr_carea' id='block_1_74' title="bbox 2209 1419 3780 1492">
    <p class='ocr_par' dir='ltr' id='par_1_74' title="bbox 2209 1419 3780 1492">
     <span class='ocr_line' id='line_1_74' title="bbox 2209 1419 3780 1492; baseline 0.006 -22"><span class='ocrx_word' id='word_1_570' title='bbox 2209 1429 2299 1484; x_wconf 89' lang='lat' dir='ltr'><strong>per</strong></span> <span class='ocrx_word' id='word_1_571' title='bbox 2325 1430 2456 1486; x_wconf 88' lang='lat' dir='ltr'><strong>quas</strong></span> <span class='ocrx_word' id='word_1_572' title='bbox 2483 1427 2564 1473; x_wconf 87' lang='lat' dir='ltr'><strong>est</strong></span> <span class='ocrx_word' id='word_1_573' title='bbox 2595 1419 2826 1475; x_wconf 86' lang='lat' dir='ltr'><strong>Ecclesia</strong></span> <span class='ocrx_word' id='word_1_574' title='bbox 2851 1462 2865 1486; x_wconf 94' lang='lat'><strong>,</strong></span> <span class='ocrx_word' id='word_1_575' title='bbox 2901 1435 3003 1474; x_wconf 90' lang='lat' dir='ltr'><strong>non</strong></span> <span class='ocrx_word' id='word_1_576' title='bbox 3033 1421 3211 1492; x_wconf 89' lang='lat' dir='ltr'><strong>utique</strong></span> <span class='ocrx_word' id='word_1_577' title='bbox 3259 1433 3381 1478; x_wconf 91' lang='lat' dir='ltr'><strong>sunt</strong></span> <span class='ocrx_word' id='word_1_578' title='bbox 3421 1425 3470 1477; x_wconf 93' lang='lat' dir='ltr'><strong>in</strong></span> <span class='ocrx_word' id='word_1_579' title='bbox 3502 1425 3738 1479; x_wconf 84' lang='lat' dir='ltr'><strong>Ecclesia</strong></span> <span class='ocrx_word' id='word_1_580' title='bbox 3767 1445 3780 1480; x_wconf 90' lang='lat'>:</span> 
     </span>
    </p>
   </div>
   <div class='ocr_carea' id='block_1_75' title="bbox 2205 1507 3780 1584">
    <p class='ocr_par' dir='ltr' id='par_1_75' title="bbox 2205 1507 3780 1584">
     <span class='ocr_line' id='line_1_75' title="bbox 2205 1507 3780 1584; baseline 0.008 -26"><span class='ocrx_word' id='word_1_581' title='bbox 2205 1507 2326 1575; x_wconf 84' lang='lat' dir='ltr'><strong>quia</strong></span> <span class='ocrx_word' id='word_1_582' title='bbox 2378 1507 2549 1577; x_wconf 91' lang='lat' dir='ltr'><strong>ipsum</strong></span> <span class='ocrx_word' id='word_1_583' title='bbox 2597 1518 2755 1579; x_wconf 89' lang='lat' dir='ltr'><strong>caput</strong></span> <span class='ocrx_word' id='word_1_584' title='bbox 2802 1509 3054 1566; x_wconf 75' lang='lat' dir='ltr'><strong>Ecclesia:</strong></span> <span class='ocrx_word' id='word_1_585' title='bbox 3101 1527 3204 1565; x_wconf 91' lang='lat' dir='ltr'><strong>non</strong></span> <span class='ocrx_word' id='word_1_586' title='bbox 3259 1520 3475 1578; x_wconf 89' lang='lat' dir='ltr'><strong>tenent,</strong></span> <span class='ocrx_word' id='word_1_587' title='bbox 3523 1514 3667 1584; x_wconf 90' lang='lat' dir='ltr'><strong>quod</strong></span> <span class='ocrx_word' id='word_1_588' title='bbox 3699 1527 3780 1570; x_wconf 89' lang='lat' dir='ltr'><strong>est</strong></span> 
     </span>
    </p>
   </div>
   <div class='ocr_carea' id='block_1_76' title="bbox 2205 1597 3777 1672">
    <p class='ocr_par' dir='ltr' id='par_1_76' title="bbox 2205 1597 3777 1672">
     <span class='ocr_line' id='line_1_76' title="bbox 2205 1597 3777 1672; baseline 0.005 -22"><span class='ocrx_word' id='word_1_589' title='bbox 2205 1597 2446 1652; x_wconf 88' lang='lat' dir='ltr'><strong>Christus</strong></span> <span class='ocrx_word' id='word_1_590' title='bbox 2471 1599 2656 1664; x_wconf 83' lang='lat' dir='ltr'><strong>Jcsus;</strong></span> <span class='ocrx_word' id='word_1_591' title='bbox 2703 1615 2800 1655; x_wconf 90' lang='lat' dir='ltr'><strong>nec</strong></span> <span class='ocrx_word' id='word_1_592' title='bbox 2841 1600 2892 1654; x_wconf 90' lang='lat' dir='ltr'><strong>in</strong></span> <span class='ocrx_word' id='word_1_593' title='bbox 2934 1601 3108 1670; x_wconf 89' lang='lat' dir='ltr'><strong>aliqua</strong></span> <span class='ocrx_word' id='word_1_594' title='bbox 3147 1601 3441 1655; x_wconf 88' lang='lat' dir='ltr'><strong>divinarum</strong></span> <span class='ocrx_word' id='word_1_595' title='bbox 3472 1603 3777 1672; x_wconf 88' lang='lat' dir='ltr'><strong>Scriptura-</strong></span> 
     </span>
    </p>
   </div>
   <div class='ocr_carea' id='block_1_77' title="bbox 2204 1689 3777 1764">
    <p class='ocr_par' dir='ltr' id='par_1_77' title="bbox 2204 1689 3777 1764">
     <span class='ocr_line' id='line_1_77' title="bbox 2204 1689 3777 1764; baseline 0.006 -22"><span class='ocrx_word' id='word_1_596' title='bbox 2204 1704 2320 1743; x_wconf 90' lang='lat' dir='ltr'><strong>rum</strong></span> <span class='ocrx_word' id='word_1_597' title='bbox 2348 1689 2668 1746; x_wconf 90' lang='lat' dir='ltr'><strong>obscuritate</strong></span> <span class='ocrx_word' id='word_1_598' title='bbox 2698 1691 2968 1757; x_wconf 86' lang='lat' dir='ltr'><strong>falluntur,</strong></span> <span class='ocrx_word' id='word_1_599' title='bbox 2998 1692 3091 1748; x_wconf 87' lang='lat' dir='ltr'><strong>sed</strong></span> <span class='ocrx_word' id='word_1_600' title='bbox 3124 1694 3412 1748; x_wconf 89' lang='lat' dir='ltr'><strong>notissimis</strong></span> <span class='ocrx_word' id='word_1_601' title='bbox 3437 1705 3489 1748; x_wconf 91' lang='lat' dir='ltr'><strong>et</strong></span> <span class='ocrx_word' id='word_1_602' title='bbox 3511 1696 3777 1764; x_wconf 85' lang='lat' dir='ltr'><strong>apertissi-</strong></span> 
     </span>
    </p>
   </div>
   <div class='ocr_carea' id='block_1_78' title="bbox 2205 1781 3782 1858">
    <p class='ocr_par' dir='ltr' id='par_1_78' title="bbox 2205 1781 3782 1858">
     <span class='ocr_line' id='line_1_78' title="bbox 2205 1781 3782 1858; baseline 0.006 -25"><span class='ocrx_word' id='word_1_603' title='bbox 2205 1781 2303 1835; x_wconf 91' lang='lat' dir='ltr'><strong>mis</strong></span> <span class='ocrx_word' id='word_1_604' title='bbox 2331 1796 2510 1836; x_wconf 91' lang='lat' dir='ltr'><strong>carum</strong></span> <span class='ocrx_word' id='word_1_605' title='bbox 2539 1783 2853 1838; x_wconf 89' lang='lat' dir='ltr'><strong>testimoniis</strong></span> <span class='ocrx_word' id='word_1_606' title='bbox 2872 1783 3254 1839; x_wconf 89' lang='lat' dir='ltr'><strong>contradicunt.</strong></span> <span class='ocrx_word' id='word_1_607' title='bbox 3287 1785 3434 1850; x_wconf 90' lang='lat' dir='ltr'><strong>ltcm,</strong></span> <span class='ocrx_word' id='word_1_608' title='bbox 3459 1786 3782 1858; x_wconf 88' lang='lat' dir='ltr'><strong>quicumque</strong></span> 
     </span>
    </p>
   </div>
   <div class='ocr_carea' id='block_1_79' title="bbox 2203 1869 3779 1943">
    <p class='ocr_par' dir='ltr' id='par_1_79' title="bbox 2203 1869 3779 1943">
     <span class='ocr_line' id='line_1_79' title="bbox 2203 1869 3779 1943; baseline 0.006 -19"><span class='ocrx_word' id='word_1_609' title='bbox 2203 1869 2425 1925; x_wconf 89' lang='lat' dir='ltr'><strong>credunt</strong></span> <span class='ocrx_word' id='word_1_610' title='bbox 2459 1873 2668 1942; x_wconf 91' lang='lat' dir='ltr'><strong>quidem</strong></span> <span class='ocrx_word' id='word_1_611' title='bbox 2709 1874 2847 1943; x_wconf 92' lang='lat' dir='ltr'><strong>quod</strong></span> <span class='ocrx_word' id='word_1_612' title='bbox 2877 1874 3120 1929; x_wconf 88' lang='lat' dir='ltr'><strong>Christus</strong></span> <span class='ocrx_word' id='word_1_613' title='bbox 3149 1874 3302 1930; x_wconf 87' lang='lat' dir='ltr'><strong>Jesus</strong></span> <span class='ocrx_word' id='word_1_614' title='bbox 3324 1917 3337 1940; x_wconf 97' lang='lat'><strong>,</strong></span> <span class='ocrx_word' id='word_1_615' title='bbox 3369 1877 3435 1930; x_wconf 89' lang='lat' dir='ltr'><strong>ita</strong></span> <span class='ocrx_word' id='word_1_616' title='bbox 3478 1885 3536 1931; x_wconf 89' lang='lat' dir='ltr'><strong>ut</strong></span> <span class='ocrx_word' id='word_1_617' title='bbox 3574 1878 3779 1933; x_wconf 88' lang='lat' dir='ltr'><strong>dictum</strong></span> 
     </span>
    </p>
   </div>
   <div class='ocr_carea' id='block_1_80' title="bbox 2204 1961 3778 2036">
    <p class='ocr_par' dir='ltr' id='par_1_80' title="bbox 2204 1961 3778 2036">
     <span class='ocr_line' id='line_1_80' title="bbox 2204 1961 3778 2036; baseline 0.004 -22"><span class='ocrx_word' id='word_1_618' title='bbox 2204 1969 2303 2026; x_wconf 91' lang='lat' dir='ltr'><strong>est,</strong></span> <span class='ocrx_word' id='word_1_619' title='bbox 2337 1961 2386 2014; x_wconf 91' lang='lat' dir='ltr'><strong>in</strong></span> <span class='ocrx_word' id='word_1_620' title='bbox 2413 1975 2571 2016; x_wconf 88' lang='lat' dir='ltr'><strong>carne</strong></span> <span class='ocrx_word' id='word_1_621' title='bbox 2599 1965 2818 2025; x_wconf 87' lang='lat' dir='ltr'><strong>venerit,</strong></span> <span class='ocrx_word' id='word_1_622' title='bbox 2848 1974 2900 2018; x_wconf 86' lang='lat' dir='ltr'><strong>et</strong></span> <span class='ocrx_word' id='word_1_623' title='bbox 2927 1967 2976 2018; x_wconf 88' lang='lat' dir='ltr'><strong>in</strong></span> <span class='ocrx_word' id='word_1_624' title='bbox 3005 1964 3189 2020; x_wconf 89' lang='lat' dir='ltr'><strong>eadem</strong></span> <span class='ocrx_word' id='word_1_625' title='bbox 3216 1979 3392 2030; x_wconf 90' lang='lat' dir='ltr'><strong>carne,</strong></span> <span class='ocrx_word' id='word_1_626' title='bbox 3421 1967 3471 2018; x_wconf 90' lang='lat' dir='ltr'><strong>in</strong></span> <span class='ocrx_word' id='word_1_627' title='bbox 3493 1981 3596 2036; x_wconf 90' lang='lat' dir='ltr'><strong>qua</strong></span> <span class='ocrx_word' id='word_1_628' title='bbox 3623 1975 3778 2022; x_wconf 87' lang='lat' dir='ltr'><strong>natus</strong></span> 
     </span>
    </p>
   </div>
   <div class='ocr_carea' id='block_1_81' title="bbox 2203 2057 3776 2127">
    <p class='ocr_par' dir='ltr' id='par_1_81' title="bbox 2203 2057 3776 2127">
     <span class='ocr_line' id='line_1_81' title="bbox 2203 2057 3776 2127; baseline 0.006 -21"><span class='ocrx_word' id='word_1_629' title='bbox 2203 2061 2254 2106; x_wconf 90' lang='lat' dir='ltr'><strong>et</strong></span> <span class='ocrx_word' id='word_1_630' title='bbox 2287 2066 2471 2120; x_wconf 91' lang='lat' dir='ltr'><strong>passus</strong></span> <span class='ocrx_word' id='word_1_631' title='bbox 2511 2064 2592 2108; x_wconf 90' lang='lat' dir='ltr'><strong>est</strong></span> <span class='ocrx_word' id='word_1_632' title='bbox 2616 2096 2629 2119; x_wconf 96' lang='lat'><strong>,</strong></span> <span class='ocrx_word' id='word_1_633' title='bbox 2661 2058 3011 2112; x_wconf 85' lang='lat' dir='ltr'><strong>rcsurrexerit</strong></span> <span class='ocrx_word' id='word_1_634' title='bbox 3033 2099 3048 2122; x_wconf 90' lang='lat'><strong>,</strong></span> <span class='ocrx_word' id='word_1_635' title='bbox 3074 2066 3128 2112; x_wconf 88' lang='lat' dir='ltr'><strong>et</strong></span> <span class='ocrx_word' id='word_1_636' title='bbox 3170 2057 3282 2127; x_wconf 89' lang='lat' dir='ltr'><strong>ipse</strong></span> <span class='ocrx_word' id='word_1_637' title='bbox 3313 2059 3381 2112; x_wconf 91' lang='lat' dir='ltr'><strong>sit</strong></span> <span class='ocrx_word' id='word_1_638' title='bbox 3425 2059 3590 2114; x_wconf 86' lang='lat' dir='ltr'><strong>Filius</strong></span> <span class='ocrx_word' id='word_1_639' title='bbox 3642 2061 3735 2115; x_wconf 90' lang='lat' dir='ltr'><strong>Dei</strong></span> <span class='ocrx_word' id='word_1_640' title='bbox 3761 2104 3776 2127; x_wconf 97' lang='lat'><strong>,</strong></span> 
     </span>
    </p>
   </div>
   <div class='ocr_carea' id='block_1_82' title="bbox 2207 2142 3778 2214">
    <p class='ocr_par' dir='ltr' id='par_1_82' title="bbox 2207 2142 3778 2214">
     <span class='ocr_line' id='line_1_82' title="bbox 2207 2142 3778 2214; baseline 0.008 -20"><span class='ocrx_word' id='word_1_641' title='bbox 2207 2142 2342 2196; x_wconf 85' lang='lat' dir='ltr'><strong>Deus</strong></span> <span class='ocrx_word' id='word_1_642' title='bbox 2371 2143 2506 2212; x_wconf 87' lang='lat' dir='ltr'><strong>apud</strong></span> <span class='ocrx_word' id='word_1_643' title='bbox 2538 2145 2722 2211; x_wconf 90' lang='lat' dir='ltr'><strong>Deum,</strong></span> <span class='ocrx_word' id='word_1_644' title='bbox 2763 2155 2816 2201; x_wconf 90' lang='lat' dir='ltr'><strong>et</strong></span> <span class='ocrx_word' id='word_1_645' title='bbox 2841 2161 2958 2200; x_wconf 89' lang='lat' dir='ltr'><strong>cum</strong></span> <span class='ocrx_word' id='word_1_646' title='bbox 2991 2147 3145 2202; x_wconf 88' lang='lat' dir='ltr'><strong>Patre</strong></span> <span class='ocrx_word' id='word_1_647' title='bbox 3169 2164 3328 2202; x_wconf 90' lang='lat' dir='ltr'><strong>unum</strong></span> <span class='ocrx_word' id='word_1_648' title='bbox 3354 2190 3368 2214; x_wconf 91' lang='lat'><strong>,</strong></span> <span class='ocrx_word' id='word_1_649' title='bbox 3398 2158 3450 2204; x_wconf 91' lang='lat' dir='ltr'><strong>et</strong></span> <span class='ocrx_word' id='word_1_650' title='bbox 3476 2150 3778 2206; x_wconf 90' lang='lat' dir='ltr'><strong>incommu-</strong></span> 
     </span>
    </p>
   </div>
   <div class='ocr_carea' id='block_1_83' title="bbox 2206 2233 3774 2307">
    <p class='ocr_par' dir='ltr' id='par_1_83' title="bbox 2206 2233 3774 2307">
     <span class='ocr_line' id='line_1_83' title="bbox 2206 2233 3774 2307; baseline 0.006 -22"><span class='ocrx_word' id='word_1_651' title='bbox 2206 2233 2363 2288; x_wconf 88' lang='lat' dir='ltr'><strong>tabile</strong></span> <span class='ocrx_word' id='word_1_652' title='bbox 2391 2233 2614 2290; x_wconf 87' lang='lat' dir='ltr'><strong>Verbum</strong></span> <span class='ocrx_word' id='word_1_653' title='bbox 2645 2235 2812 2291; x_wconf 81' lang='lat' dir='ltr'><strong>Patris</strong></span> <span class='ocrx_word' id='word_1_654' title='bbox 2840 2239 2885 2299; x_wconf 79' lang='lat'><strong>&#39;,</strong></span> <span class='ocrx_word' id='word_1_655' title='bbox 2921 2253 3015 2306; x_wconf 89' lang='lat' dir='ltr'><strong>per</strong></span> <span class='ocrx_word' id='word_1_656' title='bbox 3040 2238 3180 2307; x_wconf 86' lang='lat' dir='ltr'><strong>quod</strong></span> <span class='ocrx_word' id='word_1_657' title='bbox 3226 2237 3358 2293; x_wconf 88' lang='lat' dir='ltr'><strong>facta</strong></span> <span class='ocrx_word' id='word_1_658' title='bbox 3389 2248 3513 2293; x_wconf 89' lang='lat' dir='ltr'><strong>sunt</strong></span> <span class='ocrx_word' id='word_1_659' title='bbox 3553 2241 3774 2303; x_wconf 83' lang='lat' dir='ltr'><strong>omnia:</strong></span> 
     </span>
    </p>
   </div>
   <div class='ocr_carea' id='block_1_84' title="bbox 2205 2323 3777 2397">
    <p class='ocr_par' dir='ltr' id='par_1_84' title="bbox 2205 2323 3777 2397">
     <span class='ocr_line' id='line_1_84' title="bbox 2205 2323 3777 2397; baseline 0.006 -22"><span class='ocrx_word' id='word_1_660' title='bbox 2205 2323 2295 2376; x_wconf 84' lang='lat' dir='ltr'><strong>sed</strong></span> <span class='ocrx_word' id='word_1_661' title='bbox 2327 2332 2500 2377; x_wconf 90' lang='lat' dir='ltr'><strong>tamen</strong></span> <span class='ocrx_word' id='word_1_662' title='bbox 2544 2323 2610 2378; x_wconf 91' lang='lat' dir='ltr'><strong>ab</strong></span> <span class='ocrx_word' id='word_1_663' title='bbox 2640 2325 2752 2394; x_wconf 87' lang='lat' dir='ltr'><strong>ejus</strong></span> <span class='ocrx_word' id='word_1_664' title='bbox 2795 2341 3017 2396; x_wconf 90' lang='lat' dir='ltr'><strong>corpore</strong></span> <span class='ocrx_word' id='word_1_665' title='bbox 3041 2368 3054 2390; x_wconf 93' lang='lat'><strong>,</strong></span> <span class='ocrx_word' id='word_1_666' title='bbox 3087 2327 3226 2397; x_wconf 91' lang='lat' dir='ltr'><strong>quod</strong></span> <span class='ocrx_word' id='word_1_667' title='bbox 3269 2337 3351 2382; x_wconf 91' lang='lat' dir='ltr'><strong>est</strong></span> <span class='ocrx_word' id='word_1_668' title='bbox 3396 2328 3633 2383; x_wconf 85' lang='lat' dir='ltr'><strong>Ecclesia</strong></span> <span class='ocrx_word' id='word_1_669' title='bbox 3661 2372 3676 2395; x_wconf 93' lang='lat'><strong>,</strong></span> <span class='ocrx_word' id='word_1_670' title='bbox 3711 2331 3777 2384; x_wconf 91' lang='lat' dir='ltr'><strong>ita</strong></span> 
     </span>
    </p>
   </div>
   <div class='ocr_carea' id='block_1_85' title="bbox 2205 2413 3780 2480">
    <p class='ocr_par' dir='ltr' id='par_1_85' title="bbox 2205 2413 3780 2480">
     <span class='ocr_line' id='line_1_85' title="bbox 2205 2413 3780 2480; baseline 0.005 -16"><span class='ocrx_word' id='word_1_671' title='bbox 2205 2413 2551 2480; x_wconf 89' lang='lat' dir='ltr'><strong>dissentiunt,</strong></span> <span class='ocrx_word' id='word_1_672' title='bbox 2587 2426 2640 2469; x_wconf 92' lang='lat' dir='ltr'><strong>ut</strong></span> <span class='ocrx_word' id='word_1_673' title='bbox 2678 2432 2861 2470; x_wconf 89' lang='lat' dir='ltr'><strong>eorum</strong></span> <span class='ocrx_word' id='word_1_674' title='bbox 2899 2417 3200 2472; x_wconf 90' lang='lat' dir='ltr'><strong>communio</strong></span> <span class='ocrx_word' id='word_1_675' title='bbox 3243 2433 3346 2476; x_wconf 89' lang='lat' dir='ltr'><strong>non</strong></span> <span class='ocrx_word' id='word_1_676' title='bbox 3390 2419 3456 2472; x_wconf 90' lang='lat' dir='ltr'><strong>sit</strong></span> <span class='ocrx_word' id='word_1_677' title='bbox 3497 2434 3621 2473; x_wconf 88' lang='lat' dir='ltr'><strong>cum</strong></span> <span class='ocrx_word' id='word_1_678' title='bbox 3669 2430 3780 2475; x_wconf 88' lang='lat' dir='ltr'><strong>toto</strong></span> 
     </span>
    </p>
   </div>
   <div class='ocr_carea' id='block_1_86' title="bbox 2203 2507 3778 2580">
    <p class='ocr_par' dir='ltr' id='par_1_86' title="bbox 2203 2507 3778 2580">
     <span class='ocr_line' id='line_1_86' title="bbox 2203 2507 3778 2580; baseline 0.006 -26"><span class='ocrx_word' id='word_1_679' title='bbox 2203 2520 2532 2576; x_wconf 86' lang='lat' dir='ltr'><strong>quacumque</strong></span> <span class='ocrx_word' id='word_1_680' title='bbox 2569 2507 2904 2574; x_wconf 75' lang='lat' dir='ltr'><strong>diffunditur,</strong></span> <span class='ocrx_word' id='word_1_681' title='bbox 2932 2507 3025 2562; x_wconf 88' lang='lat' dir='ltr'><strong>sed</strong></span> <span class='ocrx_word' id='word_1_682' title='bbox 3056 2509 3106 2562; x_wconf 94' lang='lat' dir='ltr'><strong>in</strong></span> <span class='ocrx_word' id='word_1_683' title='bbox 3145 2508 3317 2578; x_wconf 88' lang='lat' dir='ltr'><strong>aliqua</strong></span> <span class='ocrx_word' id='word_1_684' title='bbox 3353 2517 3500 2578; x_wconf 88' lang='lat' dir='ltr'><strong>parte</strong></span> <span class='ocrx_word' id='word_1_685' title='bbox 3529 2521 3778 2580; x_wconf 84' lang='lat' dir='ltr'><strong>separata</strong></span> 
     </span>
    </p>
   </div>
   <div class='ocr_carea' id='block_1_87' title="bbox 2204 2595 3776 2657">
    <p class='ocr_par' dir='ltr' id='par_1_87' title="bbox 2204 2595 3776 2657">
     <span class='ocr_line' id='line_1_87' title="bbox 2204 2595 3776 2657; baseline 0.003 -9"><span class='ocrx_word' id='word_1_686' title='bbox 2204 2595 2530 2657; x_wconf 84' lang='lat' dir='ltr'><strong>inveniatur;</strong></span> <span class='ocrx_word' id='word_1_687' title='bbox 2563 2596 2898 2651; x_wconf 89' lang='lat' dir='ltr'><strong>manifestum</strong></span> <span class='ocrx_word' id='word_1_688' title='bbox 2933 2608 3013 2653; x_wconf 91' lang='lat' dir='ltr'><strong>est</strong></span> <span class='ocrx_word' id='word_1_689' title='bbox 3037 2613 3129 2653; x_wconf 92' lang='lat' dir='ltr'><strong>eos</strong></span> <span class='ocrx_word' id='word_1_690' title='bbox 3149 2614 3251 2652; x_wconf 91' lang='lat' dir='ltr'><strong>non</strong></span> <span class='ocrx_word' id='word_1_691' title='bbox 3280 2614 3398 2654; x_wconf 90' lang='lat' dir='ltr'><strong>esse</strong></span> <span class='ocrx_word' id='word_1_692' title='bbox 3426 2600 3476 2653; x_wconf 88' lang='lat' dir='ltr'><strong>in</strong></span> <span class='ocrx_word' id='word_1_693' title='bbox 3506 2599 3776 2655; x_wconf 89' lang='lat' dir='ltr'><strong>catholica</strong></span> 
     </span>
    </p>
   </div>
   <div class='ocr_carea' id='block_1_88' title="bbox 2208 2685 3778 2760">
    <p class='ocr_par' dir='ltr' id='par_1_88' title="bbox 2208 2685 3778 2760">
     <span class='ocr_line' id='line_1_88' title="bbox 2208 2685 3778 2760; baseline 0.004 -21"><span class='ocrx_word' id='word_1_694' title='bbox 2208 2685 2462 2742; x_wconf 73' lang='lat' dir='ltr'><strong>Ecclesia.</strong></span> <span class='ocrx_word' id='word_1_695' title='bbox 2508 2687 2840 2756; x_wconf 84' lang='lat' dir='ltr'><strong>Quapropter</strong></span> <span class='ocrx_word' id='word_1_696' title='bbox 2863 2730 2876 2754; x_wconf 90' lang='lat'><strong>,</strong></span> <span class='ocrx_word' id='word_1_697' title='bbox 2903 2691 3024 2758; x_wconf 90' lang='lat' dir='ltr'><strong>quia</strong></span> <span class='ocrx_word' id='word_1_698' title='bbox 3055 2703 3172 2743; x_wconf 92' lang='lat' dir='ltr'><strong>cum</strong></span> <span class='ocrx_word' id='word_1_699' title='bbox 3218 2689 3501 2744; x_wconf 90' lang='lat' dir='ltr'><strong>Donatistis</strong></span> <span class='ocrx_word' id='word_1_700' title='bbox 3545 2693 3778 2760; x_wconf 65' lang='lat' dir='ltr'><strong>quaestio</strong></span> 
     </span>
    </p>
   </div>
   <div class='ocr_carea' id='block_1_89' title="bbox 2206 2777 3776 2850">
    <p class='ocr_par' dir='ltr' id='par_1_89' title="bbox 2206 2777 3776 2850">
     <span class='ocr_line' id='line_1_89' title="bbox 2206 2777 3776 2850; baseline 0.005 -22"><span class='ocrx_word' id='word_1_701' title='bbox 2206 2777 2355 2830; x_wconf 89' lang='lat' dir='ltr'><strong>nobis</strong></span> <span class='ocrx_word' id='word_1_702' title='bbox 2385 2786 2485 2840; x_wconf 88' lang='lat' dir='ltr'><strong>est,</strong></span> <span class='ocrx_word' id='word_1_703' title='bbox 2509 2792 2611 2831; x_wconf 92' lang='lat' dir='ltr'><strong>non</strong></span> <span class='ocrx_word' id='word_1_704' title='bbox 2636 2778 2702 2832; x_wconf 88' lang='lat' dir='ltr'><strong>de</strong></span> <span class='ocrx_word' id='word_1_705' title='bbox 2733 2779 2932 2847; x_wconf 89' lang='lat' dir='ltr'><strong>capite,</strong></span> <span class='ocrx_word' id='word_1_706' title='bbox 2965 2778 3058 2833; x_wconf 90' lang='lat' dir='ltr'><strong>sed</strong></span> <span class='ocrx_word' id='word_1_707' title='bbox 3083 2777 3151 2834; x_wconf 91' lang='lat' dir='ltr'><strong>de</strong></span> <span class='ocrx_word' id='word_1_708' title='bbox 3175 2794 3416 2850; x_wconf 90' lang='lat' dir='ltr'><strong>corpore,</strong></span> <span class='ocrx_word' id='word_1_709' title='bbox 3446 2781 3495 2835; x_wconf 91' lang='lat' dir='ltr'><strong>id</strong></span> <span class='ocrx_word' id='word_1_710' title='bbox 3525 2791 3640 2848; x_wconf 90' lang='lat' dir='ltr'><strong>est,</strong></span> <span class='ocrx_word' id='word_1_711' title='bbox 3672 2798 3776 2837; x_wconf 89' lang='lat' dir='ltr'><strong>non</strong></span> 
     </span>
    </p>
   </div>
   <div class='ocr_carea' id='block_1_90' title="bbox 2205 2867 3773 2940">
    <p class='ocr_par' dir='ltr' id='par_1_90' title="bbox 2205 2867 3773 2940">
     <span class='ocr_line' id='line_1_90' title="bbox 2205 2867 3773 2940; baseline 0.005 -19"><span class='ocrx_word' id='word_1_712' title='bbox 2205 2867 2270 2922; x_wconf 88' lang='lat' dir='ltr'><strong>de</strong></span> <span class='ocrx_word' id='word_1_713' title='bbox 2295 2867 2410 2937; x_wconf 88' lang='lat' dir='ltr'><strong>ipso</strong></span> <span class='ocrx_word' id='word_1_714' title='bbox 2439 2869 2700 2923; x_wconf 86' lang='lat' dir='ltr'><strong>salvatore</strong></span> <span class='ocrx_word' id='word_1_715' title='bbox 2739 2869 2864 2924; x_wconf 84' lang='lat' dir='ltr'><strong>Jesu</strong></span> <span class='ocrx_word' id='word_1_716' title='bbox 2889 2868 3102 2924; x_wconf 92' lang='lat' dir='ltr'><strong>Christo</strong></span> <span class='ocrx_word' id='word_1_717' title='bbox 3119 2911 3134 2935; x_wconf 94' lang='lat'><strong>,</strong></span> <span class='ocrx_word' id='word_1_718' title='bbox 3158 2870 3251 2924; x_wconf 90' lang='lat' dir='ltr'><strong>sed</strong></span> <span class='ocrx_word' id='word_1_719' title='bbox 3278 2870 3344 2924; x_wconf 89' lang='lat' dir='ltr'><strong>de</strong></span> <span class='ocrx_word' id='word_1_720' title='bbox 3367 2871 3480 2940; x_wconf 87' lang='lat' dir='ltr'><strong>ejus</strong></span> <span class='ocrx_word' id='word_1_721' title='bbox 3503 2873 3773 2938; x_wconf 81' lang='lat' dir='ltr'><strong>Ecclesia;</strong></span> 
     </span>
    </p>
   </div>
   <div class='ocr_carea' id='block_1_91' title="bbox 2205 2960 3777 3030">
    <p class='ocr_par' dir='ltr' id='par_1_91' title="bbox 2205 2960 3777 3030">
     <span class='ocr_line' id='line_1_91' title="bbox 2205 2960 3777 3030; baseline 0.003 -16"><span class='ocrx_word' id='word_1_722' title='bbox 2205 2961 2372 3030; x_wconf 92' lang='lat' dir='ltr'><strong>ipsum</strong></span> <span class='ocrx_word' id='word_1_723' title='bbox 2395 2969 2551 3029; x_wconf 85' lang='lat' dir='ltr'><strong>caput</strong></span> <span class='ocrx_word' id='word_1_724' title='bbox 2574 2960 2642 3016; x_wconf 90' lang='lat' dir='ltr'><strong>de</strong></span> <span class='ocrx_word' id='word_1_725' title='bbox 2666 2976 2770 3030; x_wconf 87' lang='lat' dir='ltr'><strong>quo</strong></span> <span class='ocrx_word' id='word_1_726' title='bbox 2798 2962 3180 3027; x_wconf 89' lang='lat' dir='ltr'><strong>consentimus,</strong></span> <span class='ocrx_word' id='word_1_727' title='bbox 3211 2962 3455 3016; x_wconf 84' lang='lat' dir='ltr'><strong>ostendat</strong></span> <span class='ocrx_word' id='word_1_728' title='bbox 3480 2962 3638 3018; x_wconf 91' lang='lat' dir='ltr'><strong>nobis</strong></span> <span class='ocrx_word' id='word_1_729' title='bbox 3660 2980 3777 3019; x_wconf 64' lang='lat' dir='ltr'><strong>coro</strong></span> 
     </span>
    </p>
   </div>
   <div class='ocr_carea' id='block_1_92' title="bbox 2204 3051 3777 3126">
    <p class='ocr_par' dir='ltr' id='par_1_92' title="bbox 2204 3051 3777 3126">
     <span class='ocr_line' id='line_1_92' title="bbox 2204 3051 3777 3126; baseline 0.002 -17"><span class='ocrx_word' id='word_1_730' title='bbox 2204 3066 2300 3125; x_wconf 90' lang='lat' dir='ltr'><strong>pus</strong></span> <span class='ocrx_word' id='word_1_731' title='bbox 2326 3067 2476 3111; x_wconf 84' lang='lat' dir='ltr'><strong>suum</strong></span> <span class='ocrx_word' id='word_1_732' title='bbox 2510 3051 2577 3112; x_wconf 85' lang='lat' dir='ltr'><strong>de</strong></span> <span class='ocrx_word' id='word_1_733' title='bbox 2619 3067 2724 3126; x_wconf 84' lang='lat' dir='ltr'><strong>quo</strong></span> <span class='ocrx_word' id='word_1_734' title='bbox 2744 3053 3106 3120; x_wconf 81' lang='lat' dir='ltr'><strong>dissentimus,</strong></span> <span class='ocrx_word' id='word_1_735' title='bbox 3131 3062 3186 3110; x_wconf 88' lang='grc' dir='ltr'><strong>ιιι</strong></span> <span class='ocrx_word' id='word_1_736' title='bbox 3216 3068 3309 3125; x_wconf 85' lang='lat' dir='ltr'><strong>per</strong></span> <span class='ocrx_word' id='word_1_737' title='bbox 3337 3054 3450 3126; x_wconf 83' lang='lat' dir='ltr'><strong>ejus</strong></span> <span class='ocrx_word' id='word_1_738' title='bbox 3478 3053 3643 3111; x_wconf 83' lang='lat' dir='ltr'><strong>verba</strong></span> <span class='ocrx_word' id='word_1_739' title='bbox 3668 3055 3777 3126; x_wconf 89' lang='lat' dir='ltr'><strong>jam</strong></span> 
     </span>
    </p>
   </div>
   <div class='ocr_carea' id='block_1_93' title="bbox 2203 3145 3778 3215">
    <p class='ocr_par' dir='ltr' id='par_1_93' title="bbox 2203 3145 3778 3215">
     <span class='ocr_line' id='line_1_93' title="bbox 2203 3145 3778 3215; baseline 0 -16"><span class='ocrx_word' id='word_1_740' title='bbox 2203 3146 2481 3200; x_wconf 88' lang='lat' dir='ltr'><strong>dissentire</strong></span> <span class='ocrx_word' id='word_1_741' title='bbox 2501 3145 2818 3201; x_wconf 85' lang='lat' dir='ltr'><strong>desinamus.</strong></span> <span class='ocrx_word' id='word_1_742' title='bbox 2853 3145 2943 3200; x_wconf 87' lang='lat' dir='ltr'><strong>Ille</strong></span> <span class='ocrx_word' id='word_1_743' title='bbox 2969 3155 3050 3199; x_wconf 90' lang='lat' dir='ltr'><strong>est</strong></span> <span class='ocrx_word' id='word_1_744' title='bbox 3078 3155 3254 3200; x_wconf 90' lang='lat' dir='ltr'><strong>autem</strong></span> <span class='ocrx_word' id='word_1_745' title='bbox 3284 3145 3583 3215; x_wconf 85' lang='lat' dir='ltr'><strong>unigenitus</strong></span> <span class='ocrx_word' id='word_1_746' title='bbox 3605 3145 3778 3200; x_wconf 80' lang='lat' dir='ltr'><strong>Filius</strong></span> 
     </span>
    </p>
   </div>
   <div class='ocr_carea' id='block_1_94' title="bbox 2203 3235 3774 3305">
    <p class='ocr_par' dir='ltr' id='par_1_94' title="bbox 2203 3235 3774 3305">
     <span class='ocr_line' id='line_1_94' title="bbox 2203 3235 3774 3305; baseline 0 -15"><span class='ocrx_word' id='word_1_747' title='bbox 2203 3244 2257 3290; x_wconf 90' lang='lat' dir='ltr'><strong>et</strong></span> <span class='ocrx_word' id='word_1_748' title='bbox 2297 3235 2523 3290; x_wconf 87' lang='lat' dir='ltr'><strong>Verbum</strong></span> <span class='ocrx_word' id='word_1_749' title='bbox 2557 3235 2683 3301; x_wconf 89' lang='lat' dir='ltr'><strong>Dei;</strong></span> <span class='ocrx_word' id='word_1_750' title='bbox 2720 3242 2776 3290; x_wconf 86' lang='lat' dir='ltr'><strong>et</strong></span> <span class='ocrx_word' id='word_1_751' title='bbox 2809 3236 2930 3292; x_wconf 90' lang='lat' dir='ltr'><strong>ideo</strong></span> <span class='ocrx_word' id='word_1_752' title='bbox 2969 3251 3068 3291; x_wconf 89' lang='lat' dir='ltr'><strong>nec</strong></span> <span class='ocrx_word' id='word_1_753' title='bbox 3101 3235 3380 3305; x_wconf 70' lang='lat' dir='ltr'><strong>PrOpheta:</strong></span> <span class='ocrx_word' id='word_1_754' title='bbox 3437 3236 3608 3291; x_wconf 88' lang='lat' dir='ltr'><strong>sancti</strong></span> <span class='ocrx_word' id='word_1_755' title='bbox 3651 3251 3774 3290; x_wconf 84' lang='lat' dir='ltr'><strong>vera</strong></span> 
     </span>
    </p>
   </div>
   <div class='ocr_carea' id='block_1_95' title="bbox 2205 3325 3777 3396">
    <p class='ocr_par' dir='ltr' id='par_1_95' title="bbox 2205 3325 3777 3396">
     <span class='ocr_line' id='line_1_95' title="bbox 2205 3325 3777 3396; baseline 0.001 -18"><span class='ocrx_word' id='word_1_756' title='bbox 2205 3326 2350 3396; x_wconf 92' lang='lat' dir='ltr'><strong>loqui</strong></span> <span class='ocrx_word' id='word_1_757' title='bbox 2379 3325 2699 3394; x_wconf 87' lang='lat' dir='ltr'><strong>potuissent,</strong></span> <span class='ocrx_word' id='word_1_758' title='bbox 2730 3326 2826 3380; x_wconf 88' lang='lat' dir='ltr'><strong>nisi</strong></span> <span class='ocrx_word' id='word_1_759' title='bbox 2857 3326 2924 3380; x_wconf 92' lang='lat' dir='ltr'><strong>ab</strong></span> <span class='ocrx_word' id='word_1_760' title='bbox 2953 3325 3064 3396; x_wconf 87' lang='lat' dir='ltr'><strong>ipsa</strong></span> <span class='ocrx_word' id='word_1_761' title='bbox 3089 3327 3327 3391; x_wconf 86' lang='lat' dir='ltr'><strong>veritate,</strong></span> <span class='ocrx_word' id='word_1_762' title='bbox 3358 3325 3498 3395; x_wconf 91' lang='lat' dir='ltr'><strong>quod</strong></span> <span class='ocrx_word' id='word_1_763' title='bbox 3529 3335 3612 3380; x_wconf 87' lang='lat' dir='ltr'><strong>est</strong></span> <span class='ocrx_word' id='word_1_764' title='bbox 3648 3325 3777 3380; x_wconf 80' lang='lat' dir='ltr'><strong>Ver-</strong></span> 
     </span>
    </p>
   </div>
   <div class='ocr_carea' id='block_1_96' title="bbox 2203 3417 3777 3488">
    <p class='ocr_par' dir='ltr' id='par_1_96' title="bbox 2203 3417 3777 3488">
     <span class='ocr_line' id='line_1_96' title="bbox 2203 3417 3777 3488; baseline 0.001 -16"><span class='ocrx_word' id='word_1_765' title='bbox 2203 3418 2324 3473; x_wconf 92' lang='lat' dir='ltr'><strong>bum</strong></span> <span class='ocrx_word' id='word_1_766' title='bbox 2355 3417 2483 3483; x_wconf 90' lang='lat' dir='ltr'><strong>Dei,</strong></span> <span class='ocrx_word' id='word_1_767' title='bbox 2511 3417 2932 3472; x_wconf 86' lang='lat' dir='ltr'><strong>manifestaretur</strong></span> <span class='ocrx_word' id='word_1_768' title='bbox 2961 3418 3039 3473; x_wconf 91' lang='lat' dir='ltr'><strong>eis</strong></span> <span class='ocrx_word' id='word_1_769' title='bbox 3068 3417 3204 3488; x_wconf 93' lang='lat' dir='ltr'><strong>quod</strong></span> <span class='ocrx_word' id='word_1_770' title='bbox 3234 3417 3472 3473; x_wconf 89' lang='lat' dir='ltr'><strong>dicerent</strong></span> <span class='ocrx_word' id='word_1_771' title='bbox 3497 3460 3510 3480; x_wconf 97' lang='lat'><strong>,</strong></span> <span class='ocrx_word' id='word_1_772' title='bbox 3544 3426 3599 3472; x_wconf 90' lang='lat' dir='ltr'><strong>et</strong></span> <span class='ocrx_word' id='word_1_773' title='bbox 3620 3418 3777 3488; x_wconf 86' lang='lat' dir='ltr'><strong>jube-</strong></span> 
     </span>
    </p>
   </div>
   <div class='ocr_carea' id='block_1_97' title="bbox 2202 3508 3776 3578">
    <p class='ocr_par' dir='ltr' id='par_1_97' title="bbox 2202 3508 3776 3578">
     <span class='ocr_line' id='line_1_97' title="bbox 2202 3508 3776 3578; baseline -0.002 -14"><span class='ocrx_word' id='word_1_774' title='bbox 2202 3517 2348 3564; x_wconf 89' lang='lat' dir='ltr'><strong>retur</strong></span> <span class='ocrx_word' id='word_1_775' title='bbox 2373 3517 2430 3562; x_wconf 93' lang='lat' dir='ltr'><strong>nt</strong></span> <span class='ocrx_word' id='word_1_776' title='bbox 2470 3508 2726 3564; x_wconf 88' lang='lat' dir='ltr'><strong>dicerent.</strong></span> <span class='ocrx_word' id='word_1_777' title='bbox 2763 3508 2992 3563; x_wconf 84' lang='lat' dir='ltr'><strong>Proinde</strong></span> <span class='ocrx_word' id='word_1_778' title='bbox 3035 3508 3294 3578; x_wconf 91' lang='lat' dir='ltr'><strong>prioribus</strong></span> <span class='ocrx_word' id='word_1_779' title='bbox 3325 3508 3656 3578; x_wconf 89' lang='lat' dir='ltr'><strong>temporibus</strong></span> <span class='ocrx_word' id='word_1_780' title='bbox 3687 3523 3776 3578; x_wconf 80' lang='lat' dir='ltr'><strong>per</strong></span> 
     </span>
    </p>
   </div>
   <div class='ocr_carea' id='block_1_98' title="bbox 2204 3597 3770 3669">
    <p class='ocr_par' dir='ltr' id='par_1_98' title="bbox 2204 3597 3770 3669">
     <span class='ocr_line' id='line_1_98' title="bbox 2204 3597 3770 3669; baseline -0.002 -15"><span class='ocrx_word' id='word_1_781' title='bbox 2204 3599 2495 3669; x_wconf 87' lang='lat' dir='ltr'><strong>Prophetas</strong></span> <span class='ocrx_word' id='word_1_782' title='bbox 2522 3599 2694 3654; x_wconf 89' lang='lat' dir='ltr'><strong>sonuit</strong></span> <span class='ocrx_word' id='word_1_783' title='bbox 2731 3597 2958 3653; x_wconf 91' lang='lat' dir='ltr'><strong>Verbum</strong></span> <span class='ocrx_word' id='word_1_784' title='bbox 2990 3598 3080 3652; x_wconf 89' lang='lat' dir='ltr'><strong>Dei</strong></span> <span class='ocrx_word' id='word_1_785' title='bbox 3107 3615 3119 3650; x_wconf 87' lang='lat'><strong>:</strong></span> <span class='ocrx_word' id='word_1_786' title='bbox 3143 3597 3333 3652; x_wconf 88' lang='lat' dir='ltr'><strong>deinde</strong></span> <span class='ocrx_word' id='word_1_787' title='bbox 3362 3612 3457 3665; x_wconf 89' lang='lat' dir='ltr'><strong>per</strong></span> <span class='ocrx_word' id='word_1_788' title='bbox 3478 3612 3536 3651; x_wconf 90' lang='lat' dir='ltr'><strong>se</strong></span> <span class='ocrx_word' id='word_1_789' title='bbox 3563 3598 3739 3667; x_wconf 87' lang='lat' dir='ltr'><strong>ipsum</strong></span> <span class='ocrx_word' id='word_1_790' title='bbox 3757 3641 3770 3660; x_wconf 96' lang='lat'><strong>,</strong></span> 
     </span>
    </p>
   </div>
   <div class='ocr_carea' id='block_1_99' title="bbox 2203 3690 3775 3758">
    <p class='ocr_par' dir='ltr' id='par_1_99' title="bbox 2203 3690 3775 3758">
     <span class='ocr_line' id='line_1_99' title="bbox 2203 3690 3775 3758; baseline -0.003 -12"><span class='ocrx_word' id='word_1_791' title='bbox 2203 3707 2322 3746; x_wconf 92' lang='lat' dir='ltr'><strong>cum</strong></span> <span class='ocrx_word' id='word_1_792' title='bbox 2379 3690 2592 3745; x_wconf 86' lang='lat' dir='ltr'><strong>Verbum</strong></span> <span class='ocrx_word' id='word_1_793' title='bbox 2631 3705 2746 3744; x_wconf 86' lang='lat' dir='ltr'><strong>caro</strong></span> <span class='ocrx_word' id='word_1_794' title='bbox 2793 3690 2984 3758; x_wconf 79' lang='lat' dir='ltr'><strong>factum</strong></span> <span class='ocrx_word' id='word_1_795' title='bbox 3023 3698 3093 3743; x_wconf 83' lang='lat' dir='ltr'><strong>est</strong></span> <span class='ocrx_word' id='word_1_796' title='bbox 3121 3732 3134 3755; x_wconf 92' lang='lat'><strong>,</strong></span> <span class='ocrx_word' id='word_1_797' title='bbox 3168 3700 3212 3742; x_wconf 76' lang='lat' dir='ltr'><strong>et</strong></span> <span class='ocrx_word' id='word_1_798' title='bbox 3241 3690 3479 3742; x_wconf 81' lang='lat' dir='ltr'><strong>habitauit</strong></span> <span class='ocrx_word' id='word_1_799' title='bbox 3524 3690 3579 3743; x_wconf 85' lang='lat' dir='ltr'><strong>in</strong></span> <span class='ocrx_word' id='word_1_800' title='bbox 3630 3692 3775 3744; x_wconf 79' lang='lat' dir='ltr'><strong>nobis</strong></span> 
     </span>
    </p>
   </div>
   <div class='ocr_carea' id='block_1_100' title="bbox 2207 3781 3772 3856">
    <p class='ocr_par' dir='ltr' id='par_1_100' title="bbox 2207 3781 3772 3856">
     <span class='ocr_line' id='line_1_100' title="bbox 2207 3781 3772 3856; baseline -0.003 -19"><span class='ocrx_word' id='word_1_801' title='bbox 2207 3784 2382 3856; x_wconf 85' lang='lat' dir='ltr'><strong>(Joan.</strong></span> <span class='ocrx_word' id='word_1_802' title='bbox 2416 3800 2453 3850; x_wconf 91' lang='grc' dir='ltr'>ι,</span> <span class='ocrx_word' id='word_1_803' title='bbox 2499 3782 2585 3855; x_wconf 57' lang='lat' dir='ltr'><strong>li)</strong></span> <span class='ocrx_word' id='word_1_804' title='bbox 2619 3782 2847 3838; x_wconf 89' lang='lat' dir='ltr'><strong>:dcinde</strong></span> <span class='ocrx_word' id='word_1_805' title='bbox 2877 3796 2972 3851; x_wconf 89' lang='lat' dir='ltr'><strong>per</strong></span> <span class='ocrx_word' id='word_1_806' title='bbox 3000 3781 3282 3851; x_wconf 78' lang='lat' dir='ltr'><strong>Apostolos</strong></span> <span class='ocrx_word' id='word_1_807' title='bbox 3307 3823 3321 3847; x_wconf 91' lang='lat'><strong>,</strong></span> <span class='ocrx_word' id='word_1_808' title='bbox 3353 3795 3487 3850; x_wconf 88' lang='lat' dir='ltr'><strong>quos</strong></span> <span class='ocrx_word' id='word_1_809' title='bbox 3530 3782 3682 3836; x_wconf 90' lang='lat' dir='ltr'><strong>misit</strong></span> <span class='ocrx_word' id='word_1_810' title='bbox 3711 3781 3772 3834; x_wconf 84' lang='lat' dir='ltr'><strong>ad</strong></span> 
     </span>
    </p>
   </div>
   <div class='ocr_carea' id='block_1_101' title="bbox 2203 3873 3774 3946">
    <p class='ocr_par' dir='ltr' id='par_1_101' title="bbox 2203 3873 3774 3946">
     <span class='ocr_line' id='line_1_101' title="bbox 2203 3873 3774 3946; baseline -0.003 -14"><span class='ocrx_word' id='word_1_811' title='bbox 2203 3878 2302 3932; x_wconf 79' lang='lat' dir='ltr'><strong>se&#39;</strong></span> <span class='ocrx_word' id='word_1_812' title='bbox 2331 3875 2718 3946; x_wconf 71' lang='lat' dir='ltr'><strong>praidicandum</strong></span> <span class='ocrx_word' id='word_1_813' title='bbox 2765 3873 2986 3946; x_wconf 80' lang='lat' dir='ltr'><strong>(Matth.</strong></span> <span class='ocrx_word' id='word_1_814' title='bbox 3021 3889 3223 3937; x_wconf 79' lang='lat' dir='ltr'><strong>xxvm,</strong></span> <span class='ocrx_word' id='word_1_815' title='bbox 3259 3873 3344 3939; x_wconf 87' lang='lat' dir='ltr'><strong>l9,</strong></span> <span class='ocrx_word' id='word_1_816' title='bbox 3376 3874 3514 3943; x_wconf 66' lang='grc' dir='ltr'><strong>ΞΟ),</strong></span> <span class='ocrx_word' id='word_1_817' title='bbox 3549 3884 3608 3928; x_wconf 81' lang='grc' dir='ltr'><strong>ιιι</strong></span> <span class='ocrx_word' id='word_1_818' title='bbox 3636 3884 3774 3929; x_wconf 88' lang='lat' dir='ltr'><strong>esset</strong></span> 
     </span>
    </p>
   </div>
   <div class='ocr_carea' id='block_1_102' title="bbox 2203 3964 3770 4036">
    <p class='ocr_par' dir='ltr' id='par_1_102' title="bbox 2203 3964 3770 4036">
     <span class='ocr_line' id='line_1_102' title="bbox 2203 3964 3770 4036; baseline -0.004 -13"><span class='ocrx_word' id='word_1_819' title='bbox 2203 3969 2344 4024; x_wconf 85' lang='lat' dir='ltr'><strong>salus</strong></span> <span class='ocrx_word' id='word_1_820' title='bbox 2387 3981 2552 4036; x_wconf 84' lang='lat' dir='ltr'><strong>usque</strong></span> <span class='ocrx_word' id='word_1_821' title='bbox 2599 3965 2665 4020; x_wconf 89' lang='lat' dir='ltr'><strong>ad</strong></span> <span class='ocrx_word' id='word_1_822' title='bbox 2709 3965 2843 4019; x_wconf 86' lang='lat' dir='ltr'><strong>lines</strong></span> <span class='ocrx_word' id='word_1_823' title='bbox 2887 3974 3060 4020; x_wconf 71' lang='lat' dir='ltr'><strong>terrm.</strong></span> <span class='ocrx_word' id='word_1_824' title='bbox 3092 3964 3146 4018; x_wconf 94' lang='lat' dir='ltr'><strong>In</strong></span> <span class='ocrx_word' id='word_1_825' title='bbox 3197 3965 3277 4020; x_wconf 92' lang='lat' dir='ltr'><strong>his</strong></span> <span class='ocrx_word' id='word_1_826' title='bbox 3327 3964 3484 4035; x_wconf 80' lang='lat' dir='ltr'><strong>igitur</strong></span> <span class='ocrx_word' id='word_1_827' title='bbox 3521 3965 3770 4019; x_wconf 82' lang='lat' dir='ltr'><strong>omnibus</strong></span> 
     </span>
    </p>
   </div>
   <div class='ocr_carea' id='block_1_103' title="bbox 2202 4055 2877 4129">
    <p class='ocr_par' dir='ltr' id='par_1_103' title="bbox 2202 4055 2877 4129">
     <span class='ocr_line' id='line_1_103' title="bbox 2202 4055 2877 4129; baseline -0.009 -16"><span class='ocrx_word' id='word_1_828' title='bbox 2202 4056 2482 4129; x_wconf 76' lang='lat' dir='ltr'><strong>quzerenda</strong></span> <span class='ocrx_word' id='word_1_829' title='bbox 2511 4063 2593 4112; x_wconf 88' lang='lat' dir='ltr'><strong>est</strong></span> <span class='ocrx_word' id='word_1_830' title='bbox 2621 4055 2877 4111; x_wconf 86' lang='lat' dir='ltr'><strong>Ecclesia.</strong></span> 
     </span>
    </p>
   </div>
   <div class='ocr_carea' id='block_1_104' title="bbox 2273 4141 3773 4212">
    <p class='ocr_par' dir='ltr' id='par_1_104' title="bbox 2273 4141 3773 4212">
     <span class='ocr_line' id='line_1_104' title="bbox 2273 4141 3773 4212; baseline -0.005 -11"><span class='ocrx_word' id='word_1_831' title='bbox 2273 4144 2496 4202; x_wconf 83' lang='lat' dir='ltr'><strong>CAPUT</strong></span> <span class='ocrx_word' id='word_1_832' title='bbox 2526 4144 2586 4199; x_wconf 88' lang='lat' dir='ltr'><strong>V.</strong></span> <span class='ocrx_word' id='word_1_833' title='bbox 2620 4174 2689 4185; x_wconf 89' lang='lat'><strong>-</strong></span> <span class='ocrx_word' id='word_1_834' title='bbox 2723 4143 2773 4199; x_wconf 93' lang='lat'><strong>8.</strong></span> <span class='ocrx_word' id='word_1_835' title='bbox 2817 4141 2920 4198; x_wconf 90' lang='lat' dir='ltr'><strong>Sed</strong></span> <span class='ocrx_word' id='word_1_836' title='bbox 2958 4143 3202 4212; x_wconf 91' lang='lat' dir='ltr'><strong>quoniam</strong></span> <span class='ocrx_word' id='word_1_837' title='bbox 3244 4144 3405 4197; x_wconf 88' lang='lat' dir='ltr'><strong>multa</strong></span> <span class='ocrx_word' id='word_1_838' title='bbox 3447 4142 3499 4196; x_wconf 91' lang='lat' dir='ltr'><strong>in</strong></span> <span class='ocrx_word' id='word_1_839' title='bbox 3529 4142 3665 4197; x_wconf 89' lang='lat' dir='ltr'><strong>alios</strong></span> <span class='ocrx_word' id='word_1_840' title='bbox 3695 4143 3773 4197; x_wconf 90' lang='lat' dir='ltr'><strong>vel</strong></span> 
     </span>
    </p>
   </div>
   <div class='ocr_carea' id='block_1_105' title="bbox 2203 4232 3772 4302">
    <p class='ocr_par' dir='ltr' id='par_1_105' title="bbox 2203 4232 3772 4302">
     <span class='ocr_line' id='line_1_105' title="bbox 2203 4232 3772 4302; baseline -0.004 -11"><span class='ocrx_word' id='word_1_841' title='bbox 2203 4237 2271 4291; x_wconf 93' lang='lat' dir='ltr'><strong>ob</strong></span> <span class='ocrx_word' id='word_1_842' title='bbox 2300 4235 2440 4290; x_wconf 89' lang='lat' dir='ltr'><strong>aliud</strong></span> <span class='ocrx_word' id='word_1_843' title='bbox 2479 4234 2618 4289; x_wconf 80' lang='lat' dir='ltr'><strong>dicta</strong></span> <span class='ocrx_word' id='word_1_844' title='bbox 2645 4275 2659 4300; x_wconf 97' lang='lat'><strong>,</strong></span> <span class='ocrx_word' id='word_1_845' title='bbox 2693 4234 2742 4286; x_wconf 88' lang='lat' dir='ltr'><strong>in</strong></span> <span class='ocrx_word' id='word_1_846' title='bbox 2783 4246 2916 4302; x_wconf 90' lang='lat' dir='ltr'><strong>quos</strong></span> <span class='ocrx_word' id='word_1_847' title='bbox 2945 4233 3160 4296; x_wconf 86' lang='lat' dir='ltr'><strong>volunt,</strong></span> <span class='ocrx_word' id='word_1_848' title='bbox 3190 4242 3243 4286; x_wconf 92' lang='lat' dir='ltr'><strong>et</strong></span> <span class='ocrx_word' id='word_1_849' title='bbox 3271 4233 3334 4285; x_wconf 89' lang='lat' dir='ltr'><strong>ad</strong></span> <span class='ocrx_word' id='word_1_850' title='bbox 3365 4247 3498 4301; x_wconf 86' lang='lat' dir='ltr'><strong>quos</strong></span> <span class='ocrx_word' id='word_1_851' title='bbox 3543 4232 3732 4285; x_wconf 87' lang='lat' dir='ltr'><strong>volunt</strong></span> <span class='ocrx_word' id='word_1_852' title='bbox 3754 4232 3772 4261; x_wconf 86' lang='grc'>³</span> 
     </span>
    </p>
   </div>
   <div class='ocr_carea' id='block_1_106' title="bbox 2205 4321 3772 4395">
    <p class='ocr_par' dir='ltr' id='par_1_106' title="bbox 2205 4321 3772 4395">
     <span class='ocr_line' id='line_1_106' title="bbox 2205 4321 3772 4395; baseline -0.004 -14"><span class='ocrx_word' id='word_1_853' title='bbox 2205 4325 2443 4382; x_wconf 89' lang='lat' dir='ltr'><strong>maledici</strong></span> <span class='ocrx_word' id='word_1_854' title='bbox 2475 4325 2782 4395; x_wconf 88' lang='lat' dir='ltr'><strong>plerumque</strong></span> <span class='ocrx_word' id='word_1_855' title='bbox 2810 4330 3142 4386; x_wconf 83' lang='lat' dir='ltr'><strong>convertunt,</strong></span> <span class='ocrx_word' id='word_1_856' title='bbox 3171 4322 3331 4375; x_wconf 90' lang='lat' dir='ltr'><strong>multa</strong></span> <span class='ocrx_word' id='word_1_857' title='bbox 3364 4321 3522 4376; x_wconf 90' lang='lat' dir='ltr'><strong>etiam</strong></span> <span class='ocrx_word' id='word_1_858' title='bbox 3557 4331 3772 4391; x_wconf 88' lang='lat' dir='ltr'><strong>propter</strong></span> 
     </span>
    </p>
   </div>
   <div class='ocr_carea' id='block_1_107' title="bbox 2204 4413 3771 4482">
    <p class='ocr_par' dir='ltr' id='par_1_107' title="bbox 2204 4413 3771 4482">
     <span class='ocr_line' id='line_1_107' title="bbox 2204 4413 3771 4482; baseline -0.004 -9"><span class='ocrx_word' id='word_1_859' title='bbox 2204 4417 2527 4474; x_wconf 73' lang='lat' dir='ltr'><strong>exercendas</strong></span> <span class='ocrx_word' id='word_1_860' title='bbox 2552 4415 2836 4470; x_wconf 87' lang='lat' dir='ltr'><strong>rationales</strong></span> <span class='ocrx_word' id='word_1_861' title='bbox 2865 4422 3069 4468; x_wconf 88' lang='lat' dir='ltr'><strong>mentes</strong></span> <span class='ocrx_word' id='word_1_862' title='bbox 3115 4415 3332 4481; x_wconf 80' lang='lat' dir='ltr'><strong>ligurate</strong></span> <span class='ocrx_word' id='word_1_863' title='bbox 3360 4423 3518 4482; x_wconf 91' lang='lat' dir='ltr'><strong>atque</strong></span> <span class='ocrx_word' id='word_1_864' title='bbox 3545 4413 3771 4468; x_wconf 86' lang='lat' dir='ltr'><strong>obscure</strong></span> 
     </span>
    </p>
   </div>
   <div class='ocr_carea' id='block_1_108' title="bbox 2209 4503 3769 4577">
    <p class='ocr_par' dir='ltr' id='par_1_108' title="bbox 2209 4503 3769 4577">
     <span class='ocr_line' id='line_1_108' title="bbox 2209 4503 3769 4577; baseline -0.001 -19"><span class='ocrx_word' id='word_1_865' title='bbox 2209 4509 2376 4577; x_wconf 87' lang='lat' dir='ltr'><strong>posita</strong></span> <span class='ocrx_word' id='word_1_866' title='bbox 2408 4521 2502 4576; x_wconf 86' lang='lat' dir='ltr'><strong>per</strong></span> <span class='ocrx_word' id='word_1_867' title='bbox 2531 4505 2825 4575; x_wconf 76' lang='lat' dir='ltr'><strong>aenigmatis</strong></span> <span class='ocrx_word' id='word_1_868' title='bbox 2853 4504 3105 4572; x_wconf 77' lang='lat' dir='ltr'><strong>imagines</strong></span> <span class='ocrx_word' id='word_1_869' title='bbox 3131 4503 3210 4556; x_wconf 91' lang='lat' dir='ltr'><strong>vel</strong></span> <span class='ocrx_word' id='word_1_870' title='bbox 3251 4503 3602 4572; x_wconf 79' lang='lat' dir='ltr'><strong>ambiguitatis</strong></span> <span class='ocrx_word' id='word_1_871' title='bbox 3628 4503 3769 4556; x_wconf 81' lang='lat' dir='ltr'><strong>anei-</strong></span> 
     </span>
    </p>
   </div>
   <div class='ocr_carea' id='block_1_109' title="bbox 2207 4591 3767 4667">
    <p class='ocr_par' dir='ltr' id='par_1_109' title="bbox 2207 4591 3767 4667">
     <span class='ocr_line' id='line_1_109' title="bbox 2207 4591 3767 4667; baseline -0.001 -18"><span class='ocrx_word' id='word_1_872' title='bbox 2207 4599 2367 4667; x_wconf 88' lang='lat' dir='ltr'><strong>piteni</strong></span> <span class='ocrx_word' id='word_1_873' title='bbox 2393 4609 2604 4650; x_wconf 86' lang='lat' dir='ltr'><strong>sensum</strong></span> <span class='ocrx_word' id='word_1_874' title='bbox 2627 4635 2641 4660; x_wconf 95' lang='lat'><strong>,</strong></span> <span class='ocrx_word' id='word_1_875' title='bbox 2675 4594 2844 4648; x_wconf 84' lang='lat' dir='ltr'><strong>fallaci</strong></span> <span class='ocrx_word' id='word_1_876' title='bbox 2873 4592 3156 4663; x_wconf 90' lang='lat' dir='ltr'><strong>aliquando</strong></span> <span class='ocrx_word' id='word_1_877' title='bbox 3185 4591 3767 4660; x_wconf 72' lang='lat' dir='ltr'><strong>interpretationicon-</strong></span> 
     </span>
    </p>
   </div>
   <div class='ocr_carea' id='block_1_110' title="bbox 2206 4681 3770 4751">
    <p class='ocr_par' dir='ltr' id='par_1_110' title="bbox 2206 4681 3770 4751">
     <span class='ocr_line' id='line_1_110' title="bbox 2206 4681 3770 4751; baseline -0.006 -7"><span class='ocrx_word' id='word_1_878' title='bbox 2206 4702 2396 4744; x_wconf 88' lang='lat' dir='ltr'><strong>sonare</strong></span> <span class='ocrx_word' id='word_1_879' title='bbox 2424 4695 2477 4742; x_wconf 92' lang='lat' dir='ltr'><strong>et</strong></span> <span class='ocrx_word' id='word_1_880' title='bbox 2520 4687 2802 4742; x_wconf 89' lang='lat' dir='ltr'><strong>convenire</strong></span> <span class='ocrx_word' id='word_1_881' title='bbox 2847 4684 3156 4750; x_wconf 89' lang='lat' dir='ltr'><strong>creduntur,</strong></span> <span class='ocrx_word' id='word_1_882' title='bbox 3190 4683 3289 4737; x_wconf 92' lang='lat' dir='ltr'><strong>hoc</strong></span> <span class='ocrx_word' id='word_1_883' title='bbox 3334 4681 3494 4736; x_wconf 89' lang='lat' dir='ltr'><strong>etiam</strong></span> <span class='ocrx_word' id='word_1_884' title='bbox 3540 4683 3770 4751; x_wconf 66' lang='lat' dir='ltr'><strong>prmdieo</strong></span> 
     </span>
    </p>
   </div>
   <div class='ocr_carea' id='block_1_111' title="bbox 2206 4772 3770 4849">
    <p class='ocr_par' dir='ltr' id='par_1_111' title="bbox 2206 4772 3770 4849">
     <span class='ocr_line' id='line_1_111' title="bbox 2206 4772 3770 4849; baseline -0.006 -16"><span class='ocrx_word' id='word_1_885' title='bbox 2206 4791 2360 4849; x_wconf 92' lang='lat' dir='ltr'><strong>atque</strong></span> <span class='ocrx_word' id='word_1_886' title='bbox 2391 4791 2626 4848; x_wconf 88' lang='lat' dir='ltr'><strong>propono</strong></span> <span class='ocrx_word' id='word_1_887' title='bbox 2647 4818 2660 4839; x_wconf 87' lang='lat'><strong>,</strong></span> <span class='ocrx_word' id='word_1_888' title='bbox 2691 4784 2747 4830; x_wconf 94' lang='lat' dir='ltr'><strong>nt</strong></span> <span class='ocrx_word' id='word_1_889' title='bbox 2775 4789 2994 4846; x_wconf 76' lang='lat' dir='ltr'><strong>quicque</strong></span> <span class='ocrx_word' id='word_1_890' title='bbox 3031 4783 3210 4843; x_wconf 84' lang='lat' dir='ltr'><strong>aperta</strong></span> <span class='ocrx_word' id='word_1_891' title='bbox 3238 4782 3290 4828; x_wconf 88' lang='lat' dir='ltr'><strong>et</strong></span> <span class='ocrx_word' id='word_1_892' title='bbox 3318 4772 3598 4827; x_wconf 87' lang='lat' dir='ltr'><strong>manifesta</strong></span> <span class='ocrx_word' id='word_1_893' title='bbox 3635 4773 3770 4828; x_wconf 90' lang='lat' dir='ltr'><strong>deli-</strong></span> 
     </span>
    </p>
   </div>
   <div class='ocr_carea' id='block_1_112' title="bbox 2205 4862 3768 4941">
    <p class='ocr_par' dir='ltr' id='par_1_112' title="bbox 2205 4862 3768 4941">
     <span class='ocr_line' id='line_1_112' title="bbox 2205 4862 3768 4941; baseline -0.002 -23"><span class='ocrx_word' id='word_1_894' title='bbox 2205 4883 2409 4941; x_wconf 75' lang='lat' dir='ltr'><strong>gamus.</strong></span> <span class='ocrx_word' id='word_1_895' title='bbox 2438 4869 2567 4935; x_wconf 71' lang='lat' dir='ltr'><strong>Qua:</strong></span> <span class='ocrx_word' id='word_1_896' title='bbox 2593 4866 2634 4922; x_wconf 91' lang='lat' dir='ltr'><strong>si</strong></span> <span class='ocrx_word' id='word_1_897' title='bbox 2659 4865 2710 4920; x_wconf 90' lang='lat' dir='ltr'><strong>in</strong></span> <span class='ocrx_word' id='word_1_898' title='bbox 2731 4866 2924 4921; x_wconf 88' lang='lat' dir='ltr'><strong>sanctis</strong></span> <span class='ocrx_word' id='word_1_899' title='bbox 2945 4863 3231 4932; x_wconf 87' lang='lat' dir='ltr'><strong>Scripturis</strong></span> <span class='ocrx_word' id='word_1_900' title='bbox 3259 4877 3361 4917; x_wconf 90' lang='lat' dir='ltr'><strong>non</strong></span> <span class='ocrx_word' id='word_1_901' title='bbox 3385 4862 3768 4927; x_wconf 81' lang='lat' dir='ltr'><strong>invenirentur,</strong></span> 
     </span>
    </p>
   </div>
   <div class='ocr_carea' id='block_1_113' title="bbox 2209 4950 3770 5022">
    <p class='ocr_par' dir='ltr' id='par_1_113' title="bbox 2209 4950 3770 5022">
     <span class='ocr_line' id='line_1_113' title="bbox 2209 4950 3770 5022; baseline -0.008 -8"><span class='ocrx_word' id='word_1_902' title='bbox 2209 4960 2351 5014; x_wconf 84' lang='lat' dir='ltr'><strong>nullo</strong></span> <span class='ocrx_word' id='word_1_903' title='bbox 2382 4957 2538 5012; x_wconf 89' lang='lat' dir='ltr'><strong>modo</strong></span> <span class='ocrx_word' id='word_1_904' title='bbox 2566 4965 2708 5012; x_wconf 87' lang='lat' dir='ltr'><strong>esset</strong></span> <span class='ocrx_word' id='word_1_905' title='bbox 2734 4954 2874 5009; x_wconf 88' lang='lat' dir='ltr'><strong>unde</strong></span> <span class='ocrx_word' id='word_1_906' title='bbox 2902 4953 3229 5022; x_wconf 84' lang='lat' dir='ltr'><strong>aperirentur</strong></span> <span class='ocrx_word' id='word_1_907' title='bbox 3256 4952 3433 5005; x_wconf 87' lang='lat' dir='ltr'><strong>clausa</strong></span> <span class='ocrx_word' id='word_1_908' title='bbox 3457 4958 3512 5006; x_wconf 89' lang='lat' dir='ltr'><strong>et</strong></span> <span class='ocrx_word' id='word_1_909' title='bbox 3537 4950 3770 5004; x_wconf 81' lang='lat' dir='ltr'><strong>illustra-</strong></span> 
     </span>
    </p>
   </div>
   <div class='ocr_carea' id='block_1_114' title="bbox 2209 5040 3771 5113">
    <p class='ocr_par' dir='ltr' id='par_1_114' title="bbox 2209 5040 3771 5113">
     <span class='ocr_line' id='line_1_114' title="bbox 2209 5040 3771 5113; baseline -0.007 -9"><span class='ocrx_word' id='word_1_910' title='bbox 2209 5061 2390 5106; x_wconf 89' lang='lat' dir='ltr'><strong>rentur</strong></span> <span class='ocrx_word' id='word_1_911' title='bbox 2415 5050 2656 5104; x_wconf 89' lang='lat' dir='ltr'><strong>obscura.</strong></span> <span class='ocrx_word' id='word_1_912' title='bbox 2681 5045 2840 5100; x_wconf 87' lang='lat' dir='ltr'><strong>Verbi</strong></span> <span class='ocrx_word' id='word_1_913' title='bbox 2868 5045 3007 5099; x_wconf 92' lang='lat' dir='ltr'><strong>enim</strong></span> <span class='ocrx_word' id='word_1_914' title='bbox 3028 5045 3215 5113; x_wconf 80' lang='lat' dir='ltr'><strong>gratia,</strong></span> <span class='ocrx_word' id='word_1_915' title='bbox 3248 5042 3419 5098; x_wconf 89' lang='lat' dir='ltr'><strong>videte</strong></span> <span class='ocrx_word' id='word_1_916' title='bbox 3443 5055 3600 5110; x_wconf 88' lang='lat' dir='ltr'><strong>quam</strong></span> <span class='ocrx_word' id='word_1_917' title='bbox 3625 5040 3771 5095; x_wconf 87' lang='lat' dir='ltr'><strong>facile</strong></span> 
     </span>
    </p>
   </div>
   <div class='ocr_carea' id='block_1_115' title="bbox 2208 5123 3772 5201">
    <p class='ocr_par' dir='ltr' id='par_1_115' title="bbox 2208 5123 3772 5201">
     <span class='ocr_line' id='line_1_115' title="bbox 2208 5123 3772 5201; baseline -0.01 -5"><span class='ocrx_word' id='word_1_918' title='bbox 2208 5143 2276 5196; x_wconf 89' lang='lat' dir='ltr'><strong>sit</strong></span> <span class='ocrx_word' id='word_1_919' title='bbox 2303 5141 2383 5195; x_wconf 91' lang='lat' dir='ltr'><strong>vel</strong></span> <span class='ocrx_word' id='word_1_920' title='bbox 2415 5139 2566 5194; x_wconf 91' lang='lat' dir='ltr'><strong>nobis</strong></span> <span class='ocrx_word' id='word_1_921' title='bbox 2607 5138 2658 5190; x_wconf 93' lang='lat' dir='ltr'><strong>in</strong></span> <span class='ocrx_word' id='word_1_922' title='bbox 2689 5123 2781 5190; x_wconf 84' lang='lat' dir='ltr'><strong>eos</strong></span> <span class='ocrx_word' id='word_1_923' title='bbox 2809 5135 2987 5189; x_wconf 89' lang='lat' dir='ltr'><strong>dicere</strong></span> <span class='ocrx_word' id='word_1_924' title='bbox 3006 5173 3022 5200; x_wconf 96' lang='lat'><strong>,</strong></span> <span class='ocrx_word' id='word_1_925' title='bbox 3053 5133 3138 5187; x_wconf 88' lang='lat' dir='ltr'><strong>vel</strong></span> <span class='ocrx_word' id='word_1_926' title='bbox 3181 5133 3282 5186; x_wconf 89' lang='lat' dir='ltr'><strong>illis</strong></span> <span class='ocrx_word' id='word_1_927' title='bbox 3308 5133 3360 5186; x_wconf 89' lang='lat' dir='ltr'><strong>in</strong></span> <span class='ocrx_word' id='word_1_928' title='bbox 3390 5147 3508 5196; x_wconf 90' lang='lat' dir='ltr'><strong>nos,</strong></span> <span class='ocrx_word' id='word_1_929' title='bbox 3535 5130 3676 5201; x_wconf 88' lang='lat' dir='ltr'><strong>quod</strong></span> <span class='ocrx_word' id='word_1_930' title='bbox 3703 5131 3772 5182; x_wconf 88' lang='lat' dir='ltr'><strong>ait</strong></span> 
     </span>
    </p>
   </div>
   <div class='ocr_carea' id='block_1_116' title="bbox 2212 5222 3772 5288">
    <p class='ocr_par' dir='ltr' id='par_1_116' title="bbox 2212 5222 3772 5288">
     <span class='ocr_line' id='line_1_116' title="bbox 2212 5222 3772 5288; baseline -0.01 0"><span class='ocrx_word' id='word_1_931' title='bbox 2212 5233 2464 5288; x_wconf 83' lang='lat' dir='ltr'><strong>Dominus</strong></span> <span class='ocrx_word' id='word_1_932' title='bbox 2493 5227 2774 5284; x_wconf 68' lang='lat' dir='ltr'><strong>Pharismis</strong></span> <span class='ocrx_word' id='word_1_933' title='bbox 2798 5242 2812 5278; x_wconf 88' lang='lat'><strong>:</strong></span> <span class='ocrx_word' id='word_1_934' title='bbox 2837 5225 3042 5281; x_wconf 81' lang='lat' dir='ltr'><strong>Similes</strong></span> <span class='ocrx_word' id='word_1_935' title='bbox 3068 5225 3183 5279; x_wconf 82' lang='lat' dir='ltr'><strong>estis</strong></span> <span class='ocrx_word' id='word_1_936' title='bbox 3210 5224 3540 5278; x_wconf 79' lang='lat' dir='ltr'><strong>monumentis</strong></span> <span class='ocrx_word' id='word_1_937' title='bbox 3569 5222 3772 5276; x_wconf 81' lang='lat' dir='ltr'><strong>dealba-</strong></span> 
     </span>
    </p>
   </div>
   <div class='ocr_carea' id='block_1_117' title="bbox 2209 5315 3772 5392">
    <p class='ocr_par' dir='ltr' id='par_1_117' title="bbox 2209 5315 3772 5392">
     <span class='ocr_line' id='line_1_117' title="bbox 2209 5315 3772 5392; baseline -0.01 -14"><span class='ocrx_word' id='word_1_938' title='bbox 2209 5325 2289 5387; x_wconf 86' lang='lat' dir='ltr'><strong>tis,</strong></span> <span class='ocrx_word' id='word_1_939' title='bbox 2322 5338 2433 5392; x_wconf 71' lang='lat' dir='ltr'><strong>qua:</strong></span> <span class='ocrx_word' id='word_1_940' title='bbox 2459 5321 2615 5391; x_wconf 78' lang='lat' dir='ltr'><strong>aforis</strong></span> <span class='ocrx_word' id='word_1_941' title='bbox 2642 5327 2884 5389; x_wconf 82' lang='lat' dir='ltr'><strong>apparent</strong></span> <span class='ocrx_word' id='word_1_942' title='bbox 2911 5316 3190 5370; x_wconf 77' lang='lat' dir='ltr'><strong>hominibus</strong></span> <span class='ocrx_word' id='word_1_943' title='bbox 3217 5315 3459 5384; x_wconf 84' lang='lat' dir='ltr'><strong>speciosa,</strong></span> <span class='ocrx_word' id='word_1_944' title='bbox 3500 5315 3637 5367; x_wconf 80' lang='lat' dir='ltr'><strong>intus</strong></span> <span class='ocrx_word' id='word_1_945' title='bbox 3665 5327 3772 5365; x_wconf 67' lang='lat' dir='ltr'><strong>utro</strong></span> 
     </span>
    </p>
   </div>
   <div class='ocr_carea' id='block_1_118' title="bbox 2211 5403 3771 5484">
    <p class='ocr_par' dir='ltr' id='par_1_118' title="bbox 2211 5403 3771 5484">
     <span class='ocr_line' id='line_1_118' title="bbox 2211 5403 3771 5484; baseline -0.008 -21"><span class='ocrx_word' id='word_1_946' title='bbox 2211 5417 2356 5484; x_wconf 77' lang='lat' dir='ltr'><strong>plena</strong></span> <span class='ocrx_word' id='word_1_947' title='bbox 2380 5421 2495 5466; x_wconf 86' lang='lat' dir='ltr'><strong>sunt</strong></span> <span class='ocrx_word' id='word_1_948' title='bbox 2524 5410 2714 5464; x_wconf 82' lang='lat' dir='ltr'><strong>ossibus</strong></span> <span class='ocrx_word' id='word_1_949' title='bbox 2750 5417 3061 5461; x_wconf 87' lang='lat' dir='ltr'><strong>mortuorum</strong></span> <span class='ocrx_word' id='word_1_950' title='bbox 3088 5413 3134 5457; x_wconf 82' lang='lat' dir='ltr'><strong>et</strong></span> <span class='ocrx_word' id='word_1_951' title='bbox 3167 5405 3304 5458; x_wconf 88' lang='lat' dir='ltr'><strong>omni</strong></span> <span class='ocrx_word' id='word_1_952' title='bbox 3326 5404 3566 5473; x_wconf 75' lang='lat' dir='ltr'><strong>spurcitia</strong></span> <span class='ocrx_word' id='word_1_953' title='bbox 3588 5420 3606 5456; x_wconf 92' lang='lat'><strong><em>:</em></strong></span> <span class='ocrx_word' id='word_1_954' title='bbox 3626 5403 3694 5455; x_wconf 84' lang='lat' dir='ltr'><strong>sic</strong></span> <span class='ocrx_word' id='word_1_955' title='bbox 3726 5407 3771 5452; x_wconf 73' lang='lat' dir='ltr'><strong>et</strong></span> 
     </span>
    </p>
   </div>
   <div class='ocr_carea' id='block_1_119' title="bbox 2211 5493 3770 5574">
    <p class='ocr_par' dir='ltr' id='par_1_119' title="bbox 2211 5493 3770 5574">
     <span class='ocr_line' id='line_1_119' title="bbox 2211 5493 3770 5574; baseline -0.013 -14"><span class='ocrx_word' id='word_1_956' title='bbox 2211 5522 2291 5560; x_wconf 82' lang='lat' dir='ltr'><strong>ros</strong></span> <span class='ocrx_word' id='word_1_957' title='bbox 2317 5504 2474 5574; x_wconf 75' lang='lat' dir='ltr'><strong>«foris</strong></span> <span class='ocrx_word' id='word_1_958' title='bbox 2499 5501 2698 5570; x_wconf 86' lang='lat' dir='ltr'><strong>quidem</strong></span> <span class='ocrx_word' id='word_1_959' title='bbox 2719 5497 2970 5567; x_wconf 70' lang='lat' dir='ltr'><strong>apparatis</strong></span> <span class='ocrx_word' id='word_1_960' title='bbox 2996 5495 3276 5549; x_wconf 81' lang='lat' dir='ltr'><strong>hominibus</strong></span> <span class='ocrx_word' id='word_1_961' title='bbox 3293 5494 3444 5563; x_wconf 85' lang='lat' dir='ltr'><strong>justi,</strong></span> <span class='ocrx_word' id='word_1_962' title='bbox 3461 5493 3599 5546; x_wconf 85' lang='lat' dir='ltr'><strong>intus</strong></span> <span class='ocrx_word' id='word_1_963' title='bbox 3615 5502 3770 5545; x_wconf 72' lang='lat' dir='ltr'><strong>autem</strong></span> 
     </span>
    </p>
   </div>
   <div class='ocr_carea' id='block_1_120' title="bbox 2275 5623 3688 5694">
    <p class='ocr_par' dir='ltr' id='par_1_120' title="bbox 2275 5623 3688 5694">
     <span class='ocr_line' id='line_1_120' title="bbox 2275 5623 3688 5694; baseline -0.014 -4"><span class='ocrx_word' id='word_1_964' title='bbox 2275 5645 2288 5675; x_wconf 82' lang='grc' dir='ltr'><strong>ι</strong></span> <span class='ocrx_word' id='word_1_965' title='bbox 2327 5641 2453 5690; x_wconf 80' lang='lat' dir='ltr'><strong>Idem</strong></span> <span class='ocrx_word' id='word_1_966' title='bbox 2471 5637 2643 5694; x_wconf 77' lang='lat' dir='ltr'><strong>codex,</strong></span> <span class='ocrx_word' id='word_1_967' title='bbox 2669 5641 2712 5683; x_wconf 87' lang='lat' dir='ltr'><strong>et</strong></span> <span class='ocrx_word' id='word_1_968' title='bbox 2735 5628 3111 5694; x_wconf 64' lang='lat' dir='ltr'><strong>incommutabile</strong></span> <span class='ocrx_word' id='word_1_969' title='bbox 3138 5640 3284 5694; x_wconf 71' lang='lat' dir='ltr'><strong>unum</strong></span> <span class='ocrx_word' id='word_1_970' title='bbox 3302 5625 3492 5694; x_wconf 76' lang='lat' dir='ltr'><strong>verbum</strong></span> <span class='ocrx_word' id='word_1_971' title='bbox 3522 5623 3688 5674; x_wconf 79' lang='lat' dir='ltr'><strong>Putris.</strong></span> 
     </span>
    </p>
   </div>
   <div class='ocr_carea' id='block_1_121' title="bbox 2269 5689 3544 5753">
    <p class='ocr_par' dir='ltr' id='par_1_121' title="bbox 2269 5689 3544 5753">
     <span class='ocr_line' id='line_1_121' title="bbox 2269 5689 3544 5753; baseline -0.014 -1"><span class='ocrx_word' id='word_1_972' title='bbox 2269 5706 2288 5734; x_wconf 80' lang='grc'>²</span> <span class='ocrx_word' id='word_1_973' title='bbox 2323 5689 2639 5751; x_wconf 62' lang='grc' dir='ltr'>νιοιδίαωιιειέ</span> <span class='ocrx_word' id='word_1_974' title='bbox 2655 5702 2754 5753; x_wconf 71' lang='lat' dir='ltr'><strong>Ms,</strong></span> <span class='ocrx_word' id='word_1_975' title='bbox 2778 5694 2842 5742; x_wconf 84' lang='lat' dir='ltr'><strong>ad</strong></span> <span class='ocrx_word' id='word_1_976' title='bbox 2867 5691 3258 5753; x_wconf 73' lang='lat' dir='ltr'><strong>prazdicandum,</strong></span> <span class='ocrx_word' id='word_1_977' title='bbox 3277 5689 3469 5747; x_wconf 85' lang='lat' dir='ltr'><strong>omisso,</strong></span> <span class='ocrx_word' id='word_1_978' title='bbox 3494 5699 3544 5734; x_wconf 86' lang='lat' dir='ltr'><strong>se</strong></span> 
     </span>
    </p>
   </div>
   <div class='ocr_carea' id='block_1_122' title="bbox 2273 5751 3132 5816">
    <p class='ocr_par' dir='ltr' id='par_1_122' title="bbox 2273 5751 3132 5816">
     <span class='ocr_line' id='line_1_122' title="bbox 2273 5751 3132 5816; baseline -0.015 -4"><span class='ocrx_word' id='word_1_979' title='bbox 2273 5766 2293 5798; x_wconf 79' lang='grc'><em>³</em></span> <span class='ocrx_word' id='word_1_980' title='bbox 2326 5765 2453 5812; x_wconf 87' lang='lat' dir='ltr'><strong>tdcm</strong></span> <span class='ocrx_word' id='word_1_981' title='bbox 2473 5759 2646 5816; x_wconf 73' lang='lat' dir='ltr'><strong>codex,</strong></span> <span class='ocrx_word' id='word_1_982' title='bbox 2669 5761 2712 5803; x_wconf 75' lang='lat' dir='ltr'><strong>et</strong></span> <span class='ocrx_word' id='word_1_983' title='bbox 2734 5751 2798 5804; x_wconf 72' lang='lat' dir='ltr'><strong>ad</strong></span> <span class='ocrx_word' id='word_1_984' title='bbox 2821 5751 2944 5816; x_wconf 76' lang='lat' dir='ltr'><strong>quod</strong></span> <span class='ocrx_word' id='word_1_985' title='bbox 2963 5751 3132 5802; x_wconf 81' lang='lat' dir='ltr'><strong>volunt.</strong></span> 
     </span>
    </p>
   </div>
  </div>
