3998 6464
267 402 363 463 3ῧῖ

263 519 391 587 pleni
420 517 541 571 estis
568 517 821 588 hypocrisi
851 523 895 570 ct
916 515 1178 585 iniquitate
1212 515 1423 585 (Matth.
1452 515 1709 580 xxm,27,
1734 513 1850 584 28).

262 613 382 666 limo
407 611 524 677 sive
547 612 599 664 in
628 611 746 664 illos
768 624 796 663 a
835 610 987 664 nobis
1007 649 1021 675 ,
1050 609 1162 662 sive
1187 608 1254 662 ab
1270 607 1350 663 eis
1371 608 1422 661 in
1454 622 1552 661 nos
1581 606 1847 672 dicantur,

260 701 358 755 nisi
400 702 552 769 prius
601 700 859 769 probetur
907 698 1364 753 manifestissimis
1391 697 1727 752 documentis
1757 697 1849 766 qui

257 797 384 857 sint,
413 794 506 862 qui
534 808 657 846 cum
695 792 802 845 siut
831 790 1039 860 injusti,
1062 790 1236 859 justos
1262 805 1323 845 se
1368 804 1489 844 esse
1517 788 1848 859 conﬁngant,

256 884 593 937 convicianle
621 882 785 952 magis
818 882 1035 936 levitate
1068 895 1224 950 quam
1249 882 1603 935 convincente
1632 880 1851 934 veritate

255 974 391 1036 dici,
422 974 545 1045 quis
584 972 929 1027 mediocriter
982 987 1144 1027 sanus
1178 971 1426 1041 ignoret?
1455 971 1626 1025 Aliter
1653 969 1850 1039 quippe

256 1068 341 1121 illa
370 1067 631 1120 Dominus
653 1066 705 1119 in
730 1063 1027 1119 Phariszeos
1053 1063 1267 1118 dicebat
1288 1072 1539 1133 tauquam
1568 1062 1845 1126 Dominus,

255 1158 303 1213 id
334 1166 419 1212 est
448 1158 692 1227 cognitor
718 1155 914 1220 cordis,
938 1163 993 1209 et
1019 1156 1373 1208 humanorum
1400 1153 1641 1208 omnium
1663 1166 1847 1207 secre-

252 1260 428 1304 torum
470 1259 526 1304 et
559 1249 706 1303 testis
734 1255 789 1302 et
823 1246 985 1315 judex
1022 1264 1034 1299 :
1073 1260 1171 1299 nos
1201 1256 1379 1299 autem
1417 1245 1563 1314 prius
1590 1244 1846 1299 debemus

252 1340 497 1395 invenire
525 1347 580 1393 et
607 1337 892 1393 ostendere
918 1336 1042 1405 quid
1073 1350 1379 1407 arguamus,
1414 1350 1478 1389 ne
1526 1335 1623 1404 ipsi
1669 1334 1848 1403 potius

247 1432 569 1503 gravissimo
610 1431 837 1485 crimine
887 1430 1094 1483 insanze
1149 1429 1467 1483 temeritatis
1530 1442 1839 1497 arguamur.

248 1524 409 1589 Sane,
443 1524 488 1576 si
535 1531 658 1576 ante
712 1520 992 1575 docuerint
1048 1532 1146 1573 nos
1173 1519 1304 1573 tales
1327 1533 1465 1582 esse,
1503 1532 1837 1587 nequaquam

248 1626 509 1667 recusare
558 1610 817 1665 debemus
870 1610 1063 1663 talibus
1092 1618 1397 1663 sanctarum
1440 1609 1842 1677 Seripturarum

247 1706 429 1759 verbis
459 1719 557 1759 nos
603 1702 921 1772 reprehendi
949 1713 1109 1772 atque
1138 1702 1412 1755 contundi.
1446 1702 1521 1756 ita
1546 1701 1590 1755 si
1623 1716 1722 1755 nos
1752 1716 1846 1755 eos

246 1797 385 1851 tales
414 1810 538 1851 esse
567 1795 928 1859 docuerimus,
963 1794 1066 1848 erit
1094 1793 1340 1847 similiter
1370 1793 1421 1847 in
1452 1801 1714 1861 potestate
1744 1807 1844 1845 no-

243 1897 382 1953 stra,
430 1886 626 1955 quibus
654 1884 939 1940 dominicis
989 1884 1449 1953 increpationibus
1474 1884 1584 1955 jam
1616 1884 1841 1939 demon-

242 1988 448 2034 stratos
479 1978 857 2047 convictosque
888 1978 1165 2032 feriamus.

310 2090 367 2144 9.
411 2090 503 2144 Sic
527 2098 580 2144 et
608 2088 692 2142 illa
722 2087 931 2142 interim
958 2088 1267 2157 seponenda
1292 2098 1415 2143 sunt
1438 2129 1452 2153 ,
1475 2103 1594 2158 qua:
1616 2089 1843 2144 obscure

238 2182 415 2252 posita
445 2190 501 2237 et
549 2182 831 2252 ﬁgurarum
875 2181 1223 2236 velaminibus
1255 2182 1487 2236 involuta
1507 2225 1521 2246 ,
1552 2193 1606 2238 et
1648 2198 1841 2238 secun-

237 2276 369 2329 dum
419 2288 555 2340 nos,
610 2282 665 2328 et
709 2273 1000 2328 secundum
1048 2273 1167 2327 illos
1210 2284 1435 2343 possunt
1477 2274 1837 2345 interpretari.

240 2367 339 2421 Est
387 2365 602 2435 quidem
648 2374 927 2419 acutorum
960 2366 977 2395 ί
1025 2365 1297 2419 hominum
1339 2365 1633 2434 dijudicare
1683 2374 1840 2435 atque

235 2459 580 2520 discernere,
626 2457 745 2526 quis
773 2472 835 2511 ea
883 2455 1213 2525 probabilius
1255 2456 1635 2526 interpretetur
1682 2474 1695 2509 :
1743 2457 1837 2513 sed

238 2548 494 2601 nolumus
524 2547 573 2600 in
602 2547 697 2601 has
720 2546 1054 2616 ingeniorum
1075 2546 1466 2612 contentiones,
1494 2546 1544 2600 in
1566 2562 1626 2600 ea
1652 2561 1833 2614 causa,

236 2654 358 2708 qua:
386 2637 616 2707 populos
645 2646 788 2691 tenet
808 2639 850 2703 ³,
882 2645 1118 2691 nostram
1149 2636 1564 2706 disputationem
1592 2638 1836 2693 commit-

236 2740 373 2786 tere.
401 2729 541 2783 Nulli
590 2738 831 2783 nostrum
876 2728 1093 2782 dubium
1142 2737 1225 2783 est
1257 2769 1271 2795 ,
1322 2743 1421 2798 per
1467 2743 1643 2783 arcam
1687 2729 1831 2795 Noe,

238 2824 386 2878 salva
434 2838 613 2877 rerum
642 2831 909 2892 gestarum
942 2820 1078 2885 ﬁde,
1129 2830 1188 2875 ut
1232 2821 1423 2876 deletis
1470 2822 1847 2899 peccatoribus.

236 2918 431 2972 domus
470 2915 596 2985 justi
641 2930 671 2968 a
714 2914 913 2968 diluvio
954 2913 1287 2977 liberaretur,
1343 2914 1503 2968 etiam
1544 2914 1833 2970 Ecclesiam

240 3009 403 3063 fuisse
430 3008 727 3077 ﬁguratam.
757 3006 887 3073 Quae
906 3006 1040 3060 forte
1066 3005 1284 3059 humani
1311 3006 1505 3075 ingenii
1527 3006 1833 3074 conjectura

237 3102 527 3164 videretur,
578 3100 679 3154 nisi
711 3099 813 3154 hoc
857 3098 1046 3153 Petrus
1090 3099 1363 3167 apostolus
1392 3099 1443 3152 in
1473 3098 1694 3168 epistola
1738 3114 1831 3154 sua

236 3192 437 3248 diceret
467 3190 510 3263 (1
537 3189 675 3246 Petr.
706 3206 763 3245 ιιι
791 3230 806 3257 ,
825 3189 915 3257 20,
945 3189 1058 3260 2|).
1086 3189 1193 3245 Sed
1223 3189 1363 3260 quod
1395 3189 1483 3244 ille
1511 3189 1582 3245 ibi
1614 3204 1721 3245 non
1750 3190 1831 3246 di-

239 3284 344 3349 xit,
388 3282 432 3337 si
464 3282 582 3352 quis
608 3289 849 3335 nostrum
895 3280 1070 3345 dicat,
1102 3289 1389 3350 propterea
1415 3289 1603 3336 cuncta
1631 3282 1834 3336 anima-

238 3375 363 3430 lium
396 3389 592 3445 genera
636 3375 708 3429 ibi
755 3372 952 3439 fuisse,
1005 3374 1126 3443 quia
1179 3374 1233 3427 in
1286 3373 1537 3427 omnibus
1585 3374 1831 3443 gentibus

239 3467 411 3522 futura
457 3465 911 3536 prmnuntiabatur
953 3465 1228 3531 Ecclesia,
1275 3463 1502 3520 fortasse
1546 3466 1832 3521 Donatistis

237 3559 375 3615 aliud
404 3557 649 3613 videatur
673 3596 689 3623 ,
730 3565 785 3612 et
812 3556 968 3611 aliter
1016 3556 1119 3611 hoc
1165 3556 1504 3625 interpretari
1530 3556 1717 3611 velint.
1747 3556 1833 3613 Si-

240 3648 435 3704 militer
458 3657 515 3704 et
558 3648 657 3718 ipsi
685 3646 884 3717 aliquid
914 3648 1139 3702 obscure
1168 3655 1225 3701 et
1270 3648 1518 3718 ambigue
1561 3650 1826 3718 positum,

238 3741 281 3795 si
309 3755 405 3811 pro
432 3754 527 3794 sua
555 3738 816 3793 sententia
860 3740 1298 3808 interpretentur,
1332 3739 1375 3793 si
1420 3740 1572 3793 nobis
1603 3750 1781 3809 pateat
1804 3741 1824 3772 ³

239 3834 372 3887 aliud
404 3832 529 3887 inde
549 3832 726 3886 dicere
751 3830 892 3901 quod
921 3845 1016 3899 pro
1044 3831 1197 3886 nobis
1219 3839 1393 3899 sonat,
1420 3832 1539 3901 quis
1558 3834 1661 3886 erit
1685 3832 1828 3887 ﬁnis?

239 3925 363 3981 Nam
394 3925 609 3996 quidam
635 3939 819 3979 eorum
846 3924 1128 3993 episcopus
1147 3964 1161 3989 ,
1193 3938 1312 3977 cum
1342 3923 1428 3978 hic
1453 3924 1592 3993 apud
1622 3924 1825 3993 [lippo-

240 4022 350 4072 nem
370 4059 384 4083 ,
417 4018 553 4072 sicut
586 4016 913 4078 audivimus,
954 4030 1259 4069 sermonem
1289 4016 1341 4069 in
1371 4015 1567 4085 populo
1598 4016 1823 4082 faceret,

235 4108 363 4163 dixit
401 4108 646 4163 eamdem
676 4122 853 4161 arcam
880 4106 991 4161 Noe
1017 4107 1137 4161 ideo
1178 4106 1546 4161 bituminatam
1577 4107 1829 4162 intrinse-

235 4216 324 4255 cus
343 4244 357 4267 ,
386 4215 458 4256 ne
484 4214 673 4269 aquam
696 4200 961 4254 emitteret
981 4213 1164 4264 suam;
1197 4197 1317 4254 ideo
1338 4207 1515 4252 autem
1545 4199 1705 4252 etiam
1727 4214 1825 4253 ex-

234 4292 512 4353 trinsecus,
538 4306 604 4345 ne
624 4289 1193 4345 admitteretalienam.
1216 4289 1294 4343 Ad
1318 4288 1420 4344 hoc
1444 4290 1625 4359 utique
1650 4289 1826 4345 valere

238 4384 401 4437 voluit
450 4382 589 4437 hanc
650 4383 1176 4452 interpretationem,
1251 4396 1318 4436 ne
1376 4382 1682 4451 Baptismus
1738 4382 1823 4438 vel

231 4482 378 4527 extra
409 4473 705 4529 Eeclesiam
759 4487 914 4541 posse
941 4472 1093 4527 exire
1119 4470 1403 4539 credatur,
1447 4473 1530 4527 vel
1556 4472 1645 4542 qui
1674 4482 1824 4529 extra

232 4563 383 4619 datus
409 4564 603 4630 fuerit,
633 4573 961 4633 acceptctur.
993 4562 1151 4617 Visus
1183 4573 1266 4618 est
1301 4562 1498 4633 aliquid
1529 4563 1741 4631 dicere,
1771 4574 1826 4621 et

230 4656 577 4710 acclamatum
621 4662 703 4709 est
742 4654 808 4707 ab
836 4654 915 4709 eis
954 4653 1041 4723 qui
1092 4653 1319 4708 libenter
1362 4654 1677 4720 audiebant,
1728 4670 1824 4709 nec

229 4743 511 4815 diligenter
554 4744 622 4800 de
653 4746 734 4799 his
776 4758 896 4813 quae
922 4744 1200 4798 audierant
1226 4744 1546 4815 cogitabant,
1572 4754 1651 4812 ut,
1682 4745 1822 4815 quod

232 4847 343 4892 erat
371 4839 527 4893 facile
547 4879 561 4904 ,
592 4838 931 4892 adverterent
963 4837 1075 4892 ﬁeri
1105 4852 1208 4891 non
1234 4851 1391 4907 posse
1414 4846 1471 4892 ut
1490 4838 1822 4893 extrinsecus

231 4928 471 4983 admittat
499 4943 689 4999 aquam
730 4942 991 4997 compago
1037 4928 1340 4997 lignorum,
1390 4926 1435 4980 si
1478 4942 1584 4982 non
1629 4928 1823 4983 emittit

231 5020 547 5075 intrinsecus
598 5037 612 5074 :
660 5019 705 5074 si
752 5028 928 5073 autem
973 5018 1040 5072 ab
1086 5033 1150 5073 ea
1198 5026 1345 5087 parte
1390 5032 1510 5087 quas
1550 5018 1694 5073 intus
1738 5029 1820 5075 est

229 5113 445 5179 emittit,
475 5126 808 5182 consequens
836 5125 956 5165 esse
984 5119 1040 5163 ut
1064 5109 1131 5164 ab
1159 5124 1220 5164 ea
1246 5109 1406 5164 etiam
1432 5123 1552 5178 qua:
1578 5116 1661 5163 est
1688 5107 1820 5165 foris

226 5205 484 5259 admittat.
509 5203 615 5259 Sed
645 5203 747 5258 etsi
783 5202 888 5258 hoc
907 5201 975 5257 de
996 5210 1276 5271 compacto
1300 5202 1443 5272 ligno
1463 5215 1651 5255 verum
1676 5212 1820 5257 esset

226 5296 364 5366 quod
397 5294 489 5350 ille
518 5295 693 5360 dixit,
738 5294 857 5364 quis
888 5308 973 5347 me
1004 5292 1315 5361 prohiberet
1340 5292 1407 5347 de
1426 5307 1547 5347 arca
1572 5308 1638 5347 ex
1663 5301 1816 5348 utra-

226 5399 323 5453 que
344 5394 494 5455 parte
518 5384 828 5440 bituminata
847 5426 862 5451 ,
891 5384 935 5438 si
965 5397 1175 5453 possem
1196 5382 1397 5452 aliquid
1428 5382 1573 5437 aliud
1597 5383 1779 5440 dicere
1797 5426 1812 5451 ,

224 5486 278 5531 ut
338 5479 602 5533 incertum
646 5484 790 5532 esset
837 5475 962 5545 quid
1015 5475 1241 5536 horum,
1286 5474 1370 5527 vel
1404 5474 1529 5543 quid
1588 5472 1814 5529 fortasse

224 5569 358 5625 aliud
375 5570 587 5625 tertium
610 5584 697 5624 res
722 5569 808 5623 illa
830 5568 1153 5639 signiﬁewet
1172 5568 1196 5621 ἲ
1215 5566 1394 5637 Neque
1417 5567 1558 5620 enim
1582 5567 1811 5622 absurde

284 5748 300 5779 ι
338 5754 385 5797 tn
408 5751 537 5807 Mss,
557 5754 823 5797 cautor-um.

282 5813 299 5841 ²
332 5817 394 5859 tta
414 5804 728 5872 lilot‘iacensis
751 5810 919 5857 codex.
941 5815 991 5858 Al
1018 5807 1153 5869 editi,
1181 5820 1321 5871 quant
1344 5804 1546 5872 populus
1572 5810 1708 5855 tenet.

332 5874 471 5931 Alias,
500 5870 702 5931 pluerat.
773 5877 821 5918 Μ.

1166 412 1336 457 νιίαο
1366 400 1452 456 DE
1492 394 1791 457 UNITATE
1830 397 2191 457 ECCLESIIE
2232 402 2435 461 LIBER
2474 405 2674 465 UNUS.

3446 418 3554 475 598

1963 514 2177 587 dicitur,
2198 530 2288 574 aut
2308 538 2411 577 non
2434 524 2592 578 etiam
2618 525 2784 580 multo
2809 526 3151 595 probabilius,
3172 546 3265 599 per
3290 532 3547 601 bitumen,

1962 611 2084 679 quia
2138 613 2426 669 violentum
2474 618 2655 687 gluten
2703 628 2756 673 et
2831 637 2915 674 res
2964 622 3379 683 ferventisssima
3431 642 3547 695 est,

1962 702 2311 773 signiﬁcatam
2356 722 2474 763 esse
2504 710 2835 766 charitatem.
2883 712 3035 769 Unde
3076 717 3217 770 enim
3259 718 3453 775 dicitur
3496 722 3548 777 iu

1963 792 2173 848 Psalmo
2191 836 2206 861 ,
2235 796 2557 868 Agglutinata
2582 812 2654 856 est
2682 805 2848 857 anima
2876 822 2984 859 mea
3012 816 3122 875 post
3148 816 3195 861 te
3218 807 3387 880 (Psal.
3414 829 3544 883 tht,

1960 884 2055 953 9),
2086 887 2184 941 nisi
2214 886 2617 959 flagrantissima
2646 893 3104 966 charitate?Qu:e,
3124 902 3374 969 quoniam
3408 922 3546 975 prte-

1959 985 2173 1045 ceptum
2213 990 2326 1046 est,
2361 991 2416 1035 ut
2444 983 2510 1036 sit
2543 985 2695 1040 nobis
2750 988 2799 1039 in
2852 988 3080 1044 invicem
3129 999 3180 1046 et
3228 992 3279 1046 in
3325 1010 3543 1061 omnes,

1960 1068 2082 1123 ideo
2110 1080 2164 1125 et
2193 1072 2335 1127 intus
2361 1083 2415 1128 et
2445 1076 2572 1130 foris
2598 1093 2718 1132 arca
2752 1080 3083 1138 bituminala.
3116 1087 3221 1140 Aut
3249 1101 3395 1144 certe
3424 1093 3543 1161 quia

1958 1160 2212 1251 scriptum
2242 1172 2355 1229 cst,
2390 1165 2622 1222 Charitas
2651 1171 2819 1223 omnia
2849 1172 3027 1226 tolerat
3054 1176 3071 1243 (
3105 1174 3120 1227 1
3153 1175 3269 1230 Cor.
3302 1194 3414 1246 χιιι,
3445 1160 3498 1251 7)
3529 1202 3541 1235 ;

1958 1248 2039 1304 vis
2066 1251 2177 1319 ipsa
2205 1252 2499 1309 tolerantia:
2526 1265 2679 1312 tenax
2714 1261 2926 1316 unitatis
2956 1278 3052 1333 per
3079 1265 3314 1324 bitumen
3344 1248 3545 1341 signiﬁ-

1956 1352 2073 1395 cata
2099 1352 2198 1407 est,
2224 1359 2329 1413 quo
2346 1346 2466 1401 ideo
2483 1348 2623 1404 intus
2648 1359 2699 1404 et
2719 1352 2847 1407 foris
2863 1369 2984 1410 arca
3010 1356 3135 1411 illita
3152 1362 3379 1431 est,quia
3402 1363 3543 1419 intus

1957 1442 2007 1488 et
2023 1434 2147 1489 foris
2171 1436 2294 1490 mali
2320 1440 2578 1496 tolerandi
2599 1452 2743 1508 sunt,
2766 1461 2831 1499 ne
2850 1449 2995 1516 pacis
3010 1464 3268 1521 compago
3283 1453 3538 1511 solvatur.

1958 1524 2012 1578 In
2049 1526 2144 1580 hac
2172 1544 2299 1598 ergo
2328 1530 2687 1600 disputatione
2714 1546 2894 1590 nostra
2936 1554 3213 1607 parcamus
3238 1544 3429 1601 talihus
3455 1546 3538 1602 in-

1957 1621 2445 1689 terpretationibus,
2476 1635 2528 1679 et
2558 1637 2800 1695 apertum
2826 1629 3021 1700 aliquid
3046 1649 3151 1703 quo
3176 1638 3542 1696 manifestetur

1953 1710 2188 1765 Ecclesia
2220 1716 2575 1784 requiramus.

2027 1802 2111 1857 10.
2143 1804 2343 1875 Nempe
2372 1809 2626 1877 scriptum
2651 1820 2734 1867 est
2761 1814 2811 1867 in
2840 1814 2975 1871 libro
2996 1817 3233 1886 judicum
3268 1838 3279 1873 :
3327 1821 3387 1875 Et
3414 1822 3543 1878 dixit

1954 1892 2157 1950 Cedeou
2179 1898 2246 1950 ad
2273 1898 2544 1954 Dominum
2570 1918 2588 1955 :
2621 1903 2871 1970 Quoniam
2902 1918 2953 1961 tu
2980 1909 3172 1964 salvum
3198 1914 3352 1983 facies
3379 1912 3542 1969 Israel

1952 1984 2003 2037 in
2028 2002 2179 2039 manu
2206 2005 2317 2042 mea
2341 2031 2355 2054 ,
2386 1992 2807 2058 quemadmodum
2828 1998 3021 2052 locutus
3044 2015 3135 2063 es;
3159 2018 3273 2056 ecce
3289 2020 3381 2075 ego
3408 2019 3541 2073 pono

1952 2076 2109 2131 vellus
2138 2078 2271 2132 lana:
2320 2081 2371 2133 iu
2408 2099 2546 2148 area,
2579 2094 2625 2137 et
2668 2087 2710 2139 si
2754 2090 2919 2156 factus
2945 2092 3097 2159 fuerit
3132 2108 3213 2147 ros
3259 2096 3311 2148 in
3340 2096 3537 2163 vellere,

1950 2182 2002 2218 ιη
2049 2184 2246 2221 omnem
2291 2186 2405 2224 vero
2434 2182 2617 2226 terram
2645 2176 2865 2237 siccitas,
2895 2179 3050 2233 sciam
3079 2183 3317 2245 quoniam
3345 2186 3541 2239 salvum

1951 2258 2076 2327 facis
2101 2261 2153 2312 in
2183 2278 2336 2315 manu
2363 2279 2472 2317 mea
2497 2263 2698 2333 Israel,
2731 2268 2859 2321 sicut
2906 2272 3102 2327 locutus
3131 2291 3203 2328 es.
3239 2274 3305 2329 Et
3347 2278 3539 2346 factum

1948 2360 2021 2403 est
2045 2352 2116 2404 sic
2146 2368 2163 2404 :
2183 2363 2227 2405 et
2256 2353 2481 2409 diluculo
2503 2357 2725 2427 vigilavit
2746 2358 2947 2415 cheon
2973 2363 3023 2417 iu
3047 2368 3321 2422 crastinum
3343 2411 3356 2433 ,
3386 2379 3432 2424 et
3452 2387 3540 2425 ca:-

1947 2443 2127 2510 pressit
2173 2444 2367 2510 vellus;
2396 2458 2444 2500 et
2474 2448 2757 2504 decucurrit
2779 2468 2865 2506 ros
2890 2453 2953 2507 de
2981 2456 3160 2510 vellere
3190 2459 3338 2528 plena
3379 2462 3536 2530 pelvis

1945 2548 2091 2601 aqua:
2113 2573 2125 2587 .
2159 2534 2223 2588 Et
2261 2537 2389 2591 dixit
2411 2536 2614 2594 Gedeon
2648 2543 2715 2595 ad
2753 2542 3026 2600 Dominum
3055 2563 3074 2601 :
3116 2548 3236 2605 Non
3284 2552 3535 2609 irascatur

1945 2625 2089 2694 furor
2115 2636 2232 2682 tuus
2253 2629 2303 2682 in
2330 2646 2441 2697 me,
2484 2630 2724 2700 Domine,
2764 2643 2809 2689 et
2843 2637 3021 2707 loquar
3064 2642 3232 2695 adhuc
3268 2646 3452 2710 scntel,
3488 2654 3534 2702 et

1944 2718 2142 2771 tentabo
2168 2719 2335 2774 adhuc
2363 2723 2514 2776 semel
2562 2723 2615 2777 in
2643 2724 2840 2779 vellere.
2878 2726 2997 2782 Fiat
3024 2730 3221 2785 siccitas
3261 2734 3312 2787 in
3355 2736 3535 2791 vellere

1943 2818 2168 2876 tantum,
2194 2812 2247 2865 in
2274 2829 2473 2867 omnem
2501 2825 2667 2869 autem
2694 2826 2879 2872 terram
2919 2821 3010 2887 ﬁat
3038 2839 3139 2876 ros.
3165 2822 3233 2878 Et
3255 2828 3371 2897 fecit
3400 2826 3533 2883 Deus

1940 2902 2013 2954 sic
2045 2903 2095 2955 in
2122 2914 2265 2957 nocte
2290 2904 2383 2958 illa
2402 2946 2416 2970 ,
2457 2916 2505 2959 et
2524 2910 2663 2977 facta
2696 2916 2766 2962 est
2785 2910 2985 2965 siccitas
3010 2912 3061 2965 in
3090 2914 3272 2970 vellere
3298 2926 3489 2973 tantum
3512 2962 3528 2986 ,

1940 3009 2092 3065 super
2138 3012 2336 3050 omnem
2369 3008 2537 3053 autem
2582 3010 2767 3054 terram
2808 3018 2892 3057 ros
2936 3001 3133 3076 (ludic.
3187 3022 3269 3070 γι,
3312 3009 3529 3081 5640).

1940 3085 2055 3141 Non
2086 3087 2242 3142 video
2270 3089 2399 3158 quid
2432 3089 2518 3144 hic
2544 3090 2686 3145 aliud
2717 3091 2996 3162 ﬁguratum
3026 3104 3083 3150 et
3120 3101 3528 3167 prmnuutiatuat

1942 3178 2049 3245 sit,
2082 3179 2184 3233 nisi
2213 3188 2270 3234 ut
2312 3195 2492 3236 aream
2522 3182 2879 3253 intelligamus
2901 3185 3087 3242 orbem
3118 3197 3377 3246 terrarum
3399 3235 3413 3257 ,
3449 3194 3529 3249 lo-

1938 3284 2059 3325 cum
2086 3280 2261 3327 autem
2288 3272 2498 3328 velleris
2525 3275 2774 3345 populum
2806 3277 2989 3333 Israel.
3016 3278 3271 3337 Novimus
3296 3285 3437 3340 enim
3464 3287 3529 3341 il-

1938 3362 2041 3417 lam
2083 3364 2349 3434 quondam
2394 3375 2606 3434 gentem
2650 3367 2815 3422 divini
2855 3372 3174 3445 sacramenti
3206 3375 3376 3444 gratia
3408 3385 3528 3432 tan;

1938 3471 2094 3525 quam
2124 3458 2326 3513 cmlesli
2355 3475 2474 3515 rore
2505 3459 2806 3530 perfusam;
2837 3462 2991 3534 cujus
3026 3467 3262 3523 muneris
3288 3483 3384 3540 per
3409 3486 3528 3526 om-

1938 3564 2033 3605 nes
2060 3550 2113 3605 in
2139 3550 2362 3605 circuitu
2383 3561 2589 3621 gentes,
2608 3554 2729 3624 quia
2754 3568 2821 3610 eo
2840 3556 3126 3625 carebant,
3147 3568 3396 3631 tanquam
3418 3564 3526 3618 sic-

1935 3642 2071 3697 citas
2112 3652 2251 3699 «at.
2309 3644 2436 3699 Erat
2489 3656 2665 3701 autem
2716 3648 2854 3717 apud
2924 3650 3071 3704 illum
3119 3653 3369 3722 populum
3426 3654 3529 3711 ltoc

1936 3750 2130 3790 munus
2162 3738 2211 3790 in
2243 3737 2471 3801 vellere,
2503 3738 2554 3791 id
2576 3746 2659 3792 est
2680 3739 2730 3792 in
2764 3741 3028 3796 velamine
3054 3750 3107 3795 et
3135 3746 3282 3812 quasi
3307 3745 3358 3799 in
3386 3747 3526 3802 nube

1935 3827 2125 3879 secreti
2155 3828 2190 3892 ι,
2217 3828 2337 3895 quia
2371 3828 2602 3881 nondum
2635 3829 2807 3883 fuerat
2837 3832 3145 3885 revelatum.
3174 3832 3325 3889 Nunc
3344 3845 3523 3890 autem

1935 3915 2177 3971 videmus
2204 3918 2390 3971 orbem
2423 3926 2682 3973 terrarum
2709 3920 2820 3989 jam
2863 3923 3096 3976 revelato
3139 3938 3263 3979 rore
3291 3928 3522 3997 saginari

1936 4023 2031 4077 per
2079 4008 2419 4077 Evangelium
2462 4009 2671 4064 Domini
2716 4012 2882 4066 nostri
2928 4012 3053 4069 Iesu
3099 4012 3329 4083 Christi,
3378 4021 3523 4087 quod

1936 4108 2059 4153 tunc
2086 4099 2136 4153 in
2168 4100 2258 4154 illo
2286 4100 2518 4170 tegmine
2547 4102 2871 4172 ﬁgurabatur
2902 4121 2916 4157 :
2966 4104 3106 4159 illam
3140 4121 3267 4162 vero
3306 4117 3522 4179 gentem

1933 4191 2133 4247 amisso
2158 4192 2460 4247 sacerdotio
2488 4193 2629 4263 quod
2664 4194 2929 4262 habebat,
2964 4198 3084 4265 quia
3130 4198 3181 4251 in
3228 4198 3523 4269 Scripturis

1934 4299 2038 4338 non
2064 4286 2311 4356 intelligit
2334 4286 2602 4341 Christum
2631 4327 2643 4351 ,
2675 4296 2925 4357 tanquam
2956 4290 3006 4343 in
3036 4292 3180 4346 sicco
3206 4292 3402 4347 vellere
3430 4306 3521 4349 rc-

1933 4376 2213 4431 mansisse.
2237 4376 2347 4431 Nec
2369 4378 2419 4430 in
2450 4378 2643 4432 talibus
2672 4388 2847 4433 tamen
2875 4395 3055 4434 rerum
3083 4380 3265 4451 ﬁguris
3287 4423 3301 4450 ,
3333 4399 3523 4454 quam-

1932 4468 2011 4521 vis
2039 4482 2146 4522 non
2174 4468 2383 4523 videam
2432 4469 2556 4538 quid
2589 4468 2676 4523 hic
2703 4470 2846 4525 aliud
2897 4472 3063 4541 possit
3111 4474 3368 4545 intelligi,
3398 4476 3522 4531 volo

1931 4573 2233 4630 quaramus
2278 4560 2590 4616 Ecclesiatn.
2624 4562 2851 4617 Prorsus
2879 4578 2998 4631 qua:
3024 4564 3247 4635 alicujus
3290 4566 3373 4622 vel
3402 4568 3522 4622 talis

1932 4651 2385 4720 interpretationis
2415 4653 2687 4722 indigent,
2741 4654 2953 4707 interim
2982 4670 3305 4725 seponamus
3350 4674 3365 4713 :
3413 4674 3517 4713 non

1930 4743 2053 4811 quia
2083 4742 2214 4796 falsa
2263 4754 2385 4797 sunt
2405 4784 2419 4809 ,
2452 4758 2570 4813 qua:
2616 4744 2715 4799 hoc
2746 4746 2907 4800 modo
2948 4747 3015 4803 de
3046 4748 3237 4804 talibus
3268 4759 3517 4821 tauquam

1932 4832 2221 4888 involucris
2250 4836 2652 4904 interpretando
2681 4837 3001 4907 solvuntur;
3048 4842 3142 4896 sed
3173 4843 3294 4913 quia
3326 4844 3409 4899 vel
3438 4847 3520 4900 in-

1930 4932 2219 4992 terpretem
2262 4935 2539 4996 quaerunt,
2569 4928 2694 4981 nolo
2736 4928 2789 4983 in
2821 4929 2899 4985 eis
2924 4941 3105 4986 nostra
3138 4933 3344 5005 ingenia
3371 4948 3520 4989 com-

1929 5022 2215 5083 parentur;
2249 5016 2343 5071 sed
2370 5027 2549 5086 aperta
2578 5020 2775 5075 veritas
2793 5021 3017 5089 clamet,
3046 5023 3248 5089 luceat,
3280 5024 3331 5078 in
3361 5025 3518 5079 obtu-

1926 5114 2070 5161 ratas
2094 5121 2251 5163 aures
2277 5108 2565 5180 irrumpat,
2612 5110 3058 5169 dissimulantium
3087 5115 3274 5171 oculos
3319 5113 3476 5172 feriat
3509 5134 3525 5183 ;

1926 5214 2087 5255 nemo
2136 5201 2188 5255 in
2219 5202 2299 5257 eis
2339 5202 2558 5259 latebris
2611 5214 2815 5276 quaerat
2872 5209 3039 5265 falsas
3072 5224 3183 5263 sua:
3230 5213 3515 5267 sententia:

1926 5294 2135 5359 locum,
2188 5309 2402 5351 omnem
2444 5308 2693 5354 conatum
2736 5300 3133 5356 contradicendi
3177 5298 3471 5358 confundat
3506 5346 3521 5373 ,

1923 5401 2135 5442 omnem
2164 5386 2393 5443 frontem
2420 5388 2741 5459 impudentis
2767 5390 2946 5446 elidat.

1991 5476 2219 5533 CAPUT
2251 5478 2338 5532 Vl.
2372 5510 2445 5521 —
2466 5481 2554 5537 ll.
2586 5480 2631 5535 Ο
2668 5480 2991 5547 Donatistae,
3035 5478 3287 5538 Genesim
3328 5484 3509 5557 legite.

1922 5568 2027 5625 Per
2055 5571 2401 5639 memetipsum
2417 5571 2593 5641 juravi
2608 5609 2625 5638 ,
2648 5571 2769 5624 dicit
2811 5569 3059 5626 Dominus
3084 5614 3097 5635 ,
3133 5571 3351 5646 Pmpter
3372 5578 3509 5648 quod

1921 5662 2083 5733 fecisti
2106 5664 2303 5716 verbum
2331 5662 2425 5714 hoc
2449 5702 2463 5728 ,
2494 5671 2539 5714 et
2566 5678 2664 5715 non
2693 5662 2960 5732 pepercisti
2984 5664 3093 5732 ﬁlio
3121 5676 3208 5721 tuo
3255 5669 3502 5725 amantiso'

1983 5864 1997 5894 ³
2036 5860 2344 5911 t'loriacensis
2366 5860 2539 5922 codex,
2563 5866 2608 5909 ct
2629 5860 2767 5925 quasi
2787 5859 2931 5914 nubes
2961 5866 3151 5918 secreti.
