3998 6478
413 418 520 476 5'99

415 539 544 592 sima
570 543 770 606 propter
792 550 868 588 me
889 576 902 598 ,
930 533 1024 587 nisi
1055 530 1346 586 benedicens
1386 528 1675 583 benedicam
1713 536 1759 582 te
1781 565 1796 592 ,
1835 532 1880 578 et
1907 523 2002 576 im-

426 630 612 698 plendo
640 626 854 697 implebo
873 642 1040 679 semen
1084 633 1222 676 tuum
1266 633 1504 692 tanquam
1553 619 1724 673 stellas
1763 617 1910 680 coeli,
1961 624 2006 668 et

422 732 659 794 tanquam
687 733 889 772 arenam
914 731 1026 786 qua:
1044 731 1186 770 secus
1215 729 1355 767 oram
1384 711 1539 765 maris
1567 720 1673 775 est,
1711 719 1757 761 et
1789 706 2004 761 luerch-

417 822 526 866 tate
555 807 820 881 possidebit
845 822 1012 861 semen
1057 815 1195 858 tuum
1235 803 1461 857 civitates
1509 797 1913 852 adversariorum
1944 797 1961 827 ί
1988 835 2004 861 ,

426 915 472 958 et
493 902 838 958 benedicentur
867 899 918 952 in
946 899 1134 952 semine
1155 906 1240 949 tuo
1265 909 1437 948 omnes
1465 901 1640 962 gentes
1683 898 1828 943 terra:
1847 927 1862 952 ,
1889 887 2008 956 quia

429 993 680 1050 obaudisti
705 1006 871 1045 vocem
893 1005 1054 1043 meum
1083 986 1232 1058 (Gen.
1257 1001 1390 1050 χιιι,
1419 987 1441 1039 I
1453 981 1626 1052 6-18).
1649 980 1784 1049 Quid
1805 979 1869 1033 ad
1895 979 2010 1033 htec

416 1084 636 1140 dicitis?
659 1083 737 1138 An
756 1081 1057 1138 Iudaeorum
1085 1077 1358 1132 nobiscum
1392 1073 1746 1145 perversitate
1789 1077 2008 1124 conten-

428 1178 554 1232 ditis
577 1218 590 1242 ,
621 1183 679 1230 ut
704 1175 892 1229 dicatis
918 1173 968 1227 in
991 1172 1106 1226 solo
1131 1169 1327 1240 populo
1355 1177 1480 1222 nato
1507 1183 1568 1220 cx
1598 1180 1756 1220 carne
1781 1162 2008 1216 Abrahae

429 1267 827 1340 intelligendum
865 1281 1046 1322 semen
1091 1260 1365 1319 Abrahtu?
1412 1258 1516 1314 Sed
1567 1257 1735 1313 ,Ιιιάίιξὶ
1791 1255 2010 1310 Paul-um

429 1361 726 1432 apostolum
756 1376 861 1414 non
907 1357 1086 1426 legunt
1135 1355 1185 1408 in
1234 1352 1514 1424 synagogis
1546 1349 1690 1414 suis,
1733 1362 1889 1418 quem
1920 1360 2013 1401 vos

431 1453 603 1524 legitis
631 1452 682 1506 in
704 1449 1085 1507 conventiculis
1117 1445 1324 1501 vestris.
1357 1442 1494 1511 Quid
1519 1455 1646 1512 ergo
1672 1439 1814 1494 dicat
1868 1439 2012 1506 Apo-

431 1543 632 1608 stolus,
665 1541 958 1597 audiamus.
998 1537 1296 1605 thrimus
1323 1534 1466 1589 enim
1501 1532 1632 1602 jam,
1663 1529 2014 1601 quemadmo-

433 1634 560 1687 dum
589 1629 984 1701 intelligendum
1025 1627 1095 1681 sit
1133 1640 1315 1681 semen
1354 1621 1603 1679 Abrahm.
1635 1620 1843 1674 Fratres
1866 1658 1883 1685 ,
1929 1619 2016 1672 in-

434 1725 576 1794 quit,
606 1722 880 1777 secundum
906 1719 1156 1774 hominem
1183 1716 1296 1771 dico
1322 1757 1336 1781 ,
1369 1723 1534 1769 tamen
1565 1712 1781 1767 hominis
1824 1710 2017 1778 con/ir-

435 1823 626 1868 matum
655 1819 1000 1867 testamentum
1021 1825 1165 1863 nemo
1187 1807 1387 1861 irritum
1417 1805 1538 1876 facit
1565 1845 1579 1870 ,
1610 1813 1698 1857 aut
1727 1802 2020 1872 superordi-

437 1912 546 1958 nat.
580 1902 798 1957 Abrahae
837 1900 988 1954 diem
1021 1908 1136 1953 sunt
1174 1896 1532 1967 promissiones
1569 1902 1615 1947 et
1660 1893 1838 1946 semini
1887 1892 2013 1962 ejus.

440 1993 562 2049 Non
591 1993 742 2061 dicit,
778 1991 844 2046 Et
869 1989 1138 2045 seminibus
1162 2030 1176 2054 ,
1209 1997 1450 2059 tanquam
1475 1985 1529 2039 in
1558 1983 1767 2049 multis;
1792 1982 1879 2036 sed
1909 1992 2022 2036 tan-

437 2105 590 2159 quam
615 2087 791 2141 inuno
817 2126 832 2149 ,
865 2083 928 2137 Et
953 2082 1130 2138 semini
1161 2090 1276 2148 tuo,
1305 2078 1440 2150 quod
1462 2087 1534 2132 est
1569 2075 1794 2132 Christus
1825 2073 2017 2146 (Colat.

441 2195 497 2234 tu
516 2221 530 2243 ,
561 2179 631 2233 15
649 2217 664 2244 ,
690 2175 799 2246 16).
829 2174 969 2229 Ecce
991 2174 1042 2226 iu
1064 2186 1170 2242 quo
1189 2170 1392 2226 semine
1428 2167 1812 2223 benedicuntur
1835 2177 2022 2218 omnes

441 2280 645 2343 gentes.
671 2270 809 2324 Ecce
839 2275 1211 2323 testamentum
1234 2263 1330 2319 Dei
1357 2280 1370 2317 :
1395 2261 1599 2332 aperite
1635 2274 1812 2314 aures.
1839 2257 2020 2312 Hemi.

441 2364 555 2428 nis,
588 2361 788 2432 inquit,
835 2359 1185 2428 conﬁrmatum
1226 2361 1578 2409 testamentum
1628 2367 1774 2406 nemo
1821 2350 2022 2403 irritant

441 2453 596 2526 facit,
628 2459 713 2505 aut
738 2447 1109 2519 superordinat.
1133 2446 1308 2513 Quare
1326 2443 1640 2499 vosirritum
1671 2441 1839 2496 facitis
1858 2447 2020 2494 testa-

441 2553 682 2598 mentum
715 2539 804 2595 Dci
826 2537 1079 2604 ,dicendo
1117 2551 1215 2591 nec
1258 2537 1310 2589 in
1349 2533 1598 2588 omnibus
1632 2531 1876 2601 gentibus
1905 2544 2023 2585 esse

441 2633 784 2702 completum,
813 2638 868 2684 et
891 2628 1113 2698 periisse
1133 2627 1244 2697 jam
1269 2624 1337 2680 de
1357 2623 1603 2696 gentibus
1620 2623 1670 2677 in
1700 2621 1891 2692 quibus
1910 2628 2025 2676 erat

441 2741 627 2780 semen
665 2722 935 2780 Abrahzc?
974 2720 1151 2788 Quare
1197 2717 1619 2788 superordinatis
1665 2715 1923 2780 dicendo,
1971 2715 2022 2768 in

444 2815 604 2870 nullis
629 2813 784 2869 terris
807 2811 1072 2867 haeredem
1095 2823 1410 2879 permanere
1447 2807 1716 2863 Christum
1739 2847 1755 2871 ,
1795 2805 1898 2859 nisi
1936 2804 2024 2859 ubi

444 2905 616 2975 potuit
646 2901 980 2959 cohrercdem
1013 2900 1211 2955 habere
1245 2899 1546 2953 Donatum?
1575 2897 1686 2952 Non
1729 2895 2026 2950 invidemus

446 2992 606 3050 alicui
639 3013 652 3048 :
683 2992 842 3063 legite
875 2990 1029 3046 nobis
1057 2990 1160 3045 hoc
1199 2989 1265 3044 de
1309 2989 1482 3060 Lege,
1523 2988 1589 3043 de
1619 2986 1932 3057 Prophetis,
1959 2985 2026 3041 de

447 3087 702 3153 Psalmis,
746 3085 816 3142 de
842 3085 956 3154 ipso
982 3082 1300 3152 Evangelio,
1329 3081 1398 3136 de
1425 3079 1732 3150 apostolicis
1763 3079 1977 3133 Litteris
2008 3095 2022 3132 :

439 3178 607 3249 legite
630 3218 644 3240 ,
673 3187 726 3232 et
757 3175 1058 3240 credimus;
1111 3173 1248 3228 sicut
1291 3186 1390 3228 nos
1416 3171 1567 3226 vobis
1597 3171 1821 3241 legimus
1856 3179 1910 3224 et
1958 3169 2028 3226 de

445 3268 641 3325 Genesi
663 3276 717 3323 et
739 3267 805 3324 de
832 3266 1092 3337 Apostolo
1109 3306 1124 3330 ,
1147 3264 1268 3336 quia
1292 3263 1342 3318 in
1369 3262 1574 3319 semine
1602 3261 1849 3330 Abrahzn,
1887 3261 2027 3332 quod

447 3369 531 3416 est
558 3360 801 3416 Christus
816 3400 831 3426 ,
853 3357 1238 3430 benedicuntur
1261 3369 1447 3411 omnes
1467 3361 1673 3425 gentes.

517 3457 604 3512 l2.
636 3451 826 3511 Audite
857 3449 958 3509 hoc
1000 3447 1138 3508 idem
1166 3454 1537 3506 testamentum
1568 3444 1636 3499 ad
1683 3443 1828 3499 Isaac
1867 3443 2028 3500 etiam

450 3548 616 3603 ﬁlium
651 3545 898 3601 Abrahaz.
932 3542 1093 3599 Facta
1121 3550 1194 3597 est
1235 3550 1402 3595 autem
1441 3538 1599 3610 fames
1635 3551 1787 3609 super
1812 3542 2026 3606 terram,

450 3649 631 3710 praeter
661 3640 844 3710 [autem
883 3651 995 3706 qua:
1027 3644 1141 3688 ante
1179 3635 1314 3704 facta
1353 3642 1423 3686 est
1451 3633 1503 3684 in
1533 3639 1753 3700 tempore
1790 3629 2026 3683 Abrahte.

448 3731 584 3786 Abiit
611 3737 776 3784 autem
799 3726 948 3782 Isaac
977 3725 1045 3780 ad
1071 3723 1356 3779 Abimelech
1390 3738 1556 3792 regem
1595 3720 1981 3775 Philistinorum
2007 3720 2028 3750 ²

448 3824 503 3876 in
529 3820 721 3876 Gerara
741 3837 761 3873 :
782 3827 828 3872 et
847 3817 1086 3888 apparuit
1106 3815 1184 3869 illi
1211 3813 1456 3868 Dominus
1475 3853 1490 3878 ,
1517 3821 1563 3866 et
1591 3812 1717 3866 dixit
1737 3853 1751 3876 ,
1778 3809 1904 3864 Noli
1943 3809 2032 3864 de-

451 3916 688 3970 scendere
710 3915 762 3966 in
785 3910 1068 3982 (Egi/ptum
1091 3950 1106 3974 ,
1130 3907 1300 3961 habita
1327 3915 1498 3959 autem
1525 3905 1579 3958 in
1609 3913 1742 3958 terra
1767 3918 1916 3973 quam
1944 3901 2030 3955 tibi

451 4007 624 4062 dixero
650 4046 665 4073 ,
687 4012 739 4058 et
761 4003 932 4056 habita
958 4001 1009 4054 in
1035 4009 1168 4053 terra
1197 3999 1292 4051 hac
1315 4037 1330 4063 ,
1354 4005 1400 4050 et
1424 4011 1507 4049 ero
1528 4004 1689 4049 tecum
1713 4034 1727 4061 ,
1753 4001 1799 4046 et
1830 3991 2030 4046 benedi-

451 4113 563 4152 eam
592 4105 657 4150 te.
687 4093 798 4148 Tibi
840 4092 972 4146 enim
1016 4099 1062 4143 et
1112 4087 1290 4142 semini
1330 4095 1413 4140 tuo
1441 4085 1573 4138 dabo
1598 4099 1797 4139 omnem
1844 4091 2030 4136 terram

453 4191 584 4243 hanc
610 4205 628 4242 :
674 4196 720 4241 et
756 4196 976 4240 statuam
1014 4180 1380 4252 jusjurandum
1439 4187 1635 4242 tecum,
1693 4175 1828 4246 quod
1860 4175 2034 4245 juravi

452 4279 708 4334 Abraham
746 4276 878 4346 patri
916 4285 1003 4328 tuo
1038 4289 1055 4327 :
1085 4281 1131 4326 et
1155 4270 1410 4342 ampliabo
1436 4285 1601 4324 semen
1628 4278 1768 4321 tuum
1797 4276 2034 4337 tanquam

453 4369 624 4425 stellas
645 4367 755 4421 caeli
778 4383 796 4431 ;
820 4373 864 4418 et
894 4363 1022 4417 dabo
1065 4362 1152 4415 tibi
1196 4370 1242 4415 et
1279 4360 1459 4414 semini
1487 4369 1573 4413 tuo
1610 4373 1806 4413 omnem
1849 4367 2034 4410 terram

433 4463 584 4514 hanc
610 4475 629 4514 :
658 4467 704 4511 et
733 4455 1084 4511 benedicentur
1105 4454 1160 4506 in
1178 4452 1365 4507 semine
1391 4461 1477 4504 tuo
1498 4467 1666 4504 omnes
1686 4459 1853 4520 gentes
1867 4459 2030 4515 term,

455 4565 547 4620 pro
573 4549 651 4602 his
670 4562 781 4615 qua:
796 4543 1052 4600 obaudivit
1075 4541 1332 4596 Abraham
1357 4552 1499 4610 pater
1521 4549 1636 4594 tuus
1664 4555 1832 4592 vocem
1849 4554 2030 4603 meam,

455 4649 503 4694 et
526 4638 732 4692 servavit
758 4645 1008 4707 pra’cepta
1029 4649 1168 4696 mea,
1201 4640 1246 4684 et
1263 4631 1492 4703 justitias
1513 4645 1676 4694 meas,
1723 4637 1770 4682 et
1809 4627 2035 4696 legitima

455 4745 569 4786 mea
601 4727 753 4802 (Gen.
804 4742 934 4782 xxvi
959 4767 974 4793 ,
1019 4727 1041 4780 I
1077 4724 1156 4798 5).
1198 4721 1535 4792 Respondete
1577 4721 1644 4776 ad
1691 4721 1808 4775 ista.
1837 4721 2030 4776 Semen

456 4819 653 4891 quippe
677 4817 942 4874 Abraham
967 4858 980 4881 ,
1011 4816 1111 4869 hcc
1141 4814 1278 4869 idem
1304 4829 1486 4869 semen
1513 4822 1596 4868 est
1623 4821 1673 4867 et
1705 4812 1866 4877 Isaac,
1891 4812 2035 4882 quod

456 4920 540 4967 est
560 4909 824 4966 Christus.
852 4905 1128 4976 Quomodo
1151 4905 1292 4959 enim
1319 4905 1523 4960 venerit
1542 4903 1783 4958 Christus
1803 4919 1867 4958 ex
1901 4903 2037 4957 tribu

455 5001 593 5059 Iuda
618 5001 672 5056 in
685 5014 846 5056 carne
871 5014 964 5068 per
983 4997 1264 5068 virginem,
1291 4995 1410 5066 quis
1437 5010 1649 5066 quoquo
1678 4995 1839 5050 modo
1881 4993 2039 5050 Chri-

457 5093 664 5150 stianus
692 5089 931 5162 ignorat?

531 5185 621 5240 I5.
653 5181 848 5240 Audizc
898 5181 995 5236 Ιιοο
1029 5180 1170 5233 idem
1217 5186 1591 5233 testamentum
1644 5177 1709 5231 ad
1737 5177 1922 5233 Iacob.
1973 5177 2038 5232 Et

461 5275 579 5329 exiit
604 5273 764 5328 Jacob
787 5289 818 5326 a
843 5281 989 5344 puteo
1009 5269 1299 5342 jurationis,
1326 5277 1371 5322 et
1397 5271 1646 5339 profectus
1694 5279 1764 5322 est
1796 5269 1846 5322 in
1871 5267 2035 5324 Char-

461 5385 570 5422 ram
594 5409 609 5434 ,
649 5375 696 5420 et
741 5365 937 5420 devenit
974 5365 1028 5418 in
1076 5363 1240 5417 locum
1263 5402 1278 5425 ,
1321 5371 1367 5415 et
1404 5361 1635 5414 dormivit
1672 5361 1724 5414 in
1763 5359 1871 5414 loco
1909 5359 2034 5424 illo,

459 5459 696 5528 quoniam
731 5457 854 5512 solis
877 5471 1084 5509 occasus
1108 5463 1216 5508 erat
1244 5469 1260 5507 :
1300 5463 1345 5507 et
1369 5453 1583 5521 sumpsit
1621 5450 1839 5520 lapident
1869 5467 1932 5505 ex
1957 5451 2036 5504 la-

462 5548 660 5619 pidibus
687 5548 784 5603 loci
805 5588 819 5613 ,
861 5555 910 5600 et
938 5546 1104 5618 posuit
1132 5544 1200 5598 ad
1232 5552 1385 5614 caput
1422 5558 1599 5608 suum,
1631 5549 1675 5595 et
1715 5541 1945 5594 dormivit
1983 5542 2036 5595 in

523 5734 539 5762 π
576 5728 712 5786 aditi,
736 5727 1122 5778 adversarwrum
1144 5731 1347 5774 tuorum.
1376 5722 1537 5783 Abest,
1561 5726 1766 5784 tuarum,
1799 5734 1826 5772 a
1861 5720 2037 5774 Floria-

459 5789 591 5838 censi
615 5789 777 5839 codice
799 5798 847 5838 et
867 5801 894 5836 a
917 5801 1076 5850 graeco
1091 5793 1218 5850 Lux.

521 5853 540 5881 ί
573 5851 646 5901 sic
665 5845 984 5911 mnuscrip'ti.
1012 5857 1064 5898 Αι
1081 5847 1218 5910 editi,
1239 5845 1610 5898 Palwstinorum.

1506 407 1780 468 CONTRA
1819 401 2241 464 DONATISTAS
2280 407 2628 476 EPISTULA,

3579 412 3687 471 ωε

2111 527 2220 580 loco
2245 526 2352 580 illo.
2397 527 2462 581 Et
2500 527 2656 581 visum
2695 526 2853 592 vidit,
2893 534 2939 580 et
2976 542 3084 581 ecce
3106 528 3243 582 scala
3279 527 3500 584 stabilita
3535 547 3689 602 super

2111 626 2329 684 terram,
2369 617 2513 686 cujus
2547 629 2698 687 caput
2726 617 3034 688 pertingebat
3067 620 3135 672 ad
3171 621 3378 689 caelum,
3419 632 3469 676 et
3506 623 3689 694 Angeli

2115 705 2206 758 Dei
2235 705 2564 759 ascendebant
2585 715 2633 760 et
2658 707 3015 762 descendebant
3037 726 3126 777 per
3149 711 3291 764 illam
3320 727 3336 766 :
3371 722 3418 766 et
3440 711 3692 769 Dominus

2111 797 2422 850 incumbebat
2457 815 2608 866 super
2636 799 2777 852 illam
2805 842 2820 866 ,
2865 810 2911 853 et
2940 800 3097 866 dixit,
3142 802 3398 873 Ego'sum
3435 803 3687 862 Dominus

2112 886 2250 941 Deus
2277 888 2530 942 Abraham
2561 890 2716 958 patris
2735 890 2838 957 tui,
2867 901 2913 944 et
2955 890 3086 944 Deus
3114 890 3283 946 Isaac.
3327 893 3452 949 Noli
3479 896 3699 964 timere;

2113 989 2297 1032 terram
2335 980 2385 1033 in
2424 997 2524 1049 qua
2566 990 2618 1034 tu
2645 981 2834 1035 dormis
2855 999 3005 1053 super
3027 1001 3171 1050 eam,
3214 987 3302 1040 tibi
3339 986 3468 1041 dabo
3496 1005 3610 1042 eam
3649 1000 3698 1043 et

2112 1073 2290 1127 semini
2325 1083 2429 1128 tuo.
2471 1074 2537 1128 Et
2575 1076 2667 1129 erit
2692 1092 2860 1130 semen
2897 1085 3034 1130 tuum
3064 1079 3192 1130 sicut
3236 1096 3390 1134 arena
3433 1091 3610 1145 terre,
3653 1092 3699 1135 et

2115 1166 2530 1236 multiplicabitur
2553 1183 2708 1238 supra
2739 1185 2877 1223 mare
2898 1211 2912 1234 ,
2941 1179 2986 1222 et
3007 1170 3059 1223 in
3093 1171 3318 1241 Africum
3338 1214 3352 1238 ,
3382 1182 3428 1226 et
3455 1173 3509 1226 in
3537 1174 3700 1244 Aqui-

2117 1260 2280 1316 lonem
2300 1303 2314 1326 ,
2344 1271 2388 1314 et
2405 1261 2472 1315 ad
2501 1263 2776 1316 Orientem.
2811 1262 2875 1316 Et
2901 1263 3249 1319 benedicentur
3284 1265 3336 1318 in
3357 1275 3403 1320 te
3420 1268 3703 1321 omnestri-

2117 1353 2205 1407 bus
2232 1362 2378 1407 terra:
2395 1393 2410 1419 ,
2434 1364 2480 1406 et
2509 1353 2561 1408 in
2585 1355 2771 1408 semine
2796 1365 2899 1408 tuo.
2927 1353 2991 1407 Et
3012 1371 3124 1408 ecce
3143 1371 3233 1426 ego
3260 1373 3372 1410 sum
3419 1367 3583 1411 tecum
3609 1375 3704 1412 cu-

2117 1446 2338 1499 stodiens
2363 1455 2410 1499 te
2445 1446 2498 1499 in
2523 1445 2661 1499 omni
2684 1446 2762 1500 via
2796 1463 3104 1516 quacumque
3146 1447 3240 1501 ibis
3263 1489 3278 1511 ,
3319 1457 3366 1501 et
3390 1448 3631 1502 reducam
3654 1458 3704 1504 te

2119 1539 2171 1591 in
2199 1546 2382 1591 terram
2407 1539 2536 1591 hanc
2562 1553 2584 1592 :
2609 1539 2725 1606 quia
2743 1555 2841 1593 non
2863 1547 2911 1592 te
2934 1539 3299 1610 derelinquam,
3331 1540 3488 1594 donec
3513 1541 3703 1611 faciam

2121 1628 2289 1682 omnia
2326 1645 2438 1698 qua:
2472 1639 2636 1683 tecum
2674 1631 2871 1684 locutus
2898 1647 3008 1684 sum
3046 1629 3200 1700 (Gen.
3241 1647 3415 1686 xxvm
3439 1671 3454 1698 ,
3487 1630 3701 1702 £045).

2123 1719 2261 1775 Ecce
2303 1720 2387 1774 cui
2425 1721 2764 1789 promissioni
2809 1721 3089 1786 resistitis,
3131 1736 3257 1777 ecce
3287 1737 3444 1792 quam
3486 1721 3705 1777 ﬁrmum

2123 1819 2496 1866 testamentum
2516 1812 2722 1866 irritum
2743 1811 2936 1866 facitis.
2969 1813 3102 1866 Dicit
3133 1813 3270 1866 Dens
3289 1854 3304 1876 ,
3337 1811 3455 1867 Non
3485 1822 3533 1867 te
3556 1813 3710 1867 dere-

2125 1900 2376 1970 linquam,
2405 1902 2564 1955 donec
2587 1902 2774 1973 faciam
2803 1904 2972 1956 omnia
2999 1918 3111 1972 qua:
3145 1912 3307 1957 tecum
3327 1905 3522 1958 locutus
3551 1921 3665 1958 sum
3689 1919 3712 1958 :

2123 2001 2179 2050 et
2202 2009 2298 2050 vos
2319 1994 2682 2050 contradicitis
2704 2036 2718 2060 ,
2750 1985 2989 2050 dicentes
3027 2005 3086 2050 ut
3121 1996 3271 2051 vobis
3299 1996 3477 2067 potius
3517 1995 3715 2052 creda-

2125 2099 2244 2138 mus
2261 2084 2515 2155 quidquid
2539 2085 2779 2140 criminis
2804 2086 3034 2155 objicitis
3062 2087 3243 2155 ignoto
3275 2096 3329 2142 et
3371 2087 3554 2156 ignaro
3587 2087 3711 2141 orbi

2127 2184 2421 2239 terrarum;
2452 2177 2560 2232 Deo
2587 2185 2766 2231 autem
2793 2175 2988 2232 dicenti
3013 2219 3030 2241 ,
3065 2176 3187 2232 Non
3223 2178 3505 2249 relinquam
3543 2178 3712 2232 donec

2127 2267 2312 2336 faciam
2335 2306 2351 2332 ,
2383 2281 2486 2320 non
2517 2266 2819 2322 credamus.

2198 2356 2285 2410 14.
2327 2355 2507 2426 Legite
2533 2357 2686 2412 nobis
2714 2357 2781 2412 dc
2809 2357 3095 2427 Scripturis
3118 2359 3388 2413 canonicis
3413 2373 3506 2416 cos
3540 2357 3716 2415 tradi-

2126 2444 2271 2502 disse
2294 2446 2502 2502 diviuos
2530 2445 2774 2513 codices,
2806 2463 2940 2518 quos
2965 2449 3276 2504 nominatim
3303 2449 3594 2514 accusatis;
3623 2449 3721 2504 Ie-

2126 2539 2234 2609 gite
2261 2547 2364 2593 tam
2395 2549 2575 2609 aperta
2593 2581 2606 2604 ,
2635 2554 2794 2610 quam
2819 2551 2942 2594 sunt
2972 2541 3067 2594 ista
3093 2556 3212 2610 qua:
3242 2540 3390 2594 vobis
3417 2540 3484 2595 de
3513 2540 3723 2596 Genesi

2130 2630 2372 2700 legimus.
2400 2630 2516 2684 Non
2545 2646 2573 2682 a
2603 2631 2756 2686 vobis
2789 2632 3078 2701 quaerimus
3107 2632 3231 2702 quid
3268 2632 3401 2703 lapis
3428 2633 3515 2687 ille
3541 2632 3724 2703 signi-

2131 2719 2273 2783 ﬁcet,
2301 2735 2459 2789 quem
2485 2719 2650 2774 Iacob
2675 2720 2773 2775 sibi
2801 2721 2868 2776 ad
2894 2731 3051 2790 caput
3077 2723 3252 2791 posuit
3279 2737 3398 2777 cum
3423 2722 3722 2788 dormiret;

2129 2811 2256 2881 quid
2281 2811 2424 2867 scala
2454 2811 2681 2866 stabilita
2708 2827 2866 2882 super
2895 2821 3088 2867 terram
3110 2854 3124 2878 ,
3155 2813 3306 2884 cujus
3331 2822 3488 2883 caput
3513 2815 3728 2885 pertin-

2129 2903 2288 2975 gebat
2311 2903 2378 2959 ad
2402 2904 2632 2970 caelum;
2661 2904 2786 2974 quid
2818 2904 3003 2975 Angeli
3044 2904 3136 2959 Dei
3160 2905 3506 2962 ascendentes
3534 2914 3588 2961 et
3613 2905 3727 2961 de-

2130 2994 2444 3049 scendentes
2468 3009 2562 3064 per
2587 2995 2750 3050 illam.
2773 2995 3068 3064 Requirant
3098 2996 3197 3050 ista
3226 2997 3591 3066 prudentiores
3624 3006 3728 3051 at-

2131 3101 2234 3155 que
2261 3085 2556 3151 doctiores,
2583 3093 2638 3140 et
2676 3086 2728 3140 in
2767 3087 2962 3156 populo
3004 3095 3190 3157 pacato
3233 3089 3581 3158 eloquuntur,
3618 3089 3730 3145 ubi

2134 3191 2236 3231 non
2280 3177 2550 3246 obstrepat
2593 3177 2832 3247 improba
2870 3179 3246 3242 contradictio.
3286 3181 3354 3235 de
3391 3180 3731 3238 obscuritate

2132 3269 2450 3323 sacramenti
2471 3277 2525 3323 et
2544 3269 2824 3338 aenigmate
2845 3269 3084 3324 lectionis
3101 3284 3314 3324 armans
3335 3271 3727 3341 impudentiam

2133 3375 2303 3415 suam.
2334 3360 2449 3415 Non
2476 3360 2669 3417 desunt
2697 3361 2854 3417 corda
2881 3361 3145 3429 ﬁdelium,
3181 3378 3299 3434 qua:
3331 3373 3732 3419 commemoret

2135 3451 2390 3508 Dominus
2417 3467 2484 3508 ex
2513 3452 2834 3523 Evangelia,
2873 3453 2960 3508 ubi
2989 3453 3092 3519 ait,
3121 3469 3241 3507 cum
3269 3453 3485 3508 vidisset
3508 3453 3730 3509 Israeli~

2135 3550 2240 3600 tam
2268 3543 2320 3600 in
2347 3558 2453 3617 quo
2481 3543 2636 3600 dolus
2664 3558 2768 3598 non
2796 3551 2911 3598 erat
2929 3584 2943 3608 ,
2974 3544 3095 3614 quia
3121 3543 3286 3598 Iacob
3324 3544 3412 3614 qui
3452 3543 3547 3598 has
3583 3543 3735 3600 vidit

2132 3639 2337 3705 scalas,
2367 3641 2480 3710 ipse
2512 3638 2684 3695 dictus
2712 3644 2795 3695 est
2817 3636 3019 3694 Israel:
3049 3651 3153 3691 non
3183 3635 3369 3691 desunt
3397 3651 3554 3707 ergo,
3580 3651 3736 3706 quos

2135 3733 2256 3788 inde
2283 3733 2397 3802 ipse
2423 3740 2808 3788 commemoret
2841 3731 3130 3797 Dominus;
3159 3729 3229 3786 ibi
3261 3729 3457 3800 quippe
3487 3729 3589 3796 ait,
3620 3727 3732 3783 Vi-

2134 3824 2310 3878 debitis
2347 3824 2528 3878 caelum
2555 3833 2784 3894 apertum
2803 3864 2818 3889 ,
2849 3831 2898 3876 et
2935 3821 3155 3893 Angelos
3195 3820 3288 3875 Dei
3324 3820 3638 3874 ascendentes
3672 3831 3738 3874 et

2136 3913 2489 3969 descendentes
2515 3930 2666 3984 super
2690 3913 2883 3967 Filium
2903 3912 3121 3966 hominis
3147 3911 3324 3983 (Joan.
3348 3929 3386 3973 ι.
3408 3912 3496 3974 l7,
3523 3910 3636 3979 51),
3667 3911 3734 3966 id

2135 4011 2238 4068 est,
2262 4016 2422 4072 super
2441 4017 2623 4059 semen
2649 4001 2894 4068 Abrahae,
2925 4002 2976 4056 in
3003 4016 3107 4072 quo
3128 4000 3512 4057 benedicuntur
3529 4015 3738 4056 omnes

2133 4102 2340 4164 gentes.
2368 4093 2474 4148 Sed
2500 4093 2615 4149 hmc
2641 4108 2749 4148 non
2775 4093 2986 4148 inculco
3005 4093 3392 4148 recusantibus.
3420 4091 3554 4146 Ecce
3573 4091 3736 4160 quod

2135 4184 2351 4240 audite:
2379 4183 2494 4238 Erit
2515 4201 2681 4239 semen
2708 4193 2850 4237 tuum
2874 4185 3000 4237 sicut
3023 4201 3180 4238 arena
3205 4193 3366 4248 term,
3397 4192 3445 4236 et
3474 4181 3737 4251 multipli-

2135 4276 2329 4330 cabitur
2353 4292 2508 4345 supra
2531 4291 2687 4341 mare,
2719 4283 2765 4328 et
2793 4274 2845 4327 in
2873 4274 3132 4343 Africum,
3160 4283 3207 4327 et
3235 4274 3287 4327 in
3311 4273 3642 4343 Aquilonem,
3674 4283 3738 4326 et

2138 4369 2190 4421 in
2218 4367 2472 4422 Orientem
2500 4383 2518 4420 :
2547 4376 2592 4420 et
2621 4365 2973 4419 benedicentur
3001 4366 3054 4420 in
3083 4375 3131 4419 te
3159 4381 3326 4419 omnes
3355 4364 3511 4418 tribus
3548 4372 3730 4428 terrea,

2138 4468 2185 4513 et
2211 4460 2265 4514 in
2292 4460 2479 4514 semine
2507 4467 2610 4512 tuo.
2647 4458 2775 4513 Date
2814 4457 2942 4512 mihi
2979 4458 3113 4512 hanc
3143 4456 3464 4521 Ecclesium,
3495 4454 3539 4510 si
3577 4455 3738 4524 apud

2141 4565 2233 4603 vos
2258 4559 2341 4604 est
2367 4567 2380 4604 :
2410 4548 2673 4605 ostendite
2702 4565 2796 4603 vos
2831 4548 3226 4604 communicare
3268 4547 3514 4602 omnibus
3547 4546 3740 4617 genti-

2141 4642 2259 4708 bus,
2290 4657 2422 4712 quas
2443 4642 2551 4710 jam
2582 4641 2822 4695 videmus
2851 4643 2905 4694 in
2935 4640 3035 4694 hoc
3059 4640 3262 4694 semine
3293 4637 3553 4693 benedici.
3588 4637 3738 4694 Date

2143 4732 2300 4798 hanc,
2326 4743 2416 4786 aut
2439 4731 2617 4786 furore
2645 4731 2887 4800 deposito
2915 4729 3159 4799 accipite,
3185 4745 3292 4783 non
3321 4744 3350 4783 a
3379 4743 3466 4784 me
3488 4769 3502 4794 ,
3533 4726 3626 4782 sed
3649 4729 3738 4782 ab

2143 4823 2231 4877 illo
2258 4824 2373 4893 ipso
2402 4823 2452 4878 in
2484 4838 2590 4892 quo
2620 4822 3004 4877 benedicuntur
3045 4835 3233 4875 omnes
3263 4828 3469 4890 gentes.
3502 4817 3625 4871 Ilazc
3650 4815 3741 4873 de

2143 4915 2314 4982 primo
2357 4914 2512 4984 Legis
2557 4915 2691 4969 libro
2737 4927 3186 4968 commemorasse
3232 4910 3534 4965 suII'ecerit:
3567 4908 3739 4977 plura

2145 5005 2478 5060 innotescent
2515 5005 2631 5060 sine
2668 5005 2826 5074 impia
2855 5003 3196 5059 contentione
3234 5011 3289 5056 et
3323 5015 3444 5056 eum
3473 4999 3559 5069 pia
3583 4997 3740 5052 dile-

2143 5097 2318 5151 ctione
2347 5096 2662 5166 legentibus.

2212 5187 2436 5243 CAPUT
2472 5185 2576 5240 VII.
2601 5213 2672 5225 —-
2696 5187 2782 5240 15.
2815 5184 2950 5252 Quid
2981 5185 3032 5238 in
3056 5183 3356 5253 PrOphelis,
3379 5195 3535 5252 quam
3557 5178 3738 5236 multa

2141 5290 2196 5335 et
2223 5295 2379 5349 quam
2410 5277 2689 5332 manifesta
2715 5286 2839 5331 sunt
2866 5275 3168 5331 testimonia
3200 5273 3454 5328 Ecclesia:
3485 5285 3576 5342 per
3598 5285 3738 5324 om-

2143 5385 2238 5424 nes
2263 5378 2446 5439 gentes
2475 5376 2586 5422 toto
2615 5376 2872 5422 terrarum
2908 5365 3038 5421 orbe
3081 5363 3324 5419 diﬂ'usze?
3367 5362 3518 5418 Unde
3555 5375 3741 5430 pauca
3767 5363 3781 5376 '

2141 5461 2592 5526 commemorabo,
2624 5459 2771 5530 plura
2798 5459 3107 5528 relinquens
3133 5455 3243 5509 otio
3271 5453 3558 5524 diligentiae
3597 5465 3740 5506 cum

2143 5554 2238 5608 Dei
2266 5553 2452 5607 timore
2475 5550 2793 5622 legentibus.
2820 5548 3157 5617 Aecipiamus
3181 5560 3277 5615 per
3302 5558 3363 5597 os
3388 5543 3532 5596 Isaia
3552 5542 3740 5598 sancti

2099 5648 2109 5657 '
2141 5645 2315 5700 divina
2344 5656 2622 5714 responsa,
2651 5650 2704 5695 et
2727 5641 2840 5708 ejus
2868 5653 2960 5692 ora
2990 5648 3238 5707 tanquam
3269 5635 3358 5688 Dei
3385 5631 3596 5688 oracula
3619 5631 3743 5684 sci-

2142 5738 2414 5794 scitemur.
2443 5733 2644 5789 Sileant
2671 5731 3017 5785 humanarum
3046 5725 3442 5783 contentionum
3481 5721 3738 5778 animosa

2144 5844 2197 5890 et
2215 5829 2509 5903 perniciosa
2529 5824 2816 5882 certamina
2841 5839 2854 5878 :
2879 5821 3192 5878 inclinemus
3211 5831 3394 5874 aurem
3419 5813 3581 5870 verbo
3604 5811 3725 5869 Dei.
