3998 6478
236 415 329 474 ωε

234 533 382 588 Dicat
401 530 570 587 Isaias
591 530 679 586 ubi
700 529 990 586 Ecclesiam
1010 542 1245 587 sanctam
1271 533 1379 587 Deo
1402 531 1669 587 revelante
1696 543 1829 599 prcc-

232 623 443 687 viderit,
473 634 533 678 ut
557 625 611 678 in
640 622 814 678 verbis
840 622 1013 678 futura
1042 624 1267 678 dicentis
1293 624 1402 693 jam
1430 638 1573 677 nunc
1596 637 1829 691 praesen-

233 716 302 770 tia
327 715 625 770 videamus.
659 714 871 785 Repleta
895 725 987 781 est,
1022 715 1210 785 inquit,
1242 717 1475 769 universa
1503 725 1636 768 terra
1664 724 1714 767 ut
1738 731 1828 767 co-

230 817 442 879 gnoscat
475 807 777 873 Dominum,
812 817 866 860 ut
892 824 1021 875 aqua
1053 809 1210 863 multa
1237 808 1429 879 aperiat
1455 825 1609 861 mare.
1644 806 1712 861 Et
1737 807 1830 861 erit

227 899 282 950 in
312 898 406 950 illa
436 897 520 952 die
546 898 698 951 radix
725 897 898 963 Iesse,
930 907 975 952 et
1012 899 1099 969 qui
1140 907 1370 969 exsurget
1406 898 1707 968 principium
1738 899 1830 951 ha-

232 989 344 1043 bere
371 991 425 1043 in
453 989 681 1043 nationes
699 1030 715 1057 ,
743 990 795 1042 in
817 1006 929 1043 eum
968 1000 1137 1060 gentes
1166 990 1438 1059 sperabunt
1492 987 1645 1062 (Isai.
1679 1005 1733 1042 ιι
1754 1030 1767 1052 ,
1796 989 1831 1045 9

228 1090 274 1135 et
299 1079 413 1153 10).
461 1080 711 1136 Radicem
736 1080 888 1137 Jesse
904 1081 1173 1135 Christum
1202 1096 1321 1138 esse
1349 1098 1412 1137 ex
1439 1082 1828 1137 semine-David

228 1171 530 1227 secundum
555 1187 772 1229 carnem
803 1182 1015 1237 natum,
1045 1172 1220 1227 nullus
1254 1187 1466 1243 quoquo
1499 1173 1658 1228 modo
1684 1172 1829 1227 chri-

227 1263 442 1319 stianus
472 1264 679 1333 ignorat
706 1280 721 1317 :
748 1262 871 1318 etsi
900 1262 1265 1317 contentiosus
1291 1272 1393 1328 est,
1424 1278 1543 1317 cum
1573 1264 1829 1334 Apostolo

226 1356 556 1423 contendat,
596 1356 686 1426 qui
724 1354 826 1410 hoc
862 1356 1162 1410 testimonio
1202 1356 1251 1409 in
1285 1355 1498 1410 Litteris
1528 1356 1637 1410 suis
1667 1355 1830 1410 utitur

228 1448 409 1517 (Rom.
448 1463 553 1514 xv,
596 1446 706 1517 12).
756 1446 885 1501 Item
932 1447 1061 1502 dicit
1109 1465 1123 1501 :
1161 1445 1472 1501 Germinabit
1516 1457 1561 1500 et
1603 1448 1829 1517 florescet

227 1537 435 1604 Israel,
469 1548 516 1592 et
544 1538 815 1609 replebitur
850 1538 984 1593 orbis
1028 1548 1273 1592 terrarum
1318 1542 1483 1609 fructu
1523 1539 1632 1609 ejus
1672 1537 1825 1609 (Isai.

227 1646 410 1697 sxvn,
439 1630 515 1700 6).
560 1631 721 1685 Israel
751 1645 942 1700 nempe
973 1630 1111 1684 [ilius
1141 1629 1239 1685 fuit
1264 1628 1439 1694 Isaac,
1470 1644 1634 1699 nepos
1656 1630 1829 1684 Abra-

229 1724 380 1791 ham,
405 1725 490 1777 cui
514 1723 833 1795 promissum
855 1722 1096 1794 estquod
1120 1723 1171 1777 in
1195 1723 1396 1777 semine
1416 1722 1531 1791 ejus
1551 1721 1830 1777 benedice-

229 1825 418 1871 rentur
448 1832 636 1873 omnes
672 1828 859 1888 gentes
889 1835 902 1871 :
934 1817 1076 1888 quod
1123 1832 1308 1873 semen
1351 1816 1622 1871 Christum
1662 1815 1827 1870 inter-

230 1917 476 1977 pretatur
503 1909 813 1979 Apostolus.
842 1910 996 1965 Venit
1032 1920 1210 1965 autem
1239 1910 1482 1964 Christus
1519 1924 1584 1963 ex
1625 1908 1829 1964 semine

230 1998 504 2053 Abraham
536 2015 631 2070 per
655 1999 801 2055 Isaac
838 2010 892 2056 et
932 2016 1027 2071 per
1054 2001 1250 2068 Israel,
1281 2009 1336 2057 et
1378 2000 1662 2069 deinceps,
1692 2000 1830 2055 sicut

231 2091 611 2161 generationes
636 2092 701 2147 ad
731 2101 909 2147 ortum
933 2092 1131 2149 Christi
1152 2093 1479 2164 pertinentes
1504 2092 1828 2163 evangelista

232 2183 474 2238 contexit
516 2182 731 2256 (Matth.
770 2183 833 2256 I).
877 2184 979 2252 Qui
1006 2200 1134 2255 ergo
1162 2184 1275 2240 vult
1312 2195 1498 2241 contra
1530 2185 1825 2255 disputare,

234 2272 564 2328 contradicat
590 2274 895 2345 Erangelio,
923 2284 1084 2345 neget
1106 2292 1177 2331 ex
1201 2276 1403 2331 semine
1431 2276 1589 2331 Israel
1620 2276 1830 2331 venisse

235 2363 536 2430 Chrisuim,
569 2374 627 2419 ut
660 2366 825 2436 possit
846 2381 1046 2437 negare
1074 2367 1215 2438 quod
1246 2367 1407 2424 Isaias
1435 2366 1596 2432 dicit,
1622 2366 1831 2421 Germi-

235 2460 375 2514 nubit
415 2470 466 2513 et
513 2461 745 2530 ﬂorescet
789 2458 991 2528 Israel,
1023 2470 1070 2514 et
1108 2461 1379 2530 replebitur
1420 2461 1553 2516 orbis
1582 2471 1831 2515 terrarum

238 2555 407 2622 {ructu
439 2552 568 2622 ejus.
600 2550 727 2606 Item
752 2551 880 2607 dicit
903 2569 917 2607 ε
940 2547 1053 2624 Ego
1075 2551 1213 2606 Deus
1239 2553 1449 2621 primus,
1478 2562 1523 2605 et
1546 2552 1599 2606 in
1619 2553 1696 2606 his
1720 2567 1833 2623 qua:

239 2643 506 2697 advenient
532 2660 623 2714 ego
652 2660 785 2699 sum.
825 2644 1073 2699 Viderunt
1101 2655 1273 2715 gentes
1291 2686 1305 2710 ,
1336 2654 1382 2699 et
1411 2646 1680 2699 timuerunt
1705 2645 1831 2714 fines

242 2743 388 2790 teme
431 2734 582 2807 (Isai.
612 2751 701 2790 xu
720 2776 735 2803 ,
764 2736 818 2804 4,
850 2736 929 2806 5).
977 2736 1091 2792 Hoc
1128 2745 1210 2791 est
1238 2736 1379 2807 quod
1408 2736 1533 2791 alibi
1562 2736 1831 2806 Scriptura

238 2824 386 2892 dicit,
423 2824 631 2880 Primus
660 2836 705 2879 et
732 2826 1029 2881 novissimus
1060 2826 1241 2896 (Apoc.
1273 2843 1379 2881 χχιι
1408 2868 1424 2894 ,
1454 2824 1577 2898 15),
1620 2835 1677 2882 ut
1705 2827 1773 2882 sit
1799 2850 1833 2881 at

243 2924 296 2970 ct
319 2940 376 2981 ω,
405 2932 526 2987 qua:
552 2926 674 2971 sunt
703 2916 892 2971 littera:
920 2917 973 2972 in
1001 2916 1152 2987 signo
1176 2916 1374 2971 Christi
1399 2917 1644 2973 omnibus
1671 2927 1831 2972 noue.

241 3008 348 3062 Pro
364 3022 433 3063 eo
457 3008 599 3063 enim
624 3008 766 3078 quod
791 3007 863 3062 ibi
885 3017 987 3076 est,
1019 3010 1341 3075 novissimus,
1372 3009 1457 3065 hic
1477 3011 1705 3080 positum
1728 3018 1830 3077 est,

241 3109 287 3153 et
311 3100 366 3154 in
394 3099 473 3153 his
501 3115 615 3169 quia
638 3099 901 3155 advenient
928 3115 1018 3172 ego
1045 3116 1176 3154 sum.
1208 3100 1341 3155 Huic
1364 3115 1492 3172 ergo
1522 3100 1833 3157 manifesta-

240 3192 376 3247 tioni
404 3191 811 3259 contradicunt,
842 3192 933 3263 qui
961 3191 1151 3247 nolunt
1179 3191 1434 3260 credere,
1464 3192 1573 3249 imo
1612 3193 1700 3263 qui
1733 3208 1831 3249 no-

234 3283 360 3339 lunt
397 3282 508 3351 jam
556 3282 736 3339 videre
776 3282 1033 3354 compleri
1075 3281 1218 3353 quod
1265 3283 1549 3353 sequitur:
1592 3282 1836 3339 Viderunt

234 3382 456 3445 gentes;
481 3382 529 3428 et
557 3374 828 3428 timuerunt
856 3375 982 3444 ﬁnes
1011 3381 1177 3429 terrae.
1207 3373 1338 3431 Item
1367 3375 1525 3444 paulo
1551 3383 1671 3445 post
1700 3393 1711 3429 :
1740 3373 1836 3429 Ja-

235 3464 333 3519 cob
363 3481 489 3535 puer
512 3482 673 3533 meus,
696 3467 972 3536 suscipiam
992 3465 1138 3521 illum
1153 3483 1173 3532 ;
1198 3465 1365 3521 Israel
1387 3467 1591 3531 electus,
1619 3468 1836 3537 suscepit

234 3573 359 3611 eum
385 3559 559 3611 animo
585 3574 713 3612 mea.
747 3557 878 3613 Dedi
906 3558 1160 3628 Spiritum
1184 3575 1351 3613 meum
1386 3559 1437 3613 in
1464 3559 1607 3613 illum
1644 3574 1663 3613 :
1682 3560 1833 3629 judi-

234 3651 379 3706 cium
408 3649 637 3722 gentibus
665 3654 901 3721 proferet.
935 3649 1058 3704 Non
1097 3649 1364 3717 clamabit,
1407 3666 1566 3722 neque
1602 3651 1831 3717 cessabit,

236 3758 402 3811 neque
421 3742 657 3797 audietur
678 3743 803 3813 [oris
823 3760 919 3798 vox
938 3745 1067 3814 ejus.
1091 3744 1404 3798 Arundinem
1424 3754 1712 3814 quassatam
1734 3761 1834 3800 non

235 3834 548 3904 confringet,
580 3842 626 3887 et
654 3834 846 3904 lignum
877 3834 1135 3905 fumigans
1161 3852 1261 3889 non
1283 3835 1583 3907 exstinguet,
1610 3835 1699 3890 sed
1723 3852 1835 3889 cum

236 3924 449 3977 ueritate
476 3924 696 3995 proferet
717 3924 991 3995 judicium.
1020 3926 1338 3998 Refulgebit,
1378 3936 1425 3982 et
1466 3942 1568 3981 non
1603 3928 1833 3999 confrin-

237 4026 407 4089 getur,
441 4019 599 4072 donec
627 4030 780 4088 ponat
803 4020 854 4073 in
878 4030 1011 4075 terra
1029 4021 1287 4091 judicium
1312 4037 1332 4075 :
1356 4029 1401 4075 et
1426 4020 1476 4075 in
1501 4020 1702 4075 nomine
1724 4022 1835 4089 ejus

238 4119 412 4179 gentes
441 4108 711 4179 sperabunt
740 4108 894 4179 (Isai.
923 4126 1049 4176 xui,
1080 4110 1217 4181 1-4).
1245 4111 1357 4166 Hoc
1385 4111 1741 4167 testimonium
1768 4112 1835 4167 de

236 4200 461 4256 Christo
505 4201 903 4272 intelligendum
925 4244 941 4271 ,
972 4213 1025 4259 et
1056 4204 1107 4258 in
1141 4203 1429 4275 Evangelio
1460 4204 1690 4275 positum
1729 4215 1831 4260 est.

238 4289 344 4358 Qui
373 4289 567 4357 audet,
602 4292 930 4348 contradicat
954 4310 967 4347 :
996 4294 1084 4364 qui
1112 4303 1289 4350 autem
1318 4311 1424 4350 non
1449 4294 1627 4363 audet,
1657 4304 1837 4365 speret

238 4380 297 4435 in
324 4396 445 4436 eum
474 4396 595 4436 cum
624 4384 872 4453 gentibus
892 4427 905 4452 ,
936 4394 990 4440 et
1024 4385 1091 4441 ab
1129 4387 1331 4441 unitate
1368 4388 1601 4458 gentium
1632 4388 1683 4442 in
1712 4404 1834 4444 eum

238 4474 572 4542 sperantium
599 4489 704 4529 non
732 4475 979 4542 recedat;
1011 4485 1101 4533 aut
1124 4478 1171 4533 si
1196 4487 1508 4546 recesserat,
1538 4479 1743 4549 redeat,
1767 4496 1835 4538 ne

238 4573 447 4633 pereat.

313 4658 402 4713 16.
445 4658 575 4713 Item
618 4658 747 4715 dicit
784 4659 984 4716 Isaias:
1021 4660 1085 4715 Et
1112 4678 1246 4717 nunc
1279 4663 1350 4718 sic
1376 4663 1499 4717 dicit
1526 4663 1775 4718 Dominus
1812 4679 1830 4718 :

244 4750 346 4817 Qui
375 4751 525 4819 finxit
554 4768 633 4806 me
658 4754 709 4806 in
740 4762 881 4808 utero
906 4770 1101 4808 servum
1127 4754 1243 4823 sibi,
1269 4765 1323 4810 ut
1352 4773 1646 4828 congregem
1669 4756 1833 4812 Iacob

239 4851 286 4894 et
316 4840 483 4898 Israel
523 4844 592 4897 ad
629 4861 778 4911 eum;
816 4848 1233 4917 appropinquabo
1261 4849 1427 4913 illum,
1475 4861 1523 4903 et
1551 4851 1835 4905 honorabor

236 4948 413 4987 coram
450 4932 670 4989 Domino
699 4936 746 5000 ⁸,
781 4944 825 4989 et
866 4935 1007 4995 Deus
1052 4954 1189 4992 meus
1233 4940 1327 4992 erit
1372 4940 1499 4993 mihi
1538 4941 1715 4995 virtus.
1766 4941 1835 4995 Et

238 5023 371 5079 dixit
406 5026 532 5079 mihi
558 5043 577 5080 :
609 5025 894 5082 Maximum
926 5028 1015 5083 tibi
1052 5030 1145 5084 erit
1175 5030 1268 5083 hoc
1287 5072 1303 5097 ,
1336 5032 1504 5085 vocari
1547 5042 1593 5085 te
1623 5035 1832 5102 puerum

237 5133 429 5183 meum,
476 5129 531 5171 ut
577 5120 851 5175 constituas
898 5121 1055 5176 tribus
1095 5120 1290 5188 Iacob,
1337 5132 1385 5178 et
1432 5124 1623 5192 prolem
1667 5123 1835 5178 Israel

238 5218 523 5263 convertas.
557 5207 625 5262 Et
652 5211 797 5281 posui
824 5222 873 5265 te
897 5211 947 5265 in
980 5220 1330 5266 testamentum
1360 5214 1553 5284 generis
1586 5215 1637 5268 in
1669 5214 1833 5268 lucem

238 5300 500 5367 gentium,
530 5310 585 5353 ut
623 5301 692 5354 sis
733 5302 870 5356 salus
911 5318 1067 5371 usque
1105 5304 1173 5357 ad
1203 5305 1329 5373 fines
1359 5315 1523 5361 terrte.
1574 5308 1638 5361 Et
1674 5308 1831 5377 paulo

240 5400 404 5460 post:
446 5391 538 5447 Sic
582 5391 742 5458 dicit,
796 5394 1000 5463 inquit,
1034 5394 1284 5450 Dominus
1334 5395 1546 5452 Israel:
1590 5398 1832 5469 Tempore

238 5481 504 5549 aptissimo
534 5484 772 5538 exaudiui
802 5495 879 5551 te,
914 5495 960 5540 et
986 5486 1037 5539 in
1064 5487 1146 5540 die
1169 5488 1345 5541 salutis
1372 5490 1544 5558 adjuvi
1573 5500 1636 5543 te.
1670 5489 1829 5546 Certe

239 5570 341 5625 ista
382 5573 545 5628 verba
592 5589 713 5629 cum
771 5587 1244 5633 commemorasset
1288 5580 1559 5648 apostolus
1609 5580 1824 5648 Paulus,

307 5727 323 5757 ί
358 5731 408 5775 tu
428 5726 715 5796 t'Ioriacensi
740 5735 845 5796 διες,
868 5735 914 5780 et
937 5730 1101 5781 Israel.
1130 5731 1201 5781 Ad
1224 5746 1332 5783 etmr
1355 5730 1761 5796 appropinquabo,
1785 5742 1830 5785 et

235 5786 485 5860 honorabo
497 5801 667 5860 parum
684 5786 895 5860 poricino.
911 5798 958 5840 tn
972 5806 1131 5860 graeco
1151 5800 1257 5845 Lxx
1276 5806 1369 5857 est,
1386 5786 1824 5860 'suntichthésoniai,

236 5849 324 5898 «sai
339 5849 701 5903 doxathe’somai
724 5853 943 5904 euantion
965 5849 1155 5905 Euriou.

1082 430 1255 473 γυιῦο
1282 410 1370 473 DE
1412 406 1710 472 UNITATE
1753 409 2110 471 ECCLESIA!
2150 414 2351 473 LIBER
2394 411 2597 477 UNUS.

2810 480 2833 505 ,
3416 426 3525 483 tua

1938 529 2147 583 nonnisi
2194 530 2245 584 in
2295 532 2610 587 Christianis
2662 532 2893 588 ostendit
2946 533 3175 605 impleri.
3225 533 3522 594 Connexuit

1923 620 2079 692 .cnim
2106 620 2287 677 dicens
2316 641 2327 675 :
2358 621 2489 677 Ecce
2514 641 2645 678 nunc
2672 634 2867 695 tempus
2894 626 3219 697 acceptabile,
3248 644 3359 681 ecce
3386 644 3522 685 nunc

1937 710 2042 763 dies
2071 711 2249 765 salutis
2276 711 2294 784 (
2317 713 2357 766 II
2385 712 2503 767 Cor.
2533 730 2606 779 γι,
2630 715 2709 786 2).
2743 716 3035 772 Audiamus
3058 732 3187 788 ergo
3213 718 3336 789 quid
3361 718 3523 777 Isaias

1937 803 2185 873 adjungat
2216 822 2229 858 :
2264 804 2395 859 Dedi
2421 816 2485 873 te,
2521 807 2707 877 inquit,
2740 810 2792 863 in
2823 818 3172 865 testamentum
3198 813 3441 882 gentium,
3469 824 3523 867 ut

1934 892 2130 947 incolas
2177 903 2381 961 terram,
2429 904 2477 949 et
2524 898 2781 966 possideas
2811 898 3153 955 htereditatem
3199 902 3406 957 deserti.
3458 903 3525 959 Et

1937 985 2266 1056 interpositis
2314 987 2506 1043 deinde
2547 990 2833 1058 connectit,
2877 1001 2929 1046 et
2968 993 3097 1047 dicit
3133 1011 3148 1049 :
3194 993 3327 1049 Ecce
3368 995 3454 1049 isti
3490 1012 3522 1049 η

1937 1079 2208 1149 longinquo
2235 1080 2467 1146 venient;
2508 1082 2563 1135 hi
2598 1093 2764 1137 autem
2788 1082 2850 1137 ab
2878 1086 3113 1155 aquilone
3141 1096 3188 1142 et
3221 1089 3350 1149 mari
3373 1103 3388 1154 ;
3432 1089 3524 1143 alii

1935 1180 2098 1225 autem
2125 1188 2188 1225 ea:
2216 1182 2348 1227 terra
2379 1172 2669 1230 Persarum.
2701 1176 2936 1243 Exsulta,
2967 1180 3167 1249 coelum,
3191 1188 3236 1236 et
3262 1181 3314 1236 in
3345 1181 3522 1237 laetitia

1935 1273 2068 1328 esto,
2104 1273 2240 1318 terra
2272 1282 2291 1321 :
2325 1267 2555 1320 emittant
2597 1277 2789 1323 montes
2822 1271 3240 1340 jucunditatem;
3284 1274 3521 1342 quoniam

1935 1355 2163 1408 misertus
2193 1366 2266 1410 est
2310 1355 2449 1412 Deus
2494 1359 2672 1428 populi
2716 1360 2827 1428 sui,
2865 1371 2912 1415 et
2958 1362 3174 1418 humiles
3221 1364 3397 1435 populi
3442 1366 3523 1419 sui

1934 1446 2183 1500 allocutus
2211 1456 2303 1501 est.
2347 1447 2491 1503 Dixit
2517 1460 2683 1505 autem
2712 1450 2838 1506 Sion
2870 1468 2888 1507 :
2918 1452 3195 1524 Dereliquit
3232 1473 3312 1511 me
3338 1456 3519 1512 Domi-

1936 1554 2049 1601 nus,
2092 1547 2140 1592 et
2167 1538 2304 1594 Deus
2336 1540 2520 1595 oblitus
2548 1551 2623 1596 est
2667 1544 2783 1598 mei.
2834 1542 3100 1616 Numquid
3141 1548 3303 1616 capiet
3342 1548 3522 1604 oblivio

1936 1630 2192 1683 mulierem
2229 1631 2327 1700 ﬁlii
2368 1632 2469 1699 sui,
2516 1634 2593 1688 vel
2632 1644 2793 1705 potest
2837 1635 2948 1705 ﬁeri
2990 1647 3045 1690 ut
3090 1654 3191 1691 non
3227 1639 3521 1694 misereatur

1933 1721 2065 1791 {etus
2090 1722 2218 1775 uteri
2242 1724 2365 1777 sui?
2410 1723 2565 1778 Nunc
2602 1742 2717 1780 ecce
2740 1737 2787 1781 et
2826 1728 2872 1781 si
2912 1728 3053 1781 illum
3097 1727 3277 1783 oblirio
3305 1731 3520 1798 habebit,

1935 1828 2016 1865 me
2042 1822 2209 1866 tamen
2236 1814 2307 1868 tui
2332 1814 2473 1869 nullo
2499 1816 2649 1869 modo
2677 1816 2858 1871 oblivio
2884 1819 3068 1887 capiet,
3100 1819 3220 1873 dicit
3251 1818 3517 1876 Dominus.

1938 1903 2071 1958 Ecce
2094 1920 2247 1973 super
2277 1922 2456 1960 manus
2481 1924 2617 1962 meas
2646 1907 2891 1979 descripsi
2929 1919 3041 1964 tuos
3073 1926 3260 1978 muros,
3306 1911 3357 1966 in
3397 1928 3522 1966 con-

1935 2006 2108 2067 spectu
2138 1998 2290 2051 etiam
2316 2014 2425 2053 meo
2449 2016 2503 2054 es
2528 2000 2580 2053 in
2606 2011 2919 2069 perpetuum,
2952 2012 2998 2055 et
3024 2001 3158 2057 brevi
3193 2003 3522 2072 a'dificaberis

1935 2089 1998 2142 ab
2027 2089 2105 2142 his
2132 2106 2162 2142 a
2192 2089 2373 2161 quibus
2400 2106 2569 2145 eversa
2594 2107 2666 2145 es.
2709 2090 2841 2145 Cum
2872 2093 3029 2162 igitur
3060 2109 3153 2162 per
3176 2092 3521 2162 apostolicam

1934 2197 2119 2237 vocem
2152 2198 2258 2237 non
2304 2183 2543 2238 siuamur
2577 2184 2679 2240 hoe
2707 2185 2773 2240 de
2818 2185 3013 2256 populo
3057 2186 3385 2255 Judzcorum,
3428 2187 3522 2242 sed

1936 2273 2003 2329 de
2027 2272 2453 2330 Christianorum
2481 2276 2806 2347 intelligere,
2835 2276 2961 2348 quid
2992 2278 3311 2333 intellecturi
3342 2292 3525 2333 sumus

1938 2367 1989 2421 in
2015 2381 2081 2421 eo
2106 2366 2247 2437 quod
2273 2368 2346 2421 ait
2371 2366 2472 2422 hoc
2498 2368 2614 2423 loco
2642 2368 2802 2424 Isaias
2820 2410 2834 2435 ,
2861 2368 2925 2422 Et
2946 2369 3081 2423 brevi
3101 2370 3435 2439 a'dificaberis
3460 2372 3525 2425 ab

1937 2458 2015 2512 his
2043 2474 2075 2511 a
2116 2459 2296 2528 quibus
2338 2475 2508 2513 eversa
2545 2476 2636 2525 es;
2678 2460 2777 2514 nisi
2822 2475 2977 2531 reges
3020 2468 3177 2516 terra:
3218 2462 3308 2531 qui
3351 2461 3524 2532 primo

1938 2551 2395 2621 persequebantur
2420 2552 2713 2607 Ecclesiam
2738 2596 2751 2620 ,
2783 2562 2901 2623 post
2927 2552 3202 2622 adjuturos
3229 2567 3344 2607 eam
3376 2562 3525 2608 tanto

1938 2650 2062 2698 ante
2086 2642 2447 2714 prmdictum?
2488 2643 2593 2699 Sed
2624 2643 2744 2713 quia
2790 2644 2937 2699 multi
2981 2658 3167 2699 eorum
3204 2643 3256 2699 in
3285 2644 3396 2699 suis
3419 2644 3522 2698 ini-

1938 2735 2227 2805 quitatibus
2266 2735 2509 2789 morituri
2540 2744 2722 2802 erant,
2770 2736 3009 2807 adjungit
3048 2744 3103 2792 et
3146 2736 3313 2792 dicit:
3347 2736 3415 2791 Et
3439 2736 3525 2809 qui

1938 2828 2288 2883 desolaverunt
2332 2838 2411 2894 te,
2456 2830 2711 2885 discedent
2753 2848 2783 2883 a
2822 2840 2886 2884 te.
2931 2830 3132 2887 Deinde
3171 2832 3295 2903 quia
3338 2846 3525 2888 omnes

1939 2928 2123 2988 gentes
2167 2920 2585 2991 adjungerentur
2623 2920 2913 2989 Ecclesiae,
2965 2922 3203 2993 sequitur
3251 2931 3305 2979 et
3350 2916 3523 2978 dicit:

1940 3009 2281 3082 Circumspice
2306 3012 2487 3081 ubique
2515 3013 2675 3067 oculis
2704 3014 2804 3066 tuis
2824 3054 2838 3080 ,
2872 3022 2915 3068 et
2950 3013 3060 3067 vide
3088 3013 3363 3068 universos.
3400 3013 3525 3069 Vivo

1941 3117 2063 3173 ego,
2097 3102 2217 3156 dicit
2244 3101 2494 3157 Dominus
2524 3119 2541 3157 :
2568 3120 2739 3158 omnes
2766 3103 2856 3158 hos
2894 3104 3074 3158 induas
3101 3113 3175 3174 te,
3208 3114 3255 3160 et
3291 3105 3526 3175 dispones

1940 3214 2023 3252 eos
2049 3207 2102 3251 ut
2132 3206 2483 3251 ornamentum
2512 3213 2653 3251 novae
2680 3207 2893 3269 nuptas;
2933 3198 3171 3269 quoniam
3197 3213 3308 3267 qua:
3334 3199 3527 3252 deserta

1942 3290 2148 3361 fuerunt
2173 3288 2225 3341 in
2257 3296 2321 3352 te,
2349 3297 2397 3341 et
2425 3296 2663 3357 corrupta
2694 3296 2740 3340 et
2770 3286 2999 3356 delapsa,
3047 3303 3181 3341 nunc
3218 3288 3269 3341 in
3305 3288 3527 3347 maxima

1940 3387 2143 3431 arctura
2172 3386 2317 3432 erunt
2357 3394 2447 3448 per
2487 3394 2571 3430 eos
2599 3377 2685 3447 qui
2723 3385 3098 3430 commorantur
3140 3376 3251 3431 istic
3278 3393 3295 3430 :
3323 3377 3469 3447 longe
3494 3393 3526 3430 a

1940 3476 1988 3523 te
2025 3468 2321 3539 efficiantur,
2367 3467 2453 3538 qui
2498 3476 2546 3521 te
2589 3468 3033 3521 transvorabant‘.
3081 3465 3262 3522 Dicent
3304 3469 3436 3521 enim
3474 3470 3527 3521 in

1940 3576 2089 3614 aures
2118 3569 2231 3613 tuas
2256 3560 2351 3627 filii
2381 3559 2455 3612 tui
2480 3575 2603 3630 quos
2626 3559 2868 3615 amiseras
2900 3575 2913 3589 '
2936 3559 3183 3629 Angustia
3211 3559 3351 3612 nobis
3375 3571 3447 3614 est
3474 3561 3526 3614 in

1939 3651 2035 3705 isto
2065 3653 2174 3706 loco
2194 3693 2209 3719 ,
2247 3652 2399 3723 facito
2429 3652 2597 3723 itaque
2639 3652 2780 3707 nobis
2812 3662 2959 3706 cnam
2988 3668 3122 3706 nunc
3151 3652 3313 3706 locum
3343 3653 3393 3705 in
3426 3670 3526 3723 quo

1940 3758 2324 3797 commoremur.
2349 3741 2427 3797 Tu
2456 3759 2569 3796 vero
2595 3743 2729 3797 dices
2756 3743 2807 3796 in
2835 3744 2984 3797 corde
3011 3756 3095 3797 tuo
3118 3759 3136 3796 :
3167 3744 3290 3810 Quis
3319 3758 3527 3813 genera-

1939 3835 2007 3888 vit
2036 3834 2161 3888 mihi
2190 3834 2331 3898 istos,
2365 3851 2476 3887 cum
2505 3834 2661 3887 sciam
2692 3850 2798 3888 esse
2824 3852 2903 3889 me
2929 3835 3037 3889 sine
3062 3834 3185 3904 ﬁliis
3213 3846 3257 3888 et
3285 3835 3527 3888 uiduam?

1944 3926 2067 3993 Quis
2097 3942 2214 3998 ergo
2240 3926 2363 3979 istos
2390 3925 2617 3979 educavit
2657 3925 2827 3978 mihi?
2876 3925 2983 3996 Ego
3013 3926 3144 3979 enim
3172 3926 3406 3979 derelicta
3450 3927 3527 3997 fui

1939 4016 2079 4084 sola,
2109 4015 2162 4069 hi
2188 4026 2357 4070 autent
2401 4016 2525 4069 mihi
2565 4016 2651 4069 ubi
2694 4016 2883 4070 erant?
2930 4016 3020 4071 Sic
3067 4016 3184 4069 dicit
3232 4015 3476 4071 Dominus
3508 4006 3538 4070 τ’

1941 4106 2075 4161 Ecce
2119 4107 2293 4161 tollam
2336 4107 2388 4160 in
2434 4107 2663 4160 nationes
2710 4122 2888 4160 manus
2934 4122 3091 4173 meas,
3143 4115 3187 4160 et
3232 4107 3283 4159 in
3330 4106 3525 4159 insulas

1940 4199 2139 4269 signum
2181 4214 2365 4266 meum,
2405 4207 2450 4252 et
2493 4199 2745 4251 adducam
2790 4199 2925 4267 ﬁlios
2968 4208 3078 4253 tuos
3123 4198 3174 4252 in
3212 4198 3346 4263 sinu,
3393 4185 3539 4267 filias-

1942 4292 2092 4347 etiam
2122 4301 2232 4347 tuas
2278 4308 2430 4363 super
2478 4292 2716 4345 humeros
2763 4292 3075 4362 portabunt:
3106 4301 3151 4346 et
3193 4302 3340 4347 erunt
3390 4310 3549 4365 reges

1941 4385 2236 4441 educatores
2273 4385 2461 4451 vestri;
2510 4399 2623 4455 qua:
2650 4393 2820 4437 autem
2852 4383 3155 4453 principales
3185 4393 3330 4448 sunt,
3364 4385 3528 4437 nutri-

1941 4492 2021 4530 ces
2049 4485 2259 4541 vestrte,
2291 4493 2444 4548 super
2491 4486 2674 4529 terram
2719 4474 3026 4529 declinantes
3065 4475 3246 4545 faciem
3285 4475 3525 4543 depreca-

1942 4568 2126 4621 buntur
2155 4578 2233 4635 te,
2265 4578 2309 4622 ct
2347 4567 2554 4637 vestigia
2579 4567 2763 4639 pedum
2809 4576 3007 4619 tuorum
3039 4566 3256 4635 eliugent
3280 4603 3295 4630 ,
3326 4573 3373 4617 et
3403 4564 3526 4618 scies

1939 4661 2177 4730 quoniam
2203 4678 2291 4731 ego
2314 4659 2585 4727 Dominus,
2612 4676 2701 4712 nec
2726 4658 2980 4712 erubesces
3008 4656 3154 4728 (lsai.
3183 4672 3322 4723 xus,
3350 4656 3383 4711 5
3411 4655 3523 4724 23).

1941 4752 2006 4806 Et
2032 4752 2189 4822 paulo
2218 4762 2335 4821 post
2365 4750 2636 4820 adjungit,
2676 4757 2730 4803 et
2758 4748 2886 4802 dicit
2918 4766 2928 4801 :
2959 4748 3144 4801 Audite
3171 4762 3285 4812 me;
3328 4746 3521 4811 audite,

1940 4844 2158 4915 papulus
2189 4859 2364 4905 meus;
2404 4859 2543 4912 reges
2567 4858 2782 4908 quoque,
2818 4841 3058 4894 intendite
3084 4841 3248 4907 mihi;
3287 4842 3526 4911 quoniam

1940 4934 2023 4987 lea:
2049 4951 2081 4987 a
2108 4950 2185 4987 me
2210 4932 2426 5002 prodiet,
2456 4940 2500 4985 et
2517 4930 2773 5001 judicium
2806 4947 2969 4983 meum
2999 4932 3048 4985 in
3082 4931 3241 4984 lucem
3273 4928 3521 5001 gentibus.

1940 5025 2326 5095 Appropinquat
2370 5032 2565 5075 mature
2600 5022 2801 5093 justitia
2842 5038 2970 5087 mea,
3002 5029 3046 5073 et
3094 5020 3317 5075 salutare
3358 5033 3523 5070 meum

1940 5115 2317 5186 proficiscetur,
2352 5122 2396 5167 et
2434 5114 2484 5166 in
2530 5112 2735 5166 brachio
2764 5129 2871 5167 meo
2913 5121 3080 5183 gentes
3123 5112 3380 5165 salvantur
3408 5106 3537 5181 (Id:

1940 5224 2009 5275 ιι,
2036 5208 2089 5274 4,
2120 5207 2197 5277 5).
2236 5206 2311 5261 De
2338 5205 2439 5261 hoc
2463 5206 2681 5260 brachio
2706 5205 3009 5275 Seripturas
3050 5202 3369 5273 apostolicos
3396 5217 3527 5257 con-

1938 5300 2195 5355 sulamus.
2227 5299 2360 5354 Cum
2392 5299 2533 5353 enim
2575 5298 2847 5369 apostolus
2890 5296 3085 5351 Paulus
3123 5294 3189 5350 de
3217 5292 3522 5349 .Iuda‘ornm

1942 5392 2257 5447 infidelitate
2280 5391 2519 5461 ejusdem
2549 5389 2821 5460 propheta:
2851 5384 3208 5443 testimonium
3237 5386 3523 5455 posuisset,

1938 5484 2078 5553 quod
2105 5484 2184 5538 eis
2208 5483 2453 5537 Christus
2494 5497 2598 5536 non
2629 5481 2784 5535 fuerit
2826 5477 3089 5535 revelatus
3114 5518 3127 5541 ,
3164 5477 3283 5531 hoc.
3304 5479 3481 5548 posuit
3510 5498 3521 5534 :

1942 5577 2066 5645 Quis
2106 5576 2318 5631 credidit
2347 5574 2545 5628 auditui
2588 5572 2799 5627 nostra?
2838 5581 2883 5624 et
2911 5569 3172 5623 brachium
3200 5569 3403 5625 Domini
3445 5573 3525 5624 cui

2001 5737 2014 5767 ί
2055 5736 2188 5795 Fditi,
2208 5734 2289 5798 qui
2325 5734 2693 5798 commorantur.
2720 5727 2801 5777 Isti
2816 5739 2842 5798 _e
2866 5724 3003 5798 longe
3021 5740 3051 5777 a
3067 5734 3112 5777 te
3128 5727 3416 5792 efficiuntur,
3444 5727 3528 5796 qui

1936 5806 1980 5846 te
2017 5789 2395 5849 trrmst'orabunt.
2432 5795 2731 5853 castigantur
2772 5790 2827 5837 ad
2873 5789 3223 5842 t‘lcriaceusem
3266 5790 3527 5839 manuscri-

1939 5869 2087 5922 ptum.
