3998 6470
465 379 578 442 illi),

473 493 748 547 revelatum
773 499 843 544 est
873 489 1044 563 (Rom.
1079 463 1272 553 ι,’16;
1305 483 1430 538 lsai.
1462 499 1585 551 un,
1614 483 1712 554 l)?
1753 480 1954 536 Deinde
1995 482 2046 535 in

473 586 921 657 consequentibus
961 582 1201 652 aaljungit
1230 580 1394 638 Isaias
1423 589 1478 636 et
1513 579 1642 634 dicit
1672 597 1684 632 :
1717 578 2003 646 Erumpunt
2039 579 2051 607 ι

474 682 649 742 latitia
685 679 836 735 simul
872 678 1065 734 deserta
1089 675 1412 740 Jerusalem,
1457 673 1692 743 quoniam
1722 673 1953 726 misertus
1982 681 2055 724 est

472 775 605 841 ejus,
647 781 695 826 et
732 771 860 826 eruit
885 768 1204 836 Jerusalem,
1250 777 1298 820 et
1340 765 1605 838 patefaciet
1639 762 1890 817 Dominus
1934 761 2052 815 bra-

470 865 640 918 chium
683 879 829 918 suum
870 872 1102 917 sanctum
1143 861 1196 914 in
1239 867 1505 927 conspectu
1541 858 1888 912 universarum
1929 873 2054 927 gen-

473 956 634 1020 tium,
687 965 733 1009 et
779 953 1015 1008 videbunt
1059 967 1230 1007 omnes
1278 951 1507 1004 nationes
1554 965 1712 1022 usque
1762 947 1830 1002 ad
1876 946 2055 1002 ultima

475 1059 621 1100 terra:
648 1047 667 1076 '
694 1045 908 1100 salutem
932 1059 1045 1116 qua:
1069 1060 1102 1097 a
1126 1042 1230 1097 Deo
1259 1052 1332 1096 est
1363 1040 1516 1114 (Isai.
1547 1057 1614 1097 ut
1633 1082 1648 1103 .
1675 1041 1711 1097 9
1731 1082 1744 1106 ,
1773 1041 1894 1113 10).
1926 1039 2056 1108 Quis

474 1149 581 1195 tam
605 1138 820 1204 surdus,
844 1137 963 1208 quis
985 1145 1090 1192 tam
1115 1136 1357 1200 demens,
1381 1133 1500 1207 quis
1527 1145 1630 1189 tam
1658 1144 1835 1190 mente
1857 1149 2052 1198 caecus,

476 1238 534 1282 r.t
559 1228 579 1260 ⁸
609 1228 690 1284 his
734 1237 840 1283 tam
871 1227 1208 1284 evidentibus
1237 1225 1552 1282 testimoniis
1589 1225 1948 1295 obloquatur?

548 1321 630 1374 17.
673 1319 778 1376 Sed
822 1319 890 1375 ad
934 1319 1294 1374 manifestiora
1334 1317 1630 1375 veniamus.
1676 1316 1835 1372 Certe
1876 1330 2055 1370 sacra-

474 1413 704 1466 tissimas
758 1412 971 1484 nuptias
1020 1411 1073 1466 in
1129 1411 1421 1478 Scripturis
1469 1409 1750 1474 novimus;
1799 1421 2052 1477 sponsum

469 1511 526 1556 ct
567 1517 840 1571 sponsam,
887 1501 1155 1557 Christum
1186 1511 1238 1557 et
1270 1500 1587 1556 Ecclesiam.
1625 1498 1918 1569 Utrumque
1957 1497 2051 1553 de-

471 1593 657 1648 scribit
699 1593 898 1658 lsaius,
950 1609 1017 1648 ne
1063 1592 1199 1648 forte
1238 1593 1291 1646 in
1333 1607 1518 1647 eorum
1565 1589 1742 1660 aliquo
1791 1604 2053 1653 erremus,

471 1685 612 1754 quod
643 1685 725 1745 cui
770 1685 1044 1750 acciderit,
1091 1695 1374 1755 utrumque
1418 1683 1632 1738 amittit.
1678 1682 1810 1749 Quia
1849 1682 1916 1737 de
1956 1682 2055 1736 hoc

472 1773 721 1845 conjugio
763 1774 815 1829 in
866 1783 1203 1831 sacramento
1252 1774 1452 1829 dictum
1493 1783 1614 1840 est,
1655 1772 1793 1827 sicut
1835 1781 2056 1826 testatur

470 1866 778 1933 Apostolus,
811 1865 973 1920 Erunt
999 1865 1099 1922 duo
1128 1866 1180 1920 in
1205 1881 1358 1922 carne
1384 1881 1486 1919 una
1512 1863 1728 1933 (Ephes.
1750 1880 1800 1928 γ,
1829 1863 1938 1932 51).
1968 1862 2055 1918 Sic

471 1972 600 2028 ergo
631 1957 776 2026 prior
813 1958 926 2027 ipse
955 1957 1276 2013 describitur
1303 1974 1318 2011 :
1349 1966 1468 2025 post
1497 1955 1661 2010 multa
1702 1969 1820 2023 qua:
1859 1952 1926 2006 de
1965 1951 2054 2006 illo

470 2050 541 2101 ita
583 2048 712 2103 dicit
750 2048 946 2112 Isaias,
992 2057 1048 2102 ut
1087 2057 1141 2102 et
1183 2047 1286 2116 ipsi
1323 2047 1694 2101 obmutescunt
1737 2042 1944 2107 ,ιυόιυὶς
1989 2058 2055 2096 ne

467 2142 684 2211 longum
711 2140 781 2196 sit
805 2139 982 2194 omnia
1003 2153 1322 2205 memorare,
1347 2137 1451 2192 hoc
1476 2134 1748 2208 paululum
1771 2134 2052 2189 advertite.

466 2231 538 2294 Et
567 2241 772 2304 peccata
792 2274 807 2298 ,
835 2232 1038 2303 inquit,
1067 2248 1237 2286 eorum
1276 2232 1384 2302 ipse
1412 2228 1664 2301 portabit,
1691 2228 1806 2284 ideo
1835 2226 2052 2283 [accredi-

467 2333 570 2379 tate
595 2323 870 2396 possidebit
899 2324 1104 2388 multos,
1132 2333 1180 2377 et
1203 2323 1414 2393 fortium
1444 2323 1690 2392 partietur
1714 2320 1902 2391 spolia,
1935 2336 2054 2391 pro-

468 2422 579 2486 pter
619 2414 754 2486 quod
795 2413 984 2469 tradita
1015 2421 1086 2468 est
1129 2415 1180 2468 in
1211 2423 1421 2468 mortem
1462 2413 1636 2470 anima
1679 2413 1807 2484 ejus.
1847 2422 1894 2468 et
1927 2413 2056 2467 inter

464 2506 664 2577 iniquos
703 2506 973 2575 deputatus
1016 2516 1122 2570 est,
1151 2513 1203 2559 et
1224 2504 1332 2574 ipse
1355 2513 1559 2576 peccata
1597 2503 1873 2558 multorum
1898 2504 2048 2558 susti-

464 2597 600 2664 nuit,
644 2605 694 2652 et
738 2605 947 2667 propter
989 2596 1280 2668 iniquitates
1317 2605 1516 2651 nostras
1545 2595 1764 2651 traditus
1797 2606 1869 2650 est
1898 2593 2051 2667 (Isai.

463 2704 554 2748 un
572 2727 590 2756 ,
622 2689 683 2743 11
705 2699 750 2743 et
770 2687 894 2763 12).
943 2688 1070 2744 Haec
1096 2687 1164 2745 de
1193 2687 1420 2744 Domino
1448 2695 1634 2743 nostro
1675 2686 1804 2742 Jesu
1841 2685 2054 2742 Christo

463 2787 612 2834 tanto
653 2787 777 2836 ante
825 2778 1077 2850 praedicta
1124 2786 1180 2835 et
1228 2777 1540 2849 prophetata
1593 2775 1903 2833 fatemini‘.
1958 2776 2052 2832 llic

464 2883 595 2938 ergo
627 2882 858 2937 sponsus
899 2867 1084 2939 utquid
1123 2867 1349 2924 traditus
1374 2875 1458 2923 est
1489 2866 1554 2922 ad
1594 2874 1842 2932 mortem,
1868 2865 2051 2936 utquid

464 2957 607 3012 inter
635 2956 848 3028 iniquos
875 2955 1162 3028 deputatus
1195 2967 1278 3012 est
1315 2966 1460 3012 tanta
1496 2955 1794 3012 humilitate
1831 2955 2052 3011 celsitu-

465 3048 614 3107 dinis
652 3049 808 3105 sum?
867 3048 1004 3118 Quid
1068 3049 1213 3120 egit,
1254 3049 1380 3119 quid
1431 3049 1754 3120 acquisivit?
1808 3048 1936 3116 Quis
1981 3049 2050 3103 ita

464 3139 661 3205 surdus
694 3149 796 3208 est,
837 3148 896 3196 ut
937 3140 1052 3196 hate
1093 3155 1199 3196 non
1239 3138 1462 3196 audiat?
1499 3139 1620 3210 quis
1655 3139 1727 3193 ita
1765 3139 1985 3195 obtusus
2007 3140 2049 3204 ⁸,

465 3244 526 3289 ut
568 3250 674 3291 non
721 3234 1026 3306 intelligat?
1067 3233 1186 3304 quis
1228 3233 1299 3288 ita
1346 3247 1542 3300 crccus,
1585 3240 1644 3287 ut
1685 3246 1792 3287 non
1833 3232 2053 3287 videat?

464 3326 615 3393 Ideo,
646 3328 834 3398 inquit,
867 3327 974 3398 ipse
1003 3326 1295 3382 hwreditate
1319 3323 1589 3398 possidebit
1616 3324 1800 3380 multos
1819 3367 1834 3392 ,
1863 3333 1910 3378 et
1941 3324 2052 3395 [or-

464 3421 590 3474 tium
618 3421 863 3489 partietur
885 3419 1072 3486 spolia,
1102 3427 1305 3489 propter
1329 3416 1464 3487 quod
1492 3416 1679 3469 tradita
1707 3426 1779 3470 est
1820 3418 1872 3470 in
1913 3433 2051 3470 mor-

467 3519 566 3563 tem
599 3509 772 3562 anima
812 3509 923 3580 ejus
969 3518 1015 3563 et
1059 3510 1191 3562 inter
1228 3508 1427 3577 iniquos
1469 3508 1737 3578 deputatus
1777 3516 1870 3560 est.
1915 3508 2050 3574 Quid

464 3611 568 3668 est,
612 3601 868 3668 haeretici,
900 3602 1043 3672 quod
1067 3601 1134 3658 de
1177 3601 1442 3672 paucitate
1471 3600 1793 3671 gloriamini,
1836 3601 1880 3655 si
1927 3616 2050 3670 pro-

463 3704 648 3771 pterea
679 3695 934 3750 Dominus
959 3694 1117 3750 lesus
1147 3693 1388 3750 Christus
1429 3682 1655 3749 traditus
1694 3703 1774 3748 est
1812 3693 1878 3747 ad
1909 3707 2052 3746 mor-

464 3800 595 3852 tem,
636 3797 692 3843 ut
718 3786 1030 3844 haereditate
1066 3787 1267 3842 multos
1301 3785 1645 3857 possideret?
1687 3785 1756 3840 Et
1796 3785 1886 3855 qui
1927 3794 2049 3840 sunt

462 3877 519 3934 hi
558 3878 732 3946 multi,
774 3879 856 3933 vel
897 3894 1054 3950 quam
1094 3876 1200 3934 late
1237 3885 1499 3948 occupant
1534 3885 1768 3942 terram;
1809 3890 1926 3946 qua:
1965 3889 2050 3930 se-

463 3977 699 4039 quuntur
735 3968 1035 4025 audiamus.

535 4061 624 4117 18.
660 4061 1019 4118 Prmnnntiato
1049 4076 1247 4132 sponso
1281 4071 1335 4116 et
1371 4075 1657 4132 expresso,
1697 4058 1954 4130 procedat
1991 4068 2050 4114 et

461 4167 659 4221 sponsa
686 4153 738 4206 in
771 4152 952 4208 verbis
979 4153 1127 4208 Isaiae
1157 4172 1168 4207 :
1204 4154 1444 4233 legamus
1469 4167 1586 4208 eam
1618 4152 1673 4206 in
1703 4151 1925 4206 veritate
1953 4166 2047 4221 pa-

461 4246 706 4317 ginarum
728 4255 1054 4314 sanctarum,
1080 4255 1135 4302 et
1156 4261 1506 4316 agnoscamus
1531 4244 1582 4298 in
1605 4243 1735 4299 orbe
1763 4254 2046 4298 terrarum.

459 4335 579 4391 Hoc
604 4335 965 4391 testimonium
985 4336 1054 4392 de
1078 4349 1260 4391 saneta
1293 4335 1528 4391 Ecclesia
1555 4333 1866 4403 praedictum
1889 4333 2049 4390 etiam

462 4425 663 4482 Paulus
688 4425 962 4497 apostolus
999 4428 1192 4497 posuit.
1231 4427 1347 4480 Non
1386 4433 1468 4480 est
1506 4440 1612 4495 quo
1640 4423 1804 4496 fugiat
1828 4433 2051 4480 conten-

463 4520 600 4574 tiosa
615 4519 980 4590 tergiversatio
993 4518 1382 4574 haereticorum.
1398 4515 1616 4584 Laztare,
1635 4517 1838 4585 sterilis,
1858 4518 2048 4588 inquit,

464 4623 577 4678 qua
601 4625 702 4663 non
738 4609 912 4678 paris;
940 4625 1146 4679 erumpe
1172 4618 1215 4662 et
1241 4608 1465 4663 exclama
1488 4647 1502 4674 ,
1527 4624 1640 4678 qua:
1667 4625 1767 4662 non
1794 4609 2050 4678 parturis;

463 4700 702 4768 quoniam
732 4701 879 4756 multi
905 4702 1000 4772 ﬁlii
1027 4701 1250 4767 desertae,
1282 4701 1442 4771 magis
1468 4719 1617 4772 quam
1637 4703 1746 4772 ejus
1765 4719 1880 4772 qua:
1906 4703 2050 4757 habet

465 4794 630 4848 virum
661 4792 855 4865 (Galat.
882 4809 953 4856 tv,
975 4792 1090 4865 27).
1122 4792 1217 4848 Ubi
1247 4801 1349 4861 est,
1379 4794 1625 4863 inquam,
1654 4793 1796 4864 quod
1826 4794 1893 4850 de
1915 4811 2049 4864 pau-

465 4885 625 4940 citate
664 4883 997 4956 gloriamini?
1028 4883 1212 4938 Nonne
1241 4884 1326 4939 isti
1371 4892 1494 4938 sunt
1520 4884 1708 4948 multi,
1751 4883 1818 4939 de
1859 4884 2050 4954 quibus

463 4976 624 5046 paulo
653 4986 778 5031 ante
805 4977 1002 5032 dictum
1033 4985 1144 5043 est,
1173 4975 1298 5031 Ideo
1325 4977 1431 5045 ipse
1466 4977 1756 5031 Inereditate
1785 4975 2050 5045 possidebit

467 5067 691 5122 multos?
719 5066 849 5122 Nam
877 5082 994 5136 qua:
1033 5077 1115 5121 est
1151 5067 1430 5121 hau'cditas
1473 5066 1623 5135 ejus,
1669 5067 1770 5120 nisi
1811 5066 2050 5121 Ecclesia

467 5159 624 5229 ejus?
651 5159 825 5227 Multi,
857 5160 1046 5230 inquit,
1081 5159 1176 5229 ﬁlii
1198 5157 1424 5226 deserta’,
1453 5159 1612 5231 magis
1634 5175 1783 5229 quam
1810 5162 1916 5230 ejus
1939 5176 2051 5230 qua:

527 5316 542 5346 ³
580 5315 717 5378 Editi,
741 5318 978 5378 erumpat.
1008 5320 1061 5363 At
1086 5314 1398 5378 Flor-incensis
1443 5314 1619 5373 codex,
1652 5321 1904 5377 erumpant
1929 5327 1946 5363 :
1969 5327 2051 5363 re-

464 5376 619 5426 fertur
639 5376 717 5433 ad,
742 5375 965 5432 deserta;
989 5389 1171 5433 (ξι-περ,
1196 5381 1244 5424 ta
1266 5375 1442 5424 ere‘ma.

531 5441 551 5468 ²
585 5437 903 5486 Floriacensis
924 5438 1100 5496 uidex,
1121 5436 1288 5487 intima
1309 5444 1471 5487 terrae.

527 5501 548 5530 ³
585 5508 682 5546 am.
711 5506 762 5561 et
781 5497 1094 5561 Floriacensis
1131 5500 1284 5548 codex
1325 5507 1494 5561 carent
1535 5497 1780 5561 particula,
1823 5502 1906 5561 ut_:_
1941 5511 2052 5559 qurc

463 5561 663 5622 quidem
686 5559 827 5608 isthic
846 5560 964 5609 nihil
989 5569 1161 5610 nocet:
1187 5561 1274 5610 sed
1297 5560 1421 5609 infra
1445 5559 1550 5622 post
1573 5562 1796 5622 verbum,
1832 5559 2053 5622 obloqua-

461 5620 582 5679 tur;
611 5633 877 5682 perperam
901 5621 1112 5671 additum
1137 5622 1295 5671 fuerat
1329 5626 1377 5670 in
1405 5620 1615 5677 esensis,
1654 5620 1746 5670 nisi
1782 5621 1864 5682 qui
1904 5620 2053 5671 nescit

462 5683 580 5744 qutd
603 5681 839 5744 loquatur,
868 5683 996 5744 quod
1019 5697 1045 5732 a
1068 5685 1353 5733 iiloriacensi
1381 5684 1702 5743 nunnrscripto
1720 5681 1872 5732 abest.

522 5747 544 5778 ⁸
577 5741 1165 5802 δίοἰτΙοῑὶίιειτίιδῑςρ‹›‹1ιξχ.
1188 5753 1240 5796 .tt
1265 5747 1395 5806 editi,
1427 5741 1648 5807 tinentur.

524 5807 544 5837 ³
580 5812 635 5865 t_n_
674 5813 798 5867 Mss,
825 5807 1061 5867 obtunsus.

1541 366 1810 422 CONTRA
1857 363 2274 420 DONATISTAS
2313 367 2638 436 EPISTOLA
2673 411 2686 434 ,

3653 368 3754 423 «illi

2173 482 2318 536 habet
2363 485 2522 538 virum
2549 501 2568 538 :
2608 484 2939 556 Synagogam
2987 483 3191 540 scilicet
3223 483 3530 540 Iudaeorum
3565 483 3751 542 volens

2171 577 2389 648 intelligi
2419 580 2588 634 virum
2617 580 2898 637 habentem
2920 623 2934 648 ,
2963 582 3212 653 quoniam
3238 591 3516 652 acceperat
3552 583 3744 651 legem.

2171 669 2302 726 lliuc
2323 671 2431 740 jam
2466 681 2644 742 potest
2669 673 2947 744 dijudicari
2975 674 3118 744 quod
3145 674 3390 729 dicimus.
3421 671 3750 743 Comparent

2169 759 2253 814 isti
2282 761 2671 819 multitudinem
2699 780 2849 820 suam
2881 765 2933 820 in
2959 763 3103 820 Afris
3135 765 3217 820 vel
3247 765 3300 818 in
3345 763 3522 820 Africa
3547 764 3748 819 consti-

2169 860 2357 921 tutam,
2385 869 2506 910 cum
2537 856 2875 926 multitudine
2912 856 3218 915 Judteorum
3247 871 3343 927 per
3368 869 3555 911 omnes
3581 865 3753 910 terras

2165 960 2501 1017 quacumque
2529 947 2756 1018 dispersi
2788 958 2931 1017 sunt,
2960 960 3014 1005 et
3042 949 3256 1006 videant
3283 964 3443 1020 quam
3471 948 3578 1003 sint
3608 948 3664 1002 in
3693 948 3754 1002 il-

2167 1036 2341 1093 lorum
2383 1042 2783 1111 comparatione
2823 1043 3146 1112 paucissimi.
3191 1041 3470 1111 Quomodo
3517 1055 3648 1112 ergo
3686 1040 3752 1096 de

2164 1143 2224 1184 se
2252 1127 2452 1184 dictum
2476 1130 2844 1203 assignabunt,
2870 1133 3022 1186 Multi
3046 1133 3141 1202 ﬁlii
3162 1133 3389 1200 deserta,
3417 1131 3578 1201 magis
3601 1147 3752 1200 quant

2163 1223 2274 1291 ejus
2310 1239 2423 1292 qua:
2451 1224 2598 1279 habet
2631 1225 2831 1281 virum?
2869 1226 3073 1281 Rursus
3097 1235 3411 1296 comparent
3451 1223 3750 1279 multitudi-

2165 1327 2287 1368 nem
2327 1313 2748 1370 Christianorum
2792 1331 2887 1385 per
2921 1332 3109 1372 omnes
3143 1325 3362 1386 gentes,
3410 1315 3605 1385 quibus
3645 1328 3750 1368 non

2163 1407 2586 1471 communicant,
2614 1416 2669 1462 et
2695 1407 2910 1464 videant
2934 1423 3090 1478 quam
3125 1408 3276 1477 pauci
3303 1407 3410 1461 sint
3449 1407 3501 1460 in
3529 1420 3748 1476 compa-

2165 1498 2370 1553 ratione
2400 1512 2590 1554 omnes
2617 1497 2820 1564 Judaei;
2865 1508 2919 1554 et
2959 1499 3172 1554 tandem
3217 1497 3503 1569 aliquando
3550 1496 3750 1552 intelli-

2162 1599 2289 1658 gant
2332 1589 2384 1645 in
2426 1590 2664 1647 Ecclesia
2693 1591 2954 1648 catholica
2999 1599 3110 1645 toto
3147 1590 3277 1645 orbe
3319 1589 3549 1655 dill'usa,
3593 1589 3750 1643 istam

2165 1680 2495 1751 prophetiam
2516 1697 2636 1739 esse
2656 1684 2977 1754 completam
3005 1701 3016 1736 :
3048 1682 3200 1737 Multi
3223 1682 3314 1751 lilii
3337 1681 3566 1747 deserta,
3590 1683 3754 1752 magis

2161 1789 2311 1840 quant
2339 1773 2449 1842 eius
2475 1789 2586 1844 qua;
2622 1773 2767 1830 habet
2809 1776 2990 1829 virum.
3031 1773 3137 1829 Sed
3178 1774 3261 1828 cui
3308 1772 3523 1828 habenti
3575 1772 3752 1826 virum

2162 1862 2278 1917 haec
2315 1862 2528 1919 deserta
2563 1865 2780 1936 prmlata
2821 1864 2980 1922 fuerit
3014 1866 3072 1920 in
3108 1863 3445 1920 multitudine
3484 1863 3750 1930 ﬁliorum,

2161 1957 2230 2010 sit
2261 1955 2565 2022 obscurum,
2595 1958 2664 2014 sit
2689 1959 2743 2013 in
2769 1959 3053 2029 aenigmate
3079 1974 3092 2010 :
3123 1957 3261 2012 hanc
3287 1965 3464 2012 tamen
3489 1970 3611 2012 esse
3639 1955 3746 2012 Ee-

2161 2046 2381 2103 clesiam
2425 2048 2655 2116 Christi,
2687 2050 2756 2106 de
2793 2065 2900 2120 qua
2937 2049 3138 2106 dictum
3182 2058 3296 2114 est,
3347 2047 3502 2102 Multi
3542 2047 3640 2117 ﬁlii
3663 2047 3757 2102 de-

2160 2148 2324 2205 sertae,
2358 2139 2520 2211 magis
2545 2157 2695 2211 quam
2723 2142 2832 2212 ejus
2851 2157 2964 2212 qute
2989 2141 3136 2195 habet
3160 2141 3340 2206 virum,
3369 2139 3612 2211 quisquis
3631 2153 3757 2196 con-

2162 2230 2396 2297 tradicit,
2429 2247 2533 2286 non
2557 2231 2708 2300 mihi,
2735 2232 2829 2288 sed
2857 2231 3113 2302 Apostolo
3138 2230 3476 2288 contradicit.

2235 2322 2323 2379 19.
2357 2321 2512 2380 Unde
2539 2332 2716 2379 autem
2748 2324 2942 2380 multos
2967 2323 3105 2380 ﬁlios
3133 2331 3278 2380 esset
3305 2323 3549 2378 habitura
3569 2362 3586 2389 ,
3616 2335 3757 2378 con-

2161 2425 2447 2485 sequenter
2475 2414 2743 2486 adjungit,
2775 2424 2828 2471 et
2853 2416 2964 2470 ait:
2996 2413 3143 2470 Dixit
3185 2415 3317 2470 enim
3344 2414 3618 2478 Dominus,
3650 2413 3756 2467 Di-

2161 2505 2266 2559 lata
2293 2504 2460 2560 locum
2499 2506 2809 2561 tabernaculi
2838 2507 2911 2561 tui
2940 2516 2986 2560 et
3019 2507 3036 2538 ⁸
3066 2507 3302 2560 aularum
3334 2515 3570 2571 tuarum;
3615 2507 3721 2576 ﬁge
3739 2547 3754 2570 ,

2160 2595 2268 2650 noli
2295 2612 2533 2666 parcere,
2565 2595 2740 2669 longos
2769 2601 2852 2669 fac
2891 2597 3147 2668 funiculos
3185 2606 3330 2662 tuos,
3373 2606 3420 2652 et
3461 2596 3606 2666 palos
3634 2606 3758 2650 tuos

2159 2689 2438 2756 con/irma,
2485 2689 2654 2742 adhuc
2679 2690 2734 2742 in
2763 2689 2992 2743 dextram
3028 2697 3076 2742 et
3127 2689 3181 2742 in
3205 2687 3462 2742 sinistram
3497 2687 3717 2742 extende
3739 2704 3758 2742 .'

2161 2788 2205 2834 et
2228 2797 2397 2834 semen
2424 2791 2564 2834 tuum
2589 2790 2759 2852 gentes
2784 2780 3072 2851 possidebit,
3104 2788 3152 2835 et
3173 2779 3393 2833 civitates
3422 2779 3644 2833 desertas
3671 2779 3759 2833 in-

2161 2869 2428 2926 habitabis.
2462 2869 2544 2925 Ne
2568 2872 2762 2938 timeas,
2792 2871 3028 2941 quoniam
3055 2869 3366 2941 prtevalebis,
3390 2886 3549 2938 neque
3573 2886 3756 2924 verea-

2159 2965 2230 3019 ris
2255 2964 2390 3036 quod
2418 2964 2722 3020 detestabilis
2746 2964 2920 3036 fueris.
2955 2963 3315 3036 Confusionem
3352 2973 3594 3019 externam
3622 2965 3758 3017 obli-

2159 3057 2381 3122 visceris,
2412 3057 2702 3129 ignominiae
2724 3057 2981 3112 viduitatis
3006 3066 3106 3111 tua:
3126 3073 3226 3112 non
3245 3056 3344 3112 eris
3367 3071 3559 3110 memor
3580 3071 3599 3110 :
3623 3073 3758 3125 quo-

2160 3148 2296 3202 niam
2325 3165 2414 3220 ego
2443 3147 2692 3203 Dominus
2717 3149 2804 3219 qui
2829 3149 2962 3220 [acio
2990 3157 3055 3215 te,
3085 3147 3337 3203 Dominus
3365 3164 3546 3202 nomen
3570 3147 3666 3214 illi,
3705 3157 3758 3204 et

2157 3243 2242 3311 qui
2271 3239 2497 3297 liberavit
2535 3251 2611 3309 te,
2644 3241 2780 3297 Deus
2820 3239 2990 3297 Israel
3013 3243 3258 3297 universa:
3285 3249 3432 3296 terra:
3466 3240 3752 3295 vocabitur.

2161 3333 2313 3404 (lsai.
2349 3350 2455 3401 ων,
2490 3334 2627 3406 1-5).
2676 3333 2815 3390 Ecce
2843 3348 3120 3405 quousque
3142 3333 3290 3404 jussa
3329 3340 3413 3388 est
3455 3333 3758 3389 extendere

2159 3425 2444 3492 funiculos,
2474 3425 2646 3480 donec
2673 3425 2812 3481 Deus
2841 3423 2958 3496 ejus
2980 3425 3142 3481 Israel
3173 3425 3436 3480 universae
3469 3432 3629 3480 terra:
3654 3439 3756 3480 vo-

2157 3529 2328 3573 cetur.
2361 3518 2435 3574 De
2461 3518 2548 3572 illa
2573 3519 2770 3590 quippe
2801 3527 2858 3576 et
2886 3519 2934 3575 ei
2965 3518 3162 3573 dicitur
3184 3518 3291 3573 alio
3317 3518 3434 3573 loco
3463 3533 3556 3588 per
3593 3533 3753 3574 eum-

2157 3608 2278 3664 dem
2307 3609 2621 3680 prOphetam
2649 3629 2661 3664 :
2698 3609 2916 3682 Pr0pter
2944 3609 3072 3666 Sion
3097 3626 3198 3664 non
3239 3608 3429 3677 tacebo,
3458 3618 3508 3664 et
3537 3618 3754 3679 propter

2155 3697 2441 3755 Jerusalem
2463 3719 2568 3756 non
2591 3704 2862 3771 quiescam,
2892 3702 3050 3756 donec
3079 3702 3284 3772 prodeat
3319 3702 3446 3756 sicut
3477 3699 3570 3755 lux
3587 3702 3753 3772 justi-

2158 3792 2228 3845 tia
2252 3808 2394 3860 mea;
2420 3793 2634 3848 saluatio
2662 3803 2830 3848 autem
2854 3811 2964 3848 mea
2990 3795 3120 3848 sicut
3147 3794 3315 3865 facula
3341 3791 3554 3860 ardebit,
3593 3801 3643 3847 et
3667 3793 3751 3846 vi-

2158 3883 2343 3939 debunt
2373 3901 2544 3939 omnes
2573 3895 2742 3957 gentes
2771 3886 3028 3957 justitiam
3059 3895 3195 3940 tuam
3215 3927 3230 3954 ,
3261 3893 3306 3940 et
3333 3901 3471 3958 reges
3499 3887 3760 3940 honorem

2159 3985 2299 4029 tuum
2330 3991 2348 4030 :
2388 3986 2434 4030 et
2474 3977 2668 4035 vocabit
2707 3985 2754 4032 te
2779 3977 2980 4032 nomine
3007 3986 3094 4032 tuo
3133 3991 3290 4043 nouo,
3319 3975 3456 4046 quod
3493 3973 3753 4030 Dominus

2157 4067 2348 4122 vocavit
2376 4068 2538 4134 illud;
2568 4077 2613 4122 et
2642 4068 2740 4123 eris
2765 4084 2950 4123 corona
2979 4066 3369 4132 pulchritudinis
3397 4069 3450 4120 in
3471 4078 3752 4136 conspectu

2158 4159 2384 4225 Domini,
2415 4169 2460 4214 et
2489 4159 2723 4212 diadema
2751 4160 2892 4231 regni
2929 4160 2982 4213 in
3007 4175 3158 4212 manu
3179 4156 3274 4212 Dei
3300 4159 3410 4223 tui;
3436 4166 3482 4212 et
3499 4158 3617 4228 jam
3645 4175 3750 4213 non

2156 4251 2411 4306 vocaberis
2439 4251 2680 4306 derelicta
2697 4294 2709 4318 ,
2739 4262 2785 4306 et
2813 4261 2946 4306 terra
2989 4259 3074 4304 tua
3102 4266 3203 4304 non
3232 4249 3490 4304 vocabitur
3518 4249 3744 4304 deserta.

2158 4341 2238 4398 Tu
2263 4344 2395 4398 enim
2425 4343 2676 4398 vocaberis
2705 4343 2934 4398 voluntas
2959 4358 3096 4408 mea,
3135 4350 3181 4395 et
3207 4351 3340 4396 terra
3365 4351 3450 4395 tua
3479 4342 3615 4397 orbis
3641 4352 3746 4397 ter-

2156 4451 2331 4491 rarum
2373 4433 2480 4505 (Id.
2524 4451 2659 4501 un,
2695 4435 2832 4504 1-4).
2879 4432 3017 4500 Quid
3053 4432 3156 4487 dici
3197 4431 3532 4491 manifestius
3567 4433 3750 4490 adhuc

2159 4527 2472 4598 exigendum
2500 4527 2618 4581 est?
2657 4527 2794 4582 Ecce
2831 4542 2897 4582 ex
2923 4541 3032 4582 uno
3059 4525 3314 4596 propheta
3341 4541 3500 4596 quam
3533 4528 3706 4582 multa
3726 4569 3744 4594 ,

2158 4634 2317 4690 quam
2343 4617 2520 4672 clara!
2552 4625 2606 4672 et
2631 4625 2806 4670 tamen
2837 4619 3102 4673 resistitur
3123 4626 3175 4673 et
3199 4617 3602 4684 contradicitur,
3634 4634 3750 4676 non

2157 4711 2402 4777 cuiquam
2434 4707 2669 4774 homini,
2699 4709 2792 4763 sed
2827 4708 3043 4778 Spiritui
3077 4710 3199 4775 Dei,
3241 4719 3292 4764 et
3322 4709 3746 4767 evidentissima:

2158 4802 2388 4856 veritati.
2420 4801 2488 4856 Et
2515 4809 2691 4858 tamen
2716 4802 2783 4856 ab
2821 4802 2901 4856 eis
2935 4802 3025 4872 qui
3056 4802 3274 4858 nomine
3301 4803 3594 4860 christiano
3625 4806 3746 4876 glo-

2158 4893 2285 4948 riari
2320 4891 2527 4959 volunt,
2570 4893 2748 4962 gloria:
2771 4892 2967 4948 Christi
3000 4894 3165 4963 ipsius
3192 4893 3482 4962 invidetur,
3509 4911 3578 4951 ne
3604 4897 3706 4950 ista
3729 4935 3745 4960 ,

2158 4999 2275 5054 qua:
2313 4991 2460 5038 tanto
2488 4991 2612 5037 ante
2637 4982 2703 5038 de
2743 4984 2831 5039 illo
2858 4985 3209 5053 praenuntiata
3251 4992 3410 5052 sunt,
3455 4987 3749 5042 credantur

2160 5075 2390 5144 impleri,
2417 5091 2537 5129 cum
2561 5074 2671 5144 jam
2700 5090 2805 5130 non
2836 5077 3278 5145 praenuntiantur,
3313 5077 3410 5133 sed
3444 5079 3747 5134 ostendun-

2161 5177 2264 5231 tur,
2301 5166 2563 5231 videntur,
2594 5174 2859 5222 tenentur.
2887 5166 3138 5224 Jamvero
3161 5169 3206 5223 si
3235 5169 3304 5225 de
3327 5170 3579 5224 omnibus
3611 5172 3747 5225 Pro-

2161 5258 2334 5328 phetis
2376 5255 2627 5311 Ecclesia:
2678 5259 3048 5329 przcsignaun,
3098 5276 3258 5330 quam
3301 5261 3438 5318 sicut
3481 5262 3746 5334 legimus,

2159 5349 2447 5414 cernimus,
2479 5348 2779 5403 testimonia
2808 5351 3060 5420 colligere
3091 5351 3142 5406 in
3171 5351 3310 5406 hanc
3341 5368 3501 5407 unam
3529 5353 3746 5424 Episto-

2159 5440 2266 5494 lum
2288 5440 2440 5494 velim
2463 5456 2476 5504 ;
2504 5454 2691 5494 vereor
2718 5456 2784 5495 ne
2806 5441 2915 5511 ipse
2941 5442 3123 5498 videar
3145 5443 3388 5512 judicare
3413 5459 3582 5514 pauca
3604 5458 3746 5510 esse,

2229 5620 2240 5650 ¹
2280 5620 2601 5668 Lovanienscs
2640 5617 3056 5682 adjecerunthic,
3090 5619 3271 5682 pelles,
3327 5623 3519 5682 tametsi
3569 5634 3661 5671 nec
3701 5623 3749 5671 in

2162 5682 2496 5744 manuscriptis
2533 5681 2808 5744 reperiatur
2825 5693 2845 5744 :_
2865 5687 2916 5728 et
2941 5679 3058 5740 loco,
3084 5679 3338 5743 aularum;
3362 5679 3629 5744 legendum
3665 5695 3749 5744 liu-

2163 5752 2283 5801 tant,
2307 5739 2610 5806 animarum;
2633 5739 2730 5798 vel,
2764 5739 3043 5806 aulicorum.
3068 5751 3243 5806 Λαπίθου
3281 5739 3372 5806 cSt,
3415 5739 3494 5795 tun
3535 5739 3743 5796 autaibn.

2166 5807 2277 5856 \‘itle
2305 5805 2384 5854 lib.
2417 5804 2470 5852 18
2497 5803 2558 5852 de
2582 5806 2778 5853 Civilate
2805 5804 2903 5864 Dei,
2932 5818 3035 5868 cap.
3059 5804 3133 5855 29.
