3998 6470
224 403 323 459 105

228 532 343 585 qua:
370 525 478 568 tam
507 512 678 567 multa
707 517 849 575 sunt,
892 515 947 561 ut
986 521 1052 561 ex
1099 509 1198 561 isto
1230 506 1346 560 solo
1389 505 1520 559 Isaia
1550 506 1592 558 si
1623 504 1805 558 omnia

227 618 555 675 congregare
598 600 824 667 vellem,
873 597 1090 653 modum
1136 595 1302 651 debiti
1350 596 1612 650 sermonis
1650 608 1812 649 exce-

228 696 435 750 derem.

296 784 525 841 CAPUT
552 782 685 839 Vill.
716 811 784 822 —-
812 780 902 835 20.
944 778 1061 834 Jam
1101 790 1228 847 ergo
1273 789 1437 844 pauca
1478 773 1544 828 de
1587 772 1813 827 Psalmis

228 874 509 931 audiamus
533 914 549 939 ,
578 880 725 926 tanto
748 877 872 924 ante
899 875 1108 923 cantata
1130 906 1145 933 ,
1188 873 1243 919 et
1268 878 1408 918 nunc
1426 862 1535 933 jam
1556 862 1812 930 compleri

226 982 347 1022 cum
395 978 590 1034 magno
632 962 823 1035 gaudio
850 959 1145 1014 videamus.
1190 957 1256 1011 Et
1302 955 1448 1024 prius
1479 954 1607 1008 illud
1640 954 1811 1023 ipsmn

226 1056 369 1129 quod
415 1055 708 1112 Petilianus
752 1054 804 1107 in
855 1050 1090 1122 Epistola
1133 1062 1227 1104 sua
1251 1061 1357 1117 quo
1385 1060 1479 1101 ore
1521 1045 1768 1115 posuerit
1794 1046 1810 1076 ι

226 1148 414 1204 nescio
448 1189 463 1215 ,
528 1144 747 1200 audiant
774 1153 830 1199 et
860 1142 1121 1213 judicent.
1163 1139 1411 1193 Dominus
1435 1137 1564 1191 dixit
1600 1136 1667 1191 ad
1694 1152 1772 1190 me
1794 1153 1813 1190 :

226 1240 397 1293 Filius
426 1253 566 1292 meus
590 1252 640 1290 es
667 1246 751 1300 tu;
782 1249 874 1305 ego
898 1232 1047 1287 hodie
1068 1231 1218 1302 genui
1244 1238 1309 1283 te.
1344 1228 1555 1282 Postula
1584 1244 1615 1280 a
1643 1244 1740 1294 me,
1768 1238 1814 1281 et

222 1328 358 1382 dabo
403 1327 493 1383 tibi
536 1334 706 1395 gentes
754 1322 1094 1378 hereditatem
1138 1330 1313 1385 tuam,
1359 1326 1405 1372 et
1453 1316 1813 1387 possessionem

223 1430 366 1473 tuam
394 1417 522 1486 fines
567 1425 713 1469 terrae
741 1412 911 1484 (Psal.
941 1428 998 1479 tt,
1030 1412 1083 1477 7,
1117 1409 1196 1480 8).
1241 1408 1370 1476 Quis
1397 1407 1539 1463 enim
1569 1406 1811 1462 christia-

223 1525 328 1565 nus
359 1522 591 1579 unquam
617 1504 876 1561 dubitavit
896 1503 997 1557 hoc
1016 1502 1080 1555 de
1100 1500 1314 1556 Christo
1334 1513 1454 1555 esse
1474 1498 1808 1569 prtedictum,

223 1609 316 1654 aut
344 1600 485 1654 hanc
510 1596 878 1652 [nereditatem
906 1592 1048 1649 aliud
1078 1606 1237 1663 quam
1264 1591 1558 1646 Ecclesium
1585 1604 1704 1647 esse
1732 1590 1815 1645 in-

222 1688 471 1745 tellexit?
512 1688 579 1742 Et
621 1687 743 1757 quia
785 1685 954 1739 bonos
991 1692 1047 1740 et
1086 1682 1255 1737 malus
1289 1681 1429 1736 intra
1458 1681 1644 1736 eadem
1680 1680 1812 1736 retia

221 1779 697 1837 Saeramentorum
724 1783 838 1831 erat
867 1772 1111 1829 habitura
1131 1812 1146 1838 ,
1192 1770 1357 1843 Reges
1386 1787 1467 1825 eos
1485 1812 1498 1835 ,
1533 1771 1730 1840 inquit,
1760 1771 1812 1823 in

223 1871 370 1941 virga
399 1873 591 1941 ferrea,
624 1875 863 1936 tanquam
904 1878 991 1917 uas
1017 1863 1163 1934 ﬁguli
1202 1869 1422 1916 conteres
1463 1876 1565 1914 eos.
1612 1858 1811 1915 Eadem

224 1962 426 2031 quippe
458 1959 606 2014 ﬂrma
632 1966 685 2013 et
712 1953 984 2011 inﬂexibili
1008 1953 1213 2024 justitia
1235 1952 1360 2008 boni
1385 1961 1659 2022 reguntur,
1687 1951 1813 2004 mali

220 2065 325 2106 COD
334 2058 599 2106 teruntur.

296 2144 392 2197 2i.
426 2142 559 2209 Quis
585 2148 691 2195 tam
730 2139 915 2195 devius
948 2145 1002 2193 et
1026 2135 1287 2191 absurdus
1314 2142 1398 2190 est
1424 2149 1451 2188 a
1482 2134 1672 2189 divinis
1705 2136 1816 2189 elo-

221 2234 369 2306 quiis
389 2273 404 2300 ,
436 2232 528 2303 qui
567 2246 673 2287 non
700 2232 873 2302 ipsum
904 2227 1251 2297 Evangelium
1280 2234 1662 2295 recognoscat,
1693 2239 1812 2279 eum

222 2334 476 2380 cantatur
505 2324 593 2379 ille
620 2322 856 2393 psalmus
884 2320 972 2375 ubi
1001 2319 1255 2389 scriptum
1288 2327 1391 2383 est,
1424 2316 1683 2371 Foderunt
1708 2333 1814 2370 ma-

224 2432 326 2471 nus
357 2432 494 2469 meas
518 2424 564 2470 et
604 2413 754 2485 pedes
796 2427 958 2478 meos,
1004 2410 1447 2463 dinumerauerunt
1490 2407 1661 2461 omnia
1701 2422 1814 2461 ossa

224 2524 361 2562 mea.
396 2506 510 2578 Ipsi
536 2522 647 2561 vero
677 2504 1117 2559 consideraverunt
1144 2508 1188 2555 et
1215 2506 1583 2569 conspexerunt
1609 2514 1707 2564 me,
1736 2497 1814 2551 di-

224 2599 450 2655 uiserunt
470 2598 561 2653 sibi
582 2596 870 2652 vestimenta
893 2610 1026 2659 mea,
1050 2602 1095 2647 et
1115 2607 1264 2662 super
1284 2590 1626 2644 vestimentum
1648 2604 1815 2642 meum

225 2693 475 2749 miserunt
505 2699 689 2746 sortem
715 2688 888 2759 (Psal.
918 2702 1028 2754 nl,
1068 2686 1259 2751 17-19;
1291 2682 1480 2737 Matth.
1509 2697 1692 2746 xxvu,
1722 2680 1811 2748 '50,

222 2794 277 2839 et
315 2781 474 2837 Joan.
518 2796 609 2836 xu
636 2822 648 2848 ,
678 2777 809 2850 24)?
837 2776 1061 2844 Quando
1105 2776 1266 2831 etiam
1312 2788 1433 2829 cum
1477 2772 1580 2828 hoc
1620 2772 1812 2828 factum

232 2873 578 2944 Evangelista
622 2877 863 2926 narraret
884 2910 899 2933 ,
928 2867 1086 2938 hujus
1130 2865 1429 2922 testimonii
1458 2879 1663 2919 memor
1696 2863 1811 2919 fuit.

227 2964 371 3034 Quid
392 2972 567 3018 autem
596 2961 755 3030 hujus
780 2959 954 3015 crucis
980 2957 1171 3029 pretio,
1196 2955 1323 3027 quid
1357 2963 1514 3009 tanta:
1539 2952 1815 3009 celsitudi-

230 3056 317 3110 nis
346 3062 489 3108 tanta
532 3051 829 3107 humilitate
849 3090 863 3116 ,
895 3048 1024 3120 quid
1053 3048 1144 3103 illo
1188 3042 1626 3102 innocentissimo
1654 3052 1709 3099 et
1738 3043 1817 3099 di-

230 3144 361 3198 vino
387 3143 645 3213 sanguine
692 3148 1059 3210 comparatum
1105 3146 1222 3204 est,
1274 3135 1377 3191 nisi
1422 3135 1563 3206 quod
1609 3134 1720 3190 illic
1762 3134 1814 3188 in

227 3235 688 3307 consequentibus
712 3232 905 3288 dicitur
928 3250 941 3286 :
970 3230 1521 3292 Commemorabuntur,
1547 3236 1594 3281 et
1615 3241 1819 3281 conver-

233 3338 404 3385 tentur
432 3328 499 3381 ad
522 3326 798 3382 Dominum
825 3323 1040 3378 uniuersi
1058 3323 1182 3391 ﬁnes
1207 3332 1353 3377 teme
1369 3330 1449 3387 ;et
1465 3319 1745 3375 adorabunt
1766 3318 1817 3372 in

229 3432 507 3493 conspectu
527 3422 636 3493 ejus
663 3422 907 3475 universa:
932 3415 1111 3488 patria:
1138 3417 1359 3488 gentium
1386 3431 1405 3469 :
1445 3415 1681 3485 quoniam
1710 3412 1819 3467 Do~

231 3517 361 3570 mini
407 3524 479 3569 est
522 3529 765 3584 regnum,
799 3520 848 3565 et
882 3511 989 3580 ipse
1033 3506 1369 3563 dominabitur
1394 3507 1611 3577 gentium
1648 3503 1819 3574 (I’sal.

232 3625 360 3673 xxi,
392 3606 490 3670 28,
533 3604 661 3675 29)?
709 3602 895 3656 Nonne
941 3599 1224 3669 Apostolus
1268 3596 1336 3652 de
1380 3594 1819 3667 pradicatoribus

234 3699 371 3753 Novi
396 3692 727 3752 Tcstamenti
756 3692 956 3747 dictum
982 3688 1227 3760 exposuit
1253 3688 1392 3758 quod
1418 3686 1675 3756 scriptum
1702 3692 1782 3739 est
1800 3726 1814 3744 .

236 3789 304 3843 In
334 3803 532 3842 omnem
558 3794 740 3839 terram
766 3782 915 3837 exivit
944 3796 1098 3835 sonus
1128 3795 1329 3845 eorum,
1358 3786 1405 3832 et
1432 3778 1485 3831 in
1524 3777 1649 3845 ﬁnes
1687 3775 1820 3829 orbis

234 3890 385 3934 tam:
411 3877 559 3931 verba
597 3890 770 3929 eorum
810 3870 984 3944 (Rom.
1016 3886 1072 3935 x,
1106 3869 1173 3923 18
1192 3885 1207 3932 ;
1238 3867 1386 3923 Psal.
1416 3882 1541 3922 xvnt
1562 3906 1578 3931 ,
1607 3865 1699 3936 5)?
1743 3864 1820 3919 De

236 3984 347 4040 quo
379 3968 486 4022 alio
527 3964 629 4020 nisi
666 3964 735 4019 de
780 3962 991 4018 Christo
1027 3959 1339 4029 intelligitur
1373 3975 1386 4011 :
1435 3956 1576 4010 Deus
1614 3956 1819 4009 deorum

241 4060 491 4114 Dominus
517 4060 711 4111 locutus
734 4063 827 4121 est,
850 4062 896 4106 et
916 4052 1103 4106 vocavit
1128 4058 1313 4103 terram
1339 4064 1369 4100 a
1390 4047 1511 4101 solis
1536 4053 1647 4100 ortu
1667 4060 1823 4113 usque

235 4153 307 4204 ad
335 4163 610 4212 occasum;
637 4162 698 4199 ea:
727 4144 854 4199 Sion
879 4142 1069 4213 species
1107 4140 1300 4196 decoris
1327 4139 1437 4207 ejus
1464 4135 1632 4209 (Psal.
1666 4150 1786 4189 χιιι(
1803 4174 1817 4199 ,

242 4245 294 4306 ι,
329 4241 426 4311 2)?
455 4239 638 4309 Cujus,
668 4237 769 4292 nisi
795 4235 995 4291 Christi
1024 4250 1127 4289 vox
1157 4240 1273 4298 est,
1305 4231 1532 4285 Dormiui
1555 4229 1821 4283 conturba-

241 4335 367 4388 tus?
396 4332 462 4387 Et
489 4330 631 4386 unde
657 4328 1023 4394 conturbatus,
1057 4326 1295 4397 sequitur
1321 4334 1374 4380 et
1403 4323 1549 4388 dicit,
1584 4320 1706 4375 Filii
1728 4321 1821 4374 lio-

240 4427 433 4478 minum
462 4422 636 4477 dentes
663 4436 835 4475 eorum
867 4435 1010 4473 arma
1035 4428 1081 4471 et
1117 4418 1341 4489 sagittae,
1371 4425 1418 4469 et
1453 4416 1626 4484 lingua
1654 4429 1823 4466 eorum

240 4516 498 4569 mae/nera
521 4520 669 4567 acuta
692 4526 710 4565 :
736 4525 960 4581 quorum
984 4508 1084 4563 nisi
1112 4522 1295 4561 eorum
1322 4506 1408 4576 qui
1439 4504 1820 4567 clamaverunt,

242 4606 528 4674 Cruci/ige,
557 4602 795 4671 cruciﬁge
823 4598 972 4669 (Luc.
1004 4613 1130 4652 χχιιι
1152 4639 1165 4663 ,
1206 4595 1339 4667 2i)?
1372 4593 1567 4663 thuid
1610 4593 1711 4648 hoc
1740 4601 1824 4647 t0-

243 4696 395 4749 tnm‘?
439 4694 537 4748 Cui
591 4692 768 4756 bono,
816 4690 899 4744 cui
946 4687 1131 4741 lucro?
1181 4685 1317 4740 Audi
1366 4682 1492 4754 quid
1533 4690 1820 4753 sequatur:

245 4784 493 4837 Exaltare
518 4797 669 4849 super
697 4780 846 4832 ctelos
864 4819 879 4844 ,
928 4777 1067 4830 Deus
1091 4818 1104 4843 ,
1148 4786 1192 4830 et
1237 4791 1389 4844 super
1417 4789 1613 4828 omnem
1643 4782 1826 4827 terram

244 4877 407 4948 gloria
440 4885 524 4928 tua
551 4872 718 4941 (Psal.
754 4887 856 4935 LVI,
890 4870 942 4933 5,
998 4868 1091 4939 6).
1125 4868 1261 4923 Ecce
1288 4866 1452 4921 habes
1477 4865 1745 4920 Christum
1776 4863 1825 4916 in

244 4958 493 5037 passione
541 4964 841 5029 dormisse,
894 4971 948 5015 et
1002 4958 1397 5015 resurrectione
1448 4972 1610 5028 super
1663 4957 1829 5012 cmlos

244 5058 574 5113 ascendisse.
603 5056 667 5109 Et
692 5053 831 5109 unde
851 5053 1017 5123 gloria
1041 5052 1157 5121 ejus
1177 5066 1339 5121 super
1361 5064 1574 5104 omnem
1599 5057 1792 5103 terram
1812 5090 1825 5113 ,

246 5149 347 5202 nisi
388 5146 511 5216 quia
566 5144 804 5199 Ecclesia
833 5142 949 5212 ejus
987 5156 1084 5212 per
1127 5155 1340 5196 omnem
1368 5138 1598 5195 terram?
1644 5137 1700 5192 ln
1748 5138 1829 5191 his

246 5239 453 5293 duabus
483 5233 762 5290 sententiis
800 5233 1130 5288 brevissimis
1150 5274 1164 5299 ,
1198 5247 1292 5286 vos
1312 5271 1326 5297 ,
1358 5228 1590 5284 harretici
1615 5269 1628 5292 ,
1662 5237 1827 5282 totum

247 5330 391 5401 quod
420 5329 560 5383 inter
589 5341 685 5380 nos
711 5326 885 5395 agitur
911 5325 1200 5393 interrogo.
1232 5322 1497 5387 Exaltare,
1528 5320 1716 5390 inquit,
1746 5336 1828 5374 su-

250 5444 341 5495 per
382 5427 554 5493 ctelos,
579 5427 739 5490 Deus,
782 5435 829 5479 et
870 5440 1022 5494 super
1059 5436 1254 5476 onmem
1300 5427 1484 5471 terram
1528 5416 1690 5486 gloria
1723 5425 1827 5468 tua.

250 5516 357 5571 Cur
385 5518 665 5572 Dominum
696 5515 963 5572 Christum
995 5512 1283 5568 exaltatum
1309 5522 1469 5577 super
1500 5506 1665 5559 cmlos
1699 5521 1833 5574 [πως

252 5608 472 5675 dicatis,
518 5617 573 5663 et
619 5607 734 5677 ejus
780 5606 963 5678 gloria:
1010 5618 1169 5674 super
1217 5613 1428 5657 omnem
1480 5606 1673 5651 terram
1728 5611 1830 5649 non

253 5699 695 5754 communicatis?
894 5758 895 5765 η

326 5795 341 5823 ι
376 5798 527 5854 Forte,
550 5804 697 5856 quare
726 5788 949 5854 posuerit.

1109 407 1277 447 vULco
1316 392 1401 445 DE
1442 389 1739 445 UNITATE
1782 388 2125 449 IZCCLESIAS
2168 398 2366 453 LIBER
2410 402 2610 459 UNUS.

3394 410 3496 466 106

1988 508 2076 563 22.
2109 511 2351 570 Psalmus
2383 520 2801 589 septuagesimus
2842 522 3043 592 primus
3080 524 3133 578 in
3172 524 3497 583 Salomonem

1919 600 2192 656 titulatur:
2225 604 2317 659 sed
2348 608 2468 676 quia
2499 609 2569 663 ita
2596 610 2734 666 dicta
2763 621 2887 667 sunt
2914 629 3031 683 qua:
3061 614 3114 669 in
3143 614 3289 671 illum
3316 631 3496 687 regem

1921 693 2289 760 temporalem,
2310 705 2363 750 et
2391 707 2572 767 postea
2592 701 2829 770 graviter
2848 714 3180 772 peccantem,
3208 707 3497 762 convenire

1919 796 2025 837 non
2054 795 2311 853 possunt,
2361 790 2521 845 etiam
2550 803 2735 848 contra
2783 794 2925 863 ipsos
2949 794 3164 851 Judzeos
3191 796 3257 852 de
3279 795 3495 853 Christo

1916 884 2036 928 esse
2064 875 2314 942 praedicta
2339 877 2683 937 invictissime
2707 883 3083 940 defenduntur.
3114 885 3299 943 Nullus
3319 897 3496 944 autem

1920 962 2019 1017 hoc
2035 965 2357 1024 christianus
2377 982 2550 1041 negat.
2569 972 2716 1029 Talia
2735 976 2875 1031 enim
2896 976 3032 1032 dicta
3052 988 3194 1045 sunt,
3218 979 3285 1035 de
3305 980 3497 1050 quibus

1919 1052 2146 1111 dubitari
2190 1073 2295 1114 non
2335 1062 2540 1129 possit,
2573 1065 2715 1134 quod
2758 1065 2824 1121 ad
2866 1064 3137 1123 Christum
3175 1072 3492 1140 pertineant.

1921 1146 1992 1201 lbi
2019 1148 2178 1205 etiam
2201 1150 2447 1210 dicuntur
2473 1155 2617 1223 hmc,
2650 1156 2737 1213 ubi
2772 1143 3089 1230 agnoscatur
3114 1162 3351 1217 Ecclesia
3384 1171 3495 1217 toto

1918 1238 2048 1294 orbe
2076 1239 2261 1296 diﬂ'usa
2278 1284 2291 1308 ,
2320 1246 2566 1301 omnibus
2595 1248 2751 1303 etiam
2774 1251 2985 1320 regibus
3012 1251 3226 1307 Christo
3249 1254 3495 1323 subjuga-

1921 1330 1985 1383 tis
2014 1326 2090 1401 (a)
2118 1330 2218 1386 :Et
2247 1333 2605 1403 dominabitur,
2634 1337 2826 1409 inquit,
2854 1358 2885 1393 a
2911 1343 3038 1395 mari
3059 1358 3215 1413 usque
3243 1343 3313 1396 ad
3336 1360 3491 1408 mare,

1918 1429 1961 1473 et
1994 1437 2025 1473 η
2062 1422 2272 1491 ﬂumine
2296 1441 2453 1494 usque
2484 1427 2552 1480 ad
2589 1429 2825 1483 terminos
2858 1430 2991 1485 orbis
3019 1441 3182 1487 terrae.
3210 1434 3249 1487 A
3280 1432 3495 1487 ﬂumine

1919 1513 2099 1581 utique
2127 1515 2213 1569 ubi
2237 1531 2357 1571 eum
2385 1516 2613 1586 Spiritus
2652 1529 2866 1575 Sanctus
2893 1522 2944 1575 in
2979 1523 3239 1578 columbae
3277 1524 3491 1593 specie,

1918 1612 1971 1657 et
1998 1620 2098 1659 vox
2133 1606 2200 1661 de
2247 1609 2385 1663 coelo
2427 1609 2800 1666 manifestavit.
2850 1613 3049 1668 Deinde
3092 1615 3367 1684 sequitur:
3399 1615 3495 1670 Co-

1917 1711 2028 1749 ram
2056 1696 2145 1751 illo
2169 1699 2395 1753 decident
2420 1699 2721 1771 Ethiopes,
2755 1713 2800 1756 et
2833 1704 3023 1757 inimici
3045 1705 3153 1770 eius
3179 1715 3362 1759 terram
3399 1706 3498 1759 lin-

1918 1797 2052 1856 gent.
2090 1788 2247 1859 Reges
2282 1789 2493 1846 Tltarsis
2522 1801 2567 1846 et
2603 1794 2783 1847 insula:
2810 1810 3021 1849 munera
3063 1794 3273 1861 offerent
3301 1835 3314 1860 ,
3358 1812 3497 1866 reges

1920 1880 2141 1935 Arabum
2166 1890 2209 1935 et
2239 1882 2376 1939 Saba
2398 1884 2531 1938 dona
2550 1886 2819 1941 adducent.
2852 1886 2921 1941 Et
2945 1888 3226 1943 adorabunt
3248 1905 3362 1943 eum
3391 1907 3499 1945 om-

1920 1988 2005 2026 nes
2042 1989 2183 2043 reges
2218 1973 2235 2005 ¹
2255 2015 2269 2038 ,
2302 1990 2473 2029 omnes
2506 1986 2674 2044 gentes
2711 1979 2924 2032 servient
2948 1980 3013 2032 ei.
3048 1979 3112 2033 Et
3140 1980 3296 2049 paulo
3325 1991 3445 2051 p081
3479 1999 3495 2040 :

1920 2059 1986 2113 Et
2004 2059 2357 2117 benedicentur
2381 2064 2432 2117 in
2459 2080 2516 2117 eo
2537 2082 2707 2120 omnes
2730 2066 2886 2120 tribus
2908 2076 3086 2135 term,
3118 2085 3289 2123 omnes
3328 2078 3498 2138 gentes

1918 2154 2313 2223 magniﬁeabunt
2334 2173 2466 2211 eum.
2513 2156 2813 2212 Benedictus
2856 2158 3101 2213 Dominus
3135 2159 3273 2215 Deus
3298 2158 3495 2224 Israel,

1918 2246 2004 2313 qui
2042 2245 2156 2316 fecit
2198 2246 2449 2301 mirabilia
2488 2248 2647 2303 solus.
2676 2247 2746 2302 Et
2786 2250 3096 2303 benedictum
3122 2266 3301 2304 nomen
3326 2250 3501 2321 gloria:

1919 2337 2027 2406 ejus
2057 2336 2108 2389 in
2154 2346 2396 2390 aeternum
2424 2346 2471 2391 et
2512 2340 2565 2392 in
2610 2340 2849 2393 sarculum
2895 2341 3085 2395 steculi.
3128 2340 3195 2394 Et
3231 2341 3500 2410 replebitur

1918 2428 2079 2498 gloria
2099 2429 2207 2497 ejus
2230 2430 2392 2482 onmis
2414 2438 2566 2483 terra.
2600 2429 2737 2495 Fiat,
2764 2430 2874 2510 ﬁat.
2904 2430 2978 2486 Ite
3002 2446 3163 2495 nunc,
3189 2431 3493 2496 Donatistm,

1920 2528 1973 2572 et
1996 2518 2223 2574 clamate
2254 2536 2265 2572 :
2293 2518 2407 2574 Non
2439 2521 2562 2584 fiat,
2589 2534 2694 2575 non
2725 2521 2833 2576 ﬂat.
2875 2521 3011 2576 Vicit
3036 2536 3131 2576 vos
3162 2522 3252 2577 Dei
3278 2523 3499 2577 verbum

1918 2609 2144 2664 dicens:
2174 2608 2315 2675 Fiat,
2355 2611 2463 2679 ﬁat.
2511 2610 2648 2667 Ecce
2677 2610 3009 2667 manifestata
3058 2620 3140 2667 est
3180 2612 3233 2667 in
3276 2612 3499 2667 Psalmis

1922 2698 2159 2755 Ecclesia
2204 2708 2314 2755 toto
2358 2700 2486 2755 orbe
2540 2700 2765 2770 diﬂ‘usa,
2816 2712 2975 2773 super
3013 2716 3169 2772 quam
3217 2703 3500 2772 requiescit

1920 2790 2083 2858 gloria
2114 2791 2252 2861 regis
2272 2791 2405 2860 ejus.
2434 2790 2583 2848 Unde
2610 2801 2664 2847 et
2694 2791 2805 2861 ipsa
2828 2793 3010 2862 regina
3035 2801 3118 2848 est
3142 2807 3334 2862 sponsa
3361 2793 3496 2862 ejus,

1920 2879 1987 2935 de
2028 2895 2130 2951 qua
2178 2881 2226 2936 ei
2274 2879 2467 2935 dicitur
2498 2884 2547 2935 in
2592 2881 3000 2951 quadragesimo
3029 2890 3219 2952 quarto
3246 2883 3451 2951 psalmo
3483 2902 3496 2936 :

1919 2972 2090 3027 Astitit
2128 2974 2302 3045 regina
2344 2989 2377 3027 a
2417 2973 2606 3027 dextris
2632 2974 2765 3041 tuis,
2796 2974 2849 3027 in
2892 2974 3072 3030 vestitu
3098 2973 3370 3039 deaurato,
3403 2975 3502 3028 cir-

1918 3064 2218 3117 cumamicta
2243 3062 2499 3117 varietate.
2547 3062 2615 3117 Et
2656 3061 2724 3117 ad
2754 3076 2871 3118 eam
2904 3062 3072 3132 ipsam
3118 3064 3499 3120 exhortandam

1921 3155 2173 3210 continuo
2192 3152 2404 3210 divinus
2424 3168 2601 3209 sermo
2630 3153 2875 3225 dirigitur
2905 3171 2919 3207 :
2950 3153 3106 3221 Audi,
3132 3154 3273 3223 ﬁlia,
3295 3165 3339 3209 et
3367 3155 3497 3221 vide,

1922 3257 1968 3302 et
1992 3247 2182 3302 inclina
2218 3263 2393 3301 aurem
2419 3254 2590 3309 tuam,
2622 3254 2669 3299 et
2699 3245 2986 3301 obliviscere
3025 3246 3268 3316 populum
3291 3256 3429 3299 tuum
3456 3256 3502 3300 et

1922 3339 2129 3393 domum
2173 3340 2331 3408 patris
2376 3338 2449 3392 tui
2470 3354 2490 3404 ;
2544 3337 2783 3409 quoniam
2828 3337 3110 3406 concupivit
3155 3353 3247 3392 rea:
3288 3338 3503 3407 speciem

1924 3441 2082 3495 tuam,
2114 3432 2232 3501 quia
2259 3431 2367 3500 ipse
2389 3440 2461 3485 est
2491 3430 2630 3484 Deus
2658 3440 2792 3484 tuus.
2825 3428 3095 3487 Attendite
3114 3428 3254 3484 unde
3282 3430 3504 3498 cmperit

1924 3523 2118 3593 alloqui
2147 3536 2397 3591 sponsam
2424 3520 2621 3576 Christi
2648 3520 2825 3575 divina
2865 3519 3142 3592 prophetia
3177 3538 3190 3574 :
3219 3518 3386 3587 Audi,
3418 3520 3502 3574 in-

1924 3613 2068 3683 quit,
2099 3614 2207 3682 ﬁlia
2230 3654 2245 3679 ,
2273 3623 2318 3666 et
2354 3612 2482 3667 uide.
2513 3611 2619 3667 Vos
2646 3619 2821 3667 autem
2866 3627 2965 3667 nec
2993 3612 3180 3667 audire
3203 3611 3362 3671 vultis
3388 3611 3503 3667 hare

1924 3703 2198 3773 praedicta,
2223 3718 2321 3758 nec
2349 3701 2529 3757 videre
2554 3703 2816 3771 completa
2844 3720 2857 3756 :
2883 3711 2938 3757 et
2959 3711 3133 3756 tamen
3161 3710 3213 3755 et
3237 3701 3430 3755 auditis
3450 3712 3503 3756 et

1926 3794 2115 3848 videtis
2142 3793 2310 3848 inviti.
2339 3791 2532 3847 Audite
2552 3806 2680 3861 ergo
2698 3792 2824 3861 quid
2852 3792 3008 3861 paulo
3049 3800 3165 3861 post
3186 3792 3234 3846 ei
3262 3792 3456 3846 dicitur
3487 3812 3498 3845 :

1925 3884 2103 3939 audite
2128 3883 2229 3939 hoc
2265 3898 2328 3939 ex
2364 3883 2551 3953 pagina
2594 3883 2769 3937 divina
2794 3883 3062 3953 quomodo
3084 3884 3498 3952 przenuntietur,

1926 3983 1980 4029 et
1999 3973 2173 4028 videte
2206 3972 2423 4028 inomni
2451 3981 2590 4026 terra
2613 3971 2881 4042 quomodo
2909 3972 3256 4041 compleatur.
3288 3971 3392 4026 Pro
3414 3989 3506 4043 pa-

1928 4064 2083 4117 tribus
2112 4062 2210 4116 tuis
2234 4104 2248 4129 ,
2282 4062 2487 4131 inquit,
2535 4062 2639 4115 nati
2664 4070 2777 4115 sunt
2805 4062 2892 4115 tibi
2938 4061 3034 4131 ﬁlii
3055 4101 3069 4127 ,
3109 4062 3379 4117 constitues
3421 4078 3506 4117 eos

1928 4154 2177 4223 principes
2222 4168 2373 4221 super
2400 4167 2597 4206 onmem
2641 4159 2843 4206 terram.
2871 4151 3039 4219 Quam
3091 4151 3255 4206 multa
3287 4162 3508 4223 prseter-

1927 4258 2045 4300 eam
2080 4243 2147 4299 de
2188 4242 2287 4298 hac
2313 4257 2372 4297 re
2398 4241 2701 4297 testimonia
2729 4240 3143 4310 Scripturarum,
3178 4250 3394 4306 norunt,
3415 4244 3505 4313 qui

1929 4336 2141 4406 legunt;
2165 4342 2218 4388 et
2241 4348 2339 4403 ego
2366 4332 2520 4399 novi,
2552 4331 2646 4387 sed
2669 4346 2893 4387 onerare
2921 4330 3209 4402 Epistolam
3239 4332 3365 4388 nolo
3385 4372 3399 4399 ,
3421 4334 3507 4389 cui

1927 4425 2236 4497 responderi
2261 4424 2459 4495 ﬂagito.

1997 4515 2225 4573 CAPUT
2266 4514 2354 4571 IX.
2385 4545 2453 4555 —
2477 4515 2566 4571 25.
2597 4515 2729 4583 Quid
2758 4515 2823 4570 ad
2862 4515 2977 4570 hazc
3002 4514 3194 4571 dicturi
3222 4525 3349 4571 sunt
3383 4530 3504 4586 quae

1930 4608 2342 4664 commemoravi
2365 4624 2428 4661 ex
2463 4607 2624 4677 Lege,
2652 4614 2705 4661 et
2737 4606 3039 4675 Prophetis,
3062 4615 3117 4661 et
3148 4606 3374 4662 Psalmis
3396 4647 3411 4674 ,
3440 4606 3508 4662 de

1931 4698 2130 4755 Christi
2161 4698 2401 4753 Ecclesia
2421 4738 2435 4760 ,
2464 4712 2585 4765 quae
2615 4705 2724 4751 toto
2752 4696 2884 4752 orbe
2916 4695 3249 4765 diﬂ‘unditur,
3278 4697 3362 4753 cui
3392 4711 3506 4751 ma-

1932 4792 2046 4845 lunt
2065 4804 2359 4860 repugnare
2374 4789 2631 4858 perversi,
2652 4802 2807 4857 quam
2831 4789 3228 4845 communicare
3238 4789 3465 4844 correcti
3485 4790 3508 4840 ’ἒ

1932 4881 2088 4949 Quid,
2122 4881 2359 4950 inquam,
2389 4879 2582 4934 dicturi
2604 4886 2745 4945 sunt,
2772 4887 2945 4933 utrum
2968 4878 3084 4934 haec
3104 4878 3237 4935 falsa
3267 4893 3408 4944 esse,
3439 4892 3505 4931 an

1933 4973 2197 5029 obscura?
2225 4971 2331 5027 Sed
2354 4970 2483 5025 falsa
2507 4985 2627 5026 esse
2655 4985 2759 5025 non
2785 4970 2983 5027 audent
3004 4970 3183 5027 dicere
3212 4983 3508 5042 :premun-

1935 5076 2019 5122 tur
2044 5065 2186 5122 enim
2216 5063 2357 5119 mole
2384 5070 2545 5117 tanta:
2565 5061 2911 5117 auctoritatis.
2935 5061 3061 5117 llaec
3079 5075 3210 5131 ergo
3235 5074 3357 5115 cum
3381 5073 3506 5112 vera

1934 5171 2053 5213 esse
2091 5155 2372 5219 fateantur,
2404 5152 2609 5223 impleri
2646 5167 2751 5207 non
2781 5166 2937 5223 posse
2961 5152 3286 5208 contendunt
3316 5166 3329 5203 :
3359 5149 3507 5219 quasi
3554 5132 3569 5146 ’

1935 5246 2074 5303 aliud
2098 5247 2167 5302 sit
2190 5245 2525 5317 prephetiam
2551 5244 2773 5299 crimine
2798 5243 3042 5299 falsitatis
3061 5256 3283 5313 arguere
3305 5280 3321 5305 ,
3348 5254 3509 5311 quam

1936 5340 2112 5395 dicere
2136 5379 2149 5403 ,
2178 5354 2296 5408 qua:
2324 5336 2695 5408 praenuntiavit
2718 5378 2734 5403 ,
2764 5352 2869 5391 non
2901 5350 3059 5407 posse
3086 5333 3365 5404 compleri.
3393 5333 3508 5389 Hoc

1936 5438 2018 5486 est
2036 5430 2177 5485 enim
2198 5428 2373 5484 dicere
2400 5442 2505 5482 non
2532 5442 2650 5483 esse
2676 5426 3029 5497 prephetiam,
3046 5423 3139 5480 sed
3161 5424 3335 5494 potius
3350 5438 3509 5494 pseu-

1937 5520 2358 5592 doprophetiam.
2389 5520 2457 5575 Et
2482 5534 2600 5575 cum
2626 5517 2902 5587 quaesieris
2922 5516 2989 5572 ab
3011 5517 3109 5584 eis,
3137 5532 3232 5572 cur
3261 5516 3376 5573 [nec
3402 5517 3504 5572 im—

2003 5655 2018 5686 ί
2055 5654 2169 5702 talin
2194 5654 2388 5714 addunt,
2414 5648 2733 5712 teme;un
2764 5646 3096 5701 aFloriacensi
3139 5657 3217 5701 ais.
3261 5650 3421 5713 abest,
3462 5656 3512 5701 et

1941 5730 1966 5765 a
1990 5723 2289 5777 gra-cot,xx.

2011 5771 2083 5839 (ιι)
2112 5776 2223 5825 \ide
2250 5776 2329 5824 lii).
2362 5774 2411 5821 l7
2436 5772 2497 5821 de
2525 5771 2719 5820 civitate
2745 5771 2847 5832 Dei,
2874 5782 2977 5834 cap.
3002 5771 3049 5822 8.
