3998 6492
525 405 626 462 ΜΠ

527 523 661 594 pleri
689 539 800 580 non
823 523 1058 594 possint;
1090 519 1410 589 reSpondcnl
1443 535 1455 569 :
1502 518 1634 584 Quia
1661 516 1882 568 homines
1908 511 2106 565 nolunt.

532 616 659 670 Cum
677 615 882 669 arbitria
897 615 1082 684 quippe
1097 611 1270 675 libero,
1288 609 1549 680 inquiunt,
1574 608 1722 661 homo
1743 613 2044 694 creatus-est,
2067 614 2112 694 et

530 706 575 757 si
591 703 718 767 uult,
735 703 890 758 credit
903 705 955 755 in
973 701 1224 755 Christum
1242 715 1262 763 ;
1281 700 1324 752 si
1340 715 1440 751 non
1461 698 1587 761 uult,
1611 713 1710 749 non
1728 696 1885 748 credit
1904 709 1922 746 ,ο
1939 694 1983 747 si
2011 693 2115 744 vult

535 802 811 862 perseverat
837 792 891 845 in
915 807 973 845 eo
996 789 1132 861 quod
1156 789 1348 854 credit;
1375 789 1419 842 si
1456 805 1556 841 non
1581 789 1685 840 vult
1706 829 1720 851 ,
1753 802 1856 839 non
1887 797 2113 852 perseve-

531 892 631 937 rat.
664 882 729 936 Et
755 882 866 936 ideo
889 898 1004 934 cum
1037 881 1263 950 coepisset
1297 897 1386 950 per
1410 879 1579 933 orbem
1607 888 1857 931 terrarum
1898 889 2116 928 crescere

533 971 799 1036 Ecclesia,
830 972 1097 1026 noluerunt
1139 972 1363 1025 homines
1393 986 1707 1039 perseverare
1731 1010 1746 1034 ,
1776 977 1822 1021 et
1850 966 2030 1035 defecit
2055 981 2116 1019 ea:

534 1065 764 1121 omnibus
791 1065 1020 1134 gentibus
1044 1064 1320 1118 christiana
1347 1064 1524 1132 religio
1547 1104 1562 1129 ,
1607 1071 1813 1131 excepta
1839 1067 1980 1129 parte
2005 1057 2115 1110 Do-

533 1153 662 1208 uati.
693 1153 855 1220 Quasi
883 1169 1011 1209 vero
1038 1141 1290 1209 n'escierit
1325 1153 1553 1222 Spiritus
1583 1153 1677 1207 Dei
1707 1151 1911 1205 futuras
1940 1148 2114 1202 homi-

534 1259 664 1298 num
688 1243 1010 1298 voluntates.
1046 1243 1176 1310 Quis
1206 1243 1310 1298 hoc
1349 1243 1718 1297 insanissimus
1746 1240 1980 1295 dixerit?
2009 1239 2117 1294 Cur

535 1347 667 1403 ergo
694 1348 798 1388 non
831 1334 932 1388 hoc
953 1334 1128 1403 potius
1156 1334 1542 1401 praenuntiavit,
1567 1331 1708 1402 quod
1738 1331 1807 1386 de
1833 1328 2117 1384 voluntati-

535 1424 638 1478 bus
668 1423 945 1478 hominum
970 1423 1172 1478 sciebat
1195 1421 1471 1477 futurum?
1497 1422 1610 1476 Hoc
1634 1422 1776 1476 enim
1817 1419 1976 1474 modo
2013 1433 2119 1488 quo

536 1514 625 1568 isti
667 1523 852 1582 putant
897 1515 1011 1568 lucc
1033 1529 1152 1569 esse
1178 1513 1428 1584 praedicta
1450 1555 1466 1580 ,
1505 1513 1743 1583 quisquis
1769 1511 1993 1566 voluerit
2021 1525 2120 1579 po-

537 1614 644 1660 test
667 1621 789 1661 esse
817 1607 1099 1676 propheta,
1137 1615 1196 1660 ut
1236 1621 1356 1660 cum
1385 1621 1447 1661 ea
1478 1621 1596 1676 quae
1634 1604 1973 1674 praedixerit,
2019 1603 2119 1657 im—

538 1697 682 1766 pleta
710 1713 815 1752 non
844 1699 1056 1761 iuerint,
1098 1699 1454 1768 respondeat,
1490 1698 1744 1752 Homines
1786 1697 2074 1751 noluerunt
2103 1712 2115 1748 :

540 1789 714 1844 libero
741 1789 886 1844 enim
912 1788 1134 1844 arbitrio
1162 1790 1435 1845 christiani
1463 1797 1606 1843 sunt.
1637 1789 1749 1843 Hoc
1773 1787 1932 1842 modo
1962 1795 2117 1856 pote-

537 1887 623 1933 rat
651 1879 840 1949 aliquis
867 1879 1190 1949 prophetare
1230 1880 1496 1936 Christum
1528 1893 1634 1933 non
1662 1879 1715 1932 in
1742 1892 1900 1932 cruce
1936 1891 2121 1945 passu-

536 1984 679 2036 rum,
707 1969 800 2025 sed
829 1969 1003 2039 gladio
1025 1971 1378 2034 moriturum;
1403 1977 1460 2024 ut
1478 1984 1599 2023 cum
1624 1969 1780 2022 aliter
1805 1967 1998 2021 factum
2029 1981 2120 2021 es-

537 2065 659 2123 set,
687 2059 1036 2128 reSponderet
1054 2102 1071 2125 ,
1098 2059 1237 2125 Quid
1275 2073 1375 2129 ego
1403 2059 1544 2114 feci?
1573 2058 1830 2113 Homines
1859 2059 1912 2112 in
1954 2058 2119 2113 libero

537 2150 764 2204 arbitrio
781 2150 1060 2204 constituti
1089 2151 1374 2204 noluerunt
1399 2151 1450 2205 ei
1475 2149 1650 2205 facere
1674 2149 1816 2220 quod
1843 2163 1944 2217 ego
1969 2163 2108 2218 pra:-

537 2239 813 2304 dixeram,
844 2239 1023 2294 ethoc
1051 2239 1292 2295 iecerunt
1318 2239 1461 2310 quod
1509 2239 1609 2309 ipsi
1649 2241 1948 2294 voluerunt.
1990 2238 2106 2294 Jam

538 2328 624 2383 cui
660 2342 766 2383 non
803 2337 1070 2393 occurrat,
1117 2344 1276 2399 quam
1323 2330 1492 2384 multa
1530 2331 1634 2385 isto
1677 2330 1838 2384 modo
1878 2338 2122 2399 poterant

537 2418 879 2488 prophetari,
911 2419 996 2474 vel
1021 2420 1180 2474 etiam
1209 2430 1438 2488 possunt
1477 2436 1507 2474 a
1534 2421 1856 2491 quibuslibet
1886 2421 2119 2475 homini-

537 2509 679 2564 bus?
703 2509 834 2578 Quis
858 2510 1000 2564 enim
1035 2510 1354 2568 dubitaverit
1384 2512 1526 2583 quod
1555 2513 1720 2568 ludas
1745 2512 2013 2568 Christum
2033 2555 2046 2580 ,
2075 2515 2118 2568 si

537 2601 795 2657 voluisset
821 2602 871 2669 ¹,
899 2615 1004 2655 non
1034 2603 1216 2673 utique
1249 2604 1555 2660 tradidisset
1585 2622 1598 2658 :
1626 2612 1680 2658 et
1713 2605 1921 2669 Petrus,
1951 2606 1996 2659 si
2027 2619 2124 2660 vo-

541 2692 746 2758 luisset,
781 2701 863 2750 ter
886 2697 1168 2752 Dominum
1195 2712 1302 2752 non
1333 2697 1622 2767 negasset?
1653 2696 1757 2751 Sed
1785 2696 1906 2752 ideo
1932 2698 2023 2751 fuit
2051 2697 2118 2752 de

540 2783 656 2838 istis
683 2795 827 2840 certa
855 2788 1148 2858 praedictio,
1171 2790 1292 2860 quia
1317 2797 1372 2846 et
1394 2789 1536 2845 Deus
1565 2789 1724 2845 etiam
1754 2787 1957 2844 futuras
1977 2803 2117 2859 pra:-

540 2873 689 2928 videt
713 2876 1031 2934 voluntates.

613 2967 842 3026 CAPUT
881 2971 948 3026 X.
973 3003 1044 3013 —
1070 2973 1159 3028 24.
1190 2974 1568 3030 Verumtamen
1591 2989 1894 3045 quanquam
1925 2974 2040 3030 haec
2066 2983 2122 3030 et

541 3057 708 3114 tardis
751 3061 1003 3118 cordibus
1052 3072 1302 3133 pateant,
1350 3067 1627 3121 audiamus
1678 3066 1802 3121 hinc
1849 3075 1904 3122 et
1953 3067 2120 3136 ipsius

542 3147 703 3204 Verbi
739 3165 924 3206 vocem
968 3167 1063 3208 ore
1102 3155 1330 3224 prOpriac
1376 3155 1552 3210 carnis
1589 3169 1916 3225 expressam.
1962 3154 2120 3211 Certe

539 3255 663 3294 cttm
691 3250 810 3310 post
836 3244 1286 3300 resurrectionem
1325 3246 1590 3314 prmberet
1625 3261 1684 3302 se
1721 3247 1882 3302 etiam
1908 3257 2123 3304 contre-

540 3331 792 3386 ctandum
833 3343 994 3404 atque
1026 3336 1344 3405 palpandum
1380 3336 1625 3392 manibus
1658 3337 2012 3393 dubitantium
2040 3340 2123 3394 di-

541 3424 889 3494 scipulorum,
911 3437 964 3483 et
990 3443 1112 3483 cum
1133 3431 1427 3500 accepisset
1454 3445 1634 3484 coram
1661 3431 1784 3497 illis,
1816 3440 1870 3486 et
1899 3432 2124 3487 mandu-

542 3524 720 3569 casset
748 3517 888 3585 quod
916 3518 966 3573 ei
1007 3529 1386 3587 porrexerunt,
1427 3520 1562 3576 dixit
1588 3521 1666 3577 eis
1699 3539 1713 3575 :
1746 3521 1843 3576 Isti
1867 3532 1983 3577 sunt
2011 3540 2118 3578 ser-

540 3620 716 3660 mones
744 3623 869 3678 quos
895 3608 1091 3663 locutus
1125 3626 1237 3664 sum
1271 3611 1339 3663 ad
1367 3627 1453 3664 vos
1474 3653 1489 3679 ,
1520 3627 1633 3665 cum
1662 3612 1830 3666 adhuc
1855 3630 2012 3667 essent
2035 3629 2122 3666 vo-

541 3696 755 3764 biscum,
782 3699 900 3768 quia
924 3701 1184 3768 Oportebat
1209 3702 1475 3770 adimpleri
1495 3703 1663 3756 omnia
1695 3705 1882 3774 scripta
1908 3705 1961 3758 in
1990 3703 2121 3775 Lege

544 3786 743 3858 Moysi,
774 3797 822 3842 et
854 3788 1121 3861 PrOphetis
1141 3833 1156 3858 ,
1197 3801 1244 3846 et
1285 3791 1508 3846 Psalmis
1537 3792 1600 3847 de
1631 3809 1727 3847 me.
1775 3795 1851 3849 De
1889 3811 1994 3864 quo
2022 3810 2119 3849 au-

541 3887 674 3945 tem,
699 3877 798 3933 nisi
834 3879 903 3935 de
937 3881 1030 3936 illo
1074 3884 1271 3952 scripta
1310 3892 1454 3949 sunt,
1477 3899 1594 3953 qua:
1615 3899 1713 3938 nos
1739 3900 1951 3955 quoque
1971 3901 2122 3940 com-

545 3971 963 4026 memoravimus
988 3987 1054 4027 ex
1081 3972 1311 4044 Lege,et
1336 3973 1637 4044 Prophetis,
1653 3984 1707 4029 et
1735 3975 1981 4043 Psalmis,
2010 3977 2120 4031 sic-

541 4069 602 4114 ut
647 4076 742 4130 per
801 4063 1007 4132 singula
1049 4064 1447 4120 demonstravi?
1488 4068 1620 4122 Cum
1665 4083 1793 4138 ergo
1832 4071 1944 4139 ipse
1978 4069 2120 4123 dicat

540 4154 632 4224 qui
665 4154 870 4210 Veritas
898 4165 981 4211 est
1029 4155 1206 4227 (Joan.
1247 4175 1334 4211 xw
1358 4201 1374 4224 ,
1415 4158 1510 4230 6),
1560 4159 1830 4228 Oportebat
1855 4161 2122 4231 adimpleri

543 4245 751 4309 omnia;
777 4247 1044 4316 quomodo
1063 4248 1150 4301 isti
1177 4256 1394 4317 negant,
1419 4249 1519 4302 nisi
1541 4250 1661 4318 quia
1689 4249 1897 4303 veritati
1922 4250 2120 4306 inimici

545 4336 714 4390 sunt?
754 4336 808 4392 Si
839 4347 1018 4393 autem
1049 4339 1274 4393 obscura
1305 4354 1424 4394 esse
1461 4340 1636 4396 adhuc
1663 4341 1874 4408 dicunt,
1906 4351 1960 4398 et
1997 4342 2122 4399 hinc

545 4425 717 4494 ipsum
751 4435 909 4495 caput
953 4426 1232 4481 audiamus
1270 4428 1602 4482 verissimum
1642 4430 2118 4488 demonstratorem

541 4516 785 4586 corporis
813 4517 916 4572 sui.
944 4517 1076 4572 Cum
1100 4519 1240 4572 enim
1262 4516 1508 4586 dixisset,
1532 4521 1651 4590 quia
1673 4523 1932 4590 oportebat
1959 4524 2122 4578 adim-

542 4608 671 4677 pleri
712 4609 882 4662 omnia
924 4610 1114 4678 scripta
1151 4611 1206 4662 in
1252 4608 1386 4681 Lege
1429 4609 1618 4682 Moysi,
1649 4621 1696 4665 et
1741 4611 2033 4682 Prophetis,
2076 4625 2123 4669 et

543 4697 772 4754 Psalmis
798 4701 861 4754 de
898 4717 1012 4766 me;
1053 4711 1302 4771 tanquam
1339 4718 1698 4772 qumreremus
1740 4713 1917 4760 utrum
1959 4708 2010 4760 in
2055 4723 2120 4762 eo

460 4776 464 4780 ’
540 4789 682 4861 quod
715 4789 866 4858 dixit,
899 4791 962 4845 de
985 4808 1095 4858 me,
1136 4793 1242 4847 illic
1274 4793 1613 4862 intelligenda
1656 4804 1800 4850 esset
1831 4796 2067 4851 Ecclesia
2095 4839 2109 4861 ,

541 4889 760 4950 propter
779 4880 830 4935 id
859 4881 999 4951 quod
1027 4883 1282 4952 scriptum
1313 4891 1414 4949 est,
1447 4883 1614 4938 Erunt
1638 4885 1740 4939 duo
1764 4887 1816 4940 in
1843 4904 1994 4941 carne
2019 4905 2119 4942 una

539 4971 695 5042 (Cen.
724 4988 783 5039 ιι,
805 4971 896 5045 2i)
919 4989 934 5038 ;
962 4981 1019 5027 ut
1037 4989 1143 5028 non
1165 4975 1337 5030 solum
1357 4975 1423 5030 de
1443 4977 1634 5046 capite,
1663 4993 1845 5032 verum
1868 4979 2026 5032 etiam
2049 4979 2118 5034 de

538 5077 765 5132 corpore
805 5073 951 5118 certa
993 5064 1169 5120 divina
1218 5066 1430 5120 oracula
1475 5075 1779 5122 teneremus
1804 5111 1819 5136 ,
1877 5072 2118 5140 sequitur

537 5151 874 5222 Evangelista
900 5163 954 5209 et
980 5155 1109 5210 dicit
1142 5173 1154 5208 :
1191 5154 1333 5209 Tunc
1360 5159 1554 5225 aperuit
1582 5158 1685 5211 illis
1711 5176 1938 5225 sensum,
1959 5171 2015 5214 ut
2038 5163 2120 5214 in-

539 5245 815 5315 telligerent
845 5245 1162 5316 Scripturas,
1203 5257 1247 5299 et
1273 5247 1403 5299 dixit
1426 5247 1528 5301 illis
1559 5263 1576 5301 :
1606 5249 1861 5315 Quoniam
1892 5251 1964 5304 sic
1994 5252 2122 5305 scri-

543 5347 687 5408 ptum
715 5347 820 5404 est,
853 5347 898 5391 et
923 5341 996 5391 sic
1020 5338 1279 5408 Oportebat
1301 5335 1555 5392 Christum
1582 5341 1719 5410 pati,
1768 5350 1816 5394 et
1857 5357 2123 5412 resurgere

543 5443 578 5478 a
601 5428 812 5481 mortuis
831 5428 976 5481 tertia
1006 5427 1104 5481 die.
1131 5428 1227 5482 Hic
1249 5430 1419 5497 ipsum
1445 5438 1605 5498 caput
1625 5432 1946 5496 ostenditur,
1976 5432 2117 5502 quod

541 5517 700 5572 etiam
737 5531 796 5572 se
821 5517 1065 5574 manibus
1099 5518 1477 5590 discipulorum
1521 5522 1747 5590 prmbuit
1784 5532 2120 5579 contrectan-

541 5805 583 5856 si
604 5741 965 5857 :Kftloriaqensis
988 5749 1141 5800 codex
1163 5751 1239 5800 hic
1264 5757 1314 5801 et
1332 5750 1470 5812 infra,
1486 5750 1607 5811 loco,
1627 5751 1669 5803 si
1691 5750 1930 5816 t‘otuisset,
1950 5753 2112 5817 habet,

688 5819 809 5857 uisse
835 5844 843 5856 .

688 5819 827 5859 ιιιεδει
835 5844 843 5856 .

1611 396 1884 453 CONTRA
1924 383 2347 448 DONATISTAS
2387 385 2736 453 EI’ISTOLA,
3685 399 3776 455 ωδ

2222 504 2367 557 dum.
2400 505 2529 560 Vide
2553 510 2997 577 quemadmodum
3023 508 3091 564 de
3111 527 3339 582 corpore
3365 513 3626 585 adiungat,
3651 523 3775 588 quod

2222 604 2304 648 est
2333 595 2594 664 Ecclesia,
2617 608 2676 652 ut
2701 614 2797 653 nos
2827 615 2924 654 nec
2951 601 3001 653 in
3023 616 3242 671 sponso,
3276 620 3376 660 nec
3406 606 3459 660 in
3487 622 3673 676 sponsa
3699 625 3776 664 er-

2222 700 2341 740 rare
2367 686 2656 755 permittat.
2692 688 2757 742 Et
2781 692 3050 760 prwdicari
3070 733 3084 758 ,
3132 692 3340 763 inquit,
3379 695 3433 748 in
3462 699 3655 753 nomine
3682 702 3777 770 ejus

2223 779 2582 844 paenitentiam,
2604 791 2653 833 et
2674 782 3011 836 remissionem
3034 795 3352 859 peccatorum
3379 803 3468 855 per
3489 805 3648 842 onmes
3673 807 3778 860 gen-

2223 877 2294 921 tes
2318 908 2333 932 ,
2377 870 2733 939 incipientibus
2760 875 2822 925 ab
2865 873 3152 928 Jerusalem
3193 875 3345 946 (Luc.
3394 893 3541 944 xnv,
3580 880 3773 950 44-47).

2221 959 2358 1026 Quid
2398 960 2497 1013 hac
2524 976 2656 1017 voce
2682 965 2942 1030 veracius,
2976 965 3101 1035 quid
3133 965 3387 1034 divinius,
3427 970 3552 1038 quid
3579 972 3776 1026 manife-

2221 1048 2393 1102 stius?
2418 1050 2501 1104 Me
2528 1051 2671 1121 piget
2697 1068 2814 1107 eam
2837 1054 3211 1112 commendare
3236 1057 3414 1112 verbis
3440 1060 3588 1126 meis,
3610 1069 3659 1115 et
3685 1060 3776 1116 lur-

2222 1140 2417 1196 reticos
2441 1158 2546 1196 non
2575 1145 2733 1212 pudet
2757 1160 2875 1201 eam
2905 1161 3213 1218 Oppugnare
3239 1149 3415 1204 verbis
3440 1151 3568 1205 suis.

2293 1229 2384 1284 25.
2429 1231 2612 1287 Dicant
2641 1249 2702 1288 ea
2733 1236 3032 1290 testimonia
3060 1278 3075 1303 ,
3104 1253 3224 1308 qua:
3253 1241 3404 1308 posui
3433 1240 3500 1296 de
3527 1241 3659 1312 Lege
3680 1285 3694 1308 ,
3736 1255 3779 1297 et

2223 1319 2529 1390 Prophetis,
2557 1332 2608 1378 et
2639 1323 2888 1390 Psalmis,
2916 1327 3141 1382 obscura
3167 1343 3290 1384 esse
3327 1341 3385 1385 et
3420 1331 3632 1400 ligurate
3653 1333 3771 1389 dicta

2223 1410 2384 1463 etiam
2419 1411 2574 1465 aliter
2604 1427 2762 1482 posse
2790 1414 3046 1486 intelligi;
3075 1433 3378 1488 quanquam
3409 1431 3460 1474 et
3489 1421 3540 1475 in
3566 1423 3640 1478 eis
3665 1439 3770 1495 cge-

2223 1501 2324 1555 rim
2365 1513 2621 1572 quantum
2653 1506 2822 1574 potui,
2854 1516 2913 1561 ut
2938 1523 3036 1562 nec
3077 1510 3176 1564 hoc
3204 1511 3437 1566 audeant
3459 1512 3629 1570 dicere
3655 1533 3668 1569 :
3693 1518 3771 1572 sed

2225 1608 2350 1650 ecce
2379 1594 2579 1650 dicant.
2608 1597 2872 1669 Numquid
2913 1609 2968 1656 et
3015 1601 3115 1656 hoc
3157 1603 3388 1659 obscure
3429 1604 3620 1661 dictum
3644 1649 3657 1671 ,
3696 1620 3773 1663 aut

2225 1688 2522 1758 mitigniatis
2566 1691 2870 1747 velamento
2916 1694 3275 1750 inumbratum
3327 1706 3448 1764 est,
3498 1699 3632 1769 quod
3675 1701 3772 1770 ipse

2225 1775 2466 1832 Christus
2492 1780 2630 1834 dixit
2661 1798 2674 1834 :
2710 1781 2841 1848 Quia
2868 1783 2941 1836 sic
2969 1786 3214 1854 scriptum
3244 1796 3350 1853 est,
3379 1797 3424 1842 et
3451 1791 3522 1843 sic
3546 1792 3770 1861 Oportebat

2225 1865 2481 1922 Christum
2521 1872 2648 1940 pati,
2693 1883 2738 1925 et
2763 1889 3024 1946 resurgere
3057 1877 3204 1929 tertia
3241 1878 3346 1943 die,
3371 1888 3420 1933 et
3459 1880 3707 1949 prwdicari
3728 1883 3771 1936 in

2225 1959 2426 2013 nomine
2473 1962 2582 2029 ejus
2625 1963 2964 2030 pcenitcntiam
3011 1975 3060 2019 et
3101 1968 3449 2021 remissionem
3491 1980 3771 2039 peccatorum

2226 2066 2316 2118 per
2338 2066 2508 2105 omnes
2525 2061 2714 2122 gentes,
2732 2054 3082 2125 incipientibus
3104 2057 3166 2111 ab
3184 2057 3473 2112 Jerusalem
3488 2061 3514 2114 .’
3537 2059 3590 2116 Si
3608 2060 3771 2116 obscu-

2225 2155 2342 2194 rum
2390 2150 2490 2208 est,
2539 2142 2769 2197 Dormivi
2813 2147 3178 2212 conturbatus;
3220 2151 3475 2220 numquid
3521 2151 3769 2208 obscurum

2227 2241 2329 2296 est,
2358 2233 2480 2302 quia
2506 2235 2762 2302 Oportebat
2797 2236 3052 2292 Christum
3086 2240 3243 2307 pati?
3266 2241 3320 2296 Si
3364 2241 3635 2297 obscurum
3668 2251 3767 2309 est,

2225 2321 2474 2379 Exaltare
2497 2341 2649 2395 super
2674 2327 2854 2391 caelos,
2886 2327 3060 2394 Deus;
3088 2327 3348 2402 numquid
3375 2333 3645 2388 obscurum
3668 2343 3738 2389 est
3755 2377 3768 2401 ,

2225 2421 2272 2465 et
2295 2430 2552 2485 resurgere
2579 2417 2724 2470 tertia
2749 2417 2869 2472 die?
2896 2417 2952 2474 Si
2975 2419 3264 2476 obscurum
3292 2432 3392 2489 est,
3418 2423 3581 2493 Super
3603 2441 3770 2478 omnem

2229 2512 2416 2558 terram
2443 2507 2607 2576 gloria
2635 2517 2722 2562 tua
2751 2509 2922 2578 (Psal.
2953 2527 3041 2566 LVI
3062 2554 3076 2579 ,
3104 2513 3157 2577 5,
3186 2514 3245 2584 6)
3269 2532 3283 2581 ;
3312 2516 3562 2586 numquid
3601 2517 3766 2570 obscu-

2224 2609 2343 2649 rum
2385 2604 2486 2664 εει,
2519 2608 2564 2652 ει
2589 2601 2858 2670 prmdicari
2891 2603 2945 2656 in
2985 2605 3186 2658 nomine
3221 2608 3334 2676 ejus
3373 2608 3708 2677 paenitentiam,
3731 2615 3771 2660 et

2223 2685 2566 2741 remissionem
2602 2701 2920 2758 peccatorum
2957 2711 3048 2764 per
3084 2711 3262 2750 omnes
3289 2699 3496 2769 gentes?
3523 2698 3575 2754 Si
3603 2698 3767 2754 obscu-

2225 2790 2343 2829 rum
2364 2785 2466 2842 est,
2494 2776 2636 2832 Deus
2669 2780 2881 2836 deorum
2905 2783 3152 2839 Dominus
3179 2787 3385 2842 locutus
3408 2798 3510 2854 cst,
3538 2798 3582 2843 et
3605 2791 3769 2843 vocavit

2224 2875 2428 2934 terram,
2453 2885 2485 2923 a
2505 2871 2628 2926 solis
2651 2882 2765 2926 ortu
2786 2890 2941 2943 usque
2959 2875 3027 2929 ad
3041 2892 3279 2931 occasum
3297 2894 3320 2942 ;
3339 2879 3583 2949 numquid
3606 2879 3766 2934 obscu-

2225 2975 2343 3013 rum
2370 2970 2450 3015 est
2473 3004 2488 3028 ,
2528 2973 2576 3016 et
2606 2964 2871 3036 prazdicari
2895 2967 2949 3020 in
2992 2969 3194 3023 nomine
3240 2972 3350 3042 ejus
3377 2972 3695 3042 penitentiam
3728 2981 3766 3025 et

2225 3053 2568 3107 remissionem
2609 3066 2924 3125 peccatorum
2964 3076 3054 3128 per
3085 3076 3264 3115 omnes
3301 3072 3468 3133 gentes
3487 3065 3512 3117 .’
3533 3063 3614 3119 Sic
3646 3063 3763 3117 enim

2226 3153 2369 3199 terra
2404 3155 2588 3200 vocata
2633 3155 2717 3202 est
2761 3164 2788 3201 a
2838 3150 2967 3205 solis
3013 3160 3132 3206 ortu
3185 3169 3359 3222 usque
3401 3154 3466 3210 ad
3511 3169 3762 3218 occasum,

2224 3237 2674 3306 quemadmodum
2715 3239 2829 3310 ipse
2858 3243 2965 3308 ait,
2996 3242 3118 3298 Non
3147 3248 3265 3300 veni
3292 3263 3468 3302 vocare
3487 3249 3666 3318 justas,
3692 3249 3766 3299 sed

2226 3338 2509 3399 peccatores
2551 3331 2604 3384 in
2635 3333 2973 3401 paenitentiam
3018 3333 3226 3408 (Matth.
3265 3354 3352 3404 ιχ,
3393 3337 3503 3408 15).
3531 3337 3582 3393 Si
3605 3338 3766 3392 obscu-

2224 3436 2342 3474 rum
2369 3429 2472 3487 est,
2508 3419 2594 3476 Ea:
2623 3421 2751 3478 Sion
2773 3426 2958 3496 species
2979 3427 3177 3483 decoris
3203 3431 3318 3500 ejus
3345 3430 3511 3500 (Psal.
3531 3446 3670 3494 χιιι,
3709 3430 3762 3494 i,

2223 3510 2312 3581 2);
2344 3513 2599 3583 numquid
2642 3515 2928 3570 obscurum
2967 3528 3070 3586 est,
3102 3520 3456 3590 incipientibus
3489 3521 3548 3575 ab
3582 3519 3764 3574 Jerusa-

2226 3601 2366 3655 lem?
2391 3603 2508 3672 ipsa
2545 3614 2628 3660 est
2665 3607 2806 3661 enim
2843 3605 2970 3662 Sion
3019 3625 3136 3678 qua:
3177 3611 3494 3668 Jerusalem.
3533 3612 3631 3668 Sed
3663 3609 3766 3680 quid

2225 3691 2293 3747 ad
2317 3694 2446 3748 me?
2477 3695 2662 3750 Dicant
2691 3712 2752 3751 ea
2779 3714 2897 3767 qua:
2925 3701 3077 3768 posui
3103 3699 3168 3756 de
3207 3702 3374 3773 Lege,
3406 3713 3458 3759 et
3490 3702 3763 3773 PrOphetis,

2226 3791 2281 3838 et
2306 3783 2551 3851 Psalmis,
2580 3801 2685 3841 non
2707 3789 2976 3856 pertinere
3006 3791 3071 3846 ad
3099 3791 3213 3849 hmo
3246 3795 3407 3850 verba
3430 3795 3645 3859 Domini,
3668 3807 3764 3862 qua:

2227 3874 2280 3928 in
2306 3875 2592 3946 Evangelio
2630 3879 2876 3948 leguntur
2905 3899 2920 3935 :
2953 3895 3056 3936 non
3085 3898 3214 3940 curo
3237 3928 3253 3952 ,
3284 3903 3384 3942 nec
3411 3887 3610 3941 resisto.
3635 3884 3765 3939 Certe

2229 3974 2404 4020 tamen
2447 3967 2548 4020 nisi
2588 3968 2641 4022 in
2685 3969 2847 4041 Lege,
2893 3982 2948 4026 et
2990 3973 3294 4045 Prophetis,
3335 3987 3386 4032 et
3433 3977 3643 4032 Psalmis
3683 3974 3763 4027 hoc

2226 4057 2538 4126 prazdictum
2586 4072 2748 4128 esset,
2798 4063 2911 4119 sive
2955 4066 3008 4120 in
3049 4067 3127 4121 eis
3174 4069 3492 4124 testimoniis
3532 4084 3639 4139 qua:
3671 4067 3762 4134 ipse

2226 4150 2464 4220 adhibui,
2489 4154 2600 4208 sive
2623 4155 2674 4208 in
2699 4156 2837 4224 aliis,
2871 4173 3204 4230 nequaquam
3246 4163 3467 4218 dixisset
3507 4162 3760 4222 Dominus,

2230 4241 2439 4312 Oportet
2467 4245 2666 4316 impleri
2691 4249 2859 4302 omnia
2881 4267 2995 4321 qua:
3019 4253 3206 4322 scripta
3231 4265 3350 4308 sunt
3381 4256 3431 4308 in
3459 4255 3584 4324 Lege
3602 4248 3758 4320 Moysi.

2224 4348 2272 4392 et
2295 4338 2566 4410 PrOphetis
2591 4352 2638 4396 et
2663 4343 2886 4398 Psalmis
2906 4347 2968 4399 de
2989 4363 3066 4400 me
3081 4363 3100 4400 :
3120 4363 3181 4402 ac
3202 4347 3395 4403 deinde
3413 4355 3591 4418 aperto
3609 4357 3760 4400 eorum

2226 4443 2389 4485 sensu
2417 4443 2472 4486 ut
2497 4433 2855 4504 intelligerent
2875 4436 3198 4506 Scripturas,
3221 4439 3439 4494 doceret
3461 4454 3518 4493 ea
3540 4437 3638 4506 ipsa
3664 4445 3760 4500 qua!

2226 4522 2294 4577 de
2323 4524 2414 4577 illo
2437 4526 2632 4595 scripta
2663 4537 2784 4581 sunt
2807 4529 2857 4582 in
2883 4529 3042 4600 Lege,
3070 4540 3123 4586 et
3145 4532 3449 4604 PrOpltetis,
3481 4538 3531 4584 et
3549 4522 3757 4584 Psalmis,

2227 4628 2292 4667 eo
2321 4615 2480 4669 modo
2509 4628 2566 4670 ut
2602 4617 2824 4685 diceret,
2861 4620 3112 4687 Quoniam
3138 4625 3210 4678 sic
3233 4626 3483 4694 scriptum
3511 4628 3578 4674 est
3599 4659 3612 4684 ,
3643 4623 3681 4669 et
3702 4612 3759 4666 sic

2227 4708 2481 4775 Oportebat
2509 4710 2760 4765 Christum
2797 4715 2903 4783 pati
2929 4725 2973 4767 et
2998 4732 3257 4786 resurgere
3282 4717 3424 4770 tertia
3457 4714 3533 4767 die
3558 4753 3571 4778 ,
3597 4717 3638 4763 ει
3659 4718 3760 4777 ρνω·

2225 4798 2386 4853 dicari
2412 4801 2463 4853 in
2490 4803 2688 4855 nomine
2713 4804 2820 4873 ejus
2858 4805 3200 4874 paenitentiam
3233 4816 3282 4860 et
3317 4804 3644 4860 remissionem
3666 4807 3760 4863 ρξε’

2225 4903 2454 4946 catorum
2499 4908 2590 4962 per
2632 4909 2802 4947 onmes
2839 4903 3042 4964 gentes,
3088 4894 3440 4966 incipientibus
3477 4890 3533 4944 ab
3573 4886 3758 4940 Jerusa-

2227 4983 2342 5036 lem.
2375 4982 2487 5036 NOII
2515 4996 2614 5052 ego
2642 4983 2900 5051 potuerim
2928 4983 2979 5036 in
3003 4983 3162 5053 Lege,
3191 4995 3243 5039 et
3264 4969 3757 5052 Prophetis,etPsal-

2226 5077 2326 5131 mis
2373 5075 2488 5130 haec
2537 5076 2731 5146 scripta
2782 5090 3103 5146 cognoscere
3147 5095 3159 5130 :
3203 5077 3274 5131 ibi
3325 5085 3492 5129 tamen
3531 5069 3624 5123 hoc

2226 5168 2480 5236 scriptum
2511 5168 2599 5221 ille
2627 5168 2753 5222 dicit
2780 5209 2793 5232 ,
2831 5168 2920 5237 qui
2949 5167 3160 5222 Veritas
3185 5179 3284 5223 est.
3328 5165 3429 5221 Sed
3457 5160 3550 5218 etsi
3577 5159 3678 5252 hanc
3700 5149 3756 5252 ibi

2226 5256 2421 5323 set-ipta
2450 5271 2570 5312 esse
2593 5273 2695 5311 non
2724 5257 2942 5326 diceret,
2975 5261 3154 5328 procul
3183 5259 3343 5314 dubio
3363 5244 3758 5338 suiliceretC-‘hri:

2227 5347 2412 5400 stianis
2440 5346 2578 5416 quod
2609 5346 2850 5402 Christus
2873 5349 2983 5417 ipse
3003 5348 3254 5413 dixisset,
3283 5355 3504 5416 Oportere
3528 5335 3756 5411 pradicari

2226 5437 2277 5491 in
2298 5438 2496 5491 nomine
2519 5455 2610 5492 suo
2647 5439 2986 5507 paenitentiam
3011 5449 3056 5492 et
3099 5439 3434 5494 remissionem
3477 5433 3754 5502 peccatorum

2227 5547 2315 5597 per
2336 5547 2503 5584 omnes
2527 5539 2712 5600 gentes,
2762 5531 3112 5602 incipientibus
3145 5533 3208 5586 ab
3236 5526 3530 5584 Jerusalem.
3558 5516 3650 5575 Sed
3675 5511 3754 5564 du‘

2227 5622 2453 5676 bitantes
2473 5622 2760 5692 discipulos
2789 5638 2913 5678 suos
2941 5624 3182 5693 quamvis
3207 5625 3492 5691 conspecto
3515 5620 3566 5668 et
3583 5614 3761 5663 contre-

2226 5726 2365 5772 ctato
2391 5716 2507 5785 ejus
2532 5732 2756 5787 corpore
2781 5760 2795 5781 ,
2828 5714 3029 5785 majore
3069 5717 3398 5772 documento
3421 5704 3761 5773 Scripturarum

2235 5809 2394 5864 voluit
2427 5807 2761 5875 conﬁrmare,
2788 5824 2941 5878 quam
2971 5809 3108 5878 quod
3137 5825 3194 5865 se
3216 5810 3333 5880 ipse
3365 5796 3602 5858 visibilem
3625 5792 3754 5853 31‘1""
