3998 6462
243 395 337 454 ωθ

245 507 558 581 palpabilem
576 507 882 562 mortalium
899 505 1140 561 sensibus
1156 500 1487 559 admovebat.
1513 502 1587 572 (a)
1609 500 1815 555 Tenea-

244 616 357 657 mus
376 614 509 670 ergo
536 599 829 655 Ecclesiam
850 615 912 652 ex
936 613 1029 652 ore
1055 596 1262 651 Domini
1291 596 1644 664 dcsignatam,
1678 592 1819 646 unde

245 702 517 762 emptura,
566 702 621 747 et
660 706 939 762 quousque
979 698 1298 759 perventura
1350 696 1526 749 esset;
1581 694 1821 754 emptura

244 785 441 841 scilicet
464 783 536 837 ab
561 783 880 846 Jerusalem,
912 790 964 835 et
989 789 1305 850 perventum
1328 780 1379 833 in
1401 793 1587 832 onmes
1611 785 1818 846 gentes.

307 876 400 928 26.
432 874 530 929 llic
545 874 657 944 jam
686 874 922 943 quisquis
949 872 1176 936 dixerit,
1211 870 1505 925 Jerusalem
1543 885 1647 922 non
1679 869 1819 921 illam

157 1016 165 1022 .
240 966 498 1022 visibilem
527 965 797 1020 civitatem
842 963 1235 1033 intelligendam
1256 1005 1271 1028 ,
1306 962 1399 1017 sed
1427 964 1646 1031 ﬁgurate
1676 962 1822 1031 posi-

242 1066 370 1123 tam,
410 1066 470 1110 ut
499 1055 846 1125 spiritualiter
880 1055 1167 1123 accipiatur
1199 1062 1306 1108 tota
1338 1053 1573 1107 Ecclesia
1622 1063 1820 1106 aeterna

239 1147 291 1202 in
320 1147 475 1201 caelis
494 1189 509 1214 ,
549 1156 603 1200 ct
631 1162 694 1200 ex
725 1155 874 1215 parte
904 1146 955 1198 in
988 1146 1145 1199 terris
1172 1144 1486 1215 peregrina;
1533 1152 1705 1212 potest
1734 1142 1815 1196 di-

237 1252 363 1293 cere
387 1238 548 1291 etiam
577 1236 702 1291 illud
734 1236 953 1305 ﬁgurate
982 1236 1201 1299 dictum,
1238 1235 1368 1301 Quia
1397 1234 1655 1304 oportebat
1677 1233 1822 1286 Clu-i-

235 1336 369 1381 stum
390 1328 517 1396 pati,
549 1336 597 1380 et
619 1343 876 1394 resurgere
901 1327 1045 1379 tertia
1079 1327 1179 1379 die.
1226 1325 1375 1393 Quod
1403 1326 1641 1395 quisquis
1667 1324 1819 1378 disc-

236 1419 326 1484 rit,
356 1434 456 1473 nec
481 1434 693 1488 quoquo
719 1418 876 1474 modo
904 1419 1224 1473 christianus
1251 1418 1526 1473 habendus
1546 1427 1646 1472 est.
1674 1416 1824 1472 Sicut

236 1522 369 1579 ergo
398 1508 529 1563 illud
556 1511 767 1579 proprie
787 1511 1016 1580 positqu
1046 1520 1146 1571 est,
1174 1510 1239 1563 ita
1264 1521 1316 1563 et
1344 1510 1483 1580 quod
1514 1510 1819 1579 adjunctuin

236 1609 319 1654 est
345 1600 413 1654 de
438 1600 675 1654 omnium
705 1602 939 1670 gentium
980 1602 1211 1655 Ecclesia
1241 1600 1525 1669 incipiente
1565 1601 1631 1653 ab
1663 1600 1819 1654 Jeru-

236 1691 430 1745 salem.
477 1691 736 1760 Exposuit
765 1692 906 1746 enim
933 1693 1186 1745 Dominus
1212 1691 1325 1745 haec
1350 1690 1418 1745 de
1442 1706 1500 1745 se
1535 1691 1675 1745 dicta
1702 1705 1822 1745 csse

236 1782 290 1836 in
320 1781 464 1852 Lege
483 1822 499 1848 ,
526 1792 580 1837 et
599 1782 912 1851 Proplietis,
942 1791 995 1837 et
1017 1781 1273 1835 Psalmis:
1306 1791 1359 1834 et
1382 1782 1562 1850 utique
1588 1781 1697 1849 ipsa
1723 1796 1819 1833 cx-

240 1872 441 1941 positio
479 1889 584 1927 non
624 1874 791 1942 potuit
838 1888 957 1928 esse
991 1872 1244 1942 ﬁgurata;
1274 1872 1505 1941 alioquin
1545 1886 1649 1924 non
1680 1880 1823 1925 esset

232 1962 520 2031 expositio.
566 1962 766 2017 Deinde
803 1977 923 2016 cum
967 1962 1258 2016 Jerusalem
1304 1961 1523 2031 ﬁgurate
1568 1962 1735 2031 posita
1769 1970 1823 2015 et

233 2052 590 2121 spiritualiter
609 2053 873 2107 intellecta
895 2054 1193 2108 universam
1221 2053 1512 2107 Ecclesium
1535 2052 1818 2121 signiﬁcet,

233 2145 511 2215 quomodo
540 2147 783 2201 universa
802 2147 1036 2201 Ecclesia
1066 2146 1250 2215 incipit
1268 2146 1335 2200 ab
1359 2147 1607 2199 universa
1634 2144 1818 2198 Eccle-

233 2236 334 2298 sia,
370 2243 620 2305 tanquam
650 2235 941 2291 Jerusalem
970 2236 1267 2305 incipiatab
1287 2235 1580 2290 Jerusaletn
1605 2235 1629 2287 ?
1656 2234 1821 2287 Mani-

230 2323 432 2379 festum
461 2334 541 2379 est
567 2340 695 2395 ergo
720 2326 931 2395 proprie
951 2328 1179 2395 positum
1209 2326 1275 2380 de
1298 2326 1384 2379 illa
1415 2326 1649 2391 civitate,
1679 2324 1820 2378 unde

228 2417 394 2471 etiam
417 2416 646 2485 cmpisse
689 2417 943 2486 probatur
968 2416 1205 2471 Ecclesia
1228 2458 1242 2481 ,
1273 2416 1431 2469 etiam
1464 2426 1622 2485 atque
1657 2414 1816 2468 etiam

229 2508 352 2578 ipso
380 2509 772 2573 manifestante,
795 2520 849 2563 et
874 2510 1071 2564 nullam
1094 2510 1403 2563 insidiarum
1433 2508 1687 2562 latebram
1707 2508 1818 2561 cal-

228 2600 425 2655 liditati
470 2600 736 2657 hmreticze
776 2602 1131 2671 relinquente.
1180 2601 1269 2655 Sic
1310 2601 1453 2655 enim
1495 2600 1733 2669 sequitur
1765 2608 1819 2653 et

226 2695 362 2750 dicit
394 2714 406 2749 :
436 2693 505 2748 Et
532 2710 618 2748 vos
644 2695 825 2748 horum
860 2703 1042 2757 testes;
1083 2702 1130 2746 et
1159 2710 1248 2763 ego
1276 2693 1418 2745 mitto
1438 2693 1820 2761 promissionem

226 2803 395 2841 meam
419 2802 572 2854 super
591 2801 697 2838 vos.
747 2784 847 2838 Vos
881 2795 1047 2837 autem
1071 2783 1237 2837 sedete
1262 2784 1314 2836 in
1338 2783 1535 2836 civitate
1559 2784 1817 2853 quoadus-

226 2894 328 2940 que
353 2876 635 2929 induamini
662 2877 844 2929 virtute
876 2892 937 2928 ea:
977 2876 1101 2929 alto.
1148 2872 1205 2928 In
1249 2890 1351 2944 qua
1399 2876 1579 2945 utique
1604 2877 1818 2933 civitate

226 2968 425 3023 sedere
457 2982 551 3023 eos
574 2967 733 3035 jussit
763 2966 1106 3036 quoadusque
1141 2966 1487 3020 induerentur
1528 2967 1723 3020 virtute
1752 2983 1816 3021 ex

226 3060 362 3126 alto,
389 3059 441 3113 id
465 3069 582 3126 est,
624 3059 821 3128 Spiritu
852 3068 1055 3125 sancto,
1100 3074 1254 3128 quem
1282 3074 1341 3113 se
1376 3060 1658 3112 missurum
1700 3075 1819 3114 esse

230 3152 592 3224 promiserat,
620 3150 687 3204 ab
715 3165 775 3203 ea
803 3151 1330 3218 civitatecmpturam
1357 3150 1600 3219 prirdixit
1630 3151 1817 3205 Eccle-

229 3244 392 3297 siam.
424 3241 479 3295 Si
510 3251 686 3295 autem
725 3255 830 3293 non
868 3256 983 3293 eam
1017 3248 1202 3308 putant
1227 3255 1347 3295 esse
1374 3240 1688 3305 Jerusalem,
1722 3259 1818 3294 an-

230 3334 387 3389 diant
410 3330 550 3401 quod
581 3332 819 3400 sequitur
847 3348 859 3382 :
900 3329 1151 3385 Producit
1180 3342 1347 3383 autem
1385 3332 1501 3384 illos
1545 3348 1699 3400 usque
1723 3330 1821 3385 Be-

232 3425 467 3477 thaniam
492 3464 507 3487 ,
550 3432 595 3476 et
625 3423 800 3476 levavit
841 3439 1019 3475 manus
1046 3438 1165 3475 suas
1184 3462 1198 3486 ,
1241 3432 1287 3475 et
1310 3423 1558 3475 benedixit
1585 3424 1717 3476 illos.
1752 3422 1819 3476 Et

231 3515 430 3584 factum
445 3522 520 3566 est
547 3529 660 3565 cum
687 3512 1013 3566 benedixisset
1033 3512 1168 3576 illos,
1197 3512 1421 3565 discessit
1438 3513 1501 3565 ab
1525 3514 1614 3565 eis.
1644 3513 1705 3565 Et
1724 3514 1820 3583 ipsi

228 3605 421 3660 reversi
449 3615 564 3659 sunt
593 3621 707 3657 cum
734 3604 921 3674 gaudio
942 3621 1124 3674 magno
1144 3606 1195 3657 in
1215 3604 1521 3671 Jerusalem,
1548 3615 1593 3658 et
1621 3610 1820 3675 fuerunt

230 3714 426 3767 semper
470 3699 525 3751 in
550 3697 735 3766 templo
763 3697 1030 3751 laudantes
1059 3696 1219 3749 Deum
1246 3696 1394 3766 (Luc.
1427 3713 1575 3761 xxxv,
1605 3698 1673 3752 48
1706 3698 1817 3766 55).

233 3790 373 3845 Ecce
406 3788 497 3842 ubi
537 3788 833 3843 ostenditur
874 3788 959 3840 illa
999 3788 1219 3854 civitas,
1263 3789 1313 3841 in
1356 3804 1456 3857 qna
1500 3804 1593 3843 eos
1633 3789 1822 3843 sedere

234 3878 411 3949 jussit,
442 3879 614 3933 donec
642 3878 985 3933 induerentur
1008 3879 1200 3931 virtute
1219 3894 1283 3933 ex
1313 3879 1439 3932 alto.

301 3969 535 4026 CAPUT
583 3968 652 4024 XI
681 3970 776 4041 (b).
813 3999 883 4009 —
908 3970 997 4023 27.
1032 3970 1095 4023 Ει
1126 3968 1212 4022 hic
1240 3969 1452 4038 quidem
1478 3978 1607 4038 quot
1634 3969 1823 4024 diebus

236 4077 356 4117 cum
387 4060 469 4115 eis
505 4058 678 4125 fuerit,
712 4069 1052 4129 posteaquam
1080 4074 1139 4113 se
1167 4061 1343 4113 vivum
1371 4068 1491 4128 post
1520 4060 1821 4129 passionem

237 4169 388 4209 suam
434 4152 605 4206 oculis
642 4167 826 4205 eorum
874 4162 927 4205 et
954 4152 1195 4206 manibus
1223 4151 1623 4214 demonstravit,
1675 4167 1813 4221 prac-

239 4244 546 4300 termissum
574 4251 689 4307 est;
719 4259 822 4297 non
845 4251 1022 4298 autem
1050 4252 1253 4298 tacetur
1271 4244 1323 4297 in
1353 4245 1571 4299 Actibus
1594 4246 1822 4314 Aposto-

238 4336 411 4392 iorum
436 4376 449 4399 ,
484 4334 571 4388 ubi
620 4349 802 4388 rursus
843 4336 1027 4390 eadem
1073 4336 1495 4390 manifestatione
1540 4336 1823 4391 verborum

239 4427 628 4481 dominicoruin
662 4425 832 4480 futura
873 4442 968 4496 per
992 4427 1178 4482 orbem
1208 4436 1467 4482 terrarum
1497 4427 1823 4497 prsenuntia-

241 4525 323 4570 tur
345 4516 587 4571 Ecclesia
612 4533 625 4568 :
653 4516 739 4570 ubi
767 4517 939 4570 nullus
965 4518 1183 4571 omnino
1205 4517 1448 4573 dubitare
1469 4520 1823 4588 permittatur,

241 4608 340 4662 nisi
369 4609 461 4678 qui
483 4607 551 4662 de
567 4616 866 4662 sanctarum
890 4610 1279 4678 Scripturarum
1302 4610 1402 4664 [ide
1430 4611 1652 4676 dubitat,
1680 4612 1822 4666 illam

241 4714 357 4753 esse
378 4698 678 4753 Jerusalem
701 4699 960 4754 visibilem
982 4701 1268 4766 civitatem,
1295 4702 1435 4757 unde
1456 4704 1617 4773 coepit
1644 4703 1827 4758 Eccle-

243 4790 318 4844 sia
350 4797 472 4861 post
496 4790 704 4844 Domini
722 4790 847 4845 Jesu
867 4790 1063 4845 Christi
1092 4795 1536 4849 resurrectionem
1563 4804 1616 4850 et
1640 4812 1827 4852 ascen-

242 4882 445 4937 sionem
469 4899 483 4948 ;
515 4896 613 4936 nec
636 4881 777 4936 aliud
802 4898 923 4937 eum
952 4884 1183 4938 voluisse
1211 4885 1514 4952 ostendere,
1548 4888 1647 4941 nisi
1673 4887 1829 4957 hujus

245 4983 399 5030 terra:
429 4976 569 5040 loca,
599 4975 739 5029 unde
772 4975 849 5029 illi
889 4975 1039 5029 daret
1081 4976 1307 5041 initium,
1339 4986 1392 5031 et
1416 4979 1682 5046 quomodo
1708 4996 1827 5035 eam

246 5081 338 5136 per
363 5075 554 5121 cuncta
586 5065 708 5121 inde
736 5066 1073 5121 diffunderet.
1102 5066 1190 5121 Sic
1214 5068 1355 5121 enim
1386 5070 1636 5138 scriptum
1666 5080 1750 5124 est
1777 5073 1827 5125 in

244 5158 466 5213 Actibus
493 5158 866 5227 Apostolorum
901 5177 913 5212 :
947 5158 1177 5212 Primum
1201 5160 1399 5229 quidem
1429 5176 1706 5216 sermonem
1734 5165 1831 5233 feci

246 5248 308 5302 de
326 5248 581 5313 omnibus,
608 5266 638 5303 ο
667 5247 962 5319 Theophila,
986 5252 1275 5321 quwraepit
1301 5252 1451 5305 Jesus
1476 5253 1642 5322 facere
1669 5264 1717 5308 et
1739 5254 1829 5308 do-

247 5354 357 5392 cere
387 5356 544 5409 usque
574 5340 628 5393 in
673 5340 806 5394 diem
844 5356 941 5409 quo
974 5340 1241 5409 Apostolos
1271 5344 1417 5413 elegit
1457 5360 1546 5411 per
1575 5343 1826 5413 Spiritum

248 5440 476 5485 sanctum
496 5473 512 5497 ,
558 5432 805 5485 mandans
830 5433 900 5485 eis
928 5432 1205 5502 prtcdicare
1232 5431 1559 5502 Evangelium
1595 5451 1613 5488 :
1651 5435 1831 5504 quibus

250 5532 298 5575 et
318 5524 653 5593 manifestavit
684 5540 739 5578 se
766 5525 932 5593 ipsum
960 5533 1069 5593 post
1100 5526 1381 5595 passionem
1411 5541 1555 5578 suam
1582 5526 1636 5578 in
1661 5528 1829 5581 multis

252 5613 429 5683 signis,
462 5631 550 5683 per
577 5615 681 5668 dies
705 5615 1040 5685 quadraginta
1069 5632 1322 5686 apparens
1360 5616 1449 5680 eis,
1480 5624 1527 5669 et
1566 5615 1830 5686 disputans

316 5725 395 5852 ξπ)
426 5729 553 5805 Apud
577 5737 675 5780 Am.
699 5737 749 5803 et
768 5736 863 5803 βίῃ,
888 5743 990 5792 cap.
1018 5731 1093 5781 10.

346 5786 375 5835 b
428 5789 557 5841 bulla
580 5792 670 5842 hoc
693 5794 864 5841 dmsm
889 5798 1013 5852 apud
1040 5803 1093 5845 At

346 5786 395 5852 b)
428 5786 557 5841 Nulla
580 5792 670 5842 hoc
693 5786 864 5841 divisio
889 5786 1013 5855 apud
1040 5803 1135 5847 sm.
1167 5802 1216 5844 ct
1234 5801 1303 5843 Er.

1086 400 1256 445 votco
1294 384 1382 441 DE
1411 382 1708 442 UNITATE
1750 380 2102 437 ECCLESle
2146 384 2343 440 LIBER
2386 383 2584 444 UNUS.

3408 393 3512 452 ilo

1928 495 1990 547 de
2015 511 2167 565 regno
2208 495 2319 550 Dei.
2365 497 2428 551 ιςι
2471 516 2583 551 cum
2613 510 2989 555 conversaretur
3012 516 3127 557 cum
3150 503 3240 571 eis,
3271 510 3508 579 praecepit

1927 586 1998 637 eis
2024 602 2084 638 ne
2104 588 2412 642 discederent
2442 590 2502 642 ab
2529 589 2880 662 Jerosolymis,
2905 593 2992 645 sed
3017 604 3360 663 exspectarent
3388 616 3511 665 prae

1928 678 2211 731 missionem
2238 681 2366 748 ejus,
2390 697 2540 748 quant
2560 683 2793 748 audistis,
2819 684 2996 753 inquit,
3020 702 3085 738 ex
3108 702 3194 739 ore
3214 704 3341 741 meo.
3370 688 3506 753 Quia

1926 768 2151 823 Joannes
2172 772 2368 839 quidem
2397 775 2663 842 baptizavit
2687 792 2839 844 aqua,
2868 794 2951 832 vos
2971 789 3137 833 autem
3165 782 3363 849 Spiritu
3387 799 3508 836 san—

1891 938 1895 945 .
1927 874 2004 915 cto
2025 863 2421 933 baptizabimini,
2435 884 2577 937 quem
2597 878 2641 921 et
2667 872 2921 939 accepturi
2933 874 3047 926 estis
3067 890 3166 925 non
3193 884 3303 942 post
3326 876 3509 928 multos

1927 955 2017 1008 hos
2045 956 2172 1009 dies.
2195 956 2258 1009 At
2282 957 2361 1011 illi
2384 960 2582 1027 quidem
2609 963 2950 1016 convenientes
2970 966 3345 1035 interrogabant
3372 984 3508 1032 eum,

1927 1044 2187 1101 dicentes:
2221 1047 2454 1114 Domine,
2485 1052 2530 1103 si
2570 1052 2621 1104 in
2660 1062 2878 1123 tempore
2912 1054 3005 1108 Itoc
3042 1058 3266 1110 restitues
3302 1074 3510 1127 regnum

1927 1134 2131 1191 Israel?
2164 1138 2354 1204 Quibus
2380 1143 2687 1210 respondens
2717 1144 2842 1197 dixit
2873 1160 2890 1199 :
2916 1145 3035 1199 Non
3063 1157 3365 1201 estvestrum
3382 1150 3512 1202 scire

1926 1236 2148 1299 tempora
2183 1232 2258 1284 vel
2288 1242 2535 1286 momenta
2555 1238 2593 1299 ‘,
2622 1250 2734 1301 qua:
2775 1235 2929 1289 Pater
2967 1239 3134 1305 posuit
3164 1239 3215 1291 in
3243 1255 3333 1292 sua
3362 1249 3509 1308 pote-

1925 1328 2087 1386 state;
2116 1323 2202 1375 sed
2242 1324 2497 1392 accipietis
2540 1326 2769 1378 virtutem
2822 1327 3044 1397 Spiritus
3083 1330 3243 1381 sancti
3269 1346 3509 1397 superve-

1926 1414 2140 1466 nientem
2166 1417 2216 1467 in
2248 1432 2356 1479 vos,
2392 1427 2436 1469 et
2465 1419 2602 1469 eritis
2635 1420 2756 1471 milii
2792 1428 2936 1473 testes
2962 1421 3014 1473 in
3047 1420 3350 1484 Jerusalem,
3382 1431 3428 1473 et
3454 1422 3508 1474 in

1926 1514 2029 1555 tota
2046 1503 2252 1571 Judtca,
2283 1516 2328 1559 et
2360 1506 2618 1569 Samaria,
2661 1518 2707 1562 et
2736 1526 2891 1579 usque
2911 1510 2961 1562 in
2986 1519 3137 1563 totam
3161 1520 3343 1563 terram
3366 1510 3503 1578 (Act.

1926 1610 1962 1658 ι,
2000 1595 2131 1665 l-S).
2163 1596 2301 1651 Ecce
2327 1607 2378 1651 et
2407 1598 2491 1652 hic
2513 1598 2904 1652 manifestatum
2930 1606 3014 1653 est
3050 1599 3189 1654 unde
3230 1609 3465 1669 emptura
3488 1642 3502 1667 ,

1925 1696 1978 1739 ct
2004 1703 2280 1757 quousque,
2310 1700 2624 1757 perventura
2655 1700 2797 1745 esset
2826 1691 3079 1744 Ecclesia.

1994 1778 2084 1833 28.
2125 1778 2262 1845 Quid
2306 1780 2369 1833 ad
2402 1780 2514 1834 lucc
2544 1782 2725 1835 dicunt
2754 1781 2842 1851 qui
2873 1782 3193 1837 christianos
3230 1796 3289 1836 se
3319 1796 3506 1851 super-

1925 1868 2143 1925 bis~ime
2169 1869 2349 1924 dicunt
2367 1912 2379 1935 ,
2410 1882 2464 1925 et
2491 1871 2706 1926 Christo
2734 1874 3070 1941 apertissime
3095 1873 3505 1928 contradicunt?

1925 1962 2032 2015 Nos
2086 1962 2223 2017 hanc
2263 1962 2571 2017 Ecclesiam’
2599 1974 2861 2030 tenemus,
2890 1974 3074 2019 contra
3126 1966 3254 2019 istas
3300 1964 3508 2018 divinas

1924 2066 2082 2106 voces
2113 2053 2283 2106 nullas
2309 2053 2567 2107 humanas
2589 2055 2987 2109 criminationes
3014 2054 3364 2109 admittimus.
3389 2054 3505 2108 Mo-

1926 2155 2016 2199 vet
2043 2145 2182 2199 enim
2212 2160 2309 2199 nos
2334 2147 2619 2216 plurimum
2642 2189 2655 2213 ,
2686 2146 2824 2216 quod
2867 2148 3119 2200 Dominus
3159 2156 3345 2200 uoster
3364 2188 3378 2211 ,
3423 2144 3509 2200 cui

1924 2250 2028 2289 non
2079 2235 2298 2290 credere
2346 2236 2660 2305 sacrilegum
2707 2246 2760 2290 et
2809 2237 3029 2306 impium
3070 2245 3172 2299 est,
3207 2235 3509 2289 novissimis

1923 2325 2099 2380 verbis
2125 2328 2255 2392 suis,
2297 2342 2414 2395 qua:
2455 2326 2635 2380 habuit
2679 2326 2731 2380 in
2763 2336 2922 2389 terra,
2955 2327 3071 2380 hmo
3100 2326 3379 2394 primitiva}
3407 2324 3510 2379 Ec-

1923 2420 2104 2474 clesiae
2130 2420 2447 2475 documenta
2495 2421 2723 2474 salubria
2771 2432 2825 2475 et
2869 2422 3154 2474 novissima
3203 2420 3505 2488 dereliquit.

1925 2510 2017 2564 llis
2044 2511 2181 2563 enim
2218 2510 2372 2563 dictis
2401 2496 2523 2563 mox
2568 2511 2805 2564 ascendit
2835 2512 2886 2564 in
2916 2511 3109 2565 cmlum
3137 2529 3149 2565 :
3186 2512 3507 2579 prtemuuire

1923 2603 2087 2657 voluit
2107 2618 2264 2657 aures
2290 2612 2499 2657 nostras
2524 2602 2779 2656 adversus
2805 2616 2918 2666 eos,
2943 2616 3075 2670 quos
3098 2600 3506 2670 procedentibus

1924 2694 2249 2764 temporibus
2272 2704 2678 2748 exsurrecturos
2718 2707 2836 2747 esse
2880 2692 3215 2761 praedixerat,
3244 2700 3297 2745 et
3334 2691 3506 2744 dictu-

1924 2803 2033 2852 ros,
2066 2786 2198 2840 Ecce
2219 2787 2299 2840 hic
2328 2796 2398 2840 est
2422 2785 2672 2850 Christus,
2694 2802 2804 2839 ecce
2830 2785 2935 2837 illic
2963 2783 3175 2853 (Matth.
3206 2799 3358 2845 xxiv,
3387 2781 3502 2851 2'5).

1923 2880 2128 2947 Quibus
2160 2895 2227 2934 ne
2254 2879 2596 2933 crederemus
2639 2878 2932 2931 admonuit.
2965 2876 3072 2929 Nec
3102 2875 3207 2929 ulla
3238 2874 3391 2928 nobis
3414 2889 3508 2929 cx-

1922 2971 2125 3024 cusatio
2154 2980 2269 3036 est,
2311 2970 2354 3023 si
2394 2969 2776 3023 crediderimus
2803 2977 2989 3021 contra
3016 2981 3200 3019 vocem
3242 2965 3500 3036 pastoris,

1925 3070 2028 3115 tam
2056 3062 2273 3127 claram,
2300 3071 2405 3114 tam
2439 3072 2698 3130 apertam,
2732 3069 2837 3113 tam
2868 3057 3224 3118 manifestam.
3268 3066 3323 3110 ut
3350 3071 3507 3111 nemo

1923 3153 2006 3207 vel
2034 3153 2255 3206 obtusus
2280 3160 2333 3206 et
2361 3151 2541 3205 tardus
2571 3150 2732 3205 corde
2759 3151 2923 3219 possit
2957 3149 3134 3203 dicere
3153 3190 3167 3211 ,
3209 3148 3321 3202 Non
3352 3148 3510 3201 intel-

1924 3242 2047 3297 lexi.
2072 3242 2201 3309 Quis
2221 3243 2361 3295 cnim
2391 3257 2496 3295 non
2533 3241 2812 3309 intelligat,
2839 3240 2928 3294 Sic
2969 3239 3226 3307 oportebat
3249 3238 3503 3291 Christum

1924 3334 2050 3403 pati,
2079 3342 2125 3386 et
2140 3332 2401 3401 reBurgere
2426 3332 2571 3384 tertia
2601 3330 2701 3397 die,
2732 3340 2777 3383 et
2802 3329 3068 3399 prwdicari
3094 3330 3143 3381 in
3175 3329 3373 3381 nomine
3401 3330 3507 3397 ejus

1925 3423 2263 3494 paenitentiam
2289 3431 2335 3475 et
2363 3422 2703 3475 remissionem
2728 3431 3042 3489 peccatorum
3066 3435 3155 3489 per
3186 3434 3355 3471 euntes
3381 3434 3507 3487 gen-

1925 3523 2016 3577 tes,
2065 3512 2413 3583 iucipientibus
2458 3513 2519 3565 ab
2559 3510 2884 3564 Jerusalem?
2925 3510 3054 3577 Quis
3082 3524 3184 3561 non
3233 3508 3506 3576 intelligat,

1928 3605 2083 3659 Eritis
2124 3604 2248 3658 milti
2285 3613 2433 3657 testes
2470 3604 2523 3655 in
2565 3601 2884 3664 Jerusalem,
2927 3611 2974 3653 et
3003 3601 3055 3653 in
3095 3607 3197 3652 tota
3225 3599 3432 3662 Judaza,
3466 3613 3512 3649 et

1927 3694 2189 3759 Samaria,
2214 3703 2260 3747 et
2286 3710 2440 3760 usque
2464 3694 2515 3745 in
2542 3702 2695 3745 totam
2717 3692 2937 3744 terram?
2963 3690 3061 3743 llis
3096 3690 3263 3753 dictis,
3292 3690 3511 3742 elevatus

1925 3793 2070 3850 est,et
2083 3786 2233 3837 nubes
2246 3783 2461 3850 suscepit
2474 3790 2656 3846 eum,et
2671 3781 2900 3833 viderunt
2912 3796 3022 3831 eum
3034 3788 3228 3831 euntem
3242 3779 3293 3829 in
3307 3778 3512 3829 carlum?

1927 3874 2063 3941 Quid
2089 3874 2192 3927 hoc
2230 3882 2333 3939 est,
2380 3872 2551 3940 rogo?
2588 3870 2721 3924 Cum
2751 3869 2915 3924 verba
2962 3868 3246 3921 novissima
3277 3866 3509 3919 hominis

1927 3964 2204 4019 morientis
2230 3961 2515 4015 audiuntur
2532 4002 2548 4028 ,
2578 3960 2699 4013 ituri
2726 3960 2791 4013 ad
2813 3958 3032 4021 inferos,
3057 3970 3214 4010 nemo
3240 3970 3359 4009 eum
3385 3953 3517 4008 dicit

1929 4072 2049 4111 esse
2078 4055 2379 4115 mentitum,
2429 4062 2482 4107 et
2508 4052 2702 4122 impius
2740 4051 3009 4121 judicatur
3037 4049 3230 4111 lneres,
3260 4047 3350 4117 qui
3378 4046 3516 4101 forte

1930 4149 2014 4202 illa
2062 4146 2442 4216 contempserit
2487 4162 2499 4198 :
2547 4144 2815 4215 quomodo
2856 4157 2983 4212 ergo
3025 4140 3338 4210 effugiemus
3379 4139 3514 4193 iram

1932 4240 2054 4305 Dei,
2084 4239 2126 4293 si
2150 4238 2232 4293 vel
2257 4253 2360 4291 non
2388 4236 2668 4292 credentes
2689 4276 2703 4302 ,
2734 4236 2818 4290 vel
2843 4243 3249 4288 contemnentes
3298 4230 3514 4301 repule-

1930 4332 2098 4386 rimus
2122 4330 2283 4384 verba
2308 4329 2592 4383 novissima
2612 4370 2626 4393 ,
2661 4338 2715 4381 ct
2742 4327 2882 4381 unici
2914 4325 3035 4379 Filii
3074 4325 3203 4388 Dei,
3248 4333 3303 4378 et
3348 4322 3515 4377 nostri

1932 4423 2143 4479 Domini
2171 4438 2234 4477 ac
2259 4422 2577 4486 Salvatoris,
2610 4429 2665 4475 et
2691 4421 2810 4473 ituri
2836 4419 2887 4473 in
2910 4419 3104 4474 caalnm
3129 4460 3142 4482 ,
3168 4426 3222 4471 et
3245 4416 3367 4471 inde
3392 4430 3518 4485 pro-

1932 4516 2161 4584 specturi
2192 4516 2309 4584 quis
2335 4529 2394 4566 ea
2423 4515 2670 4583 negligat,
2699 4512 2816 4581 quis
2847 4512 3128 4574 observet;
3160 4520 3213 4565 et
3241 4508 3363 4563 inde
3387 4523 3521 4561 ven-

1935 4610 2058 4673 turi,
2089 4616 2145 4661 ut
2174 4608 2239 4661 de
2271 4606 2519 4660 omnibus
2547 4604 2787 4673 jndicet?
2821 4603 3001 4657 llabeo
3027 4602 3514 4656 maniiestissimam

1934 4714 2115 4754 vocem
2140 4698 2367 4767 pastoris
2395 4696 2517 4760 mei,
2547 4693 2966 4750 commendantis
2995 4693 3119 4747 mihi
3148 4702 3201 4747 et
3231 4692 3348 4746 sine
3386 4690 3510 4745 ullis

1933 4789 2244 4858 ambagibus
2276 4786 2619 4856 exprimentis
2646 4784 2935 4839 Ecclesium
2970 4800 2983 4836 :
3010 4782 3139 4838 mihi
3167 4781 3438 4852 imputabo
3468 4780 3516 4834 si

1934 4883 2001 4937 ab
2026 4883 2143 4952 ejus
2168 4896 2344 4952 grege,
2370 4879 2507 4949 quod
2532 4887 2613 4933 est
2635 4878 2746 4953 ipsa
2770 4877 3026 4943 Ecclesia,
3050 4891 3146 4945 per
3165 4877 3325 4930 verba
3347 4872 3519 4926 homi-

1936 4992 2062 5029 num
2090 4973 2269 5028 seduci
2297 4981 2453 5041 atque
2479 4972 2729 5025 aberrare
2757 4969 3005 5033 voluero;
3030 4982 3150 5022 cum
3178 4981 3263 5020 me
3289 4976 3517 5033 prmser-

1937 5069 2031 5122 tim
2077 5065 2411 5120 admonuerit
2461 5064 2663 5128 dicens,
2695 5063 2822 5127 Qute
2860 5070 2979 5115 sunt
3021 5075 3133 5113 oves
3176 5071 3318 5119 meae,
3348 5069 3518 5107 vocem

1937 5176 2098 5212 meam
2123 5158 2335 5210 audiunt
2361 5166 2407 5208 et
2435 5164 2708 5225 sequuntur
2733 5169 2810 5207 me
2832 5151 3008 5222 (Joan.
3036 5168 3089 5216 χ,
3110 5148 3224 5218 27).
3251 5146 3390 5199 Ecce
3411 5157 3517 5197 vox

1937 5253 2055 5321 ejus
2084 5252 2224 5304 clara
2253 5256 2305 5302 et
2331 5257 2512 5318 aperta
2548 5264 2561 5300 :
2591 5245 2690 5300 hac
2727 5244 2903 5298 audita
2932 5242 3018 5313 qui
3048 5256 3169 5295 eum
3202 5252 3305 5293 non
3336 5234 3515 5304 sequi-

1941 5353 2043 5406 tur,
2076 5339 2343 5411 quomodo
2383 5354 2441 5393 se
2488 5353 2639 5392 ovem
2670 5337 2786 5405 ejus
2828 5335 3007 5389 dicere
3050 5330 3307 5384 audebit?
3351 5327 3520 5382 Nemo

1939 5436 2067 5490 mihi
2091 5433 2268 5487 dicat:
2297 5431 2341 5485 Ο
2363 5430 2487 5501 quid
2512 5429 2643 5484 dixit
2668 5429 2922 5487 Donatus,
2946 5439 2979 5477 ο
2999 5420 3123 5491 quid
3145 5420 3276 5473 dixit
3300 5419 3516 5473 Parme-

1940 5530 2149 5591 nianus,
2177 5536 2267 5581 aut
2296 5524 2544 5588 Pontius,
2575 5532 2665 5575 aut
2702 5518 2924 5589 quilibet
2954 5515 3162 5569 illorum
3190 5514 3202 5566 !
3234 5512 3363 5580 Quia
3410 5524 3509 5564 nec

1939 5619 2216 5677 catholicis
2259 5617 2523 5686 episcopis
2567 5608 3001 5668 consentiendum
3034 5616 3149 5674 est,
3181 5605 3347 5661 sicubi
3386 5602 3520 5656 forte

2006 5734 2019 5763 ⁸
2059 5739 2105 5779 1η
2130 5728 2411 5777 Floriaceusi
2438 5725 2600 5773 codice
2637 5723 2795 5783 deest,
2826 5720 2898 5773 vel
2934 5728 3200 5781 momenta;
3240 5719 3366 5782 quod
3408 5713 3521 5764 Ltd»

1946 5794 2099 5844 omitti
2124 5790 2249 5840 solet
2274 5792 2319 5838 iu
2345 5789 2597 5848 manuscri;
2616 5787 2689 5835 tis.
