3998 6504
483 388 579 450 ιιι

419 555 425 562 ,
485 502 762 566 falluntur,
796 504 1062 552 utcontra
1094 491 1378 547 canonicas
1415 488 1506 542 Dei
1537 487 1842 556 Scripturas
1869 483 2068 554 aliquid

485 592 742 648 sentiant.
774 587 880 643 Sed
907 587 950 642 si
979 582 1241 640 custodito
1267 582 1280 612 ⁸
1331 579 1549 634 unitatis
1573 588 1626 632 et
1653 577 1927 632 charitatis
1957 576 2073 629 vin-

487 681 615 738 culo
642 683 694 735 in
728 679 828 734 hoc
859 675 1113 740 incidunt,
1145 672 1234 726 (iet
1259 671 1311 725 in
1350 671 1428 725 eis
1470 669 1609 740 quod
1637 669 1924 737 Apostolus
1957 666 2030 720 ait
2063 683 2076 730 ;

490 776 558 830 Et
579 776 624 829 si
647 773 768 844 quid
787 772 931 825 aliter
957 767 1156 836 sapitis,
1182 766 1273 819 hoc
1293 779 1486 834 quoque
1515 761 1652 816 Deus
1673 761 1806 815 vobis
1844 759 2078 813 reuelabit

493 860 956 936 (Philipp.ttt,15).
974 858 1090 914 Jam
1105 856 1360 912 veroistce
1376 853 1568 909 divina:
1581 866 1738 907 voces
1751 849 1818 906 de
1830 849 2077 906 universa

499 955 758 1020 Ecclesia,
779 953 848 1007 ita
879 950 1171 1005 manifestae
1192 956 1336 1013 sunt,
1351 955 1406 1000 ut
1421 954 1605 1000 contra
1617 958 1709 998 eas
1724 943 1823 997 nisi
1839 941 2077 996 hteretici

492 1047 726 1102 animosa
744 1043 1313 1114 perversitateeteazco
1331 1039 1507 1093 furore
1519 1038 1713 1092 latrare
1731 1049 1834 1090 non
1853 1035 2076 1105 possint.

561 1137 652 1192 29.
693 1135 800 1192 Sed
835 1133 1142 1205 praedictam
1186 1130 1670 1187 demonstravimus
1701 1127 1993 1184 Ecclesiam
2027 1126 2078 1181 in

491 1229 658 1286 verbo
683 1228 776 1284 Dei
801 1241 999 1297 sponso
1021 1226 1158 1296 ejus,
1189 1225 1300 1280 sive
1323 1239 1416 1294 per
1441 1223 1660 1293 Legem,
1685 1230 1738 1276 et
1761 1219 2077 1290 Prophetas,

493 1331 548 1375 et
573 1320 838 1385 Psalmos,
870 1318 983 1374 sive
1005 1332 1102 1387 per
1122 1331 1182 1371 os
1207 1315 1503 1386 proprium,
1542 1313 1609 1368 ab
1645 1310 1942 1368 Jerusalem
1973 1325 2082 1364 coe-

494 1419 740 1481 pturam,
789 1417 845 1464 et
884 1415 1261 1478 perventuram
1314 1420 1480 1474 usque
1525 1403 1590 1458 ad
1638 1403 1894 1457 terminos
1937 1400 2081 1455 orbis

494 1510 654 1556 terra:
686 1518 698 1554 :
728 1498 996 1570 quomodo
1043 1507 1219 1553 autem
1247 1495 1467 1568 creperit
1492 1495 1557 1551 ab
1583 1493 1902 1559 Jerusalem,
1945 1500 2000 1547 et
2031 1491 2082 1546 in

495 1607 682 1648 omnes
709 1600 895 1663 gentes
922 1590 1044 1645 inde
1069 1589 1259 1644 diﬂ'usa
1290 1587 1595 1653 lruetilicet,
1624 1587 1674 1640 in
1705 1585 1891 1640 eodem
1917 1584 2081 1638 verbo

497 1684 592 1740 Dei
617 1685 777 1739 etiam
804 1699 900 1753 per
921 1682 1207 1752 Apostolus
1227 1681 1642 1744 demonstratur,
1667 1679 1804 1732 sicut
1824 1677 2080 1748 scriptum

496 1783 580 1828 est
607 1774 659 1828 in
689 1773 908 1829 Actibus
934 1771 1334 1843 Apostolorum,
1364 1769 1503 1840 quod
1534 1769 1644 1840 jam
1669 1769 2082 1824 commemoravi

495 1865 696 1921 dixisse
729 1865 1041 1930 Dominum,
1085 1862 1246 1916 Erilis
1276 1862 1400 1915 mihi
1439 1869 1583 1914 testes
1608 1860 1665 1913 in.
1687 1858 2006 1924 Jerusalem,
2039 1869 2085 1913 et

494 1958 549 2011 in
586 1965 692 2010 tota
717 1955 934 2020 Judtea,
964 1965 1010 2009 et
1042 1955 1308 2020 Samaria,
1347 1963 1390 2005 et
1419 1968 1574 2022 usque
1611 1953 1662 2006 iu
1693 1961 1847 2005 totant
1877 1962 2082 2005 terram.

496 2049 702 2104 Deinde
725 2048 962 2118 sequitur
987 2064 999 2102 :
1026 2046 1152 2101 Ha’c
1181 2063 1294 2100 cum
1314 2046 1541 2111 dixisset,
1567 2044 1842 2099 videntibus
1868 2044 1970 2098 illis
1986 2042 2087 2097 ele-

495 2151 641 2196 vatus
662 2150 756 2207 est,
784 2150 829 2193 ct
858 2139 1009 2194 nubes
1029 2140 1247 2208 suscepit
1263 2154 1374 2191 eum
1395 2138 1457 2190 ab
1477 2136 1637 2191 oculis
1657 2153 1850 2190 eorum.
1885 2133 1949 2188 Et
1972 2151 2086 2188 cum

497 2235 811 2290 intuerentur
829 2234 882 2288 in
903 2232 1080 2288 coelum
1107 2241 1304 2286 euntem
1331 2232 1497 2296 illum,
1528 2246 1640 2284 ecce
1665 2229 1765 2282 duo
1795 2228 1890 2282 viri
1913 2228 2087 2282 astite-

495 2335 613 2380 runt
634 2327 736 2381 illis
762 2327 815 2380 in
835 2334 964 2381 veste
985 2325 1223 2392 candida,
1245 2325 1332 2395 qui
1353 2334 1396 2378 et
1415 2324 1685 2377 dixerunt:
1727 2321 1830 2375 Viri
1856 2320 2079 2387 Caliltei,

496 2417 621 2486 quid
643 2417 787 2471 statis
815 2415 1134 2486 respicientes
1151 2416 1204 2469 in
1227 2415 1407 2469 cazlunt
1427 2414 1452 2467 ?
1472 2413 1584 2467 Jste
1602 2413 1634 2466 J
1641 2429 1752 2467 esus
1772 2412 1859 2483 qui
1885 2429 2083 2467 assum-

497 2518 613 2579 plus
640 2518 711 2562 cst
739 2525 771 2561 a
795 2508 930 2562 vobis
958 2507 1010 2562 in
1043 2507 1242 2572 caelum,
1274 2507 1346 2560 sic
1376 2506 1534 2560 veniet
1559 2503 1982 2574 quemadmodum
2007 2505 2084 2557 vi-

497 2600 643 2654 distis
667 2616 781 2654 eum
803 2609 1003 2654 euntem
1029 2599 1084 2652 in
1107 2599 1308 2652 calum.
1333 2596 1476 2651 Tunc
1503 2597 1687 2650 reversi
1708 2604 1825 2650 sttnt
1851 2597 1904 2649 in
1925 2594 2052 2650 Jeru
2067 2624 2084 2634 -

497 2691 658 2744 salem
685 2707 716 2743 a
742 2700 911 2744 monte
937 2691 1021 2758 qui
1045 2697 1249 2744 vocatur
1271 2687 1470 2754 Elteon,
1497 2687 1585 2757 qui
1608 2699 1683 2742 est
1700 2688 1852 2756 juxta
1881 2685 2088 2740 Jeroso-

498 2782 710 2850 lgmam,
738 2780 930 2835 sabbati
950 2780 1136 2834 habens
1155 2780 1268 2832 iter.
1302 2777 1366 2832 Et
1386 2794 1498 2831 cum
1519 2777 1827 2842 introissent,
1850 2775 2088 2830 ascende-

497 2879 619 2923 runt
665 2871 716 2923 in
765 2871 1049 2940 superiora,
1092 2869 1176 2923 ubi
1224 2878 1364 2922 erant
1393 2869 1763 2934 inhabitantes,
1813 2865 2000 2920 Petrus
2042 2877 2088 2920 et

498 2961 726 3016 Joannes
748 3004 763 3027 ,
795 2962 1017 3016 Jacobus
1042 2971 1087 3016 ct
1122 2961 1352 3015 Andreas
1375 3002 1390 3028 ,
1439 2959 1714 3031 Philippus
1747 2971 1792 3012 et
1823 2957 2046 3014 Thomas
2071 2999 2085 3026 ,

498 3051 904 3105 Bartholomteus
934 3062 980 3105 et
1011 3050 1305 3115 Matthazus,
1337 3049 1559 3103 Jacobus
1584 3049 1805 3118 Alphazi,
1835 3057 1881 3102 et
1909 3048 2089 3103 Simon

500 3141 720 3209 Zelotes,
755 3151 801 3196 ct
837 3141 868 3196 J
879 3143 1004 3197 udas
1041 3142 1243 3196 Jacobi.
1278 3140 1350 3193 Ili
1388 3157 1559 3193 omnes
1587 3149 1728 3193 erant
1768 3139 2090 3192 asservientes

500 3235 766 3289 unanimes
807 3235 1023 3289 orationi
1054 3251 1169 3288 cum
1211 3233 1501 3287 mulieribus
1537 3241 1585 3285 et
1626 3230 1824 3295 Maria,
1855 3245 1969 3296 qua:
1997 3229 2090 3300 fuit

504 3338 668 3382 mater
695 3327 839 3394 Jcsu,
878 3337 922 3381 et
950 3326 1194 3396 fratribus
1223 3326 1353 3396 ejus.
1385 3323 1453 3377 In
1476 3323 1554 3378 his
1575 3332 1744 3375 autent
1769 3323 1944 3375 diebus
1979 3337 2093 3374 sur-

503 3435 626 3488 gens
654 3416 836 3471 Petrus
870 3418 921 3470 in
965 3417 1127 3470 medio
1153 3413 1550 3484 discipulorum,
1585 3412 1712 3465 dixit
1731 3426 1750 3474 ;
1781 3420 1887 3464 erat
1926 3419 2092 3463 autent

505 3507 653 3560 turba
683 3507 941 3560 hominum
983 3506 1180 3560 circiter
1219 3514 1416 3558 centum
1442 3503 1636 3574 viginti.
1671 3500 1874 3556 Deinde
1904 3515 2089 3554 narra-

507 3605 618 3663 tur,
661 3597 821 3653 Petro
866 3597 1089 3651 faciente
1119 3611 1423 3652 sermonem
1447 3637 1464 3663 ,
1493 3592 1942 3665 quemadmodum
1984 3591 2092 3646 Ma-

505 3689 648 3743 thias
678 3689 728 3742 in
757 3689 931 3744 locum
960 3687 1110 3744 Judze
1133 3688 1405 3744 traditoris
1434 3687 1642 3742 Domini
1669 3686 1984 3755 subrogatus
2003 3685 2094 3738 sit.

507 3780 579 3848 Et
598 3789 720 3860 post
739 3780 854 3850 ejus
879 3779 1269 3834 ordinationem
1301 3777 1543 3848 sequitur
1567 3776 1840 3846 Scriptura
1865 3774 2048 3830 dicens
2079 3792 2091 3828 :

510 3874 579 3927 Et
603 3891 716 3927 cum
739 3871 1112 3943 complerentur
1140 3872 1247 3926 dies
1284 3870 1628 3934 Pentecostes,
1659 3878 1800 3923 erant
1827 3883 1997 3922 omnes
2026 3867 2098 3920 si-

509 3966 616 4024 mul
635 3965 687 4018 in
707 3981 864 4018 unum
878 3966 899 3996 ¹
927 3979 945 4018 :
970 3974 1014 4016 et
1039 3967 1201 4035 factus
1223 3971 1294 4016 est
1314 3971 1516 4032 repente
1533 3960 1596 4015 de
1620 3960 1745 4014 cazlo
1766 3975 1938 4025 sonus,
1964 3959 2096 4012 velut

509 4056 821 4113 decurrentis
857 4055 1064 4126 spiritus
1103 4054 1434 4117 vehementis,
1476 4061 1523 4105 et
1556 4050 1763 4120 replevit
1806 4058 1959 4103 totam
2003 4049 2098 4101 do-

510 4161 667 4211 mum,
710 4145 792 4198 ubi
830 4154 972 4198 erant
997 4144 1260 4207 sedentes;
1289 4152 1336 4197 et
1380 4143 1498 4196 visa:
1524 4151 1637 4194 sunt
1678 4141 1779 4194 illis
1817 4139 2098 4194 distributa:

518 4236 704 4305 lingua:
727 4235 854 4289 velut
880 4236 1013 4305 ignis
1041 4250 1059 4288 :
1089 4234 1312 4288 consedit
1335 4243 1501 4286 autem
1521 4248 1674 4302 super
1699 4247 2098 4300 unumquemque

516 4343 710 4389 eorum,
735 4335 780 4379 et
803 4326 977 4395 repleti
1004 4333 1119 4379 sunt
1141 4341 1311 4378 omnes
1335 4323 1536 4394 Spiritu
1556 4329 1748 4387 sancto,
1776 4332 1822 4375 et
1847 4330 2097 4391 coeperunt

517 4416 654 4486 loqui
696 4416 847 4469 variis
884 4415 1102 4485 linguis,
1141 4423 1289 4484 prout
1329 4412 1556 4482 Spiritus
1584 4409 1733 4463 dabat
1774 4410 2101 4480 pronuntiare

516 4509 642 4572 illis.
674 4507 836 4562 Erant
869 4515 1036 4560 autem
1065 4505 1398 4558 inhabitantes
1423 4504 1476 4556 in
1500 4502 1791 4558 Jerusalem
1815 4501 1984 4555 Judaei
2007 4502 2099 4556 viri

517 4601 774 4672 religiosi’
790 4641 807 4666 ,
851 4617 914 4654 ea:
939 4598 1076 4653 omni
1099 4606 1242 4668 gente
1263 4612 1375 4666 qua:
1399 4604 1470 4650 est
1491 4594 1582 4650 sub
1609 4595 1754 4649 ctelo.
1780 4593 2001 4661 Cumque
2021 4597 2102 4665 fa-

518 4705 601 4755 cta
618 4701 746 4747 esset
770 4693 876 4749 lucc
907 4707 1023 4757 vox,
1053 4689 1280 4743 convenit
1303 4688 1591 4754 multitudo,
1623 4703 1684 4740 ac
1713 4697 1874 4741 mente
1894 4688 2104 4758 confusa

519 4794 613 4850 est,
637 4785 754 4855 quia
779 4783 1012 4837 audiebat
1033 4782 1372 4851 unusquisque
1393 4796 1566 4834 eorum
1585 4796 1677 4835 sua
1698 4779 1871 4850 lingua
1896 4779 2104 4848 loquen-

519 4885 592 4932 tes
619 4892 725 4930 eos.
753 4873 1034 4944 Stupebant
1067 4881 1235 4926 autent
1261 4881 1307 4926 et
1340 4871 1652 4926 mirabantur
1679 4871 1747 4924 ad
1780 4870 1996 4925 invicem
2025 4870 2104 4924 di-

519 4976 684 5022 centes
715 4980 734 5019 :
758 4963 943 5019 Nonne
968 4979 1138 5018 omnes
1163 4963 1245 5017 isti
1270 4963 1356 5033 qui
1389 4963 1692 5032 loquuntur,
1726 4961 1927 5017 Galila'i
1949 4961 2107 5016 sunt?

518 5058 588 5112 Et
612 5056 860 5126 quomodo
898 5073 989 5110 nos
1026 5055 1309 5109 audivimus
1343 5054 1680 5125 unusquisque
1721 5053 1981 5124 propriam
2009 5053 2109 5106 lin-

518 5167 693 5220 guam,
721 5150 774 5203 in
794 5165 893 5216 qua
913 5148 1018 5202 nati
1044 5147 1257 5202 sumus?
1281 5145 1487 5214 Parthi,
1511 5155 1557 5200 et
1581 5145 1738 5210 Medi,
1769 5155 1816 5199 et
1848 5143 2102 5210 Elamitw,

520 5250 564 5299 et
585 5243 671 5313 qui
690 5241 972 5296 inhabitant
994 5237 1620 5313 Mesopotamiatnudwi,
1644 5245 1690 5291 et
1708 5235 2103 5308 Cappadociam,

522 5310 766 5400 Pontum,
789 5343 834 5388 et
856 5333 1049 5400 Asiani,
1073 5310 1448 5401 Phrygiamquiz
1465 5339 1508 5384 et
1527 5328 1910 5400 Pamphyliam,
1933 5328 2076 5399 ngg
2091 5359 2106 5369 ο

523 5436 686 5497 ptum,
713 5435 757 5479 et
788 5435 952 5494 partes
977 5424 1152 5495 Lybiae
1180 5439 1293 5493 qua:
1320 5433 1435 5478 sunt
1465 5426 1532 5476 ad
1561 5421 1808 5494 Cyrenen,
1837 5433 1881 5476 et
1907 5422 1995 5492 qui
2017 5423 2109 5474 ad-

529 5527 765 5574 venerant
789 5517 1028 5581 Romani,
1052 5516 1320 5586 Judazique
1334 5526 1378 5569 et
1399 5516 1623 5583 adventu,
1643 5515 1896 5569 Cretenses
1919 5523 1963 5568 ct
1983 5516 2111 5568 Ara-

592 5631 609 5697 Ῐ
645 5628 776 5697 ἑωιᾴ
800 5634 926 5697 ἕλον-ν
951 5628 1034 5697 δρα
1055 5627 1134 5697 (ιιςὶ
1157 5626 1406 5697 custodita

591 5692 610 5721 ³
645 5688 779 5748 Editi,
803 5688 852 5738 in
890 5688 1056 5738 eodem
1093 5689 1209 5739 lcco.
1241 5697 1292 5738 Μ
1329 5689 1640 5739 Floriacensis
1662 5689 1835 5748 codex,
1864 5689 1910 5739 in
1952 5704 2108 5740 τωρωι.

528 5760 692 5802 Cra‘rce
718 5760 811 5808 est,
836 5751 911 5811 cpi
935 5757 981 5800 to
1003 5759 1127 5801 nuto.

597 5815 615 5846 ³
649 5810 956 5870 Flot‘iacettss
980 5815 1151 5874 ctnlcx,
1191 5811 1337 5865 Iutla‘i
1364 5810 1453 5866 t'iri
1475 5817 1519 5863 ct
1544 5811 1767 5874 religiosi.

1563 371 1829 428 CONTRA
1877 366 2297 426 DONATISTAS
2336 373 2687 445 EPISTOLA,
3654 397 3747 452 612

2191 489 2270 540 bes
2295 489 2576 568 audiebant
2595 495 2850 562 loquentes
2874 495 2988 550 illos
3018 497 3120 552 suis
3147 499 3334 570 linguis
3365 506 3615 572 magualia
3645 506 3745 564 Dei.

2185 578 2470 649 Stupebant
2501 595 2670 639 autem
2709 596 2756 641 et
2794 587 3092 642 luesitabant
3141 593 3207 644 ad
3250 592 3466 648 invicem
3503 595 3747 655 dicentes:

2188 669 2445 735 Quidnam
2473 677 2576 728 vult
2598 678 2693 730 hoc
2708 679 2850 733 esse?
2868 679 2970 732 Alii
2989 697 3101 736 vero
3117 682 3396 738 irridebant
3409 702 3511 752 eos,
3530 687 3747 748 dicentes:

2188 757 2321 823 Quia
2359 773 2520 818 musto
2565 767 2743 835 repleti
2785 777 2900 822 sunt
2933 769 3034 823 isti.
3077 771 3232 826 Stans
3278 790 3396 828 vero
3433 774 3608 832 Petrus
3649 796 3748 836 cum

2185 851 2416 905 undecim
2434 853 2717 922 discipulis,
2737 856 2942 913 elevavit
2965 875 3132 914 vocem
3145 878 3312 927 suam,
3330 873 3376 916 et
3395 864 3586 920 locutus
3601 879 3668 922 est
3684 873 3732 924 di
3739 901 3753 913 -

2185 956 2330 996 cens:
2352 941 2663 1013 ViriJudtet‘,
2690 956 2736 1001 et
2753 949 2972 1004 universi
2993 951 3078 1021 qui
3099 952 3650 1024 habitatisJerusalem,
3673 961 3748 1016 hos
3809 1010 3814 1018 .

2186 1031 2320 1086 vobis
2337 1042 2512 1086 notum
2529 1035 2592 1088 sit
2612 1051 2630 1090 :
2649 1045 2704 1092 et
2728 1047 2942 1106 caetera,
2962 1041 3156 1110 quibus
3179 1057 3275 1097 eos
3303 1043 3674 1102 exhortabatur
3695 1051 3758 1103 ad

2188 1121 2366 1178 tidem.
2415 1124 2544 1193 Qua:
2585 1141 2705 1182 cum
2756 1131 3112 1198 terminasset,
3140 1134 3384 1203 sequitur
3411 1134 3669 1207 Scriptura
3696 1141 3756 1195 ita

2188 1229 2411 1270 narrans
2437 1233 2450 1270 :
2485 1215 2584 1270 llis
2611 1218 2766 1288 igitur
2783 1220 3000 1288 auditis,
3026 1225 3312 1292 compuncti
3338 1236 3456 1279 sunt
3483 1228 3657 1293 corde,
3686 1231 3750 1281 di~

2188 1314 2349 1360 centes
2375 1306 2443 1359 ad
2472 1305 2684 1362 Petrum
2707 1319 2753 1362 et
2781 1310 2848 1362 ad
2878 1311 3144 1382 Apostolos
3174 1328 3193 1366 .'
3224 1313 3363 1380 Quid
3388 1316 3652 1385 faciemus,
3676 1320 3760 1372 viti

2189 1397 2371 1466 fratres
2391 1398 2417 1451 ?
2458 1398 2712 1454 Ostendite
2749 1401 2908 1455 nobis.
2956 1400 3140 1457 Petrus
3177 1414 3350 1458 autent
3385 1406 3513 1459 dixit
3549 1407 3615 1460 ad
3641 1425 3752 1462 eos:

2192 1485 2543 1543 Pwuitentiam
2590 1493 2754 1562 agite,
2793 1501 2842 1546 et
2881 1493 3160 1564 baptizetur
3198 1499 3539 1569 unusquisque
3563 1511 3752 1555 vestrum

2190 1577 2242 1632 in
2289 1580 2489 1635 nomine
2528 1580 2561 1634 J
2567 1599 2652 1636 esu
2691 1582 2877 1639 Christi
2904 1587 2958 1640 in
2986 1588 3329 1644 remissionem
3358 1602 3688 1660 peccatorum,
3715 1605 3753 1648 et

2190 1672 2444 1743 accipietis
2483 1676 2702 1745 gratiam
2747 1676 2972 1748 Spiritus
3009 1681 3189 1734 sancti.
3229 1680 3384 1736 Vobis
3409 1691 3480 1738 est
3506 1684 3628 1738 enim
3656 1701 3753 1754 pro-

2190 1764 2388 1830 missio,
2419 1775 2464 1819 ct
2483 1767 2604 1834 ﬁliis
2629 1770 2821 1837 vestris,
2853 1779 2898 1825 et
2923 1772 3150 1827 omnibus
3176 1774 3267 1844 qui
3293 1773 3442 1845 longe
3467 1786 3598 1842 sunt,
3623 1794 3752 1845 quos-

2190 1873 2400 1926 cumque
2435 1859 2750 1916 advocaverit
2789 1861 3038 1918 Dominus
3069 1864 3205 1920 Deus
3231 1877 3422 1922 noster.
3453 1867 3517 1922 Et
3539 1871 3646 1923 aliis
3662 1872 3754 1940 qui-

2191 1947 2302 2004 dem
2329 1949 2488 2004 verbis
2513 1949 2746 2020 plurimis
2776 1954 3138 2022 testiﬁcabatur
3166 1956 3239 2012 eis
3260 1957 3432 2013 dicens
3459 1975 3476 2011 :
3505 1959 3754 2015 Salvantini

2191 2054 2222 2090 a
2263 2042 2583 2109 generatione
2628 2059 2786 2113 prava
2825 2045 2938 2098 hac.
2985 2045 3078 2100 Illi
3105 2063 3221 2102 vero
3250 2059 3450 2120 recepto
3479 2051 3616 2102 verba
3642 2050 3752 2115 hoc,

2191 2129 2541 2199 crediderunt,
2585 2143 2632 2186 et
2674 2133 2916 2205 baptisati
2949 2147 3084 2191 sunt.
3129 2136 3200 2192 Et
3236 2139 3452 2209 adjecta:
3473 2143 3584 2194 sunt
3611 2141 3657 2193 iu
3679 2141 3754 2193 illa

2191 2219 2273 2273 die
2301 2221 2485 2275 animle
2507 2223 2707 2278 circiter
2730 2226 2828 2278 tria
2849 2226 3011 2280 millia
3039 2226 3175 2298 (Act.
3209 2243 3225 2281 ι
3253 2239 3299 2281 et
3326 2228 3409 2300 ll).
3437 2229 3569 2284 Ecce
3593 2243 3753 2297 quem-

2191 2313 2479 2368 admodum
2520 2324 2694 2385 ctepta
2733 2324 2815 2372 est
2844 2317 2891 2388 ετ
2909 2317 2978 2373 ab
3011 2317 3311 2374 Jerusalem
3332 2361 3349 2387 ,
3377 2319 3499 2375 inde
3523 2319 3647 2374 itura
3672 2320 3753 2374 Ec-

2192 2404 2354 2460 clesia
2395 2420 2490 2474 per
2533 2421 2722 2462 omnes
2763 2407 2970 2478 linguas
3011 2409 3196 2480 :quod
3225 2410 3389 2465 ctiam
3414 2411 3752 2481 pmsignatum

2192 2505 2276 2551 est
2309 2496 2362 2551 in
2402 2497 2514 2563 eis,
2545 2499 2634 2568 qui
2665 2498 2861 2554 ibidem
2888 2500 3158 2556 constituti
3184 2509 3413 2572 accepto
3437 2500 3624 2571 Spiritu
3647 2515 3752 2556 sau-

2193 2596 2280 2642 cto
2301 2590 2492 2659 linguis
2513 2591 2758 2648 omnibus
2777 2601 2902 2647 sunt
2925 2592 3104 2648 locuti.

2265 2681 2354 2736 50.
2375 2680 2492 2735 Jam
2521 2697 2615 2750 per
2637 2682 2768 2737 alias
2789 2693 2974 2752 gentes
2998 2684 3450 2754 quemadmodum
3475 2685 3606 2751 ierit,
3630 2683 3752 2754 quod

2193 2773 2354 2829 etiam
2385 2773 2500 2843 ipse
2521 2774 2710 2830 Petrus
2736 2775 3093 2844 praedixerat,
3120 2778 3210 2832 ubi
3240 2777 3355 2844 ait,
3391 2777 3538 2832 Vobis
3561 2787 3626 2832 est
3651 2793 3754 2847 pro-

2194 2865 2364 2920 missio
2384 2873 2430 2918 et
2453 2865 2576 2934 filiis
2604 2867 2778 2921 vestris
2793 2908 2808 2933 ,
2837 2875 2883 2921 et
2907 2867 3136 2922 omnibus
3160 2869 3253 2940 qui
3284 2868 3431 2940 longe
3455 2878 3565 2924 sunt
3582 2909 3596 2933 ,
3619 2884 3752 2937 quos-

2194 2974 2404 3028 cumque
2452 2958 2765 3014 advocaverit
2805 2958 3053 3014 Dominus
3099 2960 3243 3015 Deus
3283 2970 3493 3025 noster;
3526 2959 3748 3029 deinceps

2194 3049 2489 3103 videamus.
2517 3049 2810 3105 Narrantur
2838 3051 2980 3106 enim
3004 3063 3400 3122 consequenter
3419 3067 3499 3117 ea,
3522 3066 3628 3122 quae
3650 3059 3754 3105 tunc

2194 3149 2342 3208 gesta
2385 3149 2509 3194 sunt
2543 3140 2894 3213 Jerosolymis
2921 3157 3088 3213 usque
3113 3143 3180 3199 ad
3205 3143 3508 3214 passionem
3533 3140 3751 3210 Stephani

2195 3228 2405 3284 diaconi
2434 3249 2447 3285 :
2471 3231 2559 3288 ubi
2579 3233 2738 3287 etiam
2761 3233 2952 3288 Saulus
2973 3243 3430 3290 commemoratur
3447 3231 3750 3290 consentiens

2197 3321 2452 3375 occisioni
2468 3322 2604 3391 ejus.
2625 3323 2738 3391 Qua
2757 3324 3040 3394 completa,
3056 3326 3125 3380 ita
3137 3325 3335 3381 deinde
3353 3321 3752 3380 narraturzFacta

2198 3424 2268 3468 est
2288 3425 2456 3468 autem
2470 3415 2521 3469 in
2536 3415 2627 3470 illa
2645 3416 2726 3469 die
2741 3418 3017 3488 persecutio
3037 3434 3224 3488 magna
3244 3419 3300 3472 in
3321 3418 3542 3473 Ecclesia
3555 3422 3752 3486 quateret

2198 3505 2247 3557 in
2269 3503 2629 3576 Jerosolgmis:
2647 3521 2914 3576 omnesque
2923 3507 3138 3578 dispersi
3152 3517 3274 3562 sunt
3301 3509 3352 3562 in
3383 3505 3646 3578 regionibus
3665 3502 3748 3556 Ju-

2199 3595 2342 3662 dwaz,
2357 3612 2405 3650 et
2422 3596 2692 3662 Samaria,
2705 3599 2920 3668 exceptis
2936 3597 3210 3667 Apostolis,
3229 3599 3318 3669 qui
3344 3605 3664 3653 remanserunt
3677 3592 3750 3646 Je-

2199 3691 2486 3759 rosolgmis.
2524 3689 2710 3745 Videte
2744 3689 3191 3759 quemadmodum
3220 3691 3473 3760 deinceps
3486 3689 3746 3759 impleatur.

2200 3779 2341 3850 quod
2371 3795 2465 3849 per
2490 3779 2729 3834 ordinem
2757 3779 3017 3834 Dominus
3043 3779 3254 3836 dixerat
3278 3822 3292 3847 ,
3315 3780 3474 3836 Erilis
3493 3779 3608 3835 mihi
3626 3785 3749 3831 testes

2201 3872 2254 3924 in
2279 3869 2566 3925 Jerusalem
2591 3912 2604 3936 ,
2631 3878 2679 3923 et
2706 3870 2758 3922 in
2787 3879 2893 3923 tota
2915 3869 3105 3925 Judtea
3128 3912 3145 3938 ,
3176 3882 3223 3926 et
3256 3872 3492 3927 Samaria
3513 3911 3528 3936 ,
3554 3877 3598 3924 et
3622 3881 3749 3935 usque

2202 3962 2256 4016 in
2315 3972 2470 4016 totam
2514 3971 2699 4015 terram
2767 3961 2883 4018 Jam
2937 3963 2988 4016 in
3039 3961 3337 4019 Jerusalem
3385 3962 3572 4018 factum
3614 3965 3746 4012 erat:

2204 4056 2526 4125 sequebatur
2557 4055 2610 4108 in
2637 4054 2819 4109 Judwa
2839 4067 2860 4121 ',
2893 4064 2948 4109 et
2975 4055 3214 4110 Samaria
3241 4096 3256 4124 ,
3287 4063 3500 4127 propter
3527 4049 3652 4123 quod
3688 4047 3748 4101 illi

2205 4147 2433 4218 dispersi
2463 4155 2588 4202 sunt
2615 4148 2666 4201 in
2694 4147 3000 4217 regionibus
3024 4147 3226 4203 Judzea:
3251 4190 3266 4214 ,
3299 4158 3353 4204 et
3377 4145 3630 4204 Samaria).
3658 4139 3748 4195 Hoc

2205 4239 2349 4295 enim
2377 4238 2444 4294 de
2473 4239 2578 4294 illis
2607 4253 2731 4294 mox
2759 4239 2990 4294 dicitur:
3033 4240 3097 4292 At
3139 4240 3216 4294 illi
3253 4241 3339 4311 qui
3374 4237 3577 4309 dispersi
3613 4238 3745 4292 erant.

2207 4339 2519 4387 transeuntes
2574 4347 2662 4400 per
2711 4331 2933 4385 civitates
2980 4339 3026 4385 ct
3079 4333 3291 4386 castella
3314 4373 3330 4398 ,
3385 4325 3748 4399 evangelisabaut

2206 4422 2407 4477 verbum
2453 4421 2567 4476 Dei.
2621 4420 2754 4489 Quia
2800 4437 2928 4476 vero
2977 4422 3148 4476 ierant
3194 4431 3250 4477 et
3292 4421 3558 4492 Apostoli,
3599 4413 3748 4471 audito

2209 4512 2352 4582 quod
2392 4512 2688 4581 recepisset
2725 4510 2966 4566 Samaria
3004 4513 3223 4568 verbum
3272 4514 3360 4568 Dei
3387 4553 3400 4575 ,
3444 4507 3640 4582 quando
3673 4517 3748 4572 per

2210 4603 2608 4673 impositionem
2663 4617 2850 4657 manus
2913 4617 3099 4658 eorum
3156 4609 3490 4674 acceperunt
3530 4593 3747 4666 Spiritum

2211 4702 2452 4750 sanctum
2480 4733 2494 4758 ,
2544 4692 2617 4748 ita
2659 4691 2854 4748 dicitur
2900 4693 2967 4749 de
3014 4694 3175 4750 Petro
3222 4704 3276 4750 et
3317 4693 3551 4748 Joanne:
3594 4683 3747 4738 Petrus

2209 4792 2379 4838 autem
2408 4792 2454 4837 et
2481 4781 2708 4837 Joannes
2738 4785 2991 4853 testificati
3019 4784 3222 4838 verbum
3253 4782 3490 4846 Domini,
3527 4774 3747 4832 rediebam

2211 4875 2582 4945 Jerosolgmam
2605 4913 2622 4940 ,
2654 4874 2921 4945 multisque
2939 4875 3060 4929 viris
3081 4875 3512 4930 Samaritanorum
3531 4858 3746 4932 evangt'h"

2214 4968 2394 5022 zabant
2423 4974 2755 5020 transeuntes.
2785 4965 2986 5022 Deinde
3013 4974 3257 5021 narratur
3283 4966 3350 5020 de
3375 4964 3463 5018 illo
3490 4951 3746 5014 Eunucho.

2215 5059 2303 5130 qui
2353 5057 2568 5112 rediens
2612 5056 2679 5110 ab
2720 5055 3108 5127 Jero.-'olymis,
3148 5074 3178 5109 a
3220 5055 3458 5123 Philippo
3495 5043 3746 5115 baptizatus

2214 5159 2298 5204 est
2325 5165 2338 5201 :
2369 5157 2423 5202 ot
2447 5147 2512 5202 tle
2539 5148 2654 5218 ipso
2680 5146 2926 5218 Philippo
2952 5147 3146 5202 dicitur
3171 5188 3185 5212 ,
3215 5146 3435 5215 Angelus
3467 5147 3624 5194 autem
3657 5130 3742 5184 Do-

2215 5240 2338 5292 mini
2367 5238 2537 5306 rapuit
2575 5239 2874 5310 Philippum
2916 5237 2978 5291 ab
3022 5254 3079 5294 eo
3105 5280 3118 5304 ,
3166 5250 3213 5292 et
3259 5235 3471 5307 antplius
3513 5243 3605 5284 non
3652 5219 3733 5274 vidi

2215 5347 2324 5386 cum
2371 5329 2667 5383 Eunuchus.
2715 5329 2740 5383 l
2749 5329 2833 5384 bat
2873 5340 3040 5384 autem
3067 5331 3146 5384 via
3174 5346 3267 5384 sua
3295 5326 3550 5399 gaudens:
3578 5311 3749 5375 Phili!"

2216 5440 2310 5493 pus
2334 5431 2502 5476 autem
2532 5422 2758 5477 inventus
2787 5432 2858 5476 est
2884 5423 3073 5477 venisse
3100 5423 3153 5476 in
3183 5423 3413 5476 Azotum.
3449 5411 3584 5470 Unde
3607 5415 3744 5493 νευσ-

2219 5527 2326 5571 lens
2349 5515 2717 5586 cvangelizabat
2740 5533 2830 5585 per
2855 5532 3025 5570 attines
3053 5515 3272 5569 ciuitates
3296 5525 3446 5582 usque
3462 5505 3571 5560 dum
3595 5492 3748 5552 wnira

2220 5611 2270 5664 in
2299 5609 2579 5664 Cwsaream
2611 5609 2765 5680 (Act.
2796 5625 2886 5663 vut
2912 5609 2951 5678 ).
2993 5608 3080 5664 Sic
3123 5623 3250 5678 ergo
3299 5597 3549 5659 invenitur
3586 5593 3745 5680 cipe?

2221 5702 2414 5758 iudica:
2443 5710 2494 5757 et
2523 5701 2775 5757 Samaria:
2799 5701 3043 5755 civitates
3071 5699 3404 5770 praedicatum
3431 5678 3727 5752 Evangelium

2288 5818 2300 5846 ι
2342 5825 2438 5862 sm.
2469 5820 2518 5862 et
2540 5812 2848 5862 Flm'iacensis
2871 5810 3044 5870 codex,
3070 5814 3274 5871 ca’ptum
3291 5811 3371 5855 cst.
