3998 6464
212 416 313 471 M3

214 530 465 585 Restabat
504 544 632 598 ergo
673 539 728 582 ut
770 528 1144 597 praedicaretur
1174 540 1239 579 ex
1281 522 1465 577 ordine
1499 521 1656 574 etiam
1699 532 1790 586 per

209 635 400 676 omnes
451 630 679 690 gentes,
737 621 876 673 sicut
929 617 1182 671 Dominus
1234 614 1478 677 dixerat,
1536 626 1689 679 usque
1742 610 1794 661 in

209 721 363 766 totam
396 721 603 765 terram.
633 710 865 765 Vocatur
905 724 1032 778 ergo
1070 708 1258 763 Saulus
1296 705 1362 759 de
1399 704 1534 758 cmlo
1560 745 1573 768 ,
1622 701 1677 755 tit
1720 718 1786 756 ex

205 813 553 873 persecutore
581 802 893 872 praidicatnr
914 843 928 867 ,
961 810 1015 857 et
1040 800 1167 855 dicit
1209 800 1277 853 de
1314 798 1403 852 illo
1439 797 1698 851 Dominus
1724 794 1788 847 ad

206 895 469 949 Ananiam
504 912 517 946 :
579 893 714 947 Vade
738 934 751 958 ,
783 893 1019 963 quoniam
1045 907 1131 945 vas
1161 889 1414 943 electionis
1444 896 1516 940 est
1544 886 1665 939 mihi
1691 926 1705 950 ,
1736 895 1791 937 ut

204 994 364 1056 portet
412 1001 595 1039 nomen
639 1000 804 1038 meum
846 998 1018 1036 coram
1058 981 1282 1052 gentibus
1305 1020 1321 1046 ,
1369 987 1415 1032 et
1462 977 1658 1048 regibus
1683 1015 1697 1040 ,
1744 985 1791 1029 et

203 1076 320 1145 [iliis
353 1074 527 1129 Israel
554 1075 890 1145 magniﬁcari.
923 1072 1035 1144 Ego
1062 1072 1192 1125 enim
1222 1068 1507 1125 monstrabo
1533 1069 1578 1121 ei
1601 1074 1789 1136 quanta

203 1168 423 1235 patietur
461 1177 669 1237 propter
715 1183 895 1220 nomen
934 1182 1119 1220 meum.
1165 1165 1282 1219 Jam
1326 1164 1502 1232 itaque
1544 1170 1788 1216 tenemus

202 1256 502 1312 Ecclesium
528 1260 581 1311 in
618 1257 914 1312 Jerusalem
941 1298 955 1321 ,
1001 1266 1056 1311 et
1089 1271 1184 1326 per
1224 1262 1387 1309 totam
1427 1253 1665 1309 Judzcam
1689 1295 1703 1317 ,
1734 1260 1788 1307 et

201 1349 525 1405 Samariam.
582 1350 735 1407 Unde
781 1350 1115 1420 apertissime
1170 1350 1328 1419 paulo
1383 1357 1502 1418 post
1547 1346 1782 1401 dicitur:

202 1442 450 1497 Ecclesia:
470 1443 670 1512 quidem
698 1459 787 1511 per
811 1451 966 1496 totam
990 1441 1227 1495 Judaeum
1253 1480 1267 1504 ,
1309 1449 1353 1495 ct
1397 1438 1661 1492 Galilaram
1686 1479 1699 1502 ,
1738 1445 1787 1491 et

202 1533 495 1588 Samariam
520 1534 763 1587 habebant
792 1549 965 1603 pacem
988 1573 1004 1599 ,
1037 1533 1294 1585 instructa:
1317 1540 1364 1583 et
1392 1530 1705 1597 conﬁrmata:
1734 1533 1786 1581 tn

199 1628 376 1680 timore
402 1626 651 1691 Domini,
681 1637 730 1680 et
768 1627 1110 1680 consolatione
1152 1625 1312 1679 sancti
1359 1623 1585 1693 Spiritus
1620 1620 1784 1691 reple—

199 1718 379 1770 bantur
412 1717 433 1790 (
459 1716 544 1770 1d.
575 1733 629 1771 ιι
654 1719 691 1788 ).
734 1717 932 1772 Deinde
967 1717 1147 1785 paucis
1177 1714 1507 1785 interpositis
1528 1754 1543 1778 ,
1576 1714 1786 1767 venitur

201 1810 423 1864 adeum
457 1810 631 1864 locum
657 1852 671 1874 ,
714 1808 803 1863 ubi
842 1807 1117 1862 Cornelius
1162 1806 1399 1861 centurio
1437 1804 1699 1870 credidit,
1732 1812 1784 1856 et

198 1915 315 1955 cum
364 1900 479 1954 suis
518 1900 813 1969 baptizatus
861 1906 983 1965 est,
1018 1899 1104 1967 qui
1145 1912 1332 1951 omnes
1368 1896 1594 1965 gentiles
1633 1903 1783 1949 erant

200 1991 584 2046 incircumcisi.
619 1990 770 2058 Quod
802 2001 1087 2059 antequam
1121 1990 1271 2043 ﬁeret
1292 2028 1307 2052 ,
1346 1987 1535 2043 Petrus
1572 1986 1702 2041 vidit
1730 1986 1779 2039 in

198 2082 568 2151 assumptione
595 2082 819 2145 mentis,
854 2094 975 2134 cum
1003 2086 1216 2142 oraret,
1259 2077 1456 2132 cmlum
1498 2086 1737 2145 apertum
1763 2116 1777 2140 ,

200 2181 248 2227 et
274 2180 515 2243 quatuor
548 2170 710 2226 initiis
748 2171 965 2240 ligatum
992 2183 1083 2224 vas
1107 2168 1371 2238 quoddam
1403 2177 1650 2236 tanquam
1681 2166 1779 2219 lin-

200 2273 338 2318 teum
372 2261 650 2333 limpidum
675 2304 689 2329 ,
718 2261 770 2315 in
797 2276 903 2331 quo
930 2270 1046 2315 erat
1071 2274 1230 2315 omne
1266 2272 1435 2330 genus
1476 2257 1779 2328 quadrupe-

198 2354 321 2408 dum
350 2368 415 2409 ac
445 2354 672 2409 ferarum
697 2393 711 2417 ,
735 2362 790 2407 et
808 2352 1081 2406 volucrum
1103 2350 1248 2405 cmli.
1274 2348 1343 2403 Et
1368 2348 1506 2404 facta
1531 2358 1612 2402 est
1636 2361 1737 2401 vox
1764 2364 1777 2397 τ

202 2443 352 2499 Patre
373 2486 389 2511 ,
419 2460 570 2514 surge
592 2485 606 2508 ,
636 2452 801 2497 macta
825 2484 839 2508 ,
868 2451 914 2496 et
938 2442 1209 2495 manduca.
1236 2440 1325 2494 Ait
1349 2448 1525 2494 autem
1549 2438 1739 2493 Petrus
1764 2454 1775 2489 :

198 2535 417 2590 Domine
440 2576 454 2601 ,
483 2552 739 2607 nunquam
765 2535 1063 2588 manducavi
1108 2549 1254 2588 omne
1289 2548 1551 2587 commune
1593 2541 1641 2586 et
1679 2532 1777 2584 im-

198 2628 465 2681 mundum.
499 2627 567 2681 Et
596 2642 699 2681 vox
728 2640 910 2681 rursus
938 2626 1004 2681 ad
1034 2641 1154 2680 eum
1185 2642 1197 2677 :
1243 2625 1371 2691 Qua:
1398 2623 1535 2677 Deus
1562 2623 1778 2676 munda-
1818 2684 1825 2687 Α

196 2722 299 2786 νει,
345 2728 397 2771 tu
444 2719 731 2772 communia
767 2734 829 2772 ne
872 2718 1081 2771 dixeris.
1120 2715 1274 2783 Quod
1312 2724 1492 2771 autem
1540 2730 1634 2784 per
1679 2712 1781 2768 hoc

201 2811 373 2864 visum
417 2817 603 2879 gentes
648 2808 931 2863 creditura:
968 2808 1277 2877 signiﬁcata:
1313 2807 1456 2873 sint,
1500 2821 1605 2859 non
1646 2820 1781 2875 Oplls

196 2911 276 2957 est
302 2908 365 2956 ut
390 2902 736 2971 conjiciamus
768 2920 779 2955 :
808 2901 922 2971 ipse
950 2900 1145 2971 quippe
1172 2900 1444 2970 apostolus
1491 2898 1590 2954 hoc
1616 2914 1773 2967 expo-

198 2992 274 3046 nit
305 2992 360 3046 in
405 2992 494 3047 illo
534 3006 658 3047 vase
684 2993 701 3023 ³
753 2992 856 3047 sibi
892 2991 1334 3046 demonstratum.
1367 2990 1500 3044 Cum
1533 2990 1673 3043 enim
1702 2990 1781 3043 in-

200 3096 417 3151 gressus
459 3091 606 3137 esset
641 3081 855 3137 domum
900 3082 989 3136 ubi
1029 3090 1146 3136 erat
1181 3079 1465 3135 Cornelius
1488 3121 1503 3147 ,
1538 3089 1592 3134 et
1632 3080 1778 3134 multi

200 3175 574 3229 convenissent
597 3217 611 3239 ,
640 3174 773 3230 dixit
793 3173 856 3228 ad
879 3188 971 3229 eos
997 3191 1009 3227 :
1043 3172 1143 3227 Vos
1169 3172 1347 3227 melius
1373 3174 1510 3227 scitis
1530 3174 1780 3242 quomodo

198 3266 591 3321 abominandum
615 3267 679 3321 sit
720 3267 823 3320 viro
858 3266 1045 3320 Judazo
1070 3307 1084 3331 ,
1116 3265 1269 3335 jungi
1313 3274 1400 3318 aut
1443 3265 1680 3318 accedere
1713 3265 1782 3317 ad

198 3358 571 3428 alienigenam;
600 3357 688 3411 sed
716 3356 841 3410 mihi
880 3356 1019 3410 Deus
1044 3356 1259 3410 ostendit
1284 3397 1298 3421 ,
1328 3356 1526 3409 nullum
1553 3371 1779 3409 commu-

201 3467 316 3503 nem
343 3458 429 3503 aut
456 3449 774 3520 inquinatum
816 3448 982 3501 dicere
1020 3447 1269 3500 hominem
1302 3445 1427 3515 (Id.
1458 3463 1485 3499 x
1509 3446 1548 3515 ).
1581 3447 1652 3499 Ita
1682 3462 1779 3500 ex-

206 3542 377 3610 posuit
406 3541 549 3594 illam
576 3555 762 3596 vocem
784 3582 798 3605 ,
833 3555 991 3609 quam
1019 3539 1086 3593 de
1110 3538 1428 3592 animalibus
1456 3538 1507 3591 in
1549 3538 1642 3592 illo
1678 3539 1779 3591 lin-

209 3644 291 3688 teo
319 3632 697 3687 demonstratis
723 3632 1001 3697 audierat,
1050 3630 1177 3695 Qua:
1220 3629 1355 3683 Deus
1393 3629 1649 3682 mandavit
1673 3670 1686 3693 ,
1729 3639 1781 3683 tu

207 3740 265 3777 ne
292 3723 576 3777 communia
601 3724 807 3777 dixeris.
838 3722 954 3777 Jam
983 3722 1067 3775 cui
1092 3736 1195 3775 non
1220 3728 1475 3791 appareat
1500 3763 1512 3784 ,
1539 3720 1628 3774 illo
1657 3734 1781 3775 vase

212 3815 557 3885 signiﬁcatum
601 3816 782 3871 orbem
828 3822 1086 3870 terrarum
1114 3855 1128 3879 ,
1162 3828 1281 3867 cum
1325 3813 1572 3867 omnibus
1616 3814 1785 3883 genti-

210 3907 343 3962 bus?
373 3907 528 3964 Unde
557 3908 717 3963 etiam
744 3917 971 3978 quatuor
995 3906 1159 3961 initiis
1186 3913 1302 3960 erat
1325 3904 1589 3974 alligatum
1616 3945 1631 3970 ,
1663 3920 1787 3972 pro-

211 4007 319 4066 pter
351 3999 659 4054 notissimas
696 4006 923 4067 quatuor
966 4005 1179 4067 partes,
1224 3995 1494 4051 Orientem
1537 4002 1591 4050 et
1633 3995 1785 4048 Occi-

211 4090 416 4146 dentem
442 4131 458 4156 ,
507 4091 759 4146 Austrum
804 4100 858 4145 et
900 4090 1215 4160 Aquilonem
1241 4131 1254 4154 ,
1307 4103 1440 4159 quas
1492 4088 1785 4158 saepissime

218 4181 481 4251 Scriptura
528 4181 889 4237 commendat.
942 4180 1189 4235 Jamvero
1239 4180 1433 4233 Paulus
1480 4179 1673 4233 missus
1718 4179 1782 4231 ad

211 4285 428 4344 gentes,
472 4291 591 4346 quae
633 4275 749 4330 loca
794 4274 1121 4329 circumierit
1166 4272 1519 4327 disseminans
1560 4270 1782 4325 verbum

214 4368 298 4423 Dei
324 4410 339 4434 ,
367 4377 423 4424 et
446 4377 600 4422 natas
619 4366 942 4422 conﬁrmans
969 4365 1233 4420 Ecclesias
1256 4405 1272 4431 ,
1296 4364 1508 4433 longum
1534 4371 1615 4418 est
1640 4377 1787 4417 com-

214 4476 531 4517 memorare.
577 4460 674 4515 Cui
704 4459 872 4515 Judiei
918 4474 1039 4514 cum
1084 4457 1407 4513 restitissent
1446 4454 1741 4510 Antiochiae
1766 4496 1781 4519 ,

210 4556 315 4623 ipse
340 4562 397 4609 et
426 4552 695 4607 Barnabas
732 4552 980 4606 dixerunt
1023 4548 1091 4603 ad
1139 4564 1273 4604 eos:
1329 4546 1475 4601 Vobis
1526 4547 1785 4616 Oportebat

211 4645 419 4711 primum
462 4643 599 4713 loqui
636 4640 836 4698 verbum
884 4640 1052 4707 Dei';
1102 4639 1189 4693 sed
1237 4640 1476 4709 quoniam
1530 4638 1785 4707 repulistis

210 4733 351 4801 illud,
383 4744 430 4787 et
460 4733 695 4803 indignos
718 4748 805 4785 vos
832 4731 1104 4800 judicastis
1140 4730 1241 4783 vita
1269 4738 1455 4783 wterna
1474 4770 1488 4794 ,
1518 4745 1629 4783 ecce
1665 4745 1787 4782 con-

209 4827 436 4879 vertimur
459 4825 528 4879 ad
552 4832 742 4895 gentes.
771 4824 859 4878 Sic
891 4822 1024 4876 enim
1061 4822 1297 4892 prtecepit
1325 4821 1466 4874 nobis
1496 4819 1743 4873 Dominus
1766 4834 1785 4873 .'

211 4915 362 4973 Posui
388 4928 435 4972 te
473 4917 642 4971 lumen
672 4916 897 4986 gentibus
921 4959 935 4981 ,
980 4923 1035 4969 ut
1078 4915 1147 4967 sis
1190 4914 1243 4966 in
1290 4915 1502 4967 salutem
1538 4928 1693 4982 usque
1732 4912 1783 4965 in

209 5023 482 5066 extremum
509 5020 674 5064 terrm.
710 4992 775 5064 Et
801 5009 1042 5077 sequitur
1065 5007 1246 5062 dicens
1276 5023 1289 5059 :
1322 5005 1591 5059 Audientes
1618 5012 1783 5056 autem

208 5115 367 5172 gentes
393 5146 407 5169 ,
436 5113 765 5174 perceperunt
786 5101 988 5155 verbum
1013 5099 1107 5154 Dei
1131 5140 1145 5163 ,
1187 5108 1232 5152 et
1275 5097 1592 5152 crediderunt
1634 5106 1782 5166 quot-

209 5204 319 5261 quot
338 5203 479 5249 erant
500 5193 736 5247 destinati
754 5192 806 5245 in
828 5193 983 5245 vitam
1003 5200 1240 5245 wternam
1260 5187 1278 5261 (
1298 5187 1376 5241 Id.
1401 5204 1493 5242 xm
1515 5228 1528 5251 ,
1551 5185 1723 5241 46-48
1744 5189 1781 5255 ).

213 5283 339 5339 Ecce
367 5293 421 5339 et
452 5284 539 5339 hic
563 5289 1038 5338 commemoratum
1064 5288 1146 5334 est
1176 5278 1534 5334 testimonium
1563 5292 1628 5331 ex
1660 5291 1781 5345 pro-

213 5375 357 5441 pheta
383 5374 554 5442 Isaia,
602 5373 742 5443 quod
782 5381 836 5428 et
889 5386 988 5427 nos
1037 5370 1353 5440 posuimus,
1405 5378 1462 5422 ut
1514 5368 1584 5422 sit
1638 5367 1783 5423 salus

216 5480 369 5533 usque
397 5465 453 5520 in
484 5473 781 5521 extremum
812 5472 967 5518 terra:
998 5462 1015 5531 (
1047 5459 1173 5514 Isai.
1204 5474 1333 5513 χιιι(
1362 5501 1375 5524 ,
1407 5458 1439 5513 6
1466 5460 1504 5526 ).

274 5557 494 5614 CAPUT
542 5556 632 5612 Xll
652 5555 748 5629 (a).
776 5587 847 5595 —
884 5557 971 5611 5i.
1000 5553 1070 5610 Ut
1095 5567 1221 5624 ergo
1242 5567 1345 5607 non
1368 5564 1783 5605 commemorem

269 5670 284 5699 ¹
318 5676 444 5730 ιω..
468 5668 519 5717 in
541 5667 626 5717 illa
648 5681 757 5719 voce
784 5680 799 5717 :
824 5668 887 5717 de
910 5678 1004 5730 qua
1027 5664 1212 5715 scilicet
1234 5677 1351 5714 voce
1376 5660 1515 5725 paulo
1551 5668 1685 5725 post:
1719 5668 1785 5711 Ita

212 5729 415 5790 m‘posuit
434 5730 571 5781 illam
592 5742 766 5779 vocem.

269 5788 287 5821 ⁵
316 5792 631 5840 Monacensis
653 5791 826 5848 codex,
854 5802 1119 5841 semth
1146 5788 1249 5836 nci.

270 5854 345 5919 tu)
373 5852 511 5911 nulla
531 5851 802 5914 capitulatio
828 5852 950 5915 apud
980 5862 1075 5899 Am.
1106 5860 1155 5902 et
1191 5856 1259 5897 lar.

1099 425 1265 464 vULGo
1306 408 1391 462 DE
1432 400 1729 461 UNITATE
1773 398 2127 453 ECCLESIJE
2170 405 2367 462 LIBER
2410 408 2605 466 Uyus,

3371 418 3473 475 ΔΗ

1899 529 2115 588 gentes,
2144 538 2259 590 qua:
2286 535 2402 592 post
2428 526 2799 594 Apostolorum
2829 538 3067 596 tempora
3095 529 3435 587 crediderunt
3458 576 3471 599 ,

1898 620 1949 665 et
1979 624 2316 668 accesserunt
2363 617 2651 672 Ecclesim:
2700 618 2802 672 illa:
2857 620 2984 689 ipsae
3035 622 3196 686 solae,
3248 638 3379 692 quas
3427 626 3479 678 in

1899 705 2093 757 sanctis
2124 704 2338 760 Litteris
2367 749 2380 771 ,
2412 708 2463 760 in
2493 709 2707 764 Actibus
2733 750 2746 773 ,
2798 711 2848 763 in
2899 712 3147 780 Epistolis
3198 714 3477 782 Apostolo-

1900 808 2054 859 rum,
2115 803 2168 850 et
2223 796 2275 850 in
2321 799 2641 869 Apocalypsi
2691 799 2909 855 Joannis
2955 803 3294 871 invenimus,
3345 820 3478 875 quas

1898 888 2105 957 utrique
2134 890 2509 959 amplectimur
2532 934 2546 959 ,
2582 902 2634 946 et
2678 894 2865 962 quibus
2904 896 3117 965 utrique
3160 878 3474 961 subdimur;

1896 979 2075 1034 dicant
2111 980 2198 1035 isti
2247 982 2400 1036 nobis
2437 983 2883 1052 quemadmodum
2927 985 3168 1040 Africana
3218 987 3478 1041 seditione

1898 1071 2150 1137 perierint
2180 1070 2278 1143 (a).
2308 1072 2415 1127 llas
2442 1074 2585 1127 enim
2615 1076 2916 1145 accepimus
2939 1118 2952 1143 ,
2987 1092 3091 1131 non
3136 1093 3201 1131 ex
3239 1077 3477 1132 conciliis

1892 1162 2325 1218 contendentium
2353 1165 2722 1235 episcoporum
2747 1208 2762 1233 ,
2807 1181 2911 1221 non
2937 1182 3003 1221 ex
3029 1166 3475 1236 disputationibus

1893 1254 2106 1309 novitiis
2129 1296 2142 1319 ,
2178 1270 2281 1310 non
2311 1271 2376 1311 ex
2405 1255 2703 1311 forensibus
2722 1257 2806 1311 vel
2828 1258 3233 1327 municipalibus
3254 1257 3431 1313 Cestis
3454 1274 3466 1317 ;

1895 1346 1987 1400 sed
2016 1361 2081 1400 ex
2108 1346 2324 1402 Litteris
2356 1349 2555 1403 sanctis
2593 1350 2885 1404 canonicis.
2927 1350 3257 1404 Antiochena
3289 1351 3475 1404 Eccle-

1893 1438 1970 1492 sia
1996 1480 2009 1503 ,
2045 1438 2132 1493 ubi
2175 1440 2404 1509 primum
2446 1440 2692 1510 appellati
2738 1450 2863 1495 sunt
2901 1442 3143 1511 discipuli
3189 1440 3474 1497 Christiani

1893 1528 1911 1597 (
1936 1529 2047 1581 Act.
2075 1545 2128 1583 ιι
2156 1571 2171 1595 ,
2192 1530 2272 1584 -26
2299 1530 2339 1601 ),
2372 1531 2638 1600 quomodo
2669 1531 2839 1600 potuit
2869 1530 3115 1585 Afrorum
3160 1532 3338 1602 perire
3375 1533 3477 1587 cri-

1891 1619 2165 1674 minibus?
2194 1620 2325 1688 Quis
2354 1630 2458 1674 tam
2487 1621 2779 1676 vehemens
2806 1620 3017 1675 Africus
3046 1631 3149 1674 tam
3192 1622 3344 1691 longe
3385 1637 3477 1689 po-

1892 1711 1988 1765 tuit
2012 1711 2241 1765 ablatam
2270 1727 2520 1781 spargere
2549 1713 2904 1781 pestilentiam
2932 1753 2946 1777 ,
2996 1712 3083 1766 ubi
3124 1726 3223 1765 nec
3265 1713 3475 1767 nomina

1889 1816 2072 1854 corum
2104 1817 2197 1870 per
2220 1818 2354 1872 quos
2384 1813 2557 1856 ortum
2589 1813 2670 1857 est
2697 1843 2712 1868 ,
2757 1803 2839 1856 vel
2882 1802 2951 1856 de
2975 1802 3168 1871 quibus
3194 1809 3369 1856 ortum
3397 1810 3478 1857 est

1889 1893 1991 1947 hoc
2019 1894 2215 1947 malum
2239 1935 2253 1958 ,
2288 1903 2410 1948 nota
2440 1910 2557 1949 esse
2589 1902 2870 1963 potuerunt
2893 1935 2907 1960 ,
2948 1893 3177 1948 Athenis
3204 1938 3217 1961 ,
3252 1894 3431 1949 Iconio
3463 1938 3475 1958 ,

1889 1984 2120 2038 Listris?
2146 1984 2277 2050 Quis
2306 1984 2501 2038 delevit
2529 1985 2794 2039 Ecclesias
2824 1984 3117 2054 apostolico
3147 1985 3327 2039 labore
3355 1983 3475 2037 fun—

1887 2076 2080 2131 datas?
2108 2076 2166 2130 ln
2195 2076 2450 2131 extremis
2481 2076 2734 2145 Epistola:
2758 2076 2823 2130 ad
2850 2076 3121 2130 Romanos
3160 2075 3290 2129 dicit
3333 2076 3474 2131 idem

1886 2168 2159 2236 apostolus
2185 2168 2370 2223 doctor
2389 2166 2637 2223 Gentium
2667 2184 2679 2221 :
2708 2166 2965 2220 Audacius
2992 2175 3157 2220 autem
3182 2166 3361 2234 scripsi
3388 2182 3477 2218 vo-

1886 2259 1960 2313 bis
1983 2276 2046 2313 ca:
2073 2269 2216 2330 parte
2237 2301 2253 2327 ,
2281 2268 2521 2330 tanquam
2551 2275 2946 2313 commemorans
2973 2274 3059 2312 vos
3080 2300 3094 2325 ,
3123 2267 3327 2329 propter
3355 2274 3478 2328 gra-

1888 2352 2010 2403 tiam
2039 2365 2151 2419 quce
2180 2351 2300 2403 data
2330 2360 2402 2403 est
2428 2350 2554 2403 mihi
2578 2366 2610 2403 a
2634 2347 2745 2404 Deo
2763 2391 2777 2415 ,
2810 2358 2867 2402 ut
2897 2350 3124 2402 minister
3160 2350 3255 2402 sim
3295 2348 3482 2402 Christi

1884 2439 2009 2493 Iesu
2033 2441 2086 2494 in
2114 2438 2393 2505 Gentibus,
2427 2456 2723 2494 consecrans
2762 2438 3093 2510 Evangelium
3130 2439 3225 2493 Dei
3250 2481 3263 2504 ,
3293 2448 3346 2491 ut
3389 2440 3483 2506 ﬁat

1886 2533 2072 2588 oblatio
2127 2532 2359 2587 Gentium
2398 2534 2751 2604 acceptabilis,
2792 2533 3109 2602 sanctificata
3162 2533 3215 2585 in
3271 2532 3473 2599 Spiritu

1885 2634 2079 2679 sancto.
2115 2623 2290 2678 Habeo
2318 2641 2435 2695 ergo
2458 2624 2672 2695 gloriam
2707 2626 2758 2678 in
2789 2623 2988 2679 Christo
3020 2622 3144 2677 Jesu
3182 2623 3251 2676 ad
3285 2622 3471 2676 Deum.

1888 2715 2010 2770 Non
2029 2716 2166 2773 enim
2188 2716 2350 2769 audeo
2390 2717 2665 2786 quidquam
2704 2733 2877 2769 eorum
2919 2716 3089 2787 loqui,
3127 2730 3341 2785 quorum
3375 2732 3476 2769 non

1887 2810 2145 2880 perfecerit
2171 2807 2401 2862 Christus
2422 2825 2512 2880 per
2533 2825 2611 2861 me
2630 2810 2681 2861 in
2710 2808 3043 2863 obedientiam
3068 2807 3305 2862 Gentium
3330 2806 3476 2861 verbo

1886 2908 1932 2953 et
1952 2915 2131 2968 opere,
2164 2900 2216 2952 in
2239 2908 2483 2969 potestate
2507 2900 2766 2969 signorum
2794 2908 2837 2952 ct
2864 2899 3241 2969 prodigiorum,
3279 2899 3332 2952 in
3374 2903 3475 2952 uir—

1886 2999 1987 3045 tute
2008 2991 2232 3061 Spiritus
2252 2992 2414 3046 sancti
2433 3034 2445 3056 ,
2469 2994 2541 3045 ita
2561 3002 2613 3045 ut
2635 3008 2725 3059 ego
2747 2993 2808 3045 ab
2827 2990 3112 3046 Jerusalem
3128 3002 3172 3044 et
3193 2993 3243 3044 in
3265 2991 3479 3044 circuitu

1888 3097 2043 3149 usque
2092 3083 2146 3135 in
2206 3080 2474 3151 Illyricum
2538 3080 2832 3151 repleverim
2896 3078 3231 3151 Evangelium
3292 3079 3477 3135 Christi

1886 3173 1905 3245 (
1936 3173 2085 3227 Rom.
2110 3189 2202 3238 xv,
2230 3172 2461 3243 15-19).
2488 3172 2721 3239 Quaerite
2745 3214 2759 3238 ,
2791 3171 3078 3226 Donatista:
3106 3212 3121 3237 ,
3145 3172 3189 3225 si
3221 3172 3439 3226 nescitis
3459 3216 3481 3241 ,η

1887 3266 2108 3336 (ιιιωι-ἰιθ
2136 3266 2204 3321 ab
2234 3266 2537 3321 Jerusalem
2569 3280 2663 3335 per
2703 3274 2912 3319 terrena
2951 3264 3139 3319 itinera
3169 3264 3219 3317 in
3254 3265 3483 3319 circuitu

1887 3372 2056 3426 usque
2084 3356 2140 3411 in
2169 3355 2436 3428 Illyricum
2468 3364 2596 3427 quot
2621 3356 2925 3410 mansiones
2945 3355 3052 3408 sint
3078 3373 3091 3410 :
3115 3356 3159 3409 si
3187 3364 3263 3409 tot
3290 3356 3475 3411 Eccle-

1887 3450 1994 3504 sias
2021 3456 2391 3518 computemus
2415 3489 2430 3515 ,
2477 3447 2638 3503 dicite
2670 3446 3119 3519 quemadmodum
3152 3462 3245 3517 per
3274 3447 3474 3502 Africa-

1888 3556 1982 3593 nas
2022 3540 2396 3599 contentiones
2443 3540 2621 3609 perire
2662 3548 2969 3609 potuerunt.
3022 3537 3102 3594 Ad
3128 3537 3430 3593 Corinthios
3460 3581 3487 3607 ,η

1887 3631 1952 3685 ad
1982 3631 2245 3700 Ephesios
2268 3674 2281 3697 ,
2314 3633 2381 3686 ad
2412 3631 2783 3701 Philippenses
2803 3674 2817 3697 ,
2843 3631 2907 3685 ad
2932 3630 3439 3685 Thessalonicenscs
3458 3672 3489 3697 ,q

1888 3725 1952 3779 ad
1976 3724 2326 3781 Colossenses
2350 3767 2365 3792 ,
2391 3740 2485 3780 vos
2505 3726 2649 3780 solas
2672 3725 2909 3795 Apostoli
2934 3724 3198 3793 Epistolas
3218 3723 3269 3776 in
3292 3722 3475 3777 lectio-

1891 3830 1956 3869 ne
1981 3856 1993 3877 ,
2028 3831 2125 3870 nos
2154 3824 2331 3869 autem
2373 3824 2427 3869 et
2474 3815 2737 3883 Epistolas
2781 3816 2833 3868 in
2880 3815 3103 3868 lectione
3140 3828 3203 3868 ac
3250 3812 3352 3866 [ide
3377 3853 3390 3877 ,
3422 3821 3477 3867 et

1890 3907 2031 3975 ipsas
2066 3906 2327 3961 Ecclesias
2373 3906 2422 3959 in
2458 3905 2833 3959 communione
2880 3905 3189 3959 retinemus.
3225 3903 3476 3958 Jamvcro

1889 3998 2089 4052 Galatia
2118 4013 2222 4051 non
2251 4013 2352 4051 una
2386 3996 2621 4051 Ecclesia
2650 4004 2729 4050 est
2758 4037 2771 4059 ,
2800 3994 2891 4050 scd
2916 3996 2966 4048 in
2992 4010 3052 4049 ea
3075 3996 3291 4065 regione
3316 3995 3469 4048 innu-

1892 4088 2192 4142 merabiles.
2236 4087 2540 4142 Corinthios
2582 4093 2759 4141 autem
2805 4072 2979 4139 videte
3027 4084 3473 4155 quemadmodum

1891 4181 2196 4235 salutaverit
2226 4197 2239 4233 :
2269 4180 2466 4234 Paulus
2492 4180 2752 4250 apostolus
2776 4179 2810 4232 J
2816 4195 2900 4233 esu
2926 4177 3114 4233 Christi
3132 4195 3220 4248 per
3239 4178 3474 4232 volunta-

1892 4284 1987 4327 tem
2018 4274 2113 4327 Dei
2136 4316 2150 4341 ,
2197 4282 2242 4328 et
2280 4273 2572 4327 Timotheus
2615 4277 2772 4343 frater
2796 4314 2810 4337 ,
2854 4270 3097 4326 Ecclesia:
3130 4271 3226 4325 Dei
3258 4287 3371 4341 qurc
3406 4285 3479 4326 est

1890 4364 2157 4429 Corinthi,
2193 4380 2307 4417 cum
2348 4364 2534 4419 sanctis
2565 4362 2795 4417 omnibus
2819 4404 2831 4425 ,
2879 4363 2965 4433 qui
2999 4370 3116 4417 sunt
3156 4363 3208 4415 in
3248 4362 3481 4415 universa

1891 4457 2081 4509 Achaia
2108 4455 2126 4528 (
2150 4455 2189 4509 ll
2220 4454 2340 4510 Cor.
2370 4472 2384 4509 ι
2411 4497 2424 4519 ,
2458 4456 2483 4508 1
2514 4456 2553 4523 ).
2594 4455 2733 4521 Quot
2762 4454 2955 4523 putatis
2985 4467 3103 4507 esse
3130 4453 3396 4508 Ecclesias
3422 4453 3485 4507 in

1892 4549 2137 4603 universa
2169 4546 2414 4601 Achaia?
2443 4545 2693 4599 Fortasse
2719 4544 2807 4599 ubi
2836 4544 3033 4598 Achaia
3074 4543 3142 4596 sit
3164 4584 3178 4608 ,
3221 4541 3438 4597 nescitis
3462 4584 3474 4606 ,

1889 4649 1945 4694 ct
1973 4640 2038 4694 de
2061 4648 2166 4693 tam
2188 4638 2454 4708 incognita
2478 4636 2745 4706 provincia
2771 4643 2915 4689 tanta
2936 4635 3175 4689 caacitate
3192 4632 3441 4703 iudicatis
3462 4676 3481 4701 λ

1892 4738 1949 4783 ιιι
1978 4744 2097 4783 eam
2137 4728 2453 4783 criminibus
2495 4726 2743 4780 Afrorum
2786 4724 3008 4793 periisse
3050 4724 3259 4778 dicatis.
3293 4724 3481 4778 Nonne

1892 4823 2044 4891 plena
2084 4828 2207 4875 sunt
2250 4817 2644 4873 ﬂorentissimis
2686 4816 2940 4871 Ecclesiis
2982 4816 3158 4869 omnia
3204 4815 3319 4870 loca
3360 4830 3479 4884 qua:

1890 4914 2079 4969 Petrus
2125 4910 2449 4974 nominavit,
2498 4908 2736 4973 Pontus,
2798 4906 3041 4971 Galatia,
3104 4905 3482 4976 Cappadocia,

1891 5006 2015 5060 Asia
2041 5047 2055 5071 ,
2089 5002 2333 5072 Bithynia
2362 5002 2379 5069 (
2408 5000 2423 5053 l
2457 4999 2595 5054 Pctr.
2626 5015 2676 5064 ι,
2710 5001 2736 5053 1
2766 4998 2819 5069 )?
2857 4998 2991 5065 Quid
3022 4996 3254 5051 Joannes
3287 4994 3484 5064 quibus

1892 5095 2142 5165 scripsit,
2201 5094 2480 5162 Smyrnze,
2534 5091 2833 5161 Pergamo,
2885 5087 3103 5151 Sardis,
3170 5085 3475 5154 Tiathyrte,

1892 5185 2268 5255 Philadelphia:
2288 5228 2302 5250 ,
2326 5182 2590 5239 Laodicia:
2616 5224 2628 5246 ,
2654 5197 2773 5251 qua:
2794 5180 3185 5235 suntEcclesiac
3206 5176 3403 5248 (Apoc.
3429 5192 3474 5241 ι,

1894 5282 1951 5336 tl
1986 5280 2043 5351 )?
2080 5278 2196 5333 Jam
2237 5277 2378 5331 enim
2425 5275 2690 5345 Ephesum
2732 5267 3290 5327 commemoravimus.
3329 5265 3479 5321 Dicat

1892 5372 2020 5428 mihi
2051 5369 2243 5439 aliquis
2272 5376 2504 5422 vestrum
2531 5407 2543 5430 ,
2574 5365 2660 5419 ubi
2688 5364 2793 5418 sint
2818 5404 2832 5427 ,
2870 5368 3121 5430 quantum
3148 5357 3216 5411 ab
3246 5355 3478 5411 invicem

1894 5465 2111 5520 distent.
2144 5460 2394 5515 Fortasse
2424 5456 2585 5513 modo
2613 5455 2663 5509 id
2702 5452 2939 5523 qumriiis
2961 5490 2974 5509 .
3011 5448 3094 5503 vel
3134 5446 3360 5517 legendo
3393 5446 3477 5500 vel

1895 5554 2161 5611 audiendo
2177 5564 2518 5622 cognoscere.
2539 5545 2612 5617 (b)
2631 5541 2947 5613 Cognoscite
2974 5553 3101 5609 ergo
3132 5539 3290 5593 etiam
3317 5552 3473 5608 quam

1896 5652 2050 5719 longe
2077 5648 2143 5702 ab
2172 5645 2348 5701 Africa
2375 5647 2593 5695 remota:
2618 5646 2738 5690 sunt
2764 5676 2777 5700 ,
2820 5642 2871 5687 et
2899 5630 3055 5687 dicite
3084 5631 3233 5687 nobis
3265 5646 3358 5686 cur
3382 5642 3475 5684 eas

1962 5784 2031 5841 (υ)
2058 5781 2170 5829 vide
2206 5780 2287 5827 lib.
2308 5778 2339 5841 9.
2369 5780 2531 5825 contra
2548 5772 2872 5841 gresconinrn,
2899 5782 3003 5831 cap.
3030 5770 3105 5818 '57.

1968 5832 2036 5907 (0')
2071 5842 2188 5891 nliin
2212 5840 2335 5902 apud
2354 5846 2450 5885 All).
2482 5840 2529 5882 et
2552 5838 2644 5891 lir.,
2671 5843 2775 5893 cap.
2805 5832 2877 5889 il.

3431 5886 3457 5901 ὸ
