3998 6484
537 360 646 418 ιιε

537 474 759 531 omnino
800 476 951 534 vobis
997 479 1330 550 incognitas,
1375 489 1430 537 et
1471 482 1526 539 in
1558 485 1863 552 apostolicis
1907 485 2122 542 Litteris

539 563 908 623 manifestatas
932 609 946 634 ,
976 577 1082 624 tam
1111 570 1370 640 sacrilega
1407 574 1703 630 temeritate
1740 577 2003 631 accusetis
2025 617 2040 642 ,
2071 585 2128 632 et

541 668 688 714 tanta
717 658 981 714 dementia
1011 661 1322 718 criminibus
1349 661 1600 719 Afrorum
1641 666 1862 736 periisse
1897 667 2125 724 dicatis?

539 748 819 804 Postremo
845 751 968 820 quid
997 751 1065 806 de
1131 752 1235 807 illis
1280 753 1334 808 in
1383 757 1582 811 sanctis
1631 758 1906 814 canonicis
1949 758 2125 814 Libris

539 841 792 910 scripturn
818 843 886 895 sit
908 882 924 909 ,
955 843 1066 897 scio
1089 861 1103 896 :
1130 845 1254 914 quid
1283 845 1351 901 de
1389 847 1494 902 illis
1532 863 1629 902 vos
1667 849 1852 905 dicatis
1875 891 1890 916 ,
1920 851 2120 906 nescio.

536 929 694 985 Certe
722 933 856 986 sicut
885 949 982 988 nos
1007 949 1098 989 cas
1123 935 1346 1006 legimus
1371 937 1639 994 Ecclesias
1659 938 1853 994 Christi
1883 955 1946 996 ex
1972 941 2122 996 codi-

537 1020 688 1076 cibus
714 1037 848 1091 quos
873 1031 927 1078 et
953 1039 1047 1079 vos
1072 1028 1395 1082 veneramini
1427 1046 1440 1082 :
1468 1031 1546 1084 sic
1569 1040 1622 1084 et
1647 1046 1741 1084 vos
1766 1047 1830 1086 ex
1851 1033 2124 1088 codicibus

539 1128 675 1182 quos
711 1125 769 1179 et
815 1131 913 1170 nos
949 1132 1299 1188 veneramur,
1339 1123 1789 1192 quemadmodum
1831 1125 2120 1193 perierint,

539 1203 696 1274 legite
745 1206 918 1262 nobis.
963 1209 1044 1263 An
1079 1210 1249 1280 placet
1291 1212 1446 1268 vobis
1469 1255 1484 1279 ,
1519 1224 1575 1269 ut
1599 1225 1784 1271 contra
1816 1217 2078 1272 Ecclesias
2103 1259 2119 1286 ,

534 1313 655 1367 qua:
684 1301 924 1357 membra
955 1313 1078 1358 sunt
1107 1307 1262 1360 unius
1289 1308 1539 1363 Ecclesiae
1567 1318 1677 1365 toto
1703 1311 1834 1366 orbe
1871 1310 2078 1367 diffusa)
2103 1354 2118 1380 ,

537 1405 668 1459 quas
694 1393 848 1448 nobis
877 1411 972 1464 per
999 1397 1302 1470 Spripturas
1326 1415 1449 1456 suas
1476 1403 1704 1472 Spiritus
1730 1412 1944 1460 sanctus
1969 1420 2122 1460 com-

537 1481 812 1538 mendavit
835 1494 889 1539 et
915 1487 1165 1553 tradidit,
1198 1490 1465 1547 undelibet
1497 1494 1696 1562 prolata
1725 1496 1975 1565 qumlibet
2019 1495 2121 1552 bo-

537 1573 741 1630 minum
769 1577 1048 1633 maledicta
1076 1581 1400 1638 credamus?
1427 1585 1538 1640 Hoc
1561 1586 1774 1656 quidem
1815 1587 1967 1642 vobis
2010 1588 2119 1658 pla-

537 1673 624 1721 cet
646 1707 664 1732 ,
692 1667 786 1723 sed
816 1670 969 1724 nobis
999 1688 1103 1727 non
1132 1676 1324 1743 placet.
1355 1676 1557 1744 Quibus
1582 1689 1759 1735 autem
1782 1680 1976 1750 justius
2002 1682 2120 1752 pla-

535 1766 694 1828 ceat,
738 1769 793 1816 et
842 1776 938 1818 vos
982 1765 1206 1832 videtis;
1261 1769 1355 1824 sed
1407 1771 1529 1826 victi
1582 1773 1960 1842 animositate,
2014 1791 2120 1830 non

536 1849 698 1906 vultis
723 1852 860 1907 vinci
887 1855 1134 1912 veritate.
1178 1858 1318 1916 Ecce
1361 1873 1485 1916 sunt
1516 1861 1803 1932 Scriptura:
1835 1865 1926 1919 Dei
1953 1906 1968 1929 ,
1995 1881 2122 1921 ecce

535 1949 661 1994 sunt
687 1941 739 1995 in
766 1944 844 1998 eis
875 1944 1130 2002 Ecclesiae
1154 1991 1168 2016 ,
1216 1959 1273 2006 et
1310 1953 1593 2008 universali
1643 1955 1803 2010 totius
1839 1957 1985 2012 orbis
2021 1973 2118 2012 no-

534 2029 715 2095 mine,
767 2041 821 2086 et
869 2037 1180 2092 nominatim
1223 2039 1512 2111 designata:
1554 2054 1609 2099 et
1651 2061 1918 2115 expressa:
1947 2066 1960 2103 :
1993 2049 2121 2116 quid

537 2121 771 2189 majores
807 2128 967 2182 vestri
1007 2130 1224 2201 collegis
1264 2134 1376 2187 suis
1407 2135 1737 2205 objecerint,
1775 2139 2117 2207 nescierunt;

538 2212 723 2281 quales
750 2229 813 2268 ea
841 2231 1000 2272 causa
1023 2219 1230 2288 jndices
1261 2222 1540 2291 habuerit,
1582 2229 1926 2297 nescierunt;
1981 2246 2118 2301 quo-

533 2301 696 2357 modo
722 2318 849 2374 ergo
887 2308 1202 2376 perierunt?
1246 2313 1386 2371 Ecce
1429 2325 1554 2371 sunt
1599 2317 1885 2388 Scriptura:
1927 2321 2120 2392 quibus

533 2391 728 2457 credo,
757 2409 881 2450 ecce
922 2407 1045 2453 sunt
1093 2400 1348 2458 Ecclesiae
1377 2407 1568 2475 quibus
1603 2411 1937 2466 communico
1969 2431 1984 2467 :
2028 2414 2119 2468 ubi

533 2479 627 2534 tibi
651 2482 768 2553 lego
789 2487 1002 2542 nomina
1026 2505 1206 2546 earum
1233 2534 1247 2557 ,
1277 2493 1347 2550 ibi
1371 2496 1499 2550 mihi
1528 2498 1642 2568 lege
1664 2501 1885 2556 crimina
1911 2519 2114 2559 earum.

602 2572 692 2628 52.
733 2574 786 2630 Si
812 2587 990 2633 autem
1018 2582 1232 2639 aliunde
1256 2586 1456 2643 clamas
1481 2591 1564 2645 vel
1589 2593 1783 2648 recitas
1805 2635 1821 2661 ,
1864 2611 1962 2651 nos
1999 2605 2120 2666 post

529 2676 716 2719 vocem
753 2671 981 2736 pastoris
1021 2674 1228 2741 nostri,
1280 2692 1376 2745 per
1421 2694 1514 2733 ora
1563 2681 1947 2751 Prophetarum
1973 2727 1988 2752 ,
2022 2703 2119 2756 per

529 2765 593 2805 os
620 2756 893 2823 proprium
923 2801 935 2823 ,
971 2775 1067 2828 per
1093 2778 1186 2818 ora
1217 2764 1674 2836 Evangelistarum
1707 2773 1859 2828 nobis
1885 2777 2114 2844 apertis-

529 2839 665 2895 sime
691 2842 1012 2902 declaratam
1041 2890 1056 2915 ,
1079 2867 1240 2908 voces
1261 2865 1464 2911 vestras
1487 2873 1592 2913 non
1617 2859 1944 2919 admittimus
1967 2906 1982 2930 ,
2008 2881 2115 2922 non

530 2935 801 2992 credimus
823 2980 840 3005 ,
869 2956 974 2996 non
997 2946 1308 3014 accipimus.
1341 2950 1468 3017 Quae
1483 2963 1601 3008 sunt
1625 2971 1738 3011 oves
1758 2973 1882 3013 mea:
1903 3001 1918 3024 ,
1946 2959 2116 3030 inquit

529 3035 713 3093 pastor
740 3029 973 3087 caelestis
997 3075 1012 3096 ,
1055 3051 1224 3090 vocem
1261 3056 1424 3094 meam
1462 3044 1674 3100 audiunt
1700 3088 1716 3113 ,
1757 3058 1804 3102 et
1841 3061 2116 3120 sequuntur

529 3132 609 3170 me
651 3116 849 3189 (Joan.
883 3139 913 3176 x
940 3165 954 3189 ,
981 3124 1114 3197 27).
1164 3129 1276 3184 Vox
1320 3132 1435 3201 ejus
1476 3135 1544 3190 de
1587 3137 1825 3194 Ecclesia
1870 3116 1976 3196 non
2029 3152 2114 3200 est

488 3225 492 3228 ·
527 3205 776 3262 obscura.
824 3211 1074 3284 Quisquis
1114 3218 1182 3273 ab
1222 3220 1336 3290 ejus
1379 3239 1541 3295 grege
1584 3242 1764 3285 errare
1811 3246 1915 3286 non
1957 3234 2108 3302 vult,

526 3297 669 3354 hunc
696 3302 917 3372 audiat,
951 3309 1088 3364 hunc
1113 3322 1380 3382 sequatur.
1420 3316 1786 3376 Fidelissimns
1830 3297 2111 3396 dispensa;

527 3398 613 3444 tor
636 3390 750 3459 ejus
778 3393 972 3452 Doctor
999 3398 1247 3456 Gentium
1281 3404 1331 3459 in
1357 3405 1462 3461 ﬁde
1490 3417 1543 3462 et
1569 3411 1790 3467 veritate
1815 3455 1830 3480 ,
1853 3390 1974 3485 quia
1997 3418 2110 3486 ipse

525 3480 582 3534 in
608 3497 672 3536 eo
697 3484 1046 3558 loquebatur,
1079 3492 1194 3549 haec
1223 3495 1352 3553 dicit
1381 3517 1394 3553 :
1425 3500 1588 3556 Miror
1607 3506 1742 3575 quod
1766 3507 1836 3560 sic
1870 3480 1981 3562 tam
2011 3480 2108 3566 cito

524 3577 890 3644 trans/crimini
914 3581 975 3634 ab
995 3599 1053 3637 eo
1079 3587 1165 3655 qui
1191 3604 1276 3642 vos
1317 3593 1508 3646 vocavit
1542 3596 1596 3649 in
1627 3599 1842 3666 gratiam
1881 3601 2068 3656 Christi
2089 3646 2103 3670 ,

522 3665 576 3718 in
596 3667 740 3721 aliud
784 3669 1117 3745 Evangelium
1139 3697 1160 3743 ;
1180 3682 1317 3750 quod
1342 3700 1442 3738 non
1475 3695 1546 3741 est
1577 3665 1719 3743 aliud
1743 3732 1756 3754 ,
1807 3695 1906 3747 nisi
1950 3665 2107 3766 aliqui

521 3767 640 3812 sunt
657 3763 1009 3823 conturbantes
1029 3785 1115 3824 vos
1132 3812 1148 3837 ,
1171 3783 1216 3826 et
1238 3775 1456 3832 volentes
1474 3791 1758 3838 convertere
1773 3781 2106 3855 Evangelium

520 3845 728 3904 Christi.
755 3853 862 3908 Sed
882 3856 996 3911 licet
1017 3860 1059 3913 si
1083 3877 1174 3916 nos
1196 3904 1212 3930 ,
1235 3875 1322 3918 aut
1345 3869 1553 3938 angelus
1574 3871 1636 3924 de
1653 3874 1776 3927 caelo
1797 3845 1941 3930 vobis
1955 3893 2105 3932 evan-

518 3941 805 4010 gelizaverit
848 3958 1183 4020 praeterquam
1247 3957 1385 4024 quod
1435 3963 1884 4032 euangelizavimus
1926 3969 2062 4024 vobis
2083 4011 2099 4036 ,

515 4034 784 4090 anathema
805 4039 887 4092 sit.
913 4041 1059 4096 Sicut
1087 4046 1415 4113 prtediasimus
1437 4091 1452 4117 ,
1488 4061 1536 4105 et
1565 4070 1696 4108 nunc
1725 4058 1906 4111 iterum
1948 4060 2060 4114 dico
2079 4103 2096 4125 ,

514 4124 561 4176 si
579 4127 688 4194 quis
707 4129 842 4184 vobis
864 4136 1280 4206 euangelizarent
1298 4151 1631 4212 praeterquam
1650 4151 1783 4215 quod
1802 4124 2094 4222 accepistis

514 4216 781 4271 anathema
801 4221 867 4274 sit
893 4221 1098 4293 (Galat.
1127 4243 1143 4281 ι
1167 4269 1182 4292 ,
1207 4230 1306 4286 6-9
1331 4232 1372 4303 ).
1421 4233 1792 4306 Evangelizata
1831 4216 2100 4299 est'nobis

514 4302 751 4363 Ecclesia
781 4327 878 4380 per
905 4324 1071 4371 totum
1113 4321 1296 4376 orbem
1331 4302 1603 4383 terrarum
1648 4330 1842 4385 futura.
1891 4335 2000 4390 Hoc
2043 4337 2096 4392 in

513 4393 688 4466 Lege,
716 4408 770 4454 et
801 4401 1120 4475 Prophetis,
1165 4419 1219 4465 et
1261 4413 1488 4470 Psalmis
1526 4435 1646 4474 esse
1689 4425 2094 4490 praenuntiatum

512 4482 627 4553 ipse
657 4487 910 4548 Dominus
943 4497 1255 4557 testilicatus
1277 4512 1359 4559 est
1381 4546 1396 4572 ,
1426 4508 1516 4576 qui
1543 4524 1660 4564 eam
1689 4482 1989 4583 'cmpturam
2027 4523 2095 4578 ab

508 4572 806 4636 Jerusalem
835 4592 889 4639 et
914 4601 1010 4655 per
1034 4603 1220 4647 omnes
1258 4605 1445 4664 gentes
1480 4614 1902 4669 permanaluram
1926 4611 1942 4642 ί
1975 4627 2094 4670 esse

507 4670 754 4738 prmdixit
779 4716 795 4742 ,
827 4683 990 4734 testes
1018 4681 1117 4737 sibi
1147 4684 1352 4743 futuros
1380 4689 1434 4744 in
1460 4691 1751 4752 Jerusalem
1778 4739 1793 4764 ,
1824 4710 1878 4756 et
1903 4703 1955 4757 in
1983 4714 2089 4762 tota

505 4755 686 4816 Judaea
710 4803 726 4831 ,
753 4773 809 4819 et
833 4766 1066 4824 Samaria
1093 4814 1106 4837 ,
1135 4783 1187 4829 et
1225 4791 1392 4848 usque
1421 4783 1474 4835 in
1507 4792 1668 4839 totam
1700 4797 1892 4845 terram
1918 4834 1933 4858 ,
1967 4809 2087 4850 cum

498 4849 610 4920 jam
639 4853 691 4909 in
718 4857 910 4913 caelum
941 4864 1256 4922 ascenderet
1281 4911 1294 4935 ,
1324 4877 1717 4940 prmnuntiavit.
1760 4881 1886 4938 Haec
1927 4887 2086 4942 verba

502 4938 640 4997 facta
669 4956 851 5003 secuta
868 4960 1010 5005 sunt.
1034 4938 1556 5032 Quomodocteptum
1585 4968 1654 5022 sit
1677 4970 1745 5045 ab
1763 4971 2082 5045 Jerusalem,

499 5039 553 5085 ct
581 5032 778 5093 deinde
807 5053 1114 5109 processum
1138 5046 1190 5101 in
1211 5047 1470 5120 Iudaeam,
1496 5065 1550 5110 et
1573 5043 1890 5130 Samariam,
1913 5066 2085 5124 donec

499 5121 555 5177 in
587 5131 750 5182 totam
774 5137 970 5187 terram
990 5176 1006 5201 ,
1040 5135 1126 5192 ubi
1155 5138 1330 5196 adhuc
1353 5147 1547 5202 crescit
1571 5149 1831 5222 Ecclesia,
1877 5121 1932 5212 et
1959 5158 2082 5216 inde

497 5219 726 5286 usquein
742 5221 902 5279 linem
918 5225 1076 5281 etiam
1095 5230 1325 5301 reliquas
1343 5245 1549 5305 gentes,
1569 5241 1657 5296 ubi
1671 5219 1842 5302 adhuc
1856 5262 1961 5303 non
1976 5260 2077 5318 est,

493 5305 1044 5385 obtineat,Scripturis
1064 5323 1261 5379 sanctis
1277 5327 1499 5384 testibus
1511 5345 1898 5406 consequenter
1907 5305 2080 5398 esten:

495 5394 680 5454 ditur:
721 5404 961 5474 quisquis
993 5409 1134 5465 aliud
1155 5417 1616 5490 evangelizaverit,
1657 5394 1939 5486 anathema
1983 5434 2072 5488 sit.

562 5489 790 5592 cAPUT
834 5497 950 5553 xm
980 5499 1085 5571 (a).
1112 5533 1182 5544 —
1214 5507 1372 5564 Aliud
1397 5523 1574 5570 autem
1617 5521 1959 5592 evangelizat,
1987 5527 2073 5597 qtti

493 5581 714 5650 periisse
759 5587 888 5644 dicit
933 5591 1000 5649 de
1039 5604 1234 5655 caetero
1276 5605 1476 5663 mundo
1523 5581 1814 5670 Eeclesiain
1839 5657 1852 5681 ,
1914 5581 1969 5674 et
2003 5581 2070 5676 'in

839 5757 850 5768 .
877 5728 928 5772 et
949 5729 1085 5795 ven,
1112 5741 1494 5795 permansurmn.
1596 5751 1648 5795 Μ.

1606 369 1878 426 CONTRA
1919 368 2344 432 DONATISTAS
2381 375 2735 448 EPISTOLA,

3683 420 3768 479 416

2237 498 2386 555 parte
2415 491 2607 550 Donati
2648 497 2701 551 in
2742 498 2853 554 sola
2898 499 3074 557 Africa
3119 510 3435 571 remansisse
3473 519 3610 579 dicit.
3653 530 3768 605 Ergo

2237 581 2506 605 -..ωηψ
2669 590 2685 605 .
2744 591 2800 605 ..
2909 601 2917 605 .
3220 599 3231 605 -
3293 601 3319 605 ξ

2233 581 2514 639 anathema
2539 588 2627 641 sit.
2655 590 2760 644 Aut
2787 591 2924 662 legat
2942 595 3072 650 mihi
3094 595 3196 653 hoc
3217 599 3269 655 in
3287 601 3561 678 Scripturis
3579 581 3767 693 sane-tis:

2232 679 2286 724 et
2317 687 2420 728 non
2449 676 2520 730 sit
2542 679 2847 735 anathema.

2303 765 2390 820 55.
2445 767 2598 840 Lego,
2632 772 2844 844 inquit:
2878 775 3018 831 Nam
3065 779 3244 837 Enoch
3294 803 3426 845 unus
3465 793 3586 850 inter
3630 817 3771 862 omnes

2231 853 2456 912 homines
2503 862 2692 930 placuit
2736 865 2844 920 Deo
2872 908 2887 934 ,
2941 881 2990 924 et
3041 876 3314 931 translatus
3383 892 3454 936 est
3510 887 3670 958 (Gen.
3707 913 3768 963 v,

2229 944 2320 1016 24)
2370 966 2384 1003 :
2437 960 2484 1003 et
2531 965 2704 1022 postea
2757 969 2861 1013 toto
2933 966 3124 1020 mundo
3180 986 3423 1038 aquarum
3485 944 3771 1045 inundationi

2229 1038 2389 1094 deleto
2419 1082 2435 1108 ,
2484 1049 2622 1099 solus
2676 1047 2792 1104 Noe
2842 1068 2955 1107 cum
3016 1059 3230 1130 conjuge
3275 1072 3322 1115 et
3381 1067 3498 1133 [iliis
3541 1083 3584 1125 et
3649 1083 3767 1133 nuri-

2229 1127 2318 1184 bus
2343 1134 2448 1186 suis
2474 1135 2526 1188 in
2553 1153 2674 1192 arca
2711 1144 2890 1196 meruit
2916 1127 3117 1200 liberari
3145 1127 3252 1220 (id.
3281 1127 3473 1226 vin-1).
3503 1127 3769 1235 Atijungunt

2228 1225 2386 1279 etiam
2437 1227 2506 1284 de
2549 1230 2700 1300 Loth,
2749 1237 2884 1303 quod
2909 1239 3048 1292 solus
3087 1257 3199 1294 cum
3241 1245 3441 1312 ﬁliabus
3466 1250 3526 1304 de
3567 1225 3768 1312 Sodomis

2228 1317 2466 1374 liberatus
2493 1322 2557 1374 sit
2601 1323 2713 1392 (Id.
2743 1341 2853 1391 ιιι,
2888 1328 2998 1401 12).
3034 1331 3110 1388 De
3137 1333 3252 1401 ipso
3279 1351 3487 1407 quoque
3512 1343 3763 1415 Abraham,

2228 1407 2400 1477 Isaac,
2431 1421 2478 1466 et
2505 1411 2690 1482 Iacob,
2721 1419 2857 1485 quod
2899 1422 3051 1489 pauci
3095 1422 3284 1491 fuerint
3331 1427 3438 1482 Dea
3466 1430 3708 1500 placentes,
3727 1407 3769 1492 in

2228 1509 2362 1556 terra
2387 1503 2536 1558 idolis
2553 1514 2598 1559 et
2619 1505 2928 1565 daemonibus
2953 1512 3123 1567 dedita
3151 1518 3189 1568 ³.
3225 1515 3486 1574 Postremo
3497 1523 3602 1590 jam
3629 1527 3768 1580 multi-

2227 1595 2412 1665 plicato
2442 1600 2630 1668 populo
2676 1598 2860 1668 Israel,
2895 1605 3008 1673 jam
3037 1609 3344 1676 temporibus
3387 1627 3552 1681 regum
3589 1615 3637 1667 in
3662 1625 3769 1672 terra

2227 1688 2595 1756 promissionis,
2641 1709 2753 1761 qua:
2797 1697 2963 1764 fuerat
3006 1699 3235 1753 omnibus
3283 1702 3539 1757 duodecim
3583 1706 3769 1763 tribubus

2227 1777 2513 1843 distributa,
2539 1796 2960 1840 commemorant
2997 1787 3164 1842 decem
3191 1792 3350 1846 tribus
3377 1793 3576 1858 divisas,
3603 1807 3644 1850 et
3680 1808 3766 1852 tra-

2226 1867 2358 1920 ditas
2400 1887 2539 1924 servo
2583 1872 2876 1931 Salomonis
2916 1894 2935 1931 :
2973 1878 3101 1934 duas
3143 1891 3315 1936 autem
3365 1888 3647 1942 remansisse
3681 1891 3767 1956 ﬁlio

2227 1958 2519 2016 Salomonis
2562 1965 2630 2016 ad
2671 1983 2900 2037 regnum,
2929 1972 3064 2039 quod
3100 1983 3206 2026 erat
3243 1973 3525 2030 Jerusalem
3553 1978 3635 2048 (Ill
3661 1978 3764 2051 Reg.

2225 2065 2302 2116 XI,
2335 2051 2545 2122 11-13).
2581 2054 2670 2110 Sic
2706 2067 2753 2110 et
2779 2075 2930 2123 nunc,
2979 2061 3242 2131 inquiunt,
3279 2075 3413 2121 totus
3440 2070 3641 2124 mundus
3663 2087 3768 2139 apo-

2225 2143 2465 2206 statavit;
2495 2161 2586 2198 nos
2613 2156 2779 2202 autem
2819 2159 3058 2221 tanquam
3087 2153 3203 2208 dua:
3229 2155 3338 2211 illa:
3364 2158 3516 2214 tribus
3539 2161 3586 2213 in
3615 2160 3767 2231 templo

2226 2229 2336 2296 Dei,
2367 2232 2463 2285 hoc
2488 2243 2578 2300 est,
2608 2237 2661 2289 in
2699 2237 2926 2294 Ecclesia
2953 2246 3310 2300 remansintus.
3345 2246 3608 2304 Dominum
3642 2253 3766 2305 etiam

2223 2320 2399 2376 Iesum
2449 2323 2703 2382 Christum
2747 2347 2863 2385 cum
2910 2334 3118 2402 plurimi
3157 2337 3406 2409 discipuli
3451 2353 3764 2413 sequerentur,

2223 2418 2540 2486 septuaginta
2560 2419 2753 2476 duobus
2769 2429 3185 2498 apostatantibus,
3203 2433 3304 2487 soli
3318 2450 3428 2487 cum
3445 2435 3530 2490 illo
3544 2436 3768 2492 duodecim

2222 2522 2586 2568 remanserunt.
2622 2513 2713 2570 llis
2743 2527 2900 2586 atque
2932 2519 3238 2590 hujusmodi
3271 2529 3526 2598 exemplis
3566 2529 3766 2586 breretici

2221 2613 2370 2653 suam
2404 2603 2721 2670 paucitatem
2738 2612 3114 2668 commendare
3139 2627 3423 2682 conantur,
3446 2628 3498 2674 et
3526 2622 3574 2674 in
3599 2623 3765 2676 sanctis

2223 2689 2477 2747 Ecclesia:
2520 2697 2909 2756 multitudinem
2958 2713 3067 2759 toto
3107 2707 3238 2763 orbe
3267 2709 3512 2766 diﬂ‘usam
3557 2712 3766 2781 blasphe-

2221 2798 2365 2840 mare
2396 2802 2500 2841 non
2529 2800 2759 2846 cessant.
2791 2793 2895 2849 Sed
2923 2812 3105 2866 quaero
3132 2802 3199 2856 ab
3237 2803 3340 2867 eis,
3375 2805 3417 2858 si
3445 2805 3603 2874 (quod
3626 2805 3766 2874 absit)

2220 2879 2414 2932 nollem
2457 2882 2678 2939 credere
2708 2901 2832 2942 vera
2867 2904 2985 2945 esse
3014 2891 3112 2947 ista
3153 2894 3268 2963 ipsa
3304 2912 3422 2966 quae
3459 2897 3523 2951 ab
3546 2897 3616 2951 eis
3641 2911 3764 2952 com-

2219 2983 2581 3029 memorantur
2606 2980 2870 3050 exempla,
2901 2984 3040 3040 unde
3065 3001 3149 3041 me
3174 2990 3591 3045 convincerent?
3613 2990 3766 3044 Nonne

2217 3061 2284 3116 de
2325 3063 2612 3134 Scripturis
2656 3073 2872 3136 sanctis,
2907 3073 2994 3128 ubi
3039 3075 3295 3145 leguntur
3323 3089 3461 3135 tanta
3493 3079 3764 3135 manifesta-

2218 3151 2380 3220 tione,
2413 3164 2469 3208 ut
2495 3157 2734 3227 quisquis
2772 3161 2888 3216 illas
2911 3162 3140 3220 Litteras
3165 3167 3218 3222 in
3248 3168 3410 3224 fidem
3442 3171 3644 3240 recepit,
3673 3183 3761 3224 non

2216 3247 2382 3313 possit
2411 3247 2510 3303 nisi
2554 3259 2607 3305 et
2637 3251 2734 3307 ista
2764 3255 3037 3312 verissima
3075 3260 3323 3317 confiteri
3347 3263 3370 3316 ?
3397 3263 3556 3318 Porro
3585 3263 3627 3318 si
3666 3263 3760 3316 lucc

2215 3339 2456 3408 exempla
2501 3341 2622 3397 ideo
2667 3359 2889 3414 cogerer
2938 3348 3158 3406 credere
3206 3368 3336 3409 vera
3387 3369 3518 3420 esse,
3563 3353 3670 3423 quia
3703 3352 3762 3408 ibi

2213 3426 2409 3496 scripta
2437 3439 2580 3496 sunt,
2627 3433 2714 3487 ubi
2746 3450 2850 3490 non
2898 3453 3110 3506 possem
3152 3441 3338 3499 dicere
3366 3445 3492 3500 falsa
3532 3459 3640 3500 esse
3663 3457 3760 3513 qua:

2212 3517 2407 3586 scripta
2448 3531 2590 3586 sunt,
2623 3539 2718 3578 cur
2759 3541 2865 3580 non
2909 3537 2963 3582 et
3000 3529 3100 3599 ipsi
3129 3532 3197 3588 de
3242 3533 3484 3591 Ecclesia
3528 3545 3628 3590 toto
3653 3533 3760 3589 orbe

2211 3605 2400 3663 diffusa
2434 3610 2634 3666 eisdem
2667 3614 2956 3685 Scripturis
2997 3621 3265 3678 credunt?
3299 3626 3435 3681 Ecce
3479 3641 3571 3681 nos
3610 3623 3758 3680 omnia

2211 3697 2297 3750 illa
2345 3700 2648 3768 credimus;
2679 3705 2900 3762 credant
2941 3717 2997 3764 et
3039 3711 3139 3781 ipsi
3189 3715 3336 3784 quod
3379 3717 3453 3771 ait
3495 3716 3755 3780 Dominus,

2209 3789 2479 3857 praedicari
2518 3793 2572 3846 in
2619 3797 2820 3852 nomine
2843 3816 2936 3854 suo
2967 3804 3335 3873 paenitentiam,
3363 3819 3414 3864 et
3456 3808 3758 3862 remissionem

2208 3891 2522 3948 peccatorum
2536 3901 2626 3954 per
2644 3903 2814 3943 omnes
2833 3900 3023 3961 gentes,
3043 3895 3401 3967 incipientibus
3416 3899 3475 3952 ab
3486 3898 3753 3953 Jerusalem.

2207 3970 2958 4046 Credantquod'ascensurus
2983 3984 3035 4040 in
3083 3989 3278 4044 caelum
3318 3993 3596 4046 novissime
3623 3989 3752 4054 dixit,

2207 4064 2364 4119 Erilis
2378 4069 2504 4123 mihi
2524 4079 2668 4126 testes
2690 4073 2742 4126 in
2758 4073 3064 4145 Jerusalem,
3089 4089 3136 4134 et
3178 4082 3232 4136 in
3273 4093 3382 4138 tota
3397 4084 3429 4138 .l
3437 4085 3594 4151 udam,
3607 4092 3648 4136 et
3667 4081 3753 4137 Sa-

2204 4157 2384 4220 maria,
2402 4169 2449 4212 et
2462 4176 2616 4230 usque
2631 4163 2682 4217 in
2699 4171 2854 4219 totam
2870 4176 3056 4222 terram
3071 4169 3221 4242 (Luc.
3237 4189 3384 4243 xxxv,
3401 4175 3572 4239 44-51;
3591 4182 3631 4228 et
3658 4172 3750 4226 Aci.

2204 4263 2242 4312 ι,
2257 4248 2309 4315 8,
2325 4248 2400 4321 9).
2430 4251 2498 4306 Ει
2515 4253 2621 4321 illa,
2641 4266 2695 4311 et
2711 4257 2809 4312 ista
2823 4275 2946 4315 vera
2965 4277 3085 4318 esse
3099 4265 3407 4333 credantur,
3424 4279 3476 4324 et
3489 4267 3621 4321 nulla
3639 4265 3753 4320 inter

2204 4356 2301 4396 nos
2329 4347 2600 4402 contentio
2619 4352 2948 4420 remanebit;
2981 4357 3100 4426 quia
3129 4373 3226 4413 nec
3248 4360 3354 4416 illis
3376 4361 3513 4415 veris
3539 4360 3649 4425 ista,
3670 4370 3752 4412 nec

2201 4432 2317 4489 istis
2348 4437 2482 4491 veris
2521 4439 2609 4492 illa
2656 4442 3033 4512 impediuntur.
3065 4449 3130 4503 Et
3167 4451 3286 4520 ista,
3321 4454 3580 4524 inquiunt,
3609 4450 3748 4507 credi-

2201 4541 2330 4592 mus,
2376 4537 2424 4582 et
2465 4531 2712 4600 completa
2755 4551 2862 4590 esse
2902 4542 3242 4609 conﬁtemur;
3283 4545 3375 4600 sed
3420 4557 3586 4617 postea
3639 4541 3748 4598 orbis

2200 4623 2446 4670 terrarum
2475 4624 2795 4688 apostatavit,
2837 4637 2881 4679 et
2906 4628 3017 4682 sola
3044 4635 3284 4688 remansit
3330 4635 3517 4690 Donati
3552 4649 3749 4688 conmm-

2197 4707 2300 4760 nio.
2349 4707 2462 4765 Hoc
2503 4711 2657 4767 nobis
2699 4714 2893 4785 legant.
2941 4720 3080 4776 sicut
3125 4722 3308 4794 legunt
3347 4727 3416 4781 de
3461 4725 3653 4788 Enoch,
3691 4721 3747 4777 de

2193 4796 2327 4864 Noe,
2355 4800 2494 4856 etde
2521 4803 2808 4871 Abraham,
2839 4806 3003 4874 Isaac,
3036 4822 3088 4868 et
3114 4813 3299 4882 Jacob,
3335 4826 3390 4873 et
3417 4816 3485 4871 dc
3514 4817 3610 4870 illis
3632 4814 3746 4869 dua-

2194 4887 2293 4944 bus
2341 4892 2600 4959 tribubus,
2647 4912 2766 4966 quze
2816 4899 3006 4956 decem
3054 4908 3313 4988 separatis
3361 4911 3573 4980 reliqua:
3619 4905 3748 4961 facta:

2193 4991 2400 5050 sunt,et
2430 4984 2496 5041 de
2511 4986 2788 5044 duodecim
2807 4992 3096 5062 Apostolis,
3116 4999 3205 5068 qui
3233 4984 3443 5056 caeteris
3470 5007 3747 5071 apostataru-

2191 5072 2330 5128 tibus
2359 5088 2768 5145 remanserunt;
2797 5090 2852 5136 et
2895 5082 2995 5140 hoc
3039 5086 3288 5145 similiter
3329 5091 3522 5161 legant,
3564 5085 3744 5144 etnillil

2189 5165 2506 5222 resistimus.
2559 5169 2614 5224 Si
2644 5179 2818 5227 autem
2866 5189 2972 5230 non
3017 5192 3080 5233 ea
3129 5179 3196 5235 de
3240 5180 3529 5252 Scripturis
3573 5177 3744 5234 sanctis

2190 5257 2388 5328 legunt,
2420 5261 2512 5316 sed
2539 5262 2648 5318 suis
2671 5269 3102 5326 contentionibus
3128 5275 3453 5342 persuadere
3476 5280 3737 5331 conantur;

2187 5349 2348 5404 credo
2393 5351 2482 5406 illa
2526 5370 2644 5424 qua:
2691 5357 2744 5412 in
2782 5358 3069 5430 Scripturis
3109 5367 3307 5422 sanctis
3355 5367 3612 5438 leguntur,
3650 5374 3738 5416 non

2185 5439 2346 5494 credo
2376 5441 2474 5498 ista
2500 5459 2617 5514 qua:
2645 5446 2713 5502 ab
2739 5448 3002 5509 haereticis
3031 5454 3181 5511 vanis
3211 5455 3478 5513 dicuntur.
3508 5453 3604 5512 Sed
3631 5450 3738 5523 quia

2184 5544 2243 5586 se
2269 5530 2477 5588 duabus
2521 5534 2624 5592 illis
2670 5539 2926 5607 tribubus,
2978 5559 3097 5613 quae
3140 5561 3262 5603 cum
3308 5545 3600 5603 Salomonis
3642 5539 3738 5596 lilio

2182 5638 2572 5696 remanserunt,
2619 5633 3004 5702 comparandos
3051 5646 3277 5709 putant,
3324 5638 3516 5710 legant,
3565 5644 3615 5690 et
3655 5644 3736 5687 eos

2245 5761 2696 5838 "osic'Fllqrjacensis
2717 5767 2887 5838 codex.
2914 5777 2968 5822 At
2992 5771 3126 5836 editi,
3179 5783 3274 5826 Deo
3308 5773 3556 5838 placentes,
3592 5774 3734 5819 (σίδη

2179 5820 2321 5875 idolis
2345 5821 2497 5875 dediti
2519 5831 2562 5876 et
2587 5826 2891 5883 (immanibus.
