3998 6478
194 412 293 468 817

200 524 296 578 hoc
339 520 572 591 elegisse
605 522 619 552 ¹
650 518 949 591 ρωιιίιεὺὶι.
980 518 1068 577 Sic
1114 522 1256 576 enim
1282 523 1765 575 commemorantur

194 619 241 671 in
268 615 557 685 Scripturis
587 616 684 685 ipsi
714 614 820 669 duo
850 614 1047 684 populi.
1080 614 1208 668 Pars
1247 628 1365 684 qua:
1389 621 1503 667 erat
1527 611 1592 664 ad
1617 610 1775 665 Jeru-

192 708 353 763 salem
381 707 521 762 Juda
549 708 852 761 nominatur
878 725 891 761 :
922 707 1009 761 illa
1048 721 1175 760 vero
1200 706 1303 759 alia
1331 721 1449 775 qua:
1474 716 1595 758 cum
1622 716 1777 755 servo

191 800 492 855 Salomonis
519 800 572 853 in
614 800 872 869 ampliore
914 813 1137 853 numero
1164 806 1441 869 segregata
1467 806 1569 861 est,
1616 792 1777 848 Israel

192 901 430 945 vocatur.
482 891 685 962 Legant
732 906 851 961 qua:
913 891 1096 945 dicant
1149 889 1433 958 Propheta:
1478 888 1545 942 de
1612 886 1774 940 utris-

192 998 291 1053 que
340 980 795 1051 quemadmodum
847 981 1084 1052 pejorem
1143 980 1320 1034 dicant
1372 977 1561 1033 Judam
1619 989 1778 1045 quam

194 1075 372 1141 Israel,
406 1075 483 1129 ita
522 1083 580 1128 ut
612 1074 951 1143 justilicatam
995 1074 1173 1127 dicant
1214 1072 1587 1126 aversatricem
1618 1068 1778 1123 Israel

194 1167 425 1237 peccatis
468 1166 907 1235 pratvaricatricis
952 1164 1087 1219 Juda
1132 1163 1348 1232 (Ezech.
1390 1178 1514 1225 xw,
1562 1160 1655 1229 5i)
1685 1176 1699 1211 :
1729 1157 1780 1212 id

194 1264 289 1318 est,
326 1263 437 1309 tam
478 1255 659 1325 gravia
705 1269 823 1309 esse
852 1264 1067 1324 peccata
1099 1253 1275 1323 hujus,
1323 1262 1381 1306 ut
1413 1255 1464 1305 in
1495 1251 1609 1320 ejus
1636 1264 1784 1304 como

197 1345 473 1414 paratione
511 1344 600 1399 illa
639 1344 781 1414 justa
822 1344 1045 1399 dicenda
1086 1344 1173 1398 sit.
1221 1343 1331 1398 Nec
1359 1342 1517 1413 hujus
1564 1350 1739 1396 tamen
1764 1380 1779 1405 ,

197 1450 293 1492 nec
318 1436 465 1489 illius
494 1445 715 1505 peccata
759 1435 1045 1492 obfuerunt
1067 1436 1263 1506 aliquid
1294 1436 1468 1505 justis,
1501 1434 1667 1504 quiet
1697 1432 1783 1486 hic

204 1536 256 1581 et
282 1528 390 1581 illic
419 1528 586 1583 fuisse
608 1529 968 1583 inveniuntur.
992 1528 1122 1584 Nam
1146 1537 1201 1583 et
1230 1529 1281 1582 in
1311 1528 1398 1581 illa
1426 1536 1595 1597 parte,
1626 1541 1781 1595 quam

200 1631 296 1686 pro
345 1618 593 1687 exemplo
646 1619 960 1689 perditionis
1007 1628 1229 1689 ponunt,
1274 1619 1325 1672 id
1366 1628 1447 1672 est
1494 1619 1546 1671 in
1585 1616 1740 1670 Israel
1767 1657 1782 1683 ,

203 1706 418 1761 luerunt
460 1708 626 1761 sancti
678 1710 970 1778 prophetae.
1018 1710 1092 1763 Ibi
1140 1717 1255 1764 erat
1294 1708 1383 1762 ille
1428 1706 1786 1761 memorabilis

203 1796 365 1859 Elias,
396 1806 452 1851 ut
477 1797 545 1852 de
558 1798 677 1851 aliis
700 1808 922 1864 taceam,
952 1799 1036 1853 cui
1062 1799 1220 1852 etiam
1241 1798 1439 1853 dictum
1462 1807 1563 1863 est,
1588 1795 1787 1865 Reliqui

203 1887 327 1939 mihi
363 1896 554 1955 septem
578 1887 739 1941 millia
770 1889 1008 1954 virorum,
1032 1890 1118 1958 qui
1144 1906 1244 1942 non
1270 1898 1595 1942 curvaverant
1625 1902 1788 1957 genua

203 1988 322 2029 ante
356 1976 488 2029 Baal
532 1976 633 2048 (ΙΙΙ
663 1976 791 2048 Reg.
837 1994 953 2044 xix,
996 1980 1105 2049 18).
1140 1978 1263 2033 Ideo
1292 1993 1621 2047 nequaquam
1666 1991 1789 2046 pars

205 2067 293 2120 illa
346 2068 547 2136 populi.
583 2078 829 2138 tanquam
878 2069 1097 2124 haeresis
1139 2069 1301 2124 fuisse
1343 2068 1644 2138 deputanda
1686 2075 1786 2121 est.

209 2156 350 2211 Deus
392 2158 534 2211 enim
566 2158 780 2212 easdem
827 2157 993 2212 tribus
1033 2160 1265 2228 jusserat
1309 2159 1565 2229 separari,
1601 2172 1704 2211 non
1735 2166 1793 2210 ut

206 2248 415 2317 religio,
444 2249 539 2303 sed
580 2258 637 2303 ut
666 2265 884 2319 regnum
911 2250 1254 2317 divideretur,
1283 2259 1340 2306 et
1369 2250 1469 2304 hoc
1494 2249 1651 2304 modo
1677 2249 1792 2303 vin-

207 2340 475 2395 dicaretur
499 2342 551 2395 in
576 2357 795 2411 regnum
817 2342 973 2397 Juda.
999 2343 1139 2397 Deus
1158 2351 1333 2396 autem
1356 2357 1623 2411 nunquam
1644 2340 1793 2409 jubet

208 2432 444 2486 schisma
473 2434 554 2487 vel
599 2432 845 2487 lneresim
895 2434 1029 2489 ﬁeri.
1073 2433 1254 2504 Neque
1295 2434 1436 2487 enim
1479 2432 1600 2501 quia
1643 2441 1697 2485 et
1737 2431 1791 2485 in

205 2527 339 2581 orbe
384 2536 646 2581 terrarum
676 2527 989 2598 plerumque
1017 2542 1179 2597 regna
1217 2526 1545 2590 dividuntur,
1580 2523 1699 2578 ideo
1741 2533 1794 2577 et

205 2620 384 2673 unitas
413 2617 697 2672 christiana
725 2619 997 2684 dividitur,
1025 2634 1146 2673 cum
1176 2619 1227 2673 in
1271 2625 1494 2687 utraque
1523 2624 1670 2686 parte
1700 2629 1792 2669 ca-

208 2708 406 2763 tholica
434 2708 733 2762 inveniatur
754 2708 1012 2763 Ecclesia.

280 2801 372 2855 34.
420 2799 531 2853 Iloc
559 2799 676 2855 ideo
718 2799 785 2854 de
819 2799 952 2854 Juda
982 2809 1037 2855 et
1062 2799 1225 2855 Israel
1268 2797 1794 2855 commemorandum

204 2893 497 2947 arbitratus
538 2906 676 2959 sum,
728 2893 958 2947 maxime
1006 2902 1065 2947 ut
1109 2892 1492 2947 admoneantur
1531 2891 1639 2957 isti,
1688 2905 1794 2945 non

206 2986 404 3040 obesse
424 2984 581 3054 justis
610 2985 659 3037 in
688 2984 863 3039 medio
892 2984 1173 3054 impiorum
1194 2983 1513 3049 constitutis,
1542 2981 1795 3051 quidquid

206 3077 262 3130 in
315 3075 463 3144 ipsos
520 3075 743 3144 populos
804 3083 1021 3144 propter
1076 3075 1355 3143 impiorum
1408 3072 1795 3127 multitudinem

207 3165 407 3219 dicitur
432 3183 445 3217 :
470 3174 527 3218 ut
550 3162 796 3218 desinant
820 3165 1067 3231 colligere
1093 3165 1414 3229 testimonia,
1447 3178 1797 3233 quaecumque

209 3256 327 3311 sive
371 3270 468 3324 per
507 3254 820 3323 Prophetas,
877 3255 988 3309 sive
1035 3269 1130 3324 per
1166 3269 1229 3309 os
1273 3254 1503 3320 Domini,
1547 3255 1659 3308 sive
1703 3269 1799 3323 per

211 3346 581 3414 Evangelistas
625 3345 677 3399 in
724 3344 921 3398 zizania
975 3346 1057 3399 vel
1101 3345 1308 3413 paleam
1351 3344 1494 3398 orbis
1540 3352 1796 3398 terrarum

210 3437 356 3490 dicta
405 3434 766 3489 inveniuntur.
818 3435 1135 3504 Plerumque
1180 3435 1321 3489 enim
1370 3449 1547 3489 sermo
1589 3434 1799 3488 divinus

212 3524 407 3594 impias
448 3524 627 3578 turbas
659 3524 934 3589 Ecclesiae,
976 3540 1095 3594 quae
1140 3538 1239 3578 nec
1268 3524 1320 3577 in
1365 3523 1599 3578 Ecclesia
1630 3522 1797 3593 depu-

214 3624 416 3681 tantur,
453 3624 628 3669 tamen
660 3623 874 3683 propter
899 3614 1260 3677 Sacramenta,
1292 3629 1409 3683 qua:
1436 3628 1555 3667 cum
1602 3612 1801 3666 sanctis

212 3706 571 3761 communiter
608 3706 823 3772 habent,
854 3706 975 3774 quia
1004 3706 1138 3759 inest
1179 3706 1231 3759 in
1257 3705 1334 3759 eis
1364 3705 1603 3774 qumdam
1634 3704 1800 3759 forma

218 3797 452 3867 pietatis,
484 3796 635 3865 cujus
681 3796 926 3849 virtutem
971 3804 1184 3866 negant,
1215 3795 1352 3848 sicut
1379 3795 1453 3849 ait
1492 3795 1799 3863 Apostolus,

219 3886 477 3943 Habentes
520 3892 735 3959 foratum
779 3888 999 3957 pietatis,
1040 3889 1269 3940 virtutem
1304 3896 1472 3939 autem
1512 3888 1621 3956 ejus
1654 3887 1804 3940 abne-

214 3988 394 4051 gantes
424 3978 490 4051 (ll
526 3978 656 4031 Tim.
695 3994 771 4042 nt,
801 3978 854 4044 5)
884 3996 898 4044 ;
929 3980 1007 4033 sic
1044 3977 1313 4047 redarguit
1342 3986 1590 4047 tanquam
1618 3990 1805 4031 omnes

221 4068 355 4123 tales
397 4069 527 4133 sint,
557 4077 613 4123 et
641 4068 815 4123 nullus
855 4068 1026 4122 bonus
1055 4067 1271 4122 omnino
1302 4065 1637 4121 remanserit.
1680 4064 1806 4120 Inde

219 4164 419 4232 quippe
465 4162 851 4228 admonemur,
897 4162 950 4216 in
1002 4175 1099 4215 suo
1144 4159 1373 4230 quodam
1436 4172 1659 4212 numero
1712 4172 1806 4212 eos

221 4253 327 4306 dici
370 4267 580 4316 omnes,
626 4251 678 4306 id
706 4260 809 4317 est,
858 4265 1045 4305 omnes
1077 4250 1212 4304 lilios
1255 4250 1535 4319 gehennae,
1584 4263 1689 4318 quo
1715 4262 1807 4301 eos

223 4341 366 4395 Deus
410 4341 677 4410 pertinuere
718 4339 999 4409 praeseivit.
1033 4338 1123 4392 Isti
1150 4354 1280 4407 ergo
1314 4338 1395 4391 vel
1428 4337 1692 4406 imperite,
1722 4336 1805 4390 vel

226 4430 487 4486 fallaciter
528 4439 763 4503 agentes,
791 4429 1049 4499 colligunt
1087 4428 1153 4483 de
1197 4428 1486 4497 Scripturis
1515 4427 1657 4492 talia,
1690 4441 1809 4497 quin

229 4522 311 4578 vel
338 4522 392 4576 in
420 4520 590 4576 malos
632 4520 784 4575 bonis
810 4535 976 4589 usque
1006 4519 1057 4572 in
1088 4518 1245 4572 linem
1275 4519 1585 4588 permixtos,
1617 4517 1702 4571 vel
1741 4516 1809 4571 de

227 4612 523 4666 vastatione
542 4610 731 4681 prioris
755 4610 932 4679 populi
950 4608 1252 4663 Judzeorum
1274 4608 1413 4662 dicta
1438 4608 1806 4677 reperiuntur:

228 4712 283 4759 et
304 4705 489 4758 volunt
517 4718 579 4757 ea
601 4701 916 4771 detorquere
944 4701 995 4754 in
1023 4699 1316 4754 Ecclesiam
1341 4699 1453 4763 Dei,
1478 4708 1534 4751 ut
1563 4706 1810 4768 tanquam

230 4791 492 4848 defecisse
521 4806 585 4846 ac
615 4792 834 4861 periisse
859 4790 924 4845 de
955 4798 1065 4844 toto
1091 4788 1220 4843 orbe
1247 4788 1511 4842 videatur.
1558 4788 1814 4842 Desinant

231 4896 357 4953 ergo
386 4882 511 4937 talia
554 4881 813 4952 proferre,
842 4883 887 4936 si
932 4879 1257 4949 respondere
1283 4879 1409 4933 huic
1437 4879 1686 4948 Ερίειοιευ
1715 4894 1812 4931 vo-

235 4974 367 5028 lunt.
397 4974 585 5043 Neque
624 4972 768 5028 enim
815 4986 912 5026 nos
940 4970 1013 5025 ita
1056 4970 1282 5024 dicimus
1308 4985 1405 5038 per
1434 4977 1600 5022 totum
1630 4968 1812 5022 orbem

235 5064 457 5119 diffundi
488 5064 799 5129 Ecclesiam,
829 5072 889 5117 ut
932 5062 985 5114 in
1015 5060 1372 5115 Sacramentis
1398 5059 1514 5127 ejus
1543 5057 1686 5111 solos
1715 5058 1813 5111 bo-

237 5170 333 5211 nos
357 5171 477 5211 esse
504 5155 764 5221 dicamus,
794 5169 855 5208 ac
883 5169 988 5207 non
1018 5153 1177 5207 etiam
1206 5151 1373 5205 malos
1399 5166 1414 5213 ;
1455 5158 1511 5205 et
1536 5164 1630 5203 eos
1658 5148 1814 5202 etiam

238 5248 404 5302 multo
433 5248 633 5318 plures,
666 5255 723 5300 ut
758 5246 809 5299 in
840 5260 1023 5299 eorum
1052 5242 1445 5311 comparatione
1476 5240 1629 5310 pauci
1672 5239 1813 5303 sint,

237 5352 357 5391 cum
386 5354 480 5407 per
508 5352 567 5392 se
596 5338 739 5406 ipsos
764 5335 1031 5405 ingentem
1060 5348 1335 5387 numerum
1368 5332 1580 5385 faciant.

311 5428 532 5484 CAPUT
574 5427 693 5483 XIV
721 5429 814 5498 (α).
857 5456 904 5469 σο
970 5428 1058 5481 55.
1105 5426 1371 5479 Habemus
1419 5423 1818 5479 innumerabilia

247 5519 569 5582 testimonia,
590 5527 644 5572 et
671 5518 735 5573 de
759 5517 1132 5572 commixtione
1162 5515 1420 5569 malorum
1450 5530 1567 5568 cum
1588 5514 1741 5568 bonis
1768 5513 1817 5566 in

242 5611 425 5665 eadem
443 5609 818 5665 communione
846 5608 1162 5663 sacramenti
1187 5623 1200 5673 ;
1233 5606 1367 5660 sicut
1391 5605 1552 5660 Judas
1577 5606 1643 5660 ab
1670 5605 1820 5659 initio

311 5747 326 5807 ε
359 5746 494 5803 Editi,
518 5743 702 5806 legisse.
730 5746 891 5807 Aptius
912 5743 1223 5807 Floriacensis
1248 5750 1345 5803 31s.,
1366 5740 1574 5805 elegisse.

309 5805 378 5869 (α)
402 5807 533 5870 Apud
560 5816 659 5854 Arn.
688 5814 737 5855 et
759 5805 853 5865 Er.,
879 5818 981 5868 cap.
1010 5806 1083 5853 15.

1073 418 1239 460 vumo
1278 403 1364 459 DE
1405 399 1703 458 UNITATE
1743 395 2093 453 ECCLESH‘I
2126 396 2326 453 LlBER
2365 398 2565 456 UNUS.

3352 411 3464 469 618

1885 515 2055 570 malus
2096 516 2233 571 inter
2261 518 2429 572 bonos
2477 516 2719 573 undecim
2749 528 3092 575 conversatus
3121 530 3204 577 est
3245 540 3261 577 :
3302 532 3357 580 et
3399 524 3466 579 de

1885 605 2141 659 bonorum
2169 608 2446 675 paucitate,
2471 617 2684 677 propter
2706 608 2965 663 malorum
2994 610 3220 679 plurium
3246 627 3464 684 compa--

1886 694 2183 760 rationem;
2214 705 2267 749 et
2293 711 2475 752 rursus
2501 697 2567 751 de
2607 697 2867 753 bonorum
2915 700 3249 756 multitudine
3281 718 3375 772 per
3406 718 3466 757 se

1886 786 2052 855 ipsam
2094 788 2445 843 considerata.
2491 789 2570 843 Ex
2612 790 2821 859 quibus,
2872 806 2939 845 ne
2978 791 3190 863 longum
3231 794 3458 857 faciam,

1887 890 2051 943 pauca
2080 891 2459 933 commemoro.
2490 878 2586 934 Est
2614 880 2665 933 in
2689 881 2917 935 Canticis
2945 884 3295 951 canticorum,
3320 886 3459 955 quod

1887 964 1953 1020 de
1977 976 2157 1021 sancta
2184 968 2417 1022 Ecclesia
2439 968 2634 1023 dictum
2657 970 2829 1025 omnis
2851 971 3167 1026 christianus
3187 975 3429 1044 agnoscit
3455 992 3468 1028 :

1888 1054 2035 1109 Sicut
2063 1058 2225 1111 lilium
2264 1059 2315 1111 in
2356 1060 2521 1112 medio
2559 1061 2838 1129 spinarum,
2881 1064 2950 1115 ita
2994 1066 3222 1132 proxima
3249 1082 3359 1119 mea
3416 1068 3469 1120 in

1888 1147 2049 1200 medio
2078 1150 2300 1217 ﬁliarum
2341 1150 2508 1221 (Cant.
2542 1167 2598 1217 ιι,
2644 1151 2721 1221 2).
2772 1153 2922 1209 Unde
2965 1156 3193 1225 appellat
3240 1160 3424 1227 spinas
3454 1201 3469 1224 ,

1888 1238 1986 1291 nisi
2016 1248 2233 1308 propter
2274 1241 2649 1309 malignitatem
2681 1245 2929 1297 morum?
2955 1245 3022 1299 Et
3062 1247 3275 1302 easdem
3320 1250 3461 1305 unde

1890 1327 2043 1392 tilias,
2089 1329 2187 1382 nisi
2238 1338 2452 1399 propter
2496 1333 2922 1387 communionem
2961 1334 3464 1393 Sacramentorum?

1890 1416 2045 1472 Videt
2086 1420 2242 1473 etiam
2270 1419 2354 1473 hic
2386 1421 2629 1475 Ezechiel
2673 1422 2907 1492 signatos
2934 1426 3211 1492 quosdam,
3241 1445 3306 1482 ne
3341 1445 3461 1482 cum

1890 1510 2280 1579 malispariter
2323 1512 2620 1577 interirent,
2668 1513 2735 1567 de
2780 1514 2970 1582 quibus
2999 1517 3046 1569 ei
3090 1517 3281 1572 dicitur
3314 1538 3329 1573 :
3364 1520 3464 1583 Qui

1891 1610 2091 1668 gemunt
2137 1610 2183 1654 et
2220 1613 2424 1655 mazrent
2469 1612 2672 1672 peccata
2715 1614 2761 1657 et
2790 1606 3073 1675 iniquitates
3118 1612 3292 1679 pepuli
3333 1613 3461 1679 mei,

1890 1705 2002 1756 qute
2042 1691 2169 1757 ﬁunt
2213 1692 2265 1743 in
2306 1693 2467 1745 medio
2496 1710 2668 1747 eorum
2716 1693 2925 1765 (Ezeclt.
2959 1711 3033 1763 lx,
3080 1696 3158 1769 4).
3206 1698 3461 1769 Populum

1891 1796 2043 1835 suum
2072 1797 2175 1836 non
2204 1782 2423 1849 diceret,
2451 1800 2603 1854 quem
2633 1771 2761 1840 solis
2786 1786 2888 1841 illis
2916 1789 3094 1844 illmsis
3123 1792 3298 1859 perire
3338 1808 3463 1847 mox

1889 1872 2056 1941 jubet,
2098 1873 2196 1925 nisi
2217 1889 2335 1927 eum
2369 1878 2618 1944 populum
2646 1878 2735 1946 qui
2777 1878 2893 1946 ejus
2917 1892 3246 1935 Sacramenta
3285 1892 3464 1952 gesta-

1893 1962 2000 2017 bat.
2032 1963 2169 2019 Dicit
2196 1974 2249 2019 et
2275 1965 2529 2020 Dominus
2552 1967 2619 2033 de
2647 1972 3080 2036 superseminatis
3110 1973 3346 2041 zizaniis,
3381 1976 3469 2031 Si-

1895 2053 1994 2105 nite
2014 2061 2219 2119 utraque
2242 2070 2459 2109 crescere
2480 2072 2633 2125 usque
2657 2058 2724 2110 ad
2753 2074 2958 2112 messem
2986 2076 3004 2114 :
3031 2060 3082 2114 id
3111 2072 3212 2126 est,
3236 2064 3468 2119 triticum

1894 2152 1948 2197 et
1971 2144 2186 2197 zizania.
2222 2146 2286 2198 Et
2316 2146 2427 2214 ipse
2473 2147 2845 2216 interpretatur
2884 2165 3131 2215 messem,
3170 2153 3325 2207 linem
3351 2170 3472 2209 esse

1896 2236 2113 2301 saeculi;
2145 2251 2327 2305 agrum
2360 2254 2504 2302 vero,
2554 2238 2641 2293 tibi
2687 2248 2968 2310 utrumque
2997 2245 3313 2298 setninatutn
3343 2254 3427 2301 est
3453 2287 3469 2311 ,

1897 2327 2149 2381 mundum
2181 2343 2318 2382 esse.
2351 2328 2570 2398 Oportet
2598 2330 2770 2400 itaque
2812 2347 2978 2401 usque
3004 2334 3056 2387 in
3088 2334 3247 2389 linem
3292 2337 3470 2390 surculi

1896 2434 2136 2474 crescere
2166 2429 2446 2489 utrumque
2477 2437 2571 2489 per
2599 2422 2871 2475 mundum.
2906 2422 3052 2477 Unde
3073 2425 3183 2493 jam
3215 2442 3321 2480 non
3352 2442 3474 2495 pcr-

1897 2512 2176 2565 mittuntur
2205 2512 2290 2565 isti
2322 2513 2612 2582 suspicari,
2656 2523 2746 2567 aut
2787 2529 3025 2569 asserere
3066 2516 3206 2584 quod
3251 2518 3467 2583 dicunt,

1898 2618 2084 2657 omnes
2124 2604 2290 2657 bonos
2318 2604 2686 2659 defecisseide
2728 2606 2944 2671 mundo,
2977 2616 3035 2660 ut
3064 2608 3115 2660 in
3161 2608 3273 2663 Sola
3323 2619 3473 2679 parte

1902 2696 2088 2749 Donati
2119 2706 2475 2751 remanerent.
2507 2696 2779 2751 Conantur
2803 2699 2944 2751 enim
2988 2708 3172 2754 contra
3202 2701 3475 2770 apertissi-

1899 2802 2040 2841 mam
2086 2788 2400 2841 sententiam
2426 2787 2632 2841 Domini
2662 2788 2907 2855 dicentis,
2938 2788 3069 2859 Ager
3095 2800 3167 2843 est
3206 2791 3286 2844 [th
3324 2808 3474 2846 mun-

1901 2877 1994 2932 dus
2015 2895 2034 2942 ,'
2059 2886 2130 2942 et,
2155 2878 2318 2933 Sinite
2356 2888 2563 2948 utraque
2588 2896 2807 2933 crescere
2829 2897 2984 2949 usque
3012 2882 3079 2934 ad
3125 2898 3331 2938 messem
3353 2900 3373 2947 ,'
3398 2892 3474 2948 et,

1903 2966 2083 3022 Messis
2111 2978 2182 3022 est
2212 2969 2327 3036 ﬁnis
2355 2971 2543 3023 swculi.
2575 2970 2670 3024 Est
2694 2970 2797 3025 alia
2826 2971 3114 3026 similitudo
3139 2974 3471 3041 apertissima

1860 3070 1863 3071 '
1901 3060 1969 3115 de
2011 3062 2387 3117 commixtione
2416 3063 2669 3117 malorum
2696 3073 2749 3117 et
2772 3063 3030 3118 bonorum
3064 3065 3197 3118 intra
3227 3066 3471 3122 eamdem

1901 3150 2365 3206 Sacramentorum
2429 3151 2855 3206 communionem
2920 3162 2973 3207 ct
3046 3154 3475 3221 connexionem,

1902 3256 2058 3311 quam
2094 3241 2346 3295 Dominus
2382 3241 2493 3311 ipse
2517 3250 2571 3296 et
2612 3243 2779 3311 ponit,
2807 3250 2861 3298 et
2885 3244 3119 3313 exponit.
3164 3244 3343 3299 Simile
3369 3255 3475 3313 est,

1905 3335 2094 3404 inquit,
2135 3353 2342 3406 regnum
2369 3334 2609 3389 caelorum
2651 3351 2852 3405 sugente
2890 3337 3053 3389 missa:
3077 3337 3128 3388 in
3168 3353 3325 3401 mare,
3365 3354 3479 3407 qua:

1904 3436 2171 3498 congregat
2200 3426 2368 3479 omnia
2410 3442 2591 3496 genera
2617 3426 2848 3495 piscium.
2881 3424 3005 3480 Cum
3033 3436 3197 3480 autem
3227 3438 3349 3481 esset
3380 3429 3479 3480 im-

1905 3519 2061 3590 pleta,
2104 3518 2380 3571 eduxerunt
2431 3533 2542 3570 eam
2584 3516 2652 3569 ad
2691 3517 2848 3581 littus,
2886 3526 2931 3569 et
2969 3516 3190 3570 sedentes
3229 3518 3482 3587 elegerunt

1905 3611 2118 3679 Optimos
2145 3609 2197 3661 in
2234 3623 2353 3661 vasa
2392 3624 2505 3673 sua,
2546 3606 2706 3660 malos
2731 3616 2895 3658 autem
2922 3610 3058 3677 foras
3087 3609 3346 3659 miserunt.
3392 3607 3482 3661 Sic

1906 3701 1998 3753 erit
2025 3701 2075 3751 in
2111 3699 2536 3752 consummatione
2579 3697 2747 3751 steculi
2779 3713 2796 3749 :
2825 3698 2989 3751 exierit
3026 3698 3225 3767 Angeli,
3266 3706 3310 3751 et
3337 3714 3484 3767 sepa-

1907 3790 2087 3844 rabunt
2110 3791 2268 3843 malos
2298 3790 2359 3842 de
2383 3788 2830 3856 mediojustorum,
2861 3796 2908 3839 et
2930 3788 3121 3840 mittent
3153 3803 3235 3840 eos
3254 3788 3305 3839 in
3326 3788 3483 3840 cami-

1909 3898 2027 3935 num
2048 3882 2062 3911 ¹
2083 3881 2211 3949 ignis
2233 3892 2251 3942 ;
2272 3877 2338 3931 ibi
2353 3879 2445 3931 erit
2458 3878 2607 3947 ﬂetus
2627 3886 2673 3929 et
2703 3876 2887 3929 stridor
2902 3875 3122 3928 dentium
3142 3875 3347 3945 (Matth.
3370 3892 3480 3939 xm,

1909 3973 1978 4027 24
2000 3973 2111 4043 .50).
2144 3971 2295 4024 Nulla
2325 3983 2451 4039 ergo
2477 3968 2737 4021 malorum
2767 3967 3076 4020 commixtio
3106 3974 3268 4020 terret
3294 3966 3483 4032 bonos,

1912 4075 1971 4119 ut
1998 4070 2273 4134 propterea
2298 4062 2461 4114 velint
2488 4066 2735 4128 tanquam
2764 4059 2896 4112 retia
2925 4072 3193 4126 rumpere,
3226 4065 3279 4112 et
3306 4072 3333 4108 a
3356 4071 3486 4110 eon-

1910 4156 2215 4227 gregatione
2243 4153 2458 4207 unitatis
2477 4152 2642 4216 exire,
2662 4165 2729 4204 ne
2758 4148 2998 4203 homines
3036 4165 3138 4201 non
3162 4148 3487 4217 pertinentes

1913 4250 1980 4304 ad
2004 4263 2224 4319 regnum
2247 4247 2503 4301 cmlorum
2536 4245 2588 4298 in
2611 4244 3075 4299 Sacramentorum
3098 4239 3365 4295 consortio
3396 4254 3489 4308 pa-

1917 4336 2584 4408 lianturzquandoquidcm
2603 4350 2722 4389 cum
2748 4334 2813 4388 ad
2842 4334 3006 4396 littus,
3027 4332 3076 4386 id
3103 4341 3203 4395 cst,
3230 4332 3294 4385 ad
3326 4332 3478 4389 tinent

1916 4432 2099 4489 smculi
2137 4440 2350 4485 ventum
2395 4428 2568 4491 fuerit,
2600 4428 2687 4482 lict
2714 4426 2889 4482 debita
2934 4425 3221 4495 separatio,
3252 4438 3355 4477 non
3386 4422 3482 4476 hu-

1918 4539 2071 4579 mana
2104 4522 2419 4586 temeritate,
2448 4518 2543 4574 sed
2570 4518 2751 4573 divino
2770 4516 2996 4587 judicio.

1988 4618 2077 4673 '56.
2126 4617 2200 4671 De
2228 4614 2488 4684 paucitate
2538 4620 2713 4665 autem
2766 4610 3025 4665 bonorum
3078 4608 3191 4676 ipse
3244 4603 3486 4661 Dominus

1918 4707 2249 4781 apertissime
2277 4707 2436 4768 dicit,
2467 4703 2662 4757 Intrate
2688 4718 2776 4771 per
2803 4708 3067 4768 angustam
3094 4707 3324 4769 portam:
3344 4711 3495 4767 quam

1920 4803 2022 4855 lata
2051 4808 2096 4853 et
2119 4798 2343 4867 spatiosa
2358 4796 2437 4849 via
2457 4803 2529 4848 est
2553 4835 2567 4858 ,
2598 4808 2707 4863 qua:
2729 4791 2866 4843 ducit
2890 4791 2958 4842 ad
2983 4790 3256 4851 interitum;
3283 4798 3328 4841 et
3351 4787 3493 4842 multi

1921 4900 2037 4945 stmt
2058 4890 2143 4959 qui
2170 4895 2381 4958 pergunt
2412 4901 2500 4954 per
2526 4882 2701 4936 illam!
2734 4882 2898 4948 Quam
2931 4888 3144 4950 angusta
3166 4887 3311 4949 porta
3339 4887 3385 4930 et
3405 4892 3486 4927 ar-

1923 4994 2001 5037 cta
2029 4983 2109 5035 via
2129 4995 2240 5051 qua:
2263 4980 2397 5032 ducit
2425 4977 2492 5030 ad
2508 4976 2681 5037 vitam;
2702 4982 2747 5027 et
2778 4972 2925 5043 pauci
2949 4980 3065 5025 sunt
3086 4971 3173 5038 qui
3198 4966 3494 5038 ingrediun-

1925 5084 2007 5128 tur
2039 5088 2128 5145 per
2152 5070 2294 5125 illaut
2339 5067 2467 5139 (Id.
2494 5082 2607 5130 vn,
2642 5066 2738 5129 15,
2774 5060 2860 5135 ll)
2890 5064 2903 5115 l
2948 5062 3082 5115 Istos
3133 5071 3329 5128 paucos
3378 5054 3497 5145 Do-

1924 5143 2131 5221 natista:
2155 5177 2214 5217 se
2237 5168 2421 5230 putant
2446 5172 2587 5220 esse,
2618 5166 2673 5210 et
2700 5155 2818 5209 ideo
2842 5152 3024 5207 dicunt
3064 5148 3282 5219 periisse
3315 5143 3500 5198 orbem

1928 5268 2185 5312 terrarum
2211 5294 2226 5319 ,
2268 5266 2325 5306 se
2350 5259 2525 5305 autem
2548 5249 2598 5302 in
2628 5247 2725 5301 hac
2763 5245 3022 5315 paucitate
3043 5283 3057 5307 ,
3085 5253 3239 5308 quam
3271 5235 3499 5289 laudavit
3545 5261 3548 5265 -

1926 5346 2205 5407 Dominus,
2234 5341 2572 5397 remansisse.
2610 5336 2709 5405 Qui
2740 5333 2951 5404 quando
2977 5334 3354 5396 comparantur
3379 5340 3500 5379 cum

1926 5438 2042 5499 eis,
2075 5435 2229 5504 longe
2270 5431 2547 5501 pauciores
2602 5426 2903 5493 Rogatistas
2955 5428 3044 5472 aut
3091 5414 3505 5504 Maximianistas

1928 5503 2206 5596 ohjicimus
2229 5565 2243 5588 ,
2272 5522 2360 5592 qui
2389 5535 2447 5574 se
2487 5518 2552 5571 ab
2581 5517 2658 5571 eis
2683 5516 3097 5582 separaverunt,
3126 5504 3172 5559 si
3199 5503 3504 5596 existimant

1928 5593 2027 5670 sibi
2051 5615 2117 5669 de
2140 5613 2403 5685 paucitate
2440 5622 2557 5662 esse
2582 5600 2935 5674 gloriandum.
2962 5598 3337 5651 Verumtamen
3369 5593 3506 5649 hanc

1933 5706 2247 5776 paucitatem
2290 5703 2340 5754 in
2385 5693 2778 5765 comparatione
2824 5686 3504 5751 multitudinismalorum,

1997 5797 2012 5828 ³
2049 5794 2359 5844 l-‘loriacensis
2380 5788 2553 5847 codex,
2577 5782 2628 5833 in
2648 5783 2909 5843 fornacem.
