3998 6472
527 400 632 457 H9

530 532 650 575 esse
678 533 706 572 a
754 519 977 573 Domino
1020 512 1444 573 commendatam
1472 534 1485 583 ;
1513 515 1905 570 multitudinem
1937 523 2112 569 autem

534 612 791 666 bonorum
814 652 829 678 ,
858 604 975 666 cum
1022 624 1115 680 per
1143 625 1200 664 se
1232 612 1400 681 ipsam
1448 609 1854 676 consideratur,
1888 623 1994 662 non
2037 618 2116 662 ta-

532 703 710 757 cuisse
734 702 1031 771 Scripturas
1052 742 1066 765 ,
1101 702 1276 771 legant
1300 744 1315 767 ,
1346 710 1400 757 et
1424 701 1640 756 videant
1662 714 1823 771 quam
1852 700 2003 769 plura
2034 707 2117 753 te-

534 794 782 849 stimonia
814 794 1163 862 reperiantur.
1193 792 1344 849 Unde
1360 792 1504 847 enim
1531 792 1702 862 ipsum
1729 805 1913 846 semen
1943 787 2117 844 Abra-

536 887 619 942 hae
639 930 653 951 ,
682 888 818 941 sicut
845 887 1011 940 stella:
1035 886 1157 940 coeli
1184 893 1237 940 et
1257 887 1393 939 sicut
1416 898 1577 939 arena
1605 882 1768 938 maris
1794 882 2120 953 promittitur

534 976 684 1045 (Gen.
711 993 776 1030 xv
802 1020 816 1043 ,
859 977 893 1033 5
915 1019 928 1042 ,
956 986 1002 1031 et
1047 992 1157 1030 χχιι
1181 1017 1194 1042 ,
1220 975 1314 1045 ‘27)
1342 1017 1355 1040 ,
1385 975 1484 1029 nisi
1515 982 1736 1045 propter
1786 973 2118 1026 innumeram

535 1068 975 1122 multitudinem?
1024 1058 1155 1122 Cum
1208 1066 1351 1120 dicat
1405 1064 1692 1135 Apostolus
1747 1062 1868 1119 ideo
1919 1062 2117 1117 dictum

528 1175 671 1226 esse,
698 1158 765 1212 In
787 1157 938 1212 Isaac
966 1159 1226 1213 vocabitur
1251 1158 1338 1211 tibi
1363 1172 1527 1211 semen
1546 1198 1560 1221 ,
1590 1156 1710 1224 quia
1750 1170 1851 1209 non
1877 1154 1972 1222 lilii
2001 1168 2118 1206 car-

533 1253 642 1317 nis,
677 1254 767 1306 sed
800 1252 897 1321 ﬁlii
927 1250 1274 1319 promissionis
1317 1249 1627 1318 deputantur
1668 1247 1721 1300 in
1746 1262 1912 1300 semen
1941 1244 2116 1318 (Rom.

528 1359 611 1405 ix,
641 1343 723 1415 7)?
756 1344 925 1408 Unde,
957 1342 1111 1397 Multi
1126 1342 1228 1412 ‘ﬁlii
1258 1342 1485 1405 desertae,
1514 1340 1676 1411 magis
1699 1354 1849 1408 quant
1872 1338 1983 1408 ejus
2008 1353 2120 1407 quae

532 1436 676 1488 habet
700 1436 860 1489 virum
889 1434 1043 1507 (Isai.
1076 1449 1179 1498 LIV,
1216 1434 1297 1502 l)?
1328 1430 1481 1487 Unde
1505 1473 1518 1496 ,
1552 1430 1705 1484 Multi
1746 1428 1809 1483 ab
1843 1428 2047 1483 Oriente
2071 1439 2119 1483 et

536 1528 805 1582 Occidente
833 1529 1059 1589 venient,
1091 1536 1139 1580 et
1168 1524 1449 1579 recnmbent
1470 1540 1585 1576 cum
1609 1521 1865 1576 Abraham
1892 1530 1939 1574 et
1968 1519 2119 1574 Isaac

533 1628 578 1671 et
613 1618 774 1671 Jacob
800 1620 851 1671 in
879 1634 1031 1688 regno
1058 1618 1334 1678 caelorum;
1364 1614 1459 1683 ﬁlii
1500 1622 1667 1667 autem
1695 1613 1838 1684 regni
1877 1610 2019 1665 ibunt
2067 1612 2118 1665 in

534 1707 759 1761 tenebras
804 1708 1071 1760 exteriores
1114 1704 1324 1777 (Matth.
1358 1720 1443 1758 vni
1470 1745 1484 1768 ,
1532 1704 1634 1767 11,
1668 1702 1757 1772 12)
1803 1719 1817 1755 :
1852 1701 1954 1755 hoc
1997 1709 2078 1755 est
2101 1743 2114 1764 ,

534 1798 683 1867 impii
711 1796 881 1852 Judmi
899 1796 923 1849 ’ἶ
951 1795 1098 1851 Unde
1123 1796 1251 1850 dicit
1276 1794 1561 1865 Apostolus
1582 1835 1597 1860 ,
1634 1792 1701 1847 Ut
1736 1790 2006 1845 mandaret
2029 1807 2119 1844 nos

533 1889 626 1942 sibi
650 1888 897 1957 populum
930 1888 1266 1941 abundantem
1290 1928 1306 1953 ,
1336 1885 1679 1940 annulatorem
1705 1883 1951 1937 bonorum
1995 1898 2119 1952 ope-

531 1996 643 2048 rum
677 1978 803 2052 (Tit.
832 1994 900 2044 ιι,
933 1979 1059 2048 M)?
1088 1976 1241 2033 Unde
1290 1975 1637 2046 Apocalypsis
1680 1974 1842 2028 millia
1893 1971 2118 2027 millium

530 2070 663 2124 dicit
682 2084 802 2126 esse
829 2077 1136 2124 sanctorum
1167 2066 1425 2122 Ecclesim
1458 2066 1684 2119 ﬁliorum
1703 2062 1884 2137 (Apoc.
1920 2079 1973 2126 ν,
2002 2064 2119 2132 it)?

528 2159 671 2214 Ecce
696 2160 794 2229 ipsi
819 2158 1069 2214 dicuntur
1087 2157 1257 2221 multi,
1285 2156 1375 2227 qui
1394 2156 1641 2210 dicuntur
1656 2163 1710 2210 et
1730 2155 1900 2225 pauci.
1921 2156 2115 2223 Quare,

532 2249 637 2304 nisi
661 2249 813 2304 multi
840 2264 937 2320 per
964 2264 1023 2304 se
1071 2249 1215 2318 ipsos
1242 2246 1605 2314 considerati;
1638 2247 1791 2318 pauci
1838 2255 2013 2302 autem
2064 2247 2116 2301 in

530 2341 932 2409 comparatione
960 2339 1304 2409 iniquorum?

600 2428 826 2485 CAPUT
868 2429 985 2484 XV.
1017 2457 1087 2468 —
1114 2429 1201 2484 37.
1251 2428 1329 2482 De
1368 2428 1545 2494 nobis,
1596 2428 1872 2498 inquiunt,
1924 2429 2119 2483 dictum

530 2529 603 2575 est
627 2561 641 2586 ,
675 2519 839 2574 Erunt
866 2520 1018 2591 primi
1044 2520 1132 2592 qui
1154 2528 1299 2574 erant
1338 2519 1594 2573 novissimi
1627 2518 1839 2591 (Matth.
1870 2536 1941 2574 xx
1961 2563 1976 2587 ,
1999 2521 2113 2593 16).

532 2611 611 2664 Ad
658 2604 885 2680 Africam
931 2613 1062 2666 enim
1116 2609 1452 2682 Evangelium
1492 2611 1815 2681 postmodum
1864 2613 1994 2666 venit
2023 2628 2041 2666 :
2070 2623 2117 2667 et

526 2705 644 2759 ideo
692 2721 942 2777 nusquam
983 2705 1288 2759 Litterarum
1322 2705 1719 2774 apostolicarum
1762 2706 2005 2775 scriptum
2045 2715 2116 2759 est

526 2796 755 2863 Africam
795 2796 1085 2851 credidisse.
1129 2795 1209 2849 De
1257 2795 1583 2850 orientalibus
1621 2804 1790 2851 autem
1832 2806 1879 2852 et
1923 2797 2116 2851 cteteris

528 2888 761 2957 gentibus
784 2930 799 2956 ,
822 2904 936 2961 qua:
975 2890 1028 2943 in
1055 2889 1245 2944 sanctis
1274 2887 1438 2944 Libris
1483 2897 1943 2944 commemorantur
1961 2890 2116 2960 ﬁdem

528 2981 773 3050 recepisse
795 2980 1141 3047 christianum,
1158 2980 1347 3034 dictum
1375 2988 1466 3047 est,
1506 2998 1525 3033 ι
1552 2980 1716 3035 Erunt
1744 2982 2000 3038 novissimi
2027 2984 2114 3054 qui

523 3078 672 3124 erant
700 3070 887 3141 primis
918 3111 934 3138 ,
956 3071 1076 3142 quia
1093 3070 1336 3125 recessuri
1362 3079 1506 3125 erant
1537 3071 1554 3102 ¹
1591 3087 1621 3124 a
1650 3070 1772 3141 fide.
1799 3070 1987 3129 Nonne
2013 3073 2112 3128 ista

528 3166 616 3218 est
662 3162 1032 3218 haereticorum
1057 3162 1291 3219 cavenda
1322 3163 1618 3243 calliditas,
1647 3162 1939 3218 volentium
1978 3178 2111 3219 con-

526 3262 737 3310 vertere
765 3254 925 3310 verba
949 3253 1046 3310 Dei
1072 3270 1101 3308 a
1128 3254 1350 3310 veritate
1376 3263 1593 3325 prepter
1612 3269 1770 3325 quam
1800 3255 1939 3310 dicta
1964 3265 2109 3324 sunt,

525 3344 594 3400 ad
643 3345 1046 3416 perversitatem
1094 3346 1145 3401 in
1186 3361 1290 3417 qua
1336 3345 1437 3417 ipsi
1488 3346 1648 3405 sunt?
1676 3346 1784 3402 Cur
1826 3347 1967 3403 enim
2009 3346 2114 3403 hoc

527 3452 639 3493 non
691 3440 869 3508 potius
917 3438 986 3494 de
1023 3438 1221 3494 Judaeis
1266 3439 1647 3511 intelligimus,
1684 3440 1773 3510 qui
1828 3438 2109 3495 novissimi

524 3526 647 3585 facti
678 3539 802 3585 sunt
846 3544 967 3586 cum
999 3528 1223 3585 fuissent
1270 3530 1461 3600 primi;
1491 3538 1545 3585 et
1580 3529 1648 3586 de
1675 3528 1992 3591 Christianis
2043 3545 2108 3585 ex

524 3619 807 3689 Gentibus,
836 3622 926 3691 qui
974 3619 1131 3692 primi
1163 3620 1283 3675 facti
1331 3629 1457 3676 sunt
1500 3635 1624 3675 cum
1653 3619 1880 3677 fuissent
1927 3621 2107 3676 novis-

523 3709 684 3767 simi?
712 3710 879 3778 Quem
906 3710 1231 3766 intcllectum
1256 3711 1301 3766 si
1320 3711 1501 3782 aliquo
1529 3711 1759 3766 certiore
1784 3710 2107 3768 documento

523 3804 755 3876 probare
793 3819 900 3860 non
936 3818 1172 3875 possem,
1206 3802 1453 3860 sufﬁcere
1480 3803 1662 3859 debuit
1689 3804 1827 3859 bene
1850 3803 2107 3874 judicanti

521 3895 786 3962 auditori,
812 3896 953 3968 quod
979 3894 1274 3951 invenerim
1317 3894 1519 3950 exitum
1540 3894 1591 3949 in
1623 3893 1708 3948 his
1736 3894 1934 3956 verbis,
1967 3894 2109 3950 unde

520 3988 652 4043 istos
673 3994 923 4058 appareat
944 3986 1077 4041 nihil
1112 3999 1207 4056 pro
1235 4000 1294 4041 se
1312 3985 1553 4040 attulisse
1580 3992 1831 4054 tanquam
1855 3994 2061 4040 certum
2088 4026 2102 4049 ,

520 4085 577 4132 ut
602 4077 836 4134 dubitari
858 4093 964 4132 non
994 4077 1183 4147 possit.
1225 4074 1359 4143 Quia
1385 4075 1485 4131 etsi
1513 4089 1618 4129 non
1647 4082 1828 4130 essent
1855 4073 2023 4130 Judaei
2054 4086 2108 4131 et

517 4168 739 4234 Gentes,
761 4167 828 4223 de
853 4167 1044 4238 quibus
1070 4168 1171 4221 hoc
1198 4166 1399 4221 dictum
1427 4166 1801 4237 intelligerem;
1828 4167 2105 4221 nonnullae

518 4259 759 4313 barbarae
795 4258 1040 4312 nationes
1081 4257 1242 4311 etiam
1291 4264 1413 4327 post
1441 4257 1677 4312 Africam
1724 4256 2101 4321 crediderunt;

518 4348 660 4404 unde
680 4356 885 4404 certum
911 4349 980 4403 sit
1009 4346 1244 4403 Africam
1272 4349 1325 4403 in
1364 4350 1551 4405 ordine
1575 4349 1827 4406 credendi
1851 4365 1956 4405 non
1984 4365 2105 4407 esse

518 4440 885 4497 novissimam.
942 4440 1057 4495 Huc
1101 4438 1341 4505 accedit,
1385 4440 1525 4511 quod
1577 4441 1694 4512 ipse
1741 4441 1997 4498 Dominus
2034 4442 2102 4500 de

518 4531 711 4602 quibus
757 4531 859 4587 hoc
905 4529 1078 4596 dixit,
1109 4530 1395 4599 exposuit,
1435 4539 1490 4585 et
1534 4543 1628 4586 ora
1659 4530 2101 4589 calumniatorum

516 4622 790 4694 eppilavit.
821 4621 1073 4692 Loquens
1097 4621 1239 4677 enim
1274 4620 1472 4677 Judaeis
1493 4664 1507 4689 ,
1535 4621 1624 4693 qui
1650 4622 1700 4677 ei
1722 4621 1912 4678 dicturi
1939 4633 2098 4691 sunt,

506 4704 585 4768 ἰιι
637 4714 814 4785 plateis
856 4714 1039 4769 nostris
1082 4713 1298 4769 docuisti
1342 4728 1362 4768 :
1403 4711 1530 4770 Cum
1576 4714 1830 4778 videritis,
1884 4714 2095 4786 inquit,

517 4803 795 4873 Abraham,
837 4813 885 4859 et
911 4802 1084 4870 Isaac,
1125 4812 1173 4858 et
1214 4802 1411 4869 Iacob,
1440 4813 1489 4857 et
1526 4820 1700 4859 omnes
1740 4803 2023 4876 Prophetas
2048 4807 2099 4861 in

515 4913 670 4970 regno
717 4895 814 4952 Dei
831 4939 847 4966 ,
895 4912 980 4952 vos
1024 4904 1190 4952 autem
1241 4896 1428 4967 expelli
1465 4899 1605 4967 [oras
1652 4911 1670 4951 :
1706 4904 1753 4952 et
1797 4897 1992 4953 venient
2037 4899 2100 4952 ab

519 4989 745 5057 Oriente,
767 4997 813 5044 et
837 4986 1106 5044 Occidente
1124 5030 1140 5056 ,
1164 4997 1211 5044 et
1237 4987 1504 5059 Aquilone,
1532 4997 1580 5043 et
1602 4988 1808 5056 Austro,
1833 4999 1880 5043 et
1898 5004 2100 5043 accum-

518 5084 630 5139 bent
674 5084 728 5138 in
769 5098 924 5154 regno
953 5081 1047 5138 Dei
1073 5097 1094 5136 :
1119 5088 1166 5137 et
1217 5096 1327 5136 ecce
1371 5088 1489 5136 sunt
1532 5080 1790 5137 novissimi
1827 5082 1915 5151 qui
1958 5093 2100 5137 erant

515 5173 669 5244 primi
691 5216 706 5240 ,
737 5183 783 5229 et
811 5181 929 5228 sunt
953 5172 1105 5245 primi
1123 5172 1210 5243 qui
1234 5181 1377 5228 erant
1404 5172 1662 5227 novissimi
1683 5171 1832 5246 (Luc.
1866 5186 1981 5240 xm,
2003 5173 2099 5229 26-

513 5265 629 5337 50).
657 5264 755 5323 ilic
781 5273 927 5321 certe
956 5263 1084 5335 quid
1109 5263 1524 5332 contradicatur,
1555 5278 1663 5320 non
1703 5265 1992 5323 invenitur.

583 5356 674 5413 '58.
698 5356 829 5413 item
851 5356 1066 5423 dicunt,
1098 5356 1162 5409 de
1189 5354 1447 5424 apostasia
1468 5355 1602 5411 orbis
1639 5364 1886 5410 terrarum
1911 5356 2097 5409 dictum

511 5465 618 5504 esse
636 5450 770 5519 quod
794 5450 865 5503 ait
891 5448 1139 5503 Dominus
1157 5465 1175 5502 :
1208 5467 1226 5501 t
1250 5446 1416 5502 Filius
1445 5448 1661 5503 hominis
1679 5451 1895 5509 veniens,
1912 5458 2061 5518 putas
2078 5489 2094 5515 ,

512 5538 723 5593 inveniet
750 5540 901 5608 ﬁdem
926 5539 978 5593 in
1001 5548 1135 5594 terra
1156 5559 1174 5591 ι
1207 5538 1316 5609 (Id.
1351 5554 1501 5606 xvni,
1528 5538 1612 5608 8)?
1641 5539 1791 5607 Quod
1814 5553 1910 5593 nos
1936 5539 2095 5595 intel-

511 5629 724 5701 ligimus
752 5629 951 5685 dictum
978 5631 1064 5687 vel
1093 5640 1314 5701 propter
1345 5632 1511 5701 ipsam
1538 5628 1659 5686 ﬁdei
1689 5629 2092 5701 perfectionem,

511 5737 631 5791 qutc
659 5725 727 5777 ita
757 5722 986 5778 difﬁcilis
1014 5733 1093 5779 est
1120 5724 1171 5779 in
1201 5723 1504 5778 hominibus
1529 5766 1543 5792 ,
1575 5733 1632 5778 ut
1656 5724 1706 5777 in
1740 5723 1867 5793 ipsis
1888 5738 2095 5795 quoque

574 5861 586 5890 ¹
625 5857 933 5910 ιδιυιιὶειριιιιςιε
957 5867 1056 5919 Ms,
1083 5867 1388 5911 recesserunt.

1613 376 1883 455 caurus
1927 392 2346 453 DONATISTAS
2383 396 2736 468 EPISTOLA,
2828 371 2839 377 “
2911 416 2920 425 ι

3710 400 3810 455 HO

2232 514 2630 571 admirabilibus
2685 519 2921 587 sanctis,
2973 520 3110 577 sicut
3158 523 3208 577 in
3239 525 3355 593 ipso
3400 525 3584 599 Moyse
3628 527 3804 602 (Deut.

2225 623 2369 663 χχχιι
2396 648 2411 673 ,
2438 610 2554 680 51),
2588 610 2887 666 inveniatur
2921 614 3118 684 aliquid
3160 616 3247 670 ubi
3274 619 3660 689 trepidaverint
3682 665 3699 690 ,
3726 624 3809 678 vel

2226 700 2489 769 trepidare
2534 702 2835 772 potuerint,
2892 704 2973 758 vel
3035 716 3255 777 propter
3313 709 3457 765 illam
3508 709 3809 783 iniquorum

2223 788 2599 845 abundantiam
2619 831 2634 858 ,
2661 801 2716 847 et
2755 793 3072 861 paucitatem
3121 797 3411 868 bonorum,
3439 801 3508 857 de
3531 820 3636 874 qua
3683 807 3809 863 satis

2224 881 2474 937 diximus.
2506 884 2792 954 Propterea
2819 887 2962 941 enim
3009 897 3258 960 tanquam
3285 892 3535 951 dubitans
3567 896 3672 953 hoc
3712 899 3814 953 Do-

2224 987 2400 1028 minus
2423 973 2575 1029 dixit.
2606 974 2789 1046 Neque
2811 978 2955 1033 enim
2997 980 3099 1043 ait,
3130 981 3361 1039 Veniens
3385 985 3551 1043 Filius
3582 988 3815 1045 hominis

2224 1078 2331 1118 non
2361 1064 2596 1121 inveniet
2620 1066 2777 1122 ﬁdem
2801 1070 2852 1122 in
2879 1077 3041 1136 terra;
3071 1072 3187 1137 sed,
3214 1072 3397 1145 Putas,
3425 1077 3642 1134 inveniet
3659 1081 3813 1150 ﬁdem

2223 1157 2277 1211 in
2307 1166 2441 1212 terra
2460 1158 2487 1212 ?
2518 1158 2614 1213 Cui
2642 1161 2823 1231 utique
2860 1173 3053 1219 cuncta
3096 1166 3287 1223 scienti
3328 1177 3384 1225 et
3410 1174 3717 1242 prasseienti
3747 1176 3815 1232 de

2222 1249 2397 1318 aliqua
2414 1264 2473 1304 re
2487 1249 2731 1307 dubitare
2749 1268 2853 1308 non
2872 1257 3121 1311 convenit
3140 1275 3154 1313 :
3169 1260 3262 1315 sed
3284 1261 3424 1318 illius
3437 1263 3705 1323 dubitatio
3719 1285 3816 1325 no—

2222 1351 2388 1395 stram
2402 1342 2785 1399 dubitationem
2805 1346 3067 1416 ﬁguravit;
3086 1350 3207 1419 quia
3234 1361 3451 1423 propter
3470 1356 3638 1413 multa
3667 1372 3817 1414 scan-

2223 1433 2341 1489 dala
2362 1436 2500 1491 circa
2521 1435 2680 1492 tinem
2700 1440 2879 1494 seaculi
2897 1441 3227 1509 pullulantia,
3247 1444 3349 1505 hoe
3363 1450 3815 1521 eratquandoqnc

2225 1524 2505 1582 inﬁrmitas
2538 1528 2770 1585 humana
2801 1531 3028 1588 dictura.
3053 1534 3207 1593 Unde
3236 1539 3288 1592 in
3315 1538 3542 1598 Psalmis
3567 1543 3767 1600 dicitur
3799 1567 3811 1602 :

2224 1616 2530 1673 Dormitavit
2550 1621 2722 1675 anima
2746 1639 2857 1677 mea
2882 1639 2990 1695 prce
3009 1628 3179 1694 taedio,
3209 1630 3455 1699 conﬁrma
3474 1649 3555 1688 me
3571 1634 3626 1689 in
3653 1637 3816 1692 verbis

2225 1711 2323 1765 tuis
2354 1710 2519 1783 (Psal.
2549 1729 2709 1769 cxvm
2729 1758 2743 1779 ,
2772 1715 2887 1785 28).
2920 1717 3127 1785 Quare,
3160 1716 3468 1778 Dormitavit
3499 1728 3675 1781 anima
3700 1728 3817 1783 mea

2225 1820 2332 1873 prae
2351 1805 2522 1872 tcedio,
2556 1807 2655 1862 nisi
2688 1817 2903 1878 propter
2928 1811 3056 1866 illud
3081 1813 3224 1884 quod
3254 1814 3511 1874 Dominus
3535 1820 3643 1887 ait,
3677 1820 3834 1889 Quo?

2224 1896 2363 1950 niam
2381 1896 2656 1951 abundavit
2674 1899 2929 1969 iniquitas,
2952 1904 3239 1975 refrigescet
3261 1906 3483 1963 charitas
3507 1909 3816 1967 multorum?

2224 1986 2293 2041 Et
2316 2002 2500 2058 quare,
2528 1988 2787 2060 Con/irata
2811 2010 2890 2048 me
2928 1994 2982 2050 in
3008 1996 3166 2052 verbis
3204 1999 3331 2066 tuis,
3366 2001 3466 2057 nisi
3500 2013 3724 2075 propter
3768 2007 3815 2062 id

2223 2080 2365 2150 quod
2388 2083 2645 2152 sequitur,
2668 2083 2769 2152 Qui
2788 2095 2951 2141 autem
2967 2093 3349 2159 perseveraverit
3372 2110 3531 2166 usque
3554 2096 3609 2151 in
3636 2097 3816 2166 ﬁnem,

2224 2171 2305 2225 hic
2324 2172 2493 2228 salvus
2520 2175 2613 2229 erit
2634 2175 2847 2248 (Matth.
2876 2180 3133 2249 “th2,
3152 2181 3268 2255 ιδῃ
3287 2183 3425 2239 Sunt
3451 2201 3580 2257 ergo
3610 2204 3711 2258 per
3736 2200 3818 2246 to-

2224 2271 2335 2317 tum
2367 2265 2621 2321 mundum
2644 2309 2657 2332 ,
2689 2267 2740 2321 in
2770 2269 2963 2337 quibus
2993 2272 3245 2342 quoniam
3276 2275 3509 2332 abundat
3538 2279 3816 2350 iniquitas,

2221 2356 2534 2427 refrigescet
2577 2359 2811 2416 eharitas
2855 2362 3141 2419 multorum
3174 2383 3187 2419 :
3215 2375 3269 2421 et
3311 2378 3435 2422 sunt
3485 2384 3674 2427 rursus
3724 2388 3820 2443 per

2225 2456 2390 2503 totum
2437 2449 2731 2518 mundum,
2764 2453 2853 2523 qui
2901 2457 3293 2523 perseverando
3335 2474 3503 2530 usque
3551 2461 3605 2516 in
3653 2462 3817 2520 ﬁnem

2223 2542 2351 2595 salvi
2378 2551 2534 2597 erunt
2563 2562 2576 2597 :
2609 2545 2752 2614 quia,
2784 2545 2981 2610 Sinite,
3018 2548 3218 2619 inquit,
3247 2560 3458 2622 utraque
3483 2570 3713 2610 crescere
3738 2573 3823 2625 us:

2220 2648 2315 2702 que
2343 2633 2410 2686 ad
2438 2651 2670 2702 messem;
2699 2646 2752 2692 et
2772 2680 2785 2705 ,
2820 2637 3001 2695 Messis
3024 2650 3097 2695 est
3120 2642 3239 2711 ﬁnis
3265 2645 3438 2698 διεσαιὶ
3455 2688 3469 2713 ,
3496 2662 3620 2717 ager
3646 2658 3819 2703 autent

2221 2725 2441 2780 mundus
2472 2725 2582 2800 (Id.
2624 2743 2723 2783 xm
2745 2770 2761 2797 ,
2791 2730 2882 2798 50,
2911 2732 3003 2801 59,
3034 2733 3149 2807 58).
3197 2735 3359 2808 Cujus
3386 2737 3637 2795 humana:
3662 2742 3817 2797 inﬁr-

2220 2818 2417 2874 mitatis
2442 2829 2522 2874 est
2553 2820 2713 2877 etiam
2755 2823 2842 2880 illa
2871 2839 2973 2880 vox
2998 2843 3012 2880 :
3043 2826 3256 2884 Salvum
3302 2847 3381 2885 me
3404 2835 3494 2902 fac
3512 2874 3526 2898 ,
3554 2831 3815 2902 Domine,

2218 2911 2458 2978 quoniam
2487 2911 2668 2985 defecit
2694 2923 2899 2971 sanctus
2923 2958 2937 2984 ,
2967 2918 3205 2988 quoniam
3243 2922 3503 2978 diminuta:
3535 2934 3663 2980 sunt
3689 2929 3818 2982 veri-

2220 3010 2347 3057 tates
2366 3019 2398 3056 a
2419 3002 2543 3072 ﬁliis
2568 3004 2847 3061 hominum.
2868 3008 2936 3063 Et
2950 3010 3090 3065 inter
3102 3010 3202 3066 hos
3213 3020 3391 3069 tamen
3404 3023 3486 3070 est
3503 3031 3671 3072 unum
3698 3032 3813 3083 cor,

2219 3101 2273 3149 et
2308 3108 2414 3149 una
2456 3094 2510 3151 in
2538 3096 2705 3152 Deum
2734 3098 2911 3154 anima
2937 3100 3171 3158 ﬁdelium
3198 3104 3456 3173 clamans,
3485 3107 3710 3164 Salvum
3740 3124 3820 3166 me

2218 3184 2302 3257 [ac
2325 3227 2341 3252 ,
2373 3184 2612 3244 Domine.
2664 3187 2798 3257 Quia
2824 3192 2965 3247 enim
2999 3194 3077 3248 sic
3106 3210 3246 3251 unus
3270 3206 3352 3253 est
3385 3198 3486 3255 iste
3514 3200 3686 3257 homo
3726 3204 3816 3273 qui

2219 3276 2382 3345 dicit,
2414 3277 2628 3335 Salvum
2656 3297 2735 3335 me
2759 3281 2863 3350 fac,
2897 3282 3143 3350 Domine,
3172 3296 3232 3342 ut
3254 3303 3317 3343 ex
3349 3290 3534 3345 multis
3559 3302 3813 3359 constet;

2219 3370 2378 3441 paulo
2405 3366 2528 3444 post
2573 3373 2628 3429 in
2670 3372 2860 3432 eodem
2891 3376 3096 3444 psalmo
3144 3376 3360 3448 dicitur,
3391 3378 3614 3453 Propter
3652 3385 3815 3439 misee-

2216 3464 2346 3520 riam
2389 3465 2598 3553 inopum
2639 3474 2685 3522 et
2707 3468 2943 3540 gemitum
2972 3486 3250 3541 pauperum
3274 3515 3290 3540 ,
3321 3490 3453 3529 nunc
3496 3478 3812 3548 exsurgdm,

2217 3557 2341 3612 dicit
2372 3557 2643 3614 Dominus.
2671 3559 2739 3614 Et
2766 3576 2951 3616 rursus
2980 3563 3141 3633 paulo
3185 3573 3306 3633 post
3346 3564 3535 3634 plurali
3579 3582 3814 3624 numero

2215 3646 2427 3713 dicitur,
2457 3647 2534 3702 Tu
2584 3665 2701 3704 vero
2727 3650 2945 3705 servabis
2969 3668 3093 3720 nos,
3124 3663 3173 3708 et
3201 3655 3451 3711 custodies
3478 3673 3570 3712 nos
3593 3674 3627 3712 a
3654 3676 3805 3730 gene-

2214 3737 2411 3791 ratione
2435 3738 2531 3792 hac
2554 3738 2607 3793 in
2630 3747 2872 3794 telernum
2898 3740 3067 3809 (Psal.
3102 3760 3188 3810 x1,
3220 3743 3277 3811 2,
3304 3746 3358 3815 6,
3387 3747 3465 3819 8).
3498 3748 3612 3816 Qua
3637 3764 3812 3819 genea-

2216 3827 2443 3896 ratione,
2473 3829 2575 3884 nisi
2602 3830 2669 3885 de
2693 3846 2795 3901 qua
2820 3833 3065 3902 superius
3088 3834 3285 3890 dictum
3317 3847 3427 3903 est,
3457 3838 3653 3910 Deiecit
3679 3854 3812 3896 san-

2212 3926 2343 3985 ctus,
2368 3927 2415 3972 et
2434 3919 2697 3975 diminutte
2732 3934 2851 3976 sunt
2877 3924 3110 3981 veritates
3135 3944 3167 3981 a
3205 3927 3326 3997 ﬁliis
3364 3929 3670 3987 hominum?
3701 3932 3808 3990 Sed

2215 4016 2497 4080 utrumque
2538 4009 2639 4066 hoc
2680 4027 2849 4083 genus
2900 4030 2993 4083 per
3017 4024 3184 4070 totum
3239 4018 3494 4075 mundum
3534 4036 3710 4093 usque
3756 4025 3809 4079 in

2213 4098 2374 4156 ﬁnem
2408 4119 2419 4154 :
2448 4103 2592 4173 quia,
2626 4102 2822 4171 Sinite,
2873 4106 3075 4176 inquit,
3120 4117 3332 4179 utraque
3378 4126 3600 4168 crescere
3646 4130 3813 4185 usque

2211 4194 2280 4248 ad
2308 4212 2540 4266 messem;
2567 4206 2641 4265 et,
2673 4198 2807 4271 Ager
2844 4210 2916 4254 est
2947 4204 3200 4268 mundus;
3230 4204 3422 4268 messis,
3454 4204 3573 4274 ﬁnis
3601 4211 3804 4263 «Iaculi.

2211 4283 2328 4356 Ipse
2353 4287 2493 4342 enim
2512 4304 2647 4345 unus
2659 4288 2840 4357 homo,
2859 4292 2999 4361 quod
3022 4302 3306 4363 estcorpus
3321 4293 3592 4351 Christiex
3621 4301 3809 4356 multis

2208 4385 2462 4432 constans
2486 4419 2499 4441 ,
2530 4388 2778 4451 tanquam
2811 4380 2993 4436 Enoch
3026 4382 3136 4438 Deo
3179 4382 3398 4454 placens
3447 4388 3808 4445 transferetur

2211 4465 2362 4541 (Gen.
2395 4483 2451 4537 ν,
2473 4468 2603 4541 24),
2632 4479 2687 4525 et
2706 4479 2952 4542 tanquam
2980 4472 3116 4527 Loth
3141 4473 3209 4529 de
3249 4474 3495 4533 Sodomis
3518 4476 3631 4550 (Id.
3674 4495 3767 4534 xxx
3786 4520 3804 4544 ,

2211 4559 2302 4630 12)
2323 4600 2338 4625 ,
2368 4568 2424 4615 et
2448 4569 2701 4631 tanquam
2745 4562 2857 4618 Noe
2886 4562 2955 4619 de
2982 4562 3181 4620 diluvio
3210 4564 3522 4623 liberabitur
3548 4567 3661 4639 (Id.
3691 4585 3797 4635 vu,

2209 4652 2283 4725 1).
2314 4652 2368 4708 1η
2398 4653 2513 4725 ipso
2541 4662 2624 4710 est
2644 4655 2859 4712 miseria
2890 4657 3106 4728 inopum
3135 4666 3187 4713 et
3215 4660 3444 4731 gemitus
3473 4675 3799 4732 pauperum,

2207 4744 2331 4814 quia
2359 4745 2473 4816 ejus
2498 4746 2673 4801 anima
2702 4747 2957 4805 dormitat
2978 4765 3009 4805 a
3036 4751 3225 4819 taedio,
3257 4767 3378 4808 cum
3414 4768 3474 4808 se
3502 4753 3637 4823 petit
3660 4769 3799 4811 con-

2210 4835 2411 4891 ﬁrmari
2450 4838 2503 4892 in
2529 4837 2711 4893 verbis
2740 4839 2851 4895 Dei.
2878 4837 2932 4895 in
2962 4856 3027 4897 eo
3052 4851 3228 4897 autem
3257 4842 3462 4912 psalmo
3487 4842 3619 4899 dicit
3650 4846 3799 4901 unde

2206 4931 2278 4986 sit
2325 4930 2499 5002 ipsum
2548 4931 2765 4988 aedium
2797 4950 2810 4987 :
2838 4932 3104 5002 deium,
3134 4935 3336 5006 inquit,
3378 4935 3593 4992 detinuit
3640 4955 3723 4995 me
3768 4954 3802 4992 a

2209 5021 2547 5090 peccatoribus
2589 5022 2982 5093 relinquentibus
3008 5024 3166 5096 legem
3210 5034 3349 5080 tuam
3385 5026 3557 5097 (Psal.
3598 5044 3794 5093 cxmt,

2205 5114 2319 5184 55).
2352 5112 2469 5183 lpse
2500 5113 2626 5169 item
2654 5114 2879 5181 clamat,
2909 5129 3029 5170 cum
3058 5115 3246 5172 eodem
3265 5116 3422 5173 tardio
3448 5132 3541 5173 cor
3564 5118 3685 5187 ejus
3710 5135 3800 5173 an-

2204 5204 2372 5276 gitur:
2388 5204 2480 5260 sed
2497 5204 2708 5261 videant
2736 5205 2876 5261 unde
2890 5206 3102 5261 clamat.
3133 5206 3175 5261 Α
3193 5206 3379 5270 ﬁnibus
3406 5218 3572 5277 terrae,
3602 5209 3796 5278 inquit,

2205 5298 2273 5351 ad
2294 5306 2340 5352 te
2354 5300 2628 5353 mlamavi
2647 5339 2662 5363 ,
2691 5300 2812 5354 dum
2828 5309 3095 5372 angeretur
3113 5316 3200 5355 cor
3213 5316 3379 5355 meum
3401 5299 3571 5373 (Psal.
3596 5318 3686 5370 ιι,
3713 5299 3796 5375 5).

2207 5389 2325 5461 Ipse
2355 5391 2778 5461 persecutionem
2804 5409 2932 5448 vere
2971 5408 3067 5462 pro
3087 5392 3298 5463 justitia
3322 5392 3541 5464 patitur,
3569 5409 3678 5449 non
3706 5409 3797 5448 so-

2207 5482 2313 5536 lum
2341 5482 2385 5536 si
2414 5483 2691 5538 tormentis
2711 5484 3073 5553 corporalibus
3096 5484 3346 5555 patiatur;
3378 5483 3482 5541 hoc
3510 5485 3654 5541 enim
3682 5499 3791 5539 non

2205 5588 2445 5645 semper;
2478 5574 2572 5631 sed
2599 5575 2743 5645 quod
2785 5590 3018 5646 semper,
3043 5574 3292 5646 quamdiu
3334 5584 3568 5633 transeat
3592 5576 3792 5646 iniqui-

2207 5678 2286 5723 tas
2310 5710 2322 5732 ,
2352 5668 2568 5738 patitur,
2597 5665 2863 5747 cruciatus
2885 5666 3133 5723 videlicet
3156 5667 3334 5723 cordis
3351 5707 3366 5731 ,
3389 5682 3512 5722 cum
3536 5681 3658 5721 eum
3689 5676 3790 5719 tte-

2206 5762 2347 5816 dium
2397 5760 2602 5815 detinet
2651 5776 2677 5811 a
2730 5759 3097 5834 peccatoribus
3151 5759 3577 5830 relinquentibus
3614 5757 3787 5829 legem

2210 5854 2316 5906 Dei.
2352 5852 2533 5922 Neque
2560 5852 2697 5917 enim
2734 5852 2930 5907 nullam
2971 5853 3394 5922 persecutionem
3424 5851 3561 5908 Loth
3592 5852 3646 5908 in
3688 5850 3783 5905 So-
