3998 6506
189 440 279 499 tet
1073 440 1238 481 veLco
1278 394 1366 478 nr.
1410 419 1699 477 narrare
1730 415 2079 472 ECCLESLE
2120 418 2558 476 LIBERDNUS.

190 553 354 608 domis
392 547 716 622 patiebatur,
749 546 836 600 ubi
879 554 1052 599 tamen
1079 544 1126 597 ei
1172 541 1428 596 habitanti
1470 538 1642 594 nullus
1683 552 1773 605 per

189 644 492 714 corporales
521 654 706 713 poenas
750 637 1005 694 molestus
1040 637 1174 698 fuit;
1204 633 1297 689 sed
1341 641 1559 703 aspectu
1598 640 1650 685 et
1676 645 1776 682 au-

190 736 292 790 ditu
314 735 495 804 justus
522 733 823 788 inhabitans
852 730 1082 783 animam
1100 728 1298 797 justam
1326 724 1519 794 iniquis
1540 722 1766 776 aliorum

192 826 507 880 factionibus
559 823 829 879 cruciabat
874 819 942 893 (ll
994 819 1129 873 Petr.
1161 834 1197 872 ιι
1223 860 1235 880 ,
1268 815 1345 888 7).
1392 817 1468 870 Ι)ε
1508 814 1611 868 hoc
1654 812 1784 867 dicit

193 916 480 985 Apostolus
511 933 523 969 :
553 914 659 970 Sed
677 922 721 967 et
759 929 927 967 omnes
955 912 1039 982 qui
1066 912 1239 964 volunt
1280 910 1332 963 in
1374 907 1574 962 Christo
1602 905 1681 975 pie
1705 905 1781 957 vi-

193 1022 331 1070 vere,
365 1006 762 1076 persecutionem
800 1004 1072 1073 patientur.
1103 1001 1178 1055 De
1208 999 1311 1053 illis
1352 1007 1531 1052 autem
1564 996 1654 1066 qui
1700 1010 1783 1049 reo

194 1098 438 1166 linquunt
488 1096 659 1165 legem
710 1094 801 1148 Dei
860 1092 965 1163 (de
1020 1092 1210 1161 quibus
1250 1088 1381 1144 dicit
1424 1088 1565 1143 idem
1613 1086 1784 1155 ipsum

194 1202 387 1256 corpus
432 1186 665 1250 Christi,
704 1184 820 1238 Vidi
850 1185 1163 1249 insensatos,
1210 1190 1255 1236 et
1287 1180 1593 1235 tabescebam
1615 1177 1784 1250 [PsaL

196 1292 369 1341 cxvlu,
390 1274 541 1346 l58])
570 1293 581 1325 :
606 1275 734 1328 Mali
751 1282 937 1341 autem,
954 1273 1143 1343 inquit,
1162 1282 1209 1327 et
1226 1271 1503 1344 facinerosi
1525 1270 1787 1340 proﬁcient

199 1367 245 1419 in
268 1369 446 1435 pejus,
481 1367 578 1437 ipsi
621 1375 882 1431 errantes,
918 1373 965 1418 et
994 1364 1124 1418 alios
1171 1364 1226 1417 in
1272 1378 1492 1427 errorem
1538 1362 1788 1413 mittentes

200 1458 262 1528 (ll
305 1458 442 1513 Tim.
476 1475 568 1524 ιιι,
595 1458 682 1523 12,
719 1459 830 1527 15).
867 1456 971 1512 Sed
1014 1466 1299 1525 utrumque
1347 1455 1446 1508 hoc
1482 1466 1649 1523 genus
1692 1466 1788 1521 per

201 1564 367 1607 totum
399 1552 655 1606 mundum
682 1565 850 1620 usque
880 1550 931 1604 in
962 1549 1118 1603 finem
1148 1565 1160 1601 :
1186 1548 1328 1618 quia,
1364 1547 1550 1613 Sinite,
1579 1545 1783 1614 inquit,

202 1655 410 1714 utraque
434 1659 652 1698 crescere
674 1641 907 1711 usquead
937 1657 1144 1696 messem
1165 1656 1182 1695 :
1202 1656 1322 1711 ager
1351 1648 1517 1693 autem
1541 1646 1613 1693 est
1641 1652 1789 1689 mun-

201 1734 317 1797 dus;
344 1735 540 1799 messis,
572 1733 691 1802 ﬁnis
716 1733 909 1786 swcnli.

268 1824 359 1879 59.
388 1823 768 1879 Verumtamen
822 1824 952 1878 istos
983 1822 1147 1875 miror
1187 1835 1292 1875 non
1346 1819 1622 1875 attendere
1667 1819 1790 1888 quid

201 1914 405 1977 dicant,
430 1928 553 1968 cum
578 1913 721 1967 velut
757 1927 853 1982 pro
886 1927 943 1966 se
969 1919 1392 1967 commemorant
1416 1909 1555 1980 quod
1586 1910 1660 1963 ait
1690 1909 1793 1963 Do-

204 2005 402 2070 minus,
427 2003 473 2057 F
476 2002 592 2058 ilius
621 2003 840 2057 hominis
867 2002 1090 2068 veniens,
1127 2011 1296 2071 putas,
1328 2002 1540 2055 inveniet
1565 2001 1717 2070 [idem
1742 2002 1793 2052 in

204 2110 338 2153 terra
362 2099 385 2151 ?
414 2098 566 2168 quasi
599 2097 775 2151 Africa
797 2110 903 2150 non
942 2096 1011 2150 sit
1040 2104 1200 2149 terra.
1236 2095 1290 2149 Si
1321 2095 1462 2149 enim
1491 2094 1592 2147 hoc
1622 2094 1692 2147 ita
1718 2092 1796 2146 di-

204 2192 278 2243 xit
303 2232 318 2254 ,
352 2198 601 2258 tanquam
631 2188 851 2241 omnino
882 2186 931 2239 in
961 2185 1120 2240 nullis
1150 2185 1465 2239 inventurus
1492 2184 1672 2249 fidem,
1704 2193 1796 2237 ant

202 2280 267 2334 de
296 2281 526 2349 quadam
549 2287 687 2333 terra
714 2277 867 2339 dixit,
898 2276 1226 2331 ctincertum
1253 2285 1336 2330 est
1361 2276 1425 2329 de
1447 2290 1548 2345 qua
1578 2274 1793 2337 dixerit;

203 2380 292 2425 aut
336 2371 403 2426 de
429 2378 540 2425 tota
568 2380 706 2425 terra
734 2368 900 2430 dixit,
931 2377 1115 2423 etnon
1149 2367 1423 2421 inveniunt
1447 2364 1715 2435 quomodo
1745 2374 1797 2417 ct

204 2464 268 2517 de
292 2462 472 2516 Africa
514 2476 620 2515 non
651 2459 864 2514 dixerit.
893 2458 1031 2513 Sane
1053 2457 1306 2520 videant,
1336 2472 1403 2511 uc
1438 2456 1575 2510 forte
1602 2468 1794 2509 conse-

204 2552 489 2624 quentibus
514 2550 690 2605 verbis
718 2549 849 2603 tales
889 2547 1122 2617 tetigerit
1150 2546 1335 2617 qualcs
1364 2545 1451 2601 isti
1474 2553 1617 2599 sunt.
1661 2542 1795 2597 Cum

203 2645 345 2698 enim
373 2643 619 2707 dixisset,
655 2640 820 2694 Filias
847 2640 1063 2693 hominis
1085 2680 1098 2703 ,
1124 2648 1294 2708 putas,
1325 2637 1539 2691 inveniet
1564 2635 1717 2704 ﬁdem
1745 2635 1798 2688 in

205 2746 341 2787 terra
368 2732 570 2788 :credo
597 2731 719 2801 quia
752 2738 962 2800 poterat
1000 2728 1315 2799 quibusdam
1349 2727 1593 2797 superbis
1629 2724 1800 2780 luere-

205 2824 325 2880 ticis
347 2865 363 2892 ,
388 2823 479 2894 qui
510 2823 563 2877 in
590 2822 765 2891 aliqua
791 2829 940 2889 parte
968 2829 1228 2874 terrarum
1253 2832 1309 2872 se
1330 2818 1397 2874 ab
1423 2817 1567 2872 orbis
1598 2817 1800 2871 unitate

204 2921 618 2985 separaverunt,
651 2910 943 2966 ascendere
991 2909 1043 2964 in
1075 2924 1169 2964 cor
1197 2922 1334 2962 vana
1365 2917 1419 2963 et
1448 2906 1629 2962 inﬂata
1656 2907 1800 2977 cogi-

206 3005 357 3071 tatio,
392 3004 534 3075 quod
560 3002 659 3073 ipsi
696 3009 876 3056 essent
896 3000 1025 3071 justi
1048 3042 1061 3067 ,
1092 2999 1460 3055 deficientibus
1489 3007 1542 3054 et
1570 3013 1799 3068 pereun-

204 3096 348 3151 tibus
374 3109 404 3148 a
437 3094 539 3148 ﬁde
562 3092 771 3149 ετειειίε
799 3090 1066 3162 gentibus,
1104 3105 1197 3161 per
1213 3104 1346 3159 quas
1373 3089 1627 3144 Ecclesiae
1650 3103 1798 3143 com-

202 3188 389 3243 munio
427 3186 698 3249 dilatatur;
726 3184 983 3239 continuo
1011 3191 1228 3238 secutus
1256 3181 1591 3252 Evangelista
1614 3223 1629 3247 ,
1656 3180 1799 3235 Dixit

204 3288 393 3345 autem,
421 3278 630 3348 inquit,
659 3286 705 3330 et
729 3276 797 3329 ad
839 3270 1083 3347 quosdam
1105 3274 1194 3345 qui
1222 3274 1318 3329 sibi
1336 3275 1457 3340 iusti
1484 3272 1797 3340 videbantur,

204 3383 245 3425 et
274 3370 579 3442 spernebant
608 3377 834 3433 crateras,
858 3366 1235 3419 similitudinem
1265 3365 1435 3419 istam.
1468 3364 1534 3419 Et
1561 3364 1803 3435 sequitur

204 3464 268 3519 de
297 3464 405 3518 illis
435 3460 644 3516 duobus
673 3459 725 3513 in
758 3457 955 3528 templo
983 3456 1289 3521 orantibus,
1314 3455 1585 3510 Pharisaao
1616 3464 1670 3510 et
1698 3456 1802 3509 Pu-

204 3556 417 3610 blicano
447 3551 597 3623 (Luc.
647 3566 808 3617 xvm,
836 3546 994 3621 8-14)
1030 3566 1044 3602 :
1077 3548 1127 3604 in
1175 3547 1367 3618 quibus
1413 3545 1622 3601 duobus
1661 3545 1795 3616 ﬁgu-

204 3656 391 3704 rantur
412 3644 643 3718 superba
672 3644 913 3715 gloriatio
945 3642 1206 3697 bonorum
1230 3655 1474 3710 operum,
1507 3648 1560 3695 et
1582 3639 1797 3695 humilis

204 3737 476 3795 confessio
508 3743 867 3806 peccatorum.
891 3732 1146 3789 Desinant
1173 3746 1301 3802 ergo
1331 3730 1417 3785 isti
1446 3771 1461 3797 ,
1494 3729 1539 3785 si
1570 3742 1799 3801 respon—

206 3830 336 3885 dere
360 3828 485 3883 huic
511 3825 767 3897 Epistolas
794 3832 1020 3894 parant,
1051 3838 1113 3877 ea
1153 3821 1453 3877 testimonia
1484 3835 1804 3897 commemov

207 3936 350 3986 rare,
373 3934 493 3990 qute
521 3932 620 3973 nos
646 3931 767 3972 cum
792 3917 919 3986 ipsis
952 3925 1455 3976 commemoramus,
1488 3911 1573 3965 vel
1601 3910 1652 3965 in
1683 3925 1805 3979 per-

205 4013 464 4068 ditionem
493 4009 822 4074 Juda'ornm,
851 4006 934 4061 vel
962 4006 1013 4059 in
1044 4004 1264 4068 zizania,
1294 4003 1407 4057 sive
1432 4001 1658 4071 paleam,
1691 4002 1804 4057 sive

206 4104 383 4157 malos
404 4102 580 4172 pisces
606 4100 770 4154 totius
797 4096 1001 4152 mundi.
1036 4097 1101 4151 Et
1127 4096 1266 4150 sicut
1302 4110 1401 4149 nos
1432 4093 1805 4148 manifestissio

204 4194 305 4249 mis
343 4189 664 4247 testimoniis
703 4187 1028 4242 asseruimus
1068 4184 1360 4239 Ecclesiam
1394 4192 1506 4238 toto
1530 4183 1662 4239 orbe
1704 4182 1806 4237 dif-

204 4283 403 4350 fusam,
436 4282 515 4337 sic
540 4290 592 4336 et
614 4278 712 4349 ipsi
740 4276 1077 4332 manifestum
1104 4274 1300 4346 aliquid
1335 4274 1636 4345 proferant,
1661 4273 1805 4329 unde

206 4373 496 4430 ostendant
541 4385 662 4426 esse
704 4367 1059 4439 praedictum,
1102 4367 1312 4421 caeteris
1356 4365 1657 4436 gentibusa
1704 4366 1806 4422 fide

207 4463 405 4519 Christi
438 4460 815 4532 pereuntibus,
850 4459 1018 4514 solam
1045 4456 1278 4513 Africam
1306 4472 1672 4513 remansuram
1703 4500 1716 4524 ,
1752 4465 1807 4513 et

209 4568 548 4625 quocumque
576 4551 650 4625 (a)
681 4550 918 4621 episcopi
947 4566 1010 4605 ex
1041 4548 1219 4604 Africa
1267 4550 1627 4605 mitterentur.

275 4644 508 4703 CAPUT
537 4642 783 4714 ηχγιω).
810 4672 884 4683 -
910 4642 997 4697 40.
1019 4642 1277 4711 Scriptum
1306 4651 1411 4707 est,
1446 4642 1720 4712 inquiunt,
1755 4643 1808 4697 in

209 4740 433 4794 Canticis
458 4738 789 4799 canticorum,
819 4752 1024 4806 sponsa,
1055 4734 1110 4788 id
1137 4743 1226 4799 est,
1258 4732 1490 4789 Ecclesia
1518 4734 1713 4788 dicente
1739 4735 1807 4788 ad

209 4846 475 4899 sponsum,
506 4846 525 4879 ι
554 4827 814 4880 Annuntia
836 4826 981 4892 mihi,
1004 4840 1152 4895 quem
1173 4824 1350 4878 dilexit
1374 4824 1543 4877 anima
1564 4841 1695 4891 mea,
1723 4824 1805 4877 ubi

208 4923 376 4991 pascis
396 4963 411 4988 ,
446 4920 531 4974 ubi
559 4919 711 4974 cubas
753 4919 806 4972 in
846 4917 1074 4972 meridie.
1109 4935 1126 4967 ι
1164 4915 1276 4969 lloc
1303 4925 1385 4970 est
1413 4915 1625 4970 unicum
1657 4916 1805 4970 testi-

209 5016 454 5069 monium
497 5012 639 5083 quod
690 5026 787 5082 pro
831 5025 890 5065 se
933 5010 1017 5064 isti
1064 5022 1317 5063 resonare
1357 5007 1715 5075 arbitrantur,
1744 5024 1806 5063 co

206 5107 355 5176 quod
400 5104 577 5160 Africa
624 5105 675 5159 in
720 5101 1009 5159 meridiana
1041 5101 1186 5155 orbis
1217 5108 1365 5170 parte
1393 5100 1461 5154 sit
1497 5090 1803 5155 constituta.

208 5197 366 5252 Unde
395 5197 627 5267 primum
668 5208 850 5265 qumro
871 5235 887 5259 ,
928 5192 1196 5263 quomodo
1221 5189 1491 5247 Christum
1522 5192 1809 5261 interroget

210 5290 474 5353 Ecclesia,
500 5296 558 5343 ut
581 5286 858 5341 annuntiet
886 5283 935 5340 ei
962 5283 1052 5338 ubi
1082 5284 1148 5337 sit
1169 5282 1404 5338 Ecclesia
1428 5298 1441 5336 :
1474 5296 1644 5352 neque
1665 5281 1807 5336 enim

207 5379 328 5435 dua:
350 5420 367 5443 ,
398 5379 491 5434 sed
524 5392 628 5431 una
658 5383 759 5431 εει.
794 5377 899 5430 Aut
938 5374 1023 5429 isti
1063 5373 1380 5439 ostendant,
1420 5374 1669 5443 quoniam
1700 5388 1806 5428 non

269 5489 346 5549 (a)
373 5486 696 5537 lovanienses
716 5482 766 5531 in
800 5480 1194 5549 Annotationihus
1215 5480 1517 5549 suSpieantur
1540 5479 1805 5549 legendum

211 5542 302 5606 nie,
328 5542 386 5597 'ut
409 5557 722 5611 quocumque.
755 5544 854 5611 Sed
883 5550 1048 5593 auctor
1079 5542 1331 5611 scripsisse
1372 5542 1581 5611 videtur,
1606 5547 1650 5611 et
1689 5553 1806 5611 gno-

207 5602 433 5672 cmiuyne;
461 5610 505 5659 id
531 5602 637 5665 est;
662 5613 715 5657 et
748 5618 811 5672 ea
842 5604 947 5654 loca
979 5604 1353 5672 Donatistarum,
1380 5602 1438 5649 ad
1462 5616 1573 5672 quae
1612 5604 1720 5672 ipsi
1743 5616 1803 5672 ex

208 5663 366 5720 Africa
392 5663 642 5720 mitterent
681 5668 949 5729 episeOpos.
986 5664 1236 5729 Mittehant
1259 5663 1527 5729 Itomamad
1550 5676 1666 5729 suos
1697 5670 1806 5729 Cut-

206 5736 461 5794 zupitanos
483 5734 592 5781 sive
616 5724 989 5794 storiteuses,_et
1013 5725 1366 5794 in__Hispaniam
1402 5726 1458 5774 ad
1497 5724 1684 5773 Lucillae
1720 5727 1806 5773 do-

208 5788 364 5849 mum,
394 5803 441 5841 ut
462 5795 763 5853 dixitsupra,
788 5802 891 5850 cap.
919 5790 966 5846 3,
992 5802 1039 5853 n_.
1064 5788 1095 5835 ϐ

270 5855 353 5918 (b)
394 5856 521 5919 Apud
542 5862 642 5903 Αιιι.
664 5850 720 5902 ει
739 5858 830 5912 En,
851 5863 954 5913 cap.
987 5850 1058 5898 H.

3352 421 3459 474 ﬁ?

1892 546 2084 607 negant
2114 536 2227 591 hcce
2254 538 2410 591 verba
2442 536 2731 593 Ecelcsiam
2762 535 2941 591 dicere
2969 535 3182 591 Christo
3202 576 3217 602 ,
3259 551 3380 608 qua:
3407 541 3479 594 sit

1892 630 2127 684 Ecclesia
2167 646 2284 700 quae
2326 633 2647 700 interrogat,
2680 638 2733 685 et
2760 644 2878 699 quae
2908 629 2976 684 sit
3002 628 3240 684 Ecclesia
3268 629 3337 685 de
3372 646 3475 700 qua

1891 721 2200 791 interrogat.
2224 722 2423 788 Quaerit
2447 723 2588 777 enim
2613 737 2717 791 quo
2737 721 2915 777 veniat
2937 720 3002 775 ad
3024 734 3277 791 sponsum
3299 736 3476 791 suum,

1890 822 1943 869 et
1966 813 2094 868 dicit
2121 815 2190 880 ei,
2218 814 2475 869 Annuntia
2495 814 2638 881 mihi,
2670 831 2815 884 quem
2842 813 3019 869 dilexit
3043 815 3213 869 anima
3236 832 3367 881 mea,
3395 816 3483 869 ubi

1892 906 2076 975 pascis,
2107 906 2188 958 ubi
2218 905 2371 959 cubas
2395 907 2448 958 in
2473 905 2697 959 meridie.
2729 904 2916 960 Adhuc
2945 906 3086 961 enim
3114 907 3215 961 ista
3243 907 3483 963 Ecclesia

1893 1004 2112 1066 estquae
2133 996 2364 1066 loquitur
2383 1006 2438 1052 et
2456 996 2662 1066 quaerit,
2688 997 2773 1051 ubi
2803 996 2871 1050 sit
2893 997 3127 1053 Ecclesia
3156 998 3209 1053 in
3236 998 3481 1053 meridie.

1892 1085 2075 1156 Neque
2118 1087 2260 1142 enim
2305 1087 2628 1157 interrogat,
2663 1086 2760 1141 Ubi
2796 1088 2985 1156 pascis,
3017 1087 3102 1141 ubi
3128 1088 3322 1142 cubas?
3349 1096 3403 1143 et
3431 1104 3482 1144 ει

1895 1179 2279 1249 respondetur,
2329 1178 2394 1233 In
2436 1180 2680 1239 meridie;
2722 1189 2971 1249 tanquam
2999 1194 3225 1248 Sponsus
3254 1194 3479 1249 respon-

1894 1271 2036 1338 deat,
2070 1271 2126 1326 ln
2158 1270 2381 1326 meridie
2408 1285 2597 1339 pasco,
2629 1271 2682 1324 in
2714 1270 2932 1325 meridie
2960 1272 3097 1327 cubo
3134 1290 3147 1325 :
3182 1272 3275 1326 sed
3304 1273 3484 1327 omnia

1896 1361 1995 1421 ista
2026 1362 2185 1417 verba
2229 1361 2295 1415 ad
2344 1361 2809 1431 interrogationem
2839 1362 3139 1432 pertinent,
3174 1362 3271 1417 Ubi
3296 1365 3485 1432 pascis,

1894 1454 1977 1505 ubi
2005 1453 2157 1506 cubas
2196 1453 2248 1505 in
2279 1453 2485 1506 meridie
2516 1452 2627 1522 (a)?
2667 1452 2853 1507 Adhuc
2887 1453 3027 1507 enim
3064 1454 3177 1524 ipsa
3207 1453 3365 1518 dicit,
3404 1452 3487 1507 Nc

1898 1547 2025 1614 forte
2056 1546 2176 1613 ﬁam
2216 1546 2343 1599 sicut
2384 1554 2557 1615 aperta
2594 1561 2747 1611 super
2783 1562 2955 1615 greges
2981 1545 3233 1599 sodalium
3262 1554 3482 1600 tuorum.

1895 1636 2140 1690 Jamvero
2175 1637 2261 1691 illc
2288 1636 2575 1707 respondet
2594 1678 2609 1699 ,
2642 1634 2759 1689 Nisi
2784 1636 3070 1705 cognoveris
3097 1636 3422 1705 temetipsum,
3452 1651 3483 1688 ο

1898 1728 2078 1781 decora
2102 1728 2231 1782 inter
2257 1728 2488 1782 mulieres
2519 1726 2689 1797 (Cant.
2713 1742 2749 1793 ι,
2778 1726 2830 1790 6,
2854 1725 2930 1798 7),
2958 1734 3013 1782 ει
3033 1735 3242 1781 cmtera.
3266 1726 3380 1781 Non
3400 1740 3487 1781 er-

1897 1836 1963 1890 go
1991 1820 2075 1874 his
2107 1821 2281 1876 verbis
2309 1820 2623 1884 ostenditur,
2655 1820 2705 1873 in
2734 1820 2846 1873 sola
2874 1828 3021 1888 parte
3049 1818 3342 1875 meridiana
3367 1832 3487 1873 esse

1899 1910 2191 1966 Ecclesiam
2219 1928 2231 1963 :
2258 1911 2350 1964 sed
2382 1910 2435 1964 in
2461 1911 2578 1964 aliis
2604 1910 2787 1964 mundi
2814 1910 3048 1980 partibus
3071 1909 3379 1976 constituta,
3409 1909 3488 1961 in-

1900 2012 2131 2073 terrogat
2155 2003 2378 2058 fortasse
2398 2003 2525 2073 quid
2550 2003 2615 2057 ad
2637 2002 2753 2071 ejus
2777 2003 3203 2057 communionem
3227 2001 3489 2071 pertineat

1902 2100 1954 2154 in
1982 2098 2222 2163 meridie,
2258 2098 2308 2153 id
2332 2106 2433 2162 est,
2465 2098 2551 2151 ubi
2583 2111 2809 2167 sponsus
2832 2099 2948 2165 ejus
2974 2103 3153 2165 pascat
3176 2103 3231 2150 et
3254 2095 3412 2150 cubet
3435 2095 3487 2147 in

1903 2191 2159 2257 meridie;
2192 2192 2313 2261 quia
2344 2204 2471 2245 suos
2502 2189 2700 2259 pascit,
2732 2197 2786 2242 et
2826 2188 2877 2241 in
2918 2187 3027 2242 suis
3056 2187 3233 2243 cubat.
3264 2185 3493 2240 Veniunt

1901 2284 2042 2338 enim
2072 2283 2313 2353 quaedam
2342 2281 2583 2337 membra
2625 2280 2770 2349 ejus,
2819 2279 2871 2333 id
2908 2287 3017 2345 est,
3050 2279 3173 2333 boni
3214 2278 3400 2333 ﬁdeles
3428 2291 3495 2332 ex

1902 2374 2141 2444 partibus
2164 2372 2532 2427 transmarinis
2559 2372 2609 2425 in
2632 2371 2887 2436 Africam,
2912 2380 3105 2426 etcum
3126 2369 3387 2425 audierint
3408 2369 3496 2423 hic

1902 2480 2020 2519 esse
2050 2473 2255 2534 partem
2283 2463 2503 2527 Donati,
2539 2463 2787 2516 timentes
2824 2476 2892 2515 ne
2935 2461 3167 2515 incidant
3211 2461 3263 2514 in
3304 2474 3495 2514 manus

1903 2555 2125 2626 alicujus
2150 2554 2587 2624 rebaptizatoris,
2620 2553 2867 2606 invocant
2892 2551 3164 2605 Christum
3201 2559 3413 2605 orantes
3441 2560 3496 2605 et

1903 2647 2141 2701 dicentes
2171 2662 2183 2698 :
2218 2645 2475 2698 Annuntia
2505 2644 2649 2709 mihi,
2681 2659 2829 2712 quem
2854 2643 3031 2697 dilexit
3056 2643 3227 2695 anima
3251 2658 3380 2702 mea,
3408 2642 3495 2695 ubi

1906 2737 2098 2806 pascis,
2124 2735 2209 2789 ubi
2235 2735 2385 2788 cubas
2413 2735 2465 2788 in
2494 2734 2733 2799 meridie,
2768 2734 2819 2787 id
2848 2742 2930 2789 est
2949 2773 2963 2796 ,
2990 2734 3078 2802 qui
3108 2733 3213 2787 sint
3244 2732 3495 2787 meridies

1906 2828 1995 2883 ubi
2027 2836 2081 2882 tu
2110 2827 2284 2897 pascis
2312 2833 2366 2880 et
2390 2827 2572 2889 cubas,
2606 2825 2657 2879 id
2687 2832 2788 2891 est,
2817 2824 2906 2893 qui
2936 2824 3129 2878 habent
3157 2823 3492 2887 charitatem,

1905 2929 1961 2976 et
1988 2934 2094 2975 non
2124 2918 2367 2974 dividunt
2398 2918 2674 2973 unitatem.
2706 2918 2771 2971 Et
2802 2916 2921 2971 vide
2945 2916 3068 2985 quid
3096 2915 3383 2984 adjuugat:
3417 2914 3498 2968 Ne

1906 3017 2037 3083 forte
2062 3013 2184 3082 ﬁam
2218 3012 2349 3067 velut
2386 3020 2561 3081 operta
2599 3026 2750 3079 super
2776 3024 2950 3079 greges
2978 3007 3229 3061 sodalium
3256 3017 3454 3059 tuorum
3480 3024 3497 3059 :

1906 3102 1959 3157 id
1991 3112 2107 3169 est,
2153 3117 2219 3156 ne
2259 3102 2396 3156 forte
2436 3101 2578 3155 velut
2610 3101 2780 3154 latens
2807 3108 2861 3154 et
2891 3098 3155 3168 incognita
3192 3107 3246 3151 et
3275 3111 3380 3151 non
3409 3113 3497 3151 rc-

1906 3193 2076 3248 velata
2097 3233 2112 3257 ,
2144 3193 2243 3246 hoc
2272 3200 2355 3247 est
2382 3190 2525 3246 enim
2564 3198 2739 3259 operta
2779 3190 2930 3258 ﬁam,
2967 3204 3071 3243 non
3101 3202 3261 3256 super
3285 3203 3497 3257 gregem

1909 3295 2077 3349 tuum,
2108 3284 2200 3339 sed
2230 3299 2383 3353 super
2409 3298 2581 3353 greges
2609 3282 2860 3335 sodalium
2886 3290 3104 3345 tuorum,
3133 3280 3221 3349 qui
3248 3294 3366 3332 cum
3391 3278 3499 3346 pri-

1908 3393 1995 3433 mo
2022 3387 2194 3433 tecum
2222 3383 2421 3439 essent,
2446 3383 2595 3430 extra
2623 3374 2874 3444 colligere
2896 3373 3197 3437 voluerunt,
3222 3386 3327 3425 non
3350 3380 3496 3425 tuum

1906 3486 2143 3542 gregem,
2173 3469 2266 3525 sed
2294 3483 2418 3523 suos
2442 3483 2665 3538 greges;
2695 3482 2795 3522 nec
2820 3467 3102 3521 audierunt
3131 3476 3180 3521 te
3208 3466 3496 3531 dicentem,

1913 3564 2011 3630 Qui
2042 3579 2235 3617 mecum
2261 3577 2361 3615 non
2387 3559 2609 3628 colligit,
2640 3560 2832 3629 spargit
2864 3558 3074 3628 (Matth.
3104 3573 3174 3611 xu
3198 3598 3210 3622 ,
3241 3557 3367 3625 50);
3403 3571 3500 3610 nec

1908 3653 2048 3723 quod
2081 3653 2238 3707 Petro
2268 3650 2481 3716 dixisti,
2517 3648 2678 3702 Pasce
2704 3665 2815 3702 oves
2847 3665 2981 3702 meas
3019 3646 3194 3719 (Joan.
3222 3663 3314 3700 xx:
3337 3686 3351 3711 ,
3384 3648 3495 3715 l7),
3532 3630 3545 3639 ’

1909 3761 2013 3801 non
2043 3754 2178 3800 tuas.
2209 3744 2322 3799 Non
2346 3754 2427 3798 est
2455 3752 2633 3797 autem
2666 3743 2763 3797 ista
2789 3751 2991 3811 aperta,
3022 3742 3140 3810 quia
3170 3756 3273 3794 non
3295 3749 3375 3794 est
3400 3741 3499 3794 sub

1910 3839 2109 3905 modio,
2140 3837 2230 3893 sed
2259 3852 2419 3907 super
2439 3835 2838 3900 candelabrum,
2864 3844 2921 3887 ut
2947 3833 3118 3887 luceat
3141 3833 3385 3886 omnibus
3406 3833 3494 3900 qni

1911 3932 1961 3985 in
1988 3931 2147 3985 domo
2170 3937 2312 3983 sunt.
2345 3929 2409 3982 Et
2430 3926 2497 3981 de
2525 3926 2611 3980 illa
2638 3925 2833 3979 dictum
2865 3933 2965 3989 est,
2998 3924 3115 3977 Non
3143 3932 3300 3994 potest
3326 3924 3498 3975 civitas

1910 4020 2149 4076 abscondi
2179 4036 2329 4087 super
2364 4026 2580 4071 montem
2620 4017 2888 4070 constituta
2918 4015 3128 4085 (Matth.
3156 4030 3189 4068 v
3208 4056 3220 4074 .
3251 4015 3317 4069 l5
3337 4057 3350 4079 ,
3384 4012 3496 4083 Η).

1910 4110 2013 4167 Sed
2047 4108 2336 4164 Donatistis
2366 4108 2506 4163 velut
2534 4114 2715 4177 operta
2747 4115 2860 4173 est,
2892 4107 2980 4176 qui
3022 4104 3240 4159 audiunt
3283 4114 3387 4158 tam
3420 4102 3498 4158 lu-

1911 4202 2027 4257 cida
2052 4210 2106 4256 et
2135 4200 2414 4255 manifesta
2444 4198 2765 4263 testimonia,
2789 4213 2908 4267 quae
2936 4197 3078 4249 illam
3112 4204 3224 4249 toto
3252 4194 3381 4249 orbe
3405 4192 3502 4247 de-

1913 4300 2243 4357 monstrant;
2272 4299 2325 4346 et
2349 4290 2552 4345 malunt
2571 4288 2764 4343 clausis
2784 4287 2953 4343 oculis
2977 4286 3249 4341 offendere
3275 4287 3325 4339 in
3352 4299 3495 4338 mon«

1913 4394 2019 4441 tem
2042 4424 2057 4449 ,
2088 4396 2247 4454 quam
2278 4382 2330 4435 in
2362 4396 2482 4436 eum
2521 4378 2847 4445 ascendere;
2892 4378 2983 4448 qui
3026 4392 3148 4432 cum
3188 4384 3331 4430 esset
3368 4376 3500 4445 lapis

1913 4478 2168 4550 praecisus
2192 4476 2260 4530 de
2285 4481 2466 4529 monte
2491 4473 2608 4528 sine
2638 4472 2899 4538 manibus,
2932 4470 3116 4535 crevit,
3145 4478 3197 4523 et
3228 4468 3395 4522 factus
3421 4480 3503 4522 ess

1913 4585 2065 4625 mons
2114 4570 2337 4638 ingens,
2375 4574 2430 4622 et
2475 4564 2712 4635 implevit
2753 4564 3053 4618 universam
3100 4570 3296 4615 terram
3338 4557 3507 4630 (Dan.

1914 4676 1982 4724 ιι,
2012 4660 2097 4723 Si,
2127 4657 2241 4729 55).

1984 4750 2073 4805 41.
2116 4750 2295 4804 Potest
2339 4757 2393 4802 et
2433 4746 2538 4800 alio
2582 4744 2741 4801 modo
2781 4744 3036 4813 intelligi,
3069 4741 3167 4797 Ubi
3195 4742 3391 4811 pascis,
3422 4741 3504 4795 ubi

1913 4842 2065 4897 cubas
2103 4843 2157 4896 in
2194 4841 2419 4895 meridie.
2465 4838 2633 4908 Ipsius
2668 4837 2807 4892 enim
2849 4853 2951 4891 vox
2991 4845 3072 4891 est
3104 4836 3154 4889 in
3191 4835 3412 4889 Psalmis
3439 4850 3505 4887 ex

1914 4949 2139 5005 persona
2169 4932 2335 5001 Moysi
2366 4931 2546 4987 famuli
2576 4930 2670 4985 Dei
2695 4948 2708 4983 :
2743 4928 3011 4983 Dexteram
3041 4938 3181 4981 tuam
3220 4937 3390 4981 notam
3421 4929 3503 4996 fac

1914 5026 2057 5090 mihi,
2089 5032 2134 5077 et
2166 5023 2383 5077 eruditos
2412 5021 2561 5075 corde
2587 5020 2639 5074 in
2669 5021 2916 5090 sapientia
2947 5018 3113 5091 (Psal.
3142 5032 3362 5081 Lxxxtx,
3390 5016 3501 5086 l2).

1916 5118 1973 5172 In
2000 5116 2103 5172 illis
2128 5116 2269 5172 enim
2301 5114 2550 5169 meridies
2578 5112 2806 5179 dicitur,
2850 5121 3068 5182 propter
3107 5112 3372 5181 ingentem
3412 5123 3501 5162 sa-

1918 5210 2128 5280 pientia:
2158 5208 2351 5272 lucem,
2378 5215 2431 5261 et
2458 5205 2723 5277 ingentem
2751 5204 3026 5277 charitatis
3052 5204 3315 5257 ardorem.
3351 5199 3505 5256 Unde

1915 5298 2197 5370 quemdam
2221 5313 2341 5353 cum
2368 5297 2739 5352 exhortaretur
2761 5294 2989 5365 Spiritus
3014 5294 3103 5347 Dei
3127 5292 3191 5347 ad
3214 5292 3349 5346 bona
3377 5306 3503 5361 ope-

1917 5407 1971 5446 ra
2000 5406 2095 5461 per
2115 5390 2458 5460 PrOphetam,
2486 5389 2587 5445 hoc
2606 5389 2679 5444 illi
2702 5388 2859 5443 etiam
2883 5384 3177 5455 promittit:
3206 5382 3270 5436 Et
3293 5385 3504 5437 tenebra:

1918 5495 2017 5538 tua:
2041 5485 2170 5538 sicut
2196 5482 2429 5537 meridies
2453 5491 2597 5536 erunt
2623 5479 2771 5551 (Isai.
2802 5494 2946 5541 Lvm,
2978 5476 3087 5545 10).
3118 5475 3222 5531 Sed
3244 5476 3287 5530 si
3314 5476 3505 5546 aliquis

1918 5576 2098 5631 inundi
2132 5575 2279 5630 locus
2306 5571 2679 5642 intelligendus
2702 5579 2877 5634 esset,
2906 5568 3045 5638 quod
3078 5567 3274 5623 dictum
3306 5577 3384 5623 est
3404 5608 3419 5632 ,
3450 5568 3504 5619 in

1918 5669 2159 5731 menidie;
2192 5677 2365 5722 tamen
2416 5666 2527 5734 ipsa
2576 5662 2766 5725 verba,
2802 5661 2939 5713 sicut
2983 5660 3125 5726 dixi,
3168 5676 3285 5730 qua}
3325 5659 3503 5711 munia

1982 5842 2053 5903 (a)
2078 5841 2189 5889 \‘itlc
2202 5852 2348 5888 scrm.
2378 5836 2530 5897 46,th
2544 5842 2687 5882 Pastor
2703 5836 2827 5895 ibus,
2846 5836 2988 5896 11.33,
3012 5842 3063 5886 et
3079 5849 3225 5887 scrm.
3250 5834 3354 5893 £38,
3379 5846 3427 5881 ιι.
3452 5833 3487 5880 9
