3998 6470
483 406 588 464 ἥδ

485 539 646 582 unam
676 523 873 579 faciunt
902 518 1395 588 interrogationem,
1426 513 1573 569 nullo
1602 513 1760 568 modo
1785 513 2060 583 permitteo

483 626 605 673 rent
642 631 956 688 quemquam
995 612 1061 666 ad
1101 625 1255 666 suum
1296 622 1509 664 sensum
1553 607 1706 661 istam
1745 605 2066 674 detorquere

483 711 823 765 sententiam.
851 708 916 762 Et
945 707 987 760 si
1019 715 1268 773 tanquam
1299 701 1556 771 quat-renti
1593 699 1681 754 ubi
1711 705 1980 768 pasceret,
2009 704 2064 750 et

483 801 573 855 ubi
601 800 836 860 cubaret,
865 796 932 851 de
958 804 1171 850 terreno
1194 794 1313 847 loco
1339 788 1779 860 responderetur,
1816 787 1884 841 In
1916 786 2066 840 meri-

481 890 600 954 die;
631 903 732 942 non
759 887 1012 942 continuo
1038 884 1268 939 Africam
1297 881 1538 950 accipere
1563 879 1899 934 deberemus.
1923 877 2064 930 Afri-

479 995 539 1034 ca
571 980 712 1034 enim
745 979 796 1032 in
827 986 976 1046 parte
1015 975 1226 1046 quidem
1270 971 1559 1027 meridiana
1601 970 1781 1024 mundi
1821 976 1935 1033 est,
1969 966 2064 1022 sed

477 1069 546 1124 ad
577 1067 814 1123 Africum
836 1110 850 1132 ,
881 1081 983 1120 non
1013 1066 1079 1120 ad
1106 1067 1356 1120 Austrum
1391 1063 1482 1117 ubi
1520 1077 1644 1116 vere
1681 1059 1934 1114 meridies
1959 1067 2061 1113 est.

479 1162 552 1216 lbi
584 1161 726 1216 enim
758 1160 835 1213 sol
872 1158 997 1212 facit
1033 1156 1266 1211 medium
1300 1154 1438 1209 diem
1460 1194 1474 1217 ,
1507 1153 1604 1208 sub
1631 1167 1734 1222 qua
1763 1151 1882 1206 caeli
1916 1150 2064 1219 plaga

478 1253 655 1321 potius
684 1251 946 1322 IEgyptus
973 1246 1257 1302 invenitur.
1286 1244 1341 1300 Si
1371 1260 1496 1314 ergo
1525 1258 1752 1314 sponsus
1779 1244 1846 1297 ab
1869 1256 2063 1311 sponsa

479 1352 730 1413 tanquam
757 1342 822 1396 de
847 1342 966 1395 loco
994 1337 1303 1394 familiarius
1332 1336 1544 1401 dilecto,
1576 1344 1630 1390 et
1654 1333 1812 1389 cubili
1834 1332 2061 1402 quodam

479 1449 577 1488 suo
597 1441 806 1488 secreto
828 1433 1204 1500 interrogatus,
1226 1427 1574 1497 responderet
1593 1440 1713 1481 esse
1733 1425 1786 1479 in
1809 1423 2059 1488 meridie;

480 1527 648 1580 multo
687 1524 1012 1594 probabilius
1043 1521 1280 1576 Ecclesia
1309 1518 1567 1574 catholica
1605 1517 1659 1571 in
1697 1516 1781 1570 his
1811 1515 2063 1570 membris

478 1619 589 1673 suis
617 1617 720 1672 hoc
744 1623 1094 1686 agnosceret,
1121 1627 1239 1682 qua:
1264 1620 1386 1665 sunt
1412 1611 1462 1664 in
1490 1608 1722 1680 Egypto
1752 1607 1804 1661 in
1833 1607 2064 1662 millibus

479 1723 756 1764 servorum
799 1706 926 1770 Dei,
965 1704 1053 1774 qui
1099 1719 1191 1773 per
1223 1716 1462 1757 eremum
1491 1709 1674 1755 sancta
1700 1698 1954 1753 societate
1980 1697 2062 1752 vi-

480 1809 628 1865 vunt,
659 1797 1036 1870 perfectionem
1063 1793 1311 1864 praecepti
1351 1791 1640 1862 evangelici
1678 1788 1954 1844 studentes
1981 1796 2062 1843 te-

479 1907 627 1958 nere,
655 1906 761 1961 quo
790 1889 986 1944 dictum
1011 1896 1093 1942 est
1119 1904 1133 1941 :
1161 1884 1249 1938 Vis
1276 1887 1526 1955 perfectus
1551 1881 1695 1936 esse?
1723 1880 1877 1945 vade,
1907 1879 2064 1934 vende

478 1984 647 2038 omnia
675 1997 788 2051 qua:
816 1979 964 2032 habes
985 2019 998 2043 ,
1025 1987 1073 2031 et
1098 1977 1164 2030 da
1191 1975 1493 2047 pauperibus
1511 2014 1526 2037 ,
1553 1981 1598 2026 et
1624 1971 1825 2025 habebis
1857 1971 2062 2025 thesau-

477 2091 595 2128 rum
637 2074 692 2126 in
735 2072 906 2134 caelis;
944 2079 988 2123 et
1030 2069 1170 2134 veni,
1204 2083 1406 2136 sequere
1441 2082 1519 2118 me
1549 2063 1758 2137 (Matth.
1787 2079 1909 2128 XIX,
1941 2062 2058 2134 2|).

479 2162 692 2228 Quanto
721 2161 862 2214 enim
891 2159 1078 2212 melius
1110 2157 1178 2211 ibi
1209 2157 1466 2211 secretius
1495 2169 1733 2224 pascere,
1765 2161 1819 2208 et
1843 2153 2058 2221 cubare,

481 2254 534 2309 id
561 2263 659 2317 est,
687 2252 1022 2322 requiescere
1052 2249 1216 2305 Filius
1248 2251 1340 2303 Dei
1367 2248 1652 2309 diceretur,
1685 2263 1840 2317 quam
1872 2247 1924 2304 in
1954 2256 2062 2301 tur-

480 2345 560 2398 bis
588 2343 836 2412 inquietis
861 2340 1179 2396 furiosorum
1204 2338 1698 2394 Circnmcellionum
1721 2339 1760 2402 ¹,
1790 2336 1928 2407 quod
1951 2353 2064 2392 ma-

481 2435 588 2487 lum
618 2432 808 2487 Africa:
839 2431 1111 2500 proprium
1152 2437 1253 2484 est.
1293 2427 1427 2482 Nam
1454 2427 1520 2482 de
1546 2427 1772 2497 [Egypto
1803 2427 1872 2482 ita
1900 2427 2062 2484 Isaias

479 2524 758 2595 prophetat
786 2541 799 2576 :
831 2522 932 2576 Illo
954 2517 1041 2575 die
1066 2522 1156 2575 erit
1184 2521 1347 2575 altare
1371 2519 1573 2573 Domini
1596 2521 1649 2572 in
1674 2520 1874 2590 regione
1893 2518 2060 2590 [Egi].

479 2617 734 2685 ptiorum,
765 2624 814 2667 et
850 2613 1027 2667 titulus
1063 2612 1130 2666 ad
1167 2613 1294 2682 fines
1322 2627 1494 2665 eorum
1520 2609 1738 2664 Domino
1759 2651 1772 2676 ,
1804 2620 1850 2664 et
1889 2611 1981 2664 erit
2007 2612 2062 2665 in

477 2708 675 2777 signum
714 2707 768 2759 in
805 2714 1048 2759 teternum
1092 2703 1309 2757 Domino
1349 2703 1404 2756 in
1445 2703 1646 2773 regione
1675 2699 2057 2773 Afgyptiorum.

481 2797 732 2863 Quoniam
770 2794 1056 2849 clamabunt
1094 2795 1162 2848 ad
1196 2793 1470 2848 Dominum
1504 2795 1740 2848 adversus
1770 2808 1852 2846 eos
1877 2792 1963 2862 qui
1991 2793 2062 2846 eis

478 2902 765 2956 pressuram
803 2886 1051 2956 faciebant
1083 2900 1103 2940 .'
1131 2893 1176 2938 et
1207 2885 1364 2938 mittet
1401 2884 1505 2938 illis
1537 2883 1782 2937 Dominus
1812 2883 2063 2936 hominem

477 2979 562 3048 qui
589 2978 752 3032 salvos
780 2993 863 3031 eos
891 2978 1073 3047 faciet,
1095 2976 1334 3047 judicans
1359 2977 1572 3029 servabit
1599 2993 1701 3030 eos.
1743 2975 1810 3028 Et
1836 2976 2062 3046 cognitus

478 3070 572 3122 erit
593 3067 844 3123 Dominus
865 3067 1128 3139 [Egyptiis
1155 3083 1173 3120 :
1199 3077 1244 3121 et
1271 3068 1508 3121 timebunt
1531 3067 1768 3138 lEgyptii
1794 3067 2064 3122 Dominum

477 3162 531 3215 in
556 3161 784 3226 illo-die,
813 3169 860 3214 et
888 3163 1072 3231 facient
1102 3159 1355 3227 sacriﬁcia
1375 3200 1390 3225 ,
1422 3167 1469 3211 et
1497 3168 1610 3212 vota
1637 3159 1924 3229 promittent
1951 3158 2061 3211 Do-

477 3252 614 3304 mino
634 3292 650 3318 ,
680 3259 727 3306 et
766 3250 993 3304 reddent.
1036 3249 1102 3303 Et
1140 3249 1284 3318 feriet
1314 3247 1560 3302 Dominus
1583 3248 1860 3319 Egyptios
1889 3250 2058 3320 plaga,

477 3351 524 3394 et
551 3341 747 3395 sanabit
775 3358 857 3396 eos
886 3357 978 3394 sua
1005 3339 1345 3393 misericordia
1364 3381 1380 3406 ,
1413 3349 1458 3393 et
1485 3348 1832 3393 convertentur
1857 3340 1926 3393 ad
1953 3340 2063 3393 Do-

477 3432 694 3498 minum,
715 3442 762 3485 et
781 3431 1013 3485 exaudiet
1033 3447 1135 3496 eos,
1158 3438 1205 3484 et
1223 3429 1419 3483 sanabit
1435 3446 1517 3484 eos
1546 3429 1695 3500 (Isai.
1717 3445 1831 3496 XIX,
1854 3428 2059 3502 l9-22).

478 3519 618 3586 Quid
645 3520 711 3574 ad
739 3520 853 3575 [NEC
876 3519 1093 3574 dicunt?
1118 3518 1293 3585 Quare
1323 3524 1427 3573 n‘on
1455 3520 1850 3573 communicant
1877 3519 2064 3574 Eccle-

477 3610 592 3674 siae,
619 3625 738 3680 qua:
766 3609 1012 3679 prtedicta
1040 3617 1152 3674 est,
1179 3607 1589 3680 Egyptiorum?
1611 3609 1717 3663 Aut
1744 3609 1788 3664 si
1817 3611 2062 3680 praeliga-

477 3700 686 3755 ratione
708 3699 1011 3770 propltetica
1033 3699 1297 3770 Egyptus
1316 3699 1572 3754 mundum
1594 3699 1876 3770 significat,
1899 3717 2063 3772 quare

477 3807 584 3847 non
611 3792 1005 3847 communicant
1039 3791 1294 3846 Ecclesia:
1323 3791 1469 3847 orbis
1498 3793 1801 3848 terrarum?

546 3882 638 3938 42.
676 3883 908 3938 Proinde
953 3892 1356 3953 perscrutontur
1402 3870 1737 3954 Scripturas,
1783 3891 1838 3940 et
1877 3891 2064 3940 contra

477 3981 584 4029 tam
635 3974 798 4029 multa
850 3975 1188 4039 testimonia,
1239 3975 1434 4045 quibus
1484 3975 1782 4030 ostenditur
1829 3976 2062 4031 Ecclesia

475 4063 676 4120 Christi
716 4073 828 4120 toto
869 4074 1129 4120 terrarum
1165 4065 1296 4121 orbe
1330 4065 1586 4132 diffundi,
1620 4067 1704 4121 vel
1736 4081 1897 4121 unum
1936 4081 2064 4137 pro-

479 4155 654 4212 ferant
680 4166 785 4212 tam
809 4166 1014 4212 certum
1043 4166 1097 4211 et
1123 4165 1230 4211 tam
1256 4155 1590 4210 manifestum
1621 4172 1780 4226 quam
1808 4157 1894 4210 illa
1917 4165 2061 4224 sunt,

479 4263 586 4317 quo
611 4247 978 4303 demonstrent
1003 4247 1297 4302 Ecclesiam
1325 4244 1521 4301 Christi
1561 4247 1783 4315 periisse
1811 4247 1878 4303 de
1901 4257 2062 4304 cente-

479 4339 557 4392 ris
581 4337 841 4408 gentibus,
867 4347 923 4393 et
947 4339 998 4391 in
1025 4338 1136 4390 sola
1158 4335 1335 4390 Africa
1360 4336 1700 4404 remansisse,
1728 4345 1975 4409 tanquam
1998 4339 2066 4394 ab

479 4429 586 4484 alio
616 4428 768 4483 initio
788 4430 830 4495 ⁸,
864 4443 968 4481 non
996 4429 1063 4482 ab
1087 4427 1403 4491 Jerusalem,
1434 4427 1526 4483 sed
1552 4443 1580 4482 a
1609 4429 1950 4499 Carthagine,
1977 4430 2067 4485 ubi

482 4523 654 4592 primo
676 4521 983 4591 episcopum
1007 4529 1190 4576 contra
1211 4520 1516 4589 episcopum
1541 4521 1871 4575 levaverunt.
1898 4520 1953 4574 Si
1974 4536 2069 4575 au-

481 4625 588 4670 tem
613 4615 837 4669 velimus
865 4614 1158 4684 intelligere
1182 4613 1438 4667 Donatum
1462 4614 1754 4684 principem
1775 4614 1922 4685 Tyri,
1945 4615 2067 4684 quia

480 4705 654 4776 Tyrus
701 4703 722 4735 ³
765 4704 1030 4774 Carthago
1099 4704 1468 4774 cognominata
1529 4712 1612 4758 est
1638 4745 1653 4768 ,
1693 4719 1812 4771 qua:
1854 4703 1907 4758 in
1946 4719 2068 4759 eum

481 4812 578 4866 per
608 4795 940 4852 Ezechielem
973 4795 1393 4866 prophetantur?
1423 4796 1522 4852 Ubi
1552 4810 1673 4850 eum
1704 4796 1931 4851 maxime
1969 4795 2067 4852 de-

481 4888 674 4958 signat,
701 4886 843 4957 quod
868 4886 917 4941 ei
945 4885 1174 4942 dicitur:
1205 4886 1480 4940 Ostendam
1505 4885 1592 4940 tibi
1621 4885 1738 4956 quia
1767 4885 1915 4940 homo
1947 4902 1998 4941 es
2023 4895 2069 4940 et

545 5064 560 5094 ι
597 5067 645 5113 tn
684 5061 970 5113 Floriacetisi
993 5069 1098 5122 Ms,
1133 5059 1537 5112 Cercicellionum.
1571 5059 1882 5110 circelliones
1922 5061 2071 5122 vulgo

479 5123 570 5172 diei
595 5124 762 5173 solitos
783 5123 1032 5186 intelliges
1053 5136 1115 5186 ex
1142 5125 1422 5186 Augustino,
1439 5129 1602 5186 βιιειιίδἶ
1625 5123 1673 5170 in
1694 5123 1810 5186 Psal.
1831 5122 1936 5179 152,
1954 5137 2003 5170 n.
2022 5123 2068 5171 5.

549 5188 569 5216 ³
602 5183 1083 5256 imminit-quain.“
1116 5183 1388 5244 alio'initio,
1432 5185 1558 5233 forte
1590 5183 1872 5245 legendum,
1897 5197 2074 5248 propa-

485 5247 697 5310 gantiam
712 5248 775 5298 ab
797 5246 1098 5310 alioinitio.‘
1314 5306 1326 5310 _
1419 5305 1433 5310 _
1515 5258 1524 5264 ”

549 5308 569 5339 ³
592 5315 650 5370 ln
689 5316 771 5358 Ms.
817 5307 1162 5370 Floriacensis,
1203 5306 1372 5370 fl‘yria,
1419 5305 1512 5356 hoc
1536 5312 1722 5356 tantum
1761 5305 1883 5370 loco.
1929 5314 2073 5355 Porro

484 5369 716 5433 Carthago
759 5371 1008 5433 Tyriorum
1059 5367 1265 5433 colonia"
1293 5368 1402 5427 fuit,
1439 5375 1494 5433 ut.
1552 5375 1703 5433 '_r_yrus
1757 5368 2068 5433 Sidoniorum.

487 5431 618 5492 unde
646 5429 814 5492 Virgil:
851 5431 934 5478 lib.
963 5431 982 5478 1
1013 5430 1202 5492 Aineid.
1223 5465 1237 5487 ,
1267 5443 1396 5479 vers.
1436 5429 1493 5478 12
1511 5463 1526 5489 ,
1554 5429 1611 5477 13
1637 5441 1649 5476 :
1681 5446 1703 5492 at
1727 5430 1845 5492 Urbs
1879 5431 2073 5490 antiqua

493 5509 516 5535 ι
535 5490 640 5549 fuit,
663 5489 788 5554 'hﬁ'ii
812 5499 1019 5554 tenuere
1042 5490 1228 5546 coloni,
1250 5492 1500 5554 Czrthago.
1526 5507 1548 5534 θ
1581 5496 1632 5536 Et
1661 5490 1723 5537 ab
1754 5489 1930 5554 eodem
1961 5489 2072 5554 Car-

488 5554 634 5616 thago
655 5552 793 5616 Tyria
810 5562 866 5616 et
901 5553 1308 5616 Carthaginenses
1337 5552 1459 5616 Tyrii
1490 5559 1739 5616 vocantur.
1767 5552 1887 5616 Quin
1928 5558 1979 5598 et
2023 5552 2073 5598 in

489 5614 622 5668 tsaia,
646 5613 849 5677 eap._°’...3,
867 5615 948 5662 ubi
974 5613 1091 5676 'I‘yri
1106 5616 1297 5677 eversio
1319 5613 1606 5677 (ricdicitur,
1629 5613 2074 5677 Septuagintayer-

490 5683 673 5732 terunt,
707 5671 905 5732 '(Jlulate,
946 5671 1089 5724 nares
1128 5671 1443 5736 Carthaginis.
1483 5673 1654 5736 Confer
1690 5671 1929 5736 Optatum,
1953 5671 2074 5720 libro

486 5746 652 5800 contra
675 5739 1032 5786 Parmenianum
1057 5741 1227 5796 tertio,
1265 5733 1346 5800 qui
1392 5735 1652 5785 Flecbielis
1689 5733 1988 5800 proljheuam
2014 5736 2077 5782 si-

487 5796 886 5907 millihert‘orquet
907 5801 955 5847 in
987 5801 1252 5850 Donatistas
1276 5796 1296 5847 .’
1314 5809 1366 5851 et
1401 5801 1664 5862 principem
1693 5796 1804 5860 ιδιιί
1846 5802 2076 5845 Donatum

489 5873 538 5907 In
562 5872 588 5907 e
627 5873 692 5907 tzi

489 5861 713 5924 Intelligit

1560 395 1830 454 CONTRA
1874 393 2296 452 DONATISTAS
2333 395 2686 466 EPISTOLA,

3645 406 3750 494 ,494

2176 528 2277 566 non
2306 513 2460 571 Deus.
2493 517 2580 571 Isti
2610 519 2751 572 enim
2780 517 2847 572 de
2877 517 3031 588 hujus
3060 520 3226 590 magis
3251 535 3408 592 quam
3439 524 3507 580 de
3539 524 3632 578 Dei
3664 543 3755 581 no-

2174 604 2317 659 mine
2353 605 2665 674 gloriantur.
2697 608 2760 662 Et
2788 623 2908 662 cum
2937 609 3081 664 solus
3109 611 3246 665 Deus
3275 613 3392 667 sine
3419 626 3639 683 peccato
3664 618 3753 680 sit.

2173 703 2227 748 et
2250 697 2500 750 sacerdos
2525 699 2613 753 ille
2641 700 2731 770 qui
2763 701 3063 770 interpellat
3102 717 3198 772 pro
3239 703 3391 759 nobis
3411 746 3424 770 ,
3460 707 3581 775 quia
3612 707 3755 764 etde

2174 785 2289 854 ipso
2325 786 2523 842 dictum
2563 798 2678 856 est,
2707 791 2807 856 Qui
2831 800 2905 845 est
2932 809 3083 862 super
3107 794 3276 847 omnia
3304 794 3440 850 Deus
3470 797 3757 853 benedictus

2171 876 2223 929 in
2250 878 2435 931 swcula
2464 877 2639 949 (Rom.
2664 896 2739 947 ιχ,
2763 881 2817 951 5)
2852 899 2865 934 :
2895 882 2980 936 isti
3009 883 3192 938 Donati
3222 885 3515 942 imitatores
3545 889 3616 943 ita
3643 891 3758 944 sine

2171 975 2393 1036 peccato
2415 983 2474 1024 se
2497 971 2680 1026 volunt
2699 971 2884 1037 videri,
2916 981 2974 1027 ut
2998 975 3156 1029 etiam
3177 975 3556 1045 justilicatores
3583 979 3756 1035 homi-

2171 1071 2299 1110 nttm
2327 1071 2385 1113 se
2410 1068 2671 1127 asserant,
2702 1070 2756 1117 et
2783 1079 2935 1117 suum
2965 1065 3141 1120 oleum
3170 1067 3311 1136 quod
3340 1083 3446 1122 non
3475 1070 3545 1124 sit
3579 1071 3757 1126 oleum

2173 1151 2464 1218 peccatoris
2490 1149 2658 1224 (Psal.
2683 1168 2804 1220 exe,
2828 1152 2904 1225 5).
2930 1154 3113 1210 Merito
3134 1156 3325 1212 dicitur
3348 1160 3578 1228 principi
3598 1161 3757 1231 Tyri:

2169 1239 2390 1308 Dixisti,
2423 1243 2556 1298 Deus
2592 1262 2706 1299 sum
2732 1263 2750 1300 :
2776 1263 2826 1300 es
2860 1257 3023 1302 autem
3054 1249 3202 1303 homo
3221 1291 3236 1315 ,
3263 1260 3310 1304 et
3349 1268 3446 1305 non
3478 1252 3630 1306 Deus.
3661 1251 3760 1308 Cui

2169 1331 2330 1386 etiam
2351 1333 2544 1388 dicitur
2567 1353 2580 1389 :
2608 1334 2872 1406 Numquid
2895 1349 2948 1391 tu
2967 1341 3144 1392 melior
3161 1357 3312 1409 quam
3334 1341 3516 1396 Daniel
3539 1341 3756 1414 (Ezech.

2171 1435 2341 1476 xxvnt
2363 1464 2377 1488 ,
2405 1423 2564 1494 2-9)?
2599 1426 2890 1482 Confitetur
2918 1429 3060 1484 enim
3092 1430 3277 1485 Daniel
3305 1445 3518 1500 peccata
3548 1449 3677 1497 sua,
3706 1444 3761 1489 et

2171 1524 2384 1582 peccata
2413 1517 2590 1586 populi
2614 1519 2694 1573 sui
2725 1519 2886 1588 (Dan.
2915 1536 2987 1585 Ix,
3013 1520 3108 1592 20)
3135 1540 3148 1574 :
3175 1523 3257 1576 isti
3284 1534 3459 1579 autem
3485 1526 3762 1595 pertinen-

2170 1612 2252 1660 tes
2275 1606 2340 1661 ad
2369 1611 2662 1680 principem
2690 1611 2849 1683 Tyri,
2881 1612 3002 1668 ideo
3037 1629 3096 1668 se
3124 1614 3307 1670 dicunt
3339 1627 3554 1672 orantes
3583 1618 3761 1672 andiri

2169 1712 2266 1767 pro
2297 1703 2528 1769 peccatis
2557 1705 2754 1773 populi,
2788 1707 2909 1775 quia
2939 1706 3038 1776 ipsi
3067 1709 3183 1764 sine
3210 1719 3426 1778 peccato
3454 1720 3598 1765 sunt.
3639 1711 3762 1766 Me-

2167 1787 2273 1842 rito
2310 1789 2505 1846 dicitur
2542 1793 2763 1865 principi
2793 1796 2948 1867 Tyri,
2991 1796 3258 1869 Numquid
3293 1809 3346 1852 tu
3387 1801 3563 1854 melior
3601 1817 3764 1862 quam

2167 1877 2394 1936 Daniel?
2414 1883 2550 1939 Ecce
2573 1901 2669 1940 nos
2690 1902 2970 1956 possumus
2986 1888 3224 1944 invenire
3239 1890 3433 1960 aliquid
3455 1894 3759 1962 proprium,

2165 1983 2221 2028 et
2245 1973 2348 2029 hoc
2374 1977 2571 2031 malum
2599 1979 2889 2034 maximum
2917 1995 2946 2033 a
2973 1981 3144 2050 capite
3170 1980 3381 2047 Africae,
3413 1983 3465 2036 id
3489 1992 3593 2048 est,
3622 1985 3760 2039 Car-

2167 2061 2381 2134 thagine
2409 2075 2675 2121 exortum.
2706 2068 2912 2122 Norunt
2948 2071 3089 2124 enim
3138 2070 3382 2126 homines
3421 2088 3579 2142 quam
3622 2089 3759 2129 con-

2167 2164 2418 2225 gruenter
2438 2156 2608 2228 Tyrus
2627 2173 2723 2227 pro
2739 2157 3056 2230 Carthagine
3077 2162 3352 2230 accipitur.
3373 2171 3426 2217 et
3448 2172 3624 2217 tamen
3648 2179 3759 2220 non

2167 2245 2372 2315 agimus
2396 2247 2623 2314 talibus;
2655 2248 2897 2304 fortassis
2924 2252 3067 2305 enim
3099 2252 3292 2321 aliquid
3320 2253 3462 2307 aliud
3491 2254 3760 2324 significet

2167 2337 2341 2410 Tyrus
2371 2357 2384 2394 :
2413 2349 2609 2410 quanto
2636 2343 2805 2413 magis
2831 2343 3101 2411 meridies,
3129 2359 3251 2398 cum
3281 2355 3332 2400 et
3361 2345 3471 2415 ipsa
3501 2348 3662 2402 verba
3688 2347 3760 2402 ad

2166 2429 2327 2484 alium
2357 2441 2548 2501 cogant
2581 2433 2946 2489 intellectum?

2238 2523 2328 2578 45.
2369 2523 2475 2579 Sed
2503 2540 2662 2596 quam
2684 2527 2702 2558 ί
2733 2542 2839 2581 non
2868 2528 3242 2598 permittantur
3281 2530 3468 2585 saltem
3510 2546 3761 2601 qucercre

2161 2610 2362 2685 aliquid
2392 2632 2498 2686 quo
2537 2617 2768 2698 probent
2799 2635 2919 2676 esse
2959 2621 3298 2690 praedictum,
3326 2623 3700 2680 deficientibus
3727 2640 3759 2680 a

2170 2703 2274 2759 fide
2299 2704 2585 2763 christiana
2614 2710 2821 2764 caeteris
2851 2712 3114 2780 gentibus,
3146 2712 3197 2766 in
3226 2713 3335 2768 sola
3364 2713 3536 2768 Africa
3566 2714 3762 2770 Eccle-

2168 2798 2301 2852 siam
2332 2815 2699 2856 remansuram
2729 2821 2743 2857 :
2775 2803 3052 2859 attendant
3079 2805 3204 2860 illud
3243 2806 3382 2876 quod
3418 2822 3562 2877 saepe
3598 2823 3761 2863 com-

2170 2891 2498 2958 memoravi,
2531 2902 2754 2962 utraque
2790 2909 3031 2950 crescere
3075 2911 3242 2967 usque
3283 2897 3348 2950 ad
3393 2912 3662 2963 messem,
3703 2911 3764 2955 ct

2168 2994 2352 3049 agrum
2392 2996 2511 3036 esse
2549 2984 2834 3051 mundum,
2867 3001 3096 3040 messem
3137 2989 3295 3042 linem
3326 2989 3503 3043 saeculi
3533 2989 3760 3059 (Matth.

2171 3087 2297 3138 xm,
2327 3072 2416 3138 '50,
2446 3073 2535 3140 58,
2567 3074 2660 3146 39)
2679 3117 2694 3140 ,
2726 3090 2831 3130 non
2863 3077 3044 3145 nobis,
3075 3079 3168 3133 sed
3197 3080 3313 3148 ipso
3339 3081 3562 3134 Domino
3589 3065 3766 3137 inter-

2171 3175 2414 3233 pretante
2446 3167 2746 3236 parabolam
2778 3185 2947 3223 suam.
2997 3172 3089 3226 Est
3134 3180 3188 3227 et
3227 3174 3367 3228 aliud
3410 3176 3763 3232 evidentissi-

2170 3271 2346 3321 mum,
2386 3258 2530 3326 quod
2568 3259 2646 3314 eis
2692 3261 2911 3315 omnino
2957 3261 3162 3318 auferat
3207 3264 3438 3319 laborem
3478 3267 3765 3336 qumrendi

2171 3349 2310 3403 unde
2333 3350 2560 3419 probent
2580 3351 2872 3406 Ecclesiam
2897 3354 3095 3408 mundo
3116 3356 3324 3423 perdito
3345 3357 3409 3410 ad
3432 3357 3576 3411 Solos
3596 3357 3766 3413 Afros

2170 3439 2461 3497 redactam.
2493 3441 2675 3496 Potest
2701 3443 2842 3498 enim
2873 3444 3070 3514 aliquid
3099 3460 3218 3500 esse
3237 3487 3250 3510 ,
3279 3454 3463 3500 etnon
3493 3447 3763 3503 inveniri:

2171 3545 2276 3584 non
2304 3546 2422 3586 esse
2447 3542 2647 3598 autem,
2676 3543 2730 3588 et
2755 3534 3001 3601 inveniri,
3031 3551 3134 3589 non
3166 3546 3358 3606 potest.
3390 3537 3645 3593 Desinant
3669 3553 3767 3595 er-

2171 3641 2237 3696 go
2276 3641 2519 3696 quaerere
2561 3627 2704 3697 quod
2742 3627 2980 3684 invenire
3018 3645 3123 3683 non
3169 3639 3445 3700 poterunt,
3489 3647 3595 3686 non
3634 3634 3767 3703 quia

2172 3715 2436 3770 occultum
2459 3724 2561 3781 est,
2585 3717 2678 3771 sed
2703 3719 2824 3787 quia
2851 3733 2954 3771 non
2979 3727 3078 3773 est.
3108 3719 3243 3773 Sunt
3262 3721 3405 3775 enim
3427 3721 3602 3776 adhuc
3623 3738 3770 3776 non-

2175 3805 2333 3860 nulla:
2356 3817 2544 3877 gentes
2570 3807 2620 3860 in
2649 3808 2840 3877 quibus
2866 3809 3098 3863 nondum
3132 3820 3212 3864 est
3239 3811 3580 3881 Evangelium
3615 3828 3771 3882 pra:-

2174 3895 2440 3962 dicatum;
2471 3912 2691 3952 necesse
2728 3906 2810 3952 est
2851 3907 3028 3953 autem
3066 3900 3271 3970 impleri
3314 3902 3490 3956 omnia
3533 3917 3655 3971 qua:
3699 3904 3772 3958 de

2174 3984 2386 4040 Christo
2410 3995 2464 4040 et.
2488 3986 2724 4041 Ecclesia
2758 3988 3006 4057 przcdicta
3036 4000 3160 4044 sunt
3186 4009 3199 4044 :
3229 4001 3437 4062 oportet
3473 4007 3602 4063 ergo
3629 4003 3688 4048 ct
3715 3995 3771 4049 in

2175 4076 2254 4131 eis
2284 4076 2557 4146 praedicari
2583 4079 2625 4131 ’.

2247 4169 2470 4225 CAPUT
2509 4170 2646 4224 XVII
2672 4169 2770 4242 (a).
2791 4171 3146 4238 —Quomodo
3171 4189 3297 4245 ergo
3324 4175 3407 4228 isti
3431 4175 3615 4230 dicunt
3647 4177 3772 4246 jam

2176 4277 2295 4317 esse
2310 4263 2633 4332 completum
2655 4265 2794 4333 quod
2820 4265 3072 4320 Dominus
3090 4267 3180 4331 ait,
3206 4269 3472 4336 praedicari
3492 4270 3541 4322 in
3560 4273 3776 4326 nomine

2177 4357 2286 4427 ejus
2324 4357 2660 4426 paenitentiam
2695 4367 2742 4410 et
2777 4358 3117 4412 remissionem
3152 4370 3470 4430 peccatorum
3509 4362 3562 4415 in
3590 4380 3773 4417 onmes

2176 4457 2365 4517 gentes,
2391 4448 2739 4518 incipientibus
2762 4448 2823 4501 ab
2847 4448 3130 4503 Jerusalem
3158 4450 3303 4520 (Luc.
3332 4467 3481 4518 xxtv,
3511 4453 3605 4523 47)
3631 4472 3644 4508 :
3668 4455 3772 4509 sed

2178 4545 2361 4607 postea
2387 4539 2596 4593 creteris
2630 4538 3032 4606 deficientibus,
3075 4541 3241 4595 solam
3281 4541 3490 4597 Christo
3528 4542 3772 4597 Africam

2178 4627 2534 4691 remansisse;
2565 4643 2687 4681 cum
2730 4628 2902 4682 adlmc
2950 4629 3075 4683 illud
3125 4630 3449 4699 implendum
3487 4633 3592 4698 sit,
3625 4648 3774 4687 non-

2180 4716 2305 4770 dum
2334 4716 2606 4786 impletum
2635 4717 2740 4770 sit?
2769 4717 2902 4771 Cum
2933 4728 3111 4774 autem
3152 4720 3423 4788 impletum
3457 4719 3649 4784 fuerit,
3677 4738 3775 4777 ve-

2181 4807 2292 4861 niet
2319 4807 2458 4861 linis.
2486 4806 2573 4862 Sic
2599 4807 2740 4861 enim
2773 4809 3028 4864 Dominus
3052 4811 3126 4862 ait
3155 4829 3166 4863 :
3199 4810 3264 4863 Et
3290 4812 3647 4879 prtedicabitur
3675 4814 3775 4866 hoc

2188 4897 2512 4968 Evangelium
2536 4899 2676 4968 regni
2700 4899 2751 4951 in
2778 4899 3005 4952 universo
3035 4901 3178 4965 orbe,
3208 4901 3259 4954 in
3295 4903 3629 4956 testimonium
3660 4889 3794 4956 ain--

2182 4991 2328 5044 nibus
2365 4988 2631 5060 gentibus;
2659 4997 2705 5043 et
2737 4998 2855 5042 tunc
2883 4989 3043 5042 veniet
3071 4991 3188 5057 finis
3227 4989 3439 5060 (Matth.
3475 5007 3624 5059 χιιι,
3657 4994 3772 5064 Η).

2183 5080 2461 5148 Quomodo
2495 5095 2650 5150 ergo,
2695 5095 2814 5134 cum
2856 5080 3140 5149 adimpleta
3185 5089 3332 5136 esset
3369 5082 3499 5137 fides
3530 5085 3774 5139 omnium

2183 5174 2447 5244 gentium,
2481 5182 2604 5226 tunc
2639 5173 2866 5242 perditio
2894 5175 3128 5244 gentium
3157 5184 3377 5244 excepta
3401 5175 3576 5230 Africa
3597 5216 3613 5240 ,
3643 5191 3776 5231 con-

2185 5273 2364 5319 secuta
2393 5263 2510 5318 est?
2550 5263 2986 5334 Quandoquidem
3029 5266 3141 5335 ipsa
3185 5266 3316 5322 fides
3358 5267 3595 5322 omnium
3641 5285 3777 5339 gen-

2187 5356 2316 5408 tium
2344 5355 2577 5408 nondum
2608 5354 2892 5424 adimpleta
2921 5364 3021 5411 est.

2256 5446 2344 5500 44.
2367 5445 2473 5498 Nisi
2495 5445 2627 5499 forte
2641 5446 2740 5499 hoc
2754 5446 3202 5500 restathominnm
3227 5448 3464 5513 insanire,
3490 5459 3547 5505 ιιι
3568 5451 3774 5516 dicant,

2188 5553 2292 5592 non
2323 5552 2387 5592 cx
2417 5536 2520 5590 illis
2564 5536 2836 5601 Ecclesiis,
2861 5553 2978 5606 quze
3005 5537 3234 5592 fundata:
3251 5549 3372 5592 sunt
3392 5556 3484 5608 per
3497 5542 3778 5610 Aposmlo-

2254 5673 2270 5702 ¹
2290 5671 2434 5734 Fditi,
2445 5671 2530 5734 sed
2545 5670 3060 5734 quamvisconcinnius
3069 5672 3382 5722 Floriacensis
3394 5680 3497 5730 ste"
3513 5674 3600 5725 scd
3612 5688 3728 5730 mea:
3738 5689 3774 5724 ι.

2247 5735 2267 5763 ²
2282 5740 2403 5800 Post.
2420 5732 2467 5782 in
2483 5732 2551 5782 eis
2559 5732 2847 5800 pragtlicari,
2862 5735 3102 5800 addebant
3116 5736 3249 5800 editi,
3263 5737 3388 5796 quod
3405 5749 3514 5784 cum
3527 5735 3775 5800 impletum

2185 5794 2330 5857 fuerit
2345 5832 2356 5847 .
2384 5801 2494 5858 tunc
2516 5793 2606 5843 erit
2629 5793 2771 5858 linis;
2791 5808 2900 5858 qia:
2923 5798 3068 5845 verba
3091 5797 3183 5847 hoc
3206 5793 3307 5846 loco
3325 5799 3504 5849 absunt
3525 5811 3553 5848 a
3574 5793 3680 5849 iis.

2253 5858 2325 5918 (a)
2360 5855 2495 5915 Olim,
2520 5855 2633 5919 cap.
2659 5857 2726 5905 ιδ.
