3998 6484
591 425 694 482 ιετ

590 577 725 634 quos
753 560 902 619 vivos
932 570 1068 616 terra
1098 558 1336 624 sorbuit,
1368 569 1679 627 comparare
1708 571 1811 610 non
1842 555 2052 611 dubitet
2077 595 2091 618 ,
2121 564 2176 610 et

589 657 668 710 eis
691 668 876 709 rursus
901 668 1020 708 cum
1051 650 1316 718 voluerit,
1350 649 1402 703 iu
1443 647 1632 703 eodem
1676 649 1880 704 honore
1910 647 2176 716 susceptis

595 745 976 809 communicat,
1005 751 1264 798 etsancta
1309 750 1468 812 atque
1510 742 1711 812 integra
1759 741 2096 811 perseverat!
2127 739 2174 795 Ο

589 840 769 910 regula
807 837 942 908 juris
985 834 1288 891 Numidici!
1317 849 1350 889 ο
1392 834 1661 904 privilegia
1699 833 1989 904 Vagaitana
2021 833 2074 886 ιι
2107 832 2174 887 Ει

591 931 896 1002 Baptismus
920 929 1114 986 Christi
1139 927 1450 984 exsufflatnr
1475 928 1528 980 in
1557 928 1634 982 eis
1654 927 1744 997 qui
1770 942 1890 980 eum
1911 927 1962 980 in
1987 925 2174 980 Eccle-

585 1023 679 1079 siis
707 1022 1013 1092 apostolicis
1059 1025 1412 1091 perceperunt
1453 1036 1465 1071 :
1511 1017 1563 1072 in
1592 1017 1670 1073 eis
1700 1025 1876 1072 autem
1905 1030 2038 1087 quos
2073 1016 2170 1069 da-

587 1115 746 1168 mnati
772 1112 1006 1184 sacrilegi
1025 1155 1038 1179 ,
1068 1113 1207 1168 sicut
1233 1113 1284 1166 in
1331 1110 1617 1180 Bagaitano
1657 1109 1886 1164 concilio
1913 1109 2170 1178 scriptum

581 1216 664 1261 est
688 1247 702 1270 ,
736 1206 1088 1261 Praetextatus
1115 1212 1170 1260 et
1195 1203 1494 1259 Felieianus
1525 1201 1928 1272 baptizaverunt
1949 1241 1964 1268 ,
1997 1199 2172 1269 parci-

581 1307 668 1354 tur
689 1299 962 1368 Baptismo
982 1297 1212 1362 Christi;
1242 1311 1345 1350 non
1370 1296 1491 1365 quia
1521 1295 1821 1366 Baptismus
1846 1293 2043 1349 Christi
2065 1300 2167 1358 est,

581 1390 676 1446 sed
707 1390 828 1460 quia
859 1405 954 1459 per
979 1403 1072 1444 eos
1109 1388 1264 1444 datus
1290 1396 1404 1449 est.
1434 1387 1522 1457 qui
1559 1402 1589 1440 a
1631 1387 1742 1442 suis
1770 1384 2170 1440 damnatoribus

583 1483 819 1552 episcopi
850 1484 870 1514 ⁸
897 1481 1169 1547 recedere,
1196 1489 1250 1536 et
1290 1479 1356 1534 ad
1399 1494 1524 1534 suos
1567 1478 1908 1533 damnatores
1934 1474 2170 1547 episcopi

582 1574 763 1630 redire
789 1580 1097 1628 meruerunt
1125 1570 1222 1644 (a).

649 1669 739 1722 47.
779 1666 981 1736 Nempe
1008 1665 1123 1719 hare
1147 1663 1355 1728 omnia,
1383 1678 1502 1732 quae
1523 1661 1633 1732 jam
1660 1661 1750 1716 diu
1777 1675 2164 1725 commemoro,

577 1757 843 1829 regalibus
869 1756 1075 1822 litteris,
1107 1764 1161 1810 et
1187 1753 1558 1810 ecclesiasticis
1583 1761 1638 1807 et
1675 1751 2086 1822 municipalibus
2113 1759 2168 1805 et

579 1845 1046 1918 proconsularibus
1089 1845 1266 1900 Gestis
1312 1844 1447 1897 facta
1501 1843 1788 1897 recitamus
1831 1859 1844 1895 :
1891 1850 2103 1904 tamen,
2133 1855 2167 1895 ο

579 1939 886 2004 Donatistae,
918 1937 965 1991 si
995 1951 1089 1991 vos
1116 1935 1370 1990 teneretis
1398 1933 1690 1988 Ecclesium
1721 1939 1832 1986 toto
1858 1933 1988 1986 orbe
2013 1930 2167 1986 diffu-

577 2046 691 2085 sam
713 2072 728 2096 ,
760 2044 876 2100 quae
902 2026 1346 2082 manifestissimis
1371 2023 1745 2080 canonicarum
1774 2023 2163 2093 Scripturarnm

579 2119 895 2176 testimoniis
935 2118 1208 2188 designata
1235 2125 1290 2172 et
1315 2130 1568 2186 expressa
1597 2123 1716 2179 est,
1749 2114 1881 2169 nihil
1910 2114 2168 2170 adversus

575 2227 674 2268 vos
697 2211 874 2267 omnia
914 2211 1012 2265 ista
1050 2210 1230 2265 valere
1273 2208 1534 2264 deberent
1578 2223 1592 2261 :
1642 2209 1765 2278 quia
1813 2223 1985 2277 neque
2015 2205 2165 2262 vobis

576 2303 742 2374 paleae
772 2301 992 2357 crimina
1042 2299 1482 2371 praejudicarent,
1513 2299 1557 2354 si
1597 2313 1694 2353 vos
1739 2299 1791 2353 in
1837 2313 1899 2354 ea
1930 2298 2162 2354 triticum

579 2393 800 2458 essetis;
831 2407 931 2448 nec
956 2393 1000 2447 si
1027 2406 1122 2447 vos
1151 2391 1340 2446 essetis
1369 2389 1538 2459 palea,
1572 2398 1626 2444 et
1653 2397 1826 2443 vestra
1853 2397 2032 2444 essent
2055 2389 2164 2444 cri-

575 2485 740 2551 mina,
765 2483 939 2539 tritico
964 2482 1248 2556 dominicae
1273 2482 1467 2551 segetis
1497 2481 1693 2551 aliquid
1723 2481 2160 2550 priejudicaretis,

573 2574 714 2646 quod
740 2576 811 2629 ita
840 2575 894 2630 in
921 2587 1048 2645 agro
1091 2573 1303 2628 Domini
1345 2572 1664 2628 seminatum
1709 2581 1826 2637 est,
1861 2580 1916 2626 ut
1957 2579 2165 2627 crescat

575 2683 744 2740 usque
768 2668 835 2724 ad
863 2683 1127 2733 messem;
1154 2666 1208 2724 id
1235 2675 1337 2733 est,
1365 2665 1505 2735 quod
1533 2667 1604 2721 ita
1633 2666 1688 2721 in
1716 2664 1916 2720 mundo
1935 2667 2164 2720 semina-

574 2771 686 2814 tnm
713 2767 816 2825 est,
849 2768 905 2814 ut
935 2766 1146 2814 crescat
1189 2774 1358 2828 usque
1404 2758 1455 2812 in
1502 2757 1662 2812 linem
1693 2757 1892 2813 saeculi.
1934 2757 2011 2812 Eo
2035 2773 2163 2830 ergo

574 2848 732 2903 modo
757 2850 803 2904 si
831 2849 986 2916 forte,
1018 2846 1160 2918 quod
1185 2848 1362 2903 adhuc
1392 2848 1545 2904 nobis
1569 2863 1840 2917 nunquam
1873 2848 2158 2918 probastis,

572 2942 830 2998 adversus
861 2942 1065 3011 paleam
1097 2948 1332 3019 nostram
1360 2940 1482 2994 talia
1515 2940 1831 2995 documenta
1860 2940 2118 3010 gereretis
2139 2981 2155 3006 ,

575 3047 674 3088 nos
697 3043 874 3088 autem
917 3031 1176 3087 adversus
1215 3046 1312 3086 vos
1341 3039 1484 3086 tanta
1517 3031 1615 3085 ista
1639 3071 1655 3095 ,
1687 3047 1804 3100 quae
1835 3045 2161 3086 commemo-

573 3125 688 3179 ravi
712 3165 730 3193 ,
757 3139 862 3178 non
891 3123 1211 3178 haberemus
1241 3140 1255 3176 :
1288 3125 1447 3178 etiam
1489 3122 1565 3176 sic
1595 3122 1723 3176 nihil
1753 3121 2031 3177 frumentis
2062 3137 2161 3176 no-

571 3216 697 3270 stris
721 3223 830 3270 toto
859 3213 991 3270 orbe
1017 3212 1222 3268 dill‘usis
1263 3213 1484 3268 omnino
1509 3211 1881 3282 prtejudicaret
1907 3212 2160 3282 quidquid

575 3309 625 3362 in
654 3323 838 3364 eorum
870 3307 1096 3376 paleam,
1125 3304 1369 3376 quamvis
1398 3304 1757 3371 verissimum,
1785 3305 2025 3373 quamvis
2050 3320 2161 3358 ma-

574 3397 979 3452 nifestissimum
1011 3437 1026 3462 ,
1095 3396 1339 3466 quamvis
1395 3395 1826 3464 probatissimum
1890 3395 2156 3449 diceretis.

582 3487 813 3544 Proinde
838 3497 1212 3541 removeantur
1231 3502 1416 3541 omnes
1444 3486 1744 3540 moratorize
1771 3487 2161 3556 tergiversatio-

579 3593 697 3634 ttes.
730 3575 996 3646 Quidquid
1013 3575 1081 3631 de
1103 3576 1332 3646 peccatis
1357 3575 1632 3630 hominum
1669 3574 1859 3629 falsum
1883 3576 2156 3646 objicitnr,

573 3672 924 3729 conveniatur
967 3671 1406 3735 eonseientia,et
1474 3685 1578 3723 non
1647 3669 1946 3738 objiciatur.
1998 3670 2161 3737 Quid-

573 3765 699 3836 quid
742 3763 813 3820 de
855 3763 1088 3834 peccatis
1134 3761 1408 3818 hominum
1458 3763 1616 3817 etiam
1668 3779 1848 3817 verum
1889 3764 2154 3833 objicitnr,

575 3868 630 3916 ct
655 3858 736 3914 vel
764 3855 978 3927 probari
1023 3870 1129 3910 non
1161 3864 1376 3925 potest,
1406 3855 1489 3909 vel
1532 3870 1653 3910 cum
1694 3855 1877 3910 debuit
1907 3856 2114 3925 probari
2140 3899 2156 3922 ,

573 3967 680 4007 non
708 3949 878 4021 potuit
901 3991 916 4016 ,
947 3963 1050 4004 non
1079 3948 1380 4018 objiciatur.
1410 3949 1675 4019 Quidquid
1703 3949 1770 4005 de
1801 3951 2032 4019 peccatis
2059 3950 2159 4005 ho-

573 4045 774 4102 minum
805 4051 859 4098 et
885 4057 1070 4097 verum
1115 4051 1170 4096 et
1214 4041 1492 4110 probatum
1535 4041 1783 4112 ohjicitur
1807 4085 1820 4107 ,
1855 4057 1953 4098 nec
1983 4053 2158 4098 tamen

571 4135 639 4190 ad
671 4135 935 4190 frumenta
961 4149 1078 4204 quae
1121 4133 1258 4188 inter
1286 4133 1491 4203 paleam
1536 4133 1704 4189 latent
1728 4176 1742 4200 ,
1771 4134 1866 4189 sed
1896 4135 1962 4189 ad
1990 4135 2156 4204 ipsam

572 4227 778 4296 paleam
803 4267 818 4292 ,
841 4241 962 4297 qua:
987 4226 1041 4281 in
1072 4226 1174 4279 line
1199 4224 1534 4294 separabitur
1556 4266 1570 4288 ,
1598 4225 1826 4295 pertinet
1850 4267 1864 4290 ,
1895 4242 1998 4279 non
2026 4226 2160 4296 obji-

571 4317 761 4372 ciatur.
786 4317 914 4372 Haec
929 4316 1068 4371 enim
1089 4325 1145 4370 et
1166 4329 1263 4369 nos
1284 4314 1452 4368 multo
1473 4315 1739 4383 c0piosius
1760 4325 1811 4370 et
1834 4315 2159 4384 probabilius

571 4407 804 4478 obiicere
829 4419 1112 4476 possumus
1135 4445 1150 4472 ,
1179 4419 1289 4458 non
1317 4420 1381 4460 ea
1425 4405 1681 4461 inanitate
1725 4420 1828 4476 qua
1873 4407 1949 4461 illi
1975 4447 1991 4473 ,
2025 4416 2082 4461 ut
2107 4408 2173 4463 in.

576 4497 656 4552 eis
675 4511 888 4550 causam
913 4504 1151 4550 nostram
1173 4495 1561 4551 constituamus
1586 4514 1598 4549 :
1623 4497 1717 4552 sed
1761 4503 1819 4551 ut
1859 4497 1938 4553 eis
1981 4505 2162 4552 osten-

572 4589 760 4645 damus
788 4630 802 4652 ,
831 4602 937 4641 non
969 4586 1088 4641 ideo
1130 4600 1230 4640 nos
1261 4589 1400 4640 nolle
1443 4590 1636 4641 talibus
1666 4589 1830 4641 ﬁdere
1853 4629 1868 4652 ,
1900 4591 2020 4656 quia
2053 4607 2158 4647 non

572 4680 873 4737 invenimus
900 4678 1021 4732 talia
1064 4691 1185 4747 qua:
1211 4676 1453 4732 dicamus
1477 4718 1492 4741 ,
1525 4677 1618 4733 sed
1663 4693 1729 4732 ne
1759 4687 1969 4747 tempus
2001 4679 2159 4734 rebus

578 4769 896 4826 necessariis
925 4769 1088 4833 utile,
1134 4768 1185 4822 in
1234 4767 1392 4824 rebus
1440 4784 1544 4823 non
1576 4770 1889 4824 necessariis
1918 4781 2161 4825 contera-

575 4877 714 4918 mus.
739 4861 890 4930 Quod
912 4870 1190 4932 pr0pterea
1216 4861 1289 4916 illi
1316 4862 1534 4927 faciunt,
1554 4861 1676 4931 quia
1700 4861 1915 4916 robusta
1932 4871 1987 4916 et
2007 4862 2158 4916 ﬁrma

570 4956 794 5012 veritate
841 4954 1064 5010 subnixa
1109 4953 1463 5020 documenta,
1517 4953 1708 5022 quibus
1749 4967 1962 5007 causam
2007 4968 2158 5010 suam

575 5057 826 5106 tueantur
847 5089 862 5116 ,
895 5047 1131 5102 invenire
1159 5063 1264 5108 non
1293 5055 1546 5116 possunt;
1577 5053 1631 5100 et
1656 5045 1843 5099 volunt
1868 5044 2035 5101 videri
2061 5046 2160 5100 ali-

575 5139 701 5212 quid
729 5139 909 5201 dicere
928 5179 942 5204 ,
977 5137 1103 5191 dum
1135 5145 1310 5192 tacere
1348 5137 1665 5190 erubescunt
1690 5176 1704 5198 ,
1733 5143 1786 5189 et
1814 5135 1988 5190 inania
2016 5135 2159 5205 loqui

581 5248 686 5286 non
725 5230 1070 5286 erubescunt.
1099 5229 1337 5284 Remotis
1375 5241 1502 5297 ergo
1548 5227 1794 5283 omnibus
1831 5229 2023 5284 talibus
2059 5229 2161 5284 Ec-

579 5323 792 5378 clesiam
827 5336 978 5376 suam
1021 5319 1419 5386 demonstrent,
1447 5317 1492 5374 si
1536 5328 1794 5388 possunt,
1825 5336 1930 5374 non
1967 5322 2018 5375 in
2047 5335 2162 5375 ser-

577 5414 824 5468 monibus
852 5421 906 5469 et
927 5413 1229 5468 rumoribus
1257 5409 1531 5478 Afrorum,
1565 5428 1668 5467 non
1696 5413 1746 5467 in
1774 5415 2014 5469 conciliis
2043 5415 2176 5484 epi-

578 5521 861 5577 scopornm
889 5520 1126 5570 suorum,
1156 5518 1262 5557 non
1293 5503 1343 5556 in
1375 5503 1565 5558 litteris
1593 5504 1954 5574 quorumlibet
1980 5504 2161 5573 dispu-

576 5607 807 5654 tatorum
833 5639 849 5666 ,
881 5613 982 5651 non
1028 5597 1078 5650 in
1110 5597 1275 5668 signis
1312 5605 1368 5652 et
1415 5595 1666 5666 prodigiis
1692 5595 1968 5654 fallacibus
1991 5638 2004 5664 ,
2038 5598 2159 5668 quia

641 5691 659 5720 ι
693 5694 800 5750 Pro,
827 5684 1104 5750 Bagaitagta.

639 5751 661 5812 ξ
693 5746 1408 5812 sicum.':etfloriacensis_Ms.
1435 5753 1490 5797 At
1525 5753 1599 5795 Er.
1628 5754 1713 5812 et
1735 5754 1866 5807 ιρι,
1893 5747 2157 5812 episcopis.

637 5809 715 5874 (a)_
736 5809 852 5858 vide
874 5808 957 5858 lib.
983 5811 1015 5858 3
1042 5817 1207 5874 contra
1239 5810 1719 5874 EpistL‘Partneniani
1738 5848 1750 5872 ,
1778 5823 1860 5860 nn.
1886 5808 1963 5874 ΕΠ,
1993 5808 2081 5873 22';
2109 5820 2160 5862 ct

575 5870 662 5922 hb'.
690 5870 722 5921 ι
742 5878 909 5922 contra
927 5871 1248 5931 cresconium,
1284 5884 1332 5918 n.
1359 5870 1437 5918 52.

1657 421 1929 479 CONTRA
1970 418 2393 478 DONATISTAS
2431 419 2756 480 EPISTULA
2769 466 2782 492 ,
2938 448 2945 455 ·
3727 450 3810 512 133

2283 552 2443 608 etiam
2473 565 2658 611 contra
2699 557 2797 612 ista
2841 556 3007 613 verbo
3054 557 3260 614 Domini
3309 571 3572 637 prteparati
3610 587 3658 633 et
3691 586 3811 640 cauti

2282 645 2473 701 redditi
2494 661 2677 704 sumus
2702 665 2716 703 :
2747 649 2841 706 sed
2866 650 2918 704 in
2950 651 3260 722 praescripto
3283 653 3454 726 Legis,
3481 660 3531 716 in
3555 663 3809 738 Propheta-

2281 754 2399 795 rum
2421 741 2706 812 prardictis,
2731 742 2784 797 in
2806 743 3139 799 Psalmorum
3164 747 3419 816 cantibus,
3441 753 3488 808 in
3511 755 3660 826 ipsius
3679 767 3806 822 unius

2281 830 2520 888 Pastoris
2547 833 2766 889 vocibus
2787 875 2800 899 ,
2833 834 2886 888 in
2914 833 3368 907 Evangelistarum
3398 845 3805 912 praedicationibus

2278 930 2334 977 et
2353 923 2645 991 laboribus,
2665 924 2769 979 hoc
2791 934 2894 992 est,
2922 925 2973 979 in
2995 927 3242 982 omnibus
3261 934 3524 991 canonicis
3543 949 3801 998 sanctorum

2279 1013 2556 1071 Librorum
2583 1016 3008 1072 auctoritatibus.
3057 1017 3166 1074 Nec
3196 1019 3265 1073 ita
3287 1061 3302 1086 ,
3329 1031 3386 1077 ut
3426 1039 3486 1079 ea
3527 1029 3745 1100 colligant
3763 1045 3804 1088 et

2277 1118 2722 1176 commemorent,
2753 1125 2870 1180 qua:
2898 1110 3128 1167 obscure
3155 1112 3237 1166 vel
3267 1113 3507 1187 ambigue
3524 1120 3602 1174 vel
3623 1119 3802 1192 ﬁgurate

2276 1200 2416 1254 dicta
2444 1209 2588 1268 sunt,
2621 1217 2740 1273 qua:
2771 1203 2994 1274 quisque
3023 1202 3162 1258 sicut
3189 1204 3450 1274 voluerit,
3478 1209 3802 1282 interpretetur

2277 1292 2570 1348 secundum
2599 1308 2816 1348 sensum
2861 1309 3038 1350 suum.
3084 1295 3230 1350 Talia
3275 1297 3416 1352 enim
3455 1309 3589 1356 recte
3623 1303 3815 1375 intelligi.

2275 1388 2572 1457 exponique
2589 1401 2693 1440 non
2717 1395 2957 1457 possunt,
2978 1388 3076 1442 nisi
3106 1389 3252 1459 prius
3279 1404 3360 1456 ea,
3383 1407 3497 1462 qua:
3517 1396 3801 1465 apertissime

2274 1475 2412 1532 dicta
2437 1487 2582 1544 sunt,
2615 1477 2765 1532 ﬁrma
2793 1478 2898 1533 ﬁde
2927 1488 3232 1534 teneantur.

2343 1571 2432 1626 48.
2456 1570 2703 1642 Quisquis
2723 1587 2849 1642 ergo
2865 1570 2990 1626 huic
3014 1572 3266 1642 Epistolrc
3288 1575 3600 1644 respondere
3622 1591 3672 1633 se
3691 1595 3800 1649 prm-

2275 1672 2449 1732 parat,
2482 1672 2606 1717 ante
2635 1661 2912 1728 denuntio,
2939 1673 3006 1718 ne
3035 1662 3162 1717 mihi
3203 1663 3345 1720 dicat
3373 1683 3384 1718 :
3415 1665 3489 1718 llli
3516 1666 3702 1724 codices
3722 1668 3800 1724 do-

2274 1753 2498 1808 minicos
2529 1753 2736 1824 ignibus
2777 1753 3142 1821 tradiderunt,
3179 1755 3252 1809 illi
3296 1755 3582 1811 simulacris
3607 1758 3799 1828 gentium

2271 1845 2724 1911 sacriﬁcaverunt,
2751 1845 2822 1898 illi
2851 1844 3003 1898 nobis
3027 1844 3412 1914 iniquissimam
3433 1848 3798 1916 persecutionem

2273 1937 2541 2004 fecerunt;
2573 1947 2626 1993 et
2647 1952 2740 1991 vos
2768 1937 2846 1993 eis
2873 1938 2925 1992 in
2953 1937 3202 1992 omnibus
3225 1939 3580 1994 consensistis.
3606 1939 3801 1995 Breviter

2270 2031 2413 2085 enim
2442 2027 2764 2099 respondeo,
2805 2027 2946 2098 quod
2973 2043 3112 2098 saepe
3143 2029 3390 2099 respondi
3421 2047 3434 2083 :
3470 2029 3571 2084 Aut
3595 2029 3711 2085 falsa
3733 2030 3801 2086 di-

2269 2120 2418 2186 citis;
2442 2127 2533 2174 aut
2551 2120 2595 2174 si
2626 2133 2748 2174 vera
2778 2129 2938 2185 sunt,
2967 2134 3071 2174 non
3102 2119 3167 2174 ad
3208 2119 3470 2175 frumenta
3505 2120 3700 2186 Christi,
3726 2119 3800 2175 sed

2271 2211 2337 2267 ad
2365 2227 2553 2268 eorum
2583 2211 2792 2282 paleam
2825 2210 3088 2281 pertinent
3111 2211 3211 2265 ista
3239 2227 3357 2282 qua:
3377 2211 3563 2267 dicitis.
3585 2209 3685 2266 Non
3705 2210 3801 2266 inde

2270 2303 2409 2375 perit
2439 2303 2698 2370 Ecclesia,
2725 2318 2842 2374 qua:
2865 2302 3051 2358 ultimo
3071 2302 3275 2371 judicio
3293 2303 3539 2359 ventilata
3559 2304 3595 2369 ³,
3617 2303 3799 2358 istorum

2269 2395 2507 2450 omnium
2532 2395 2866 2466 separatione
2885 2394 3216 2465 purgabitur.
3244 2395 3356 2466 Ego
3374 2395 3536 2466 ipsam
3553 2393 3798 2450 Ecclesiam

2268 2486 2502 2557 requiro,
2528 2485 2617 2540 ubi
2647 2485 2735 2552 sit,
2754 2500 2872 2556 qua:
2892 2483 3156 2540 audiendo
3175 2485 3337 2541 verba
3357 2486 3546 2542 Christi
3569 2494 3618 2540 et
3639 2486 3801 2540 facien-

2269 2576 2340 2632 do
2365 2577 2593 2633 mdiﬁcat
2617 2591 2778 2646 super
2804 2585 3005 2646 petram
3032 2590 3049 2642 ;
3072 2584 3126 2630 et
3146 2575 3412 2632 audiendo
3433 2585 3484 2631 et
3509 2575 3721 2631 faciendo
3739 2582 3800 2629 to-

2269 2671 2403 2725 lerat
2428 2685 2541 2735 eos,
2575 2669 2665 2740 qui
2702 2668 2965 2724 audiendo
2993 2678 3046 2724 et
3072 2684 3177 2724 non
3207 2668 3449 2724 faciendo
3475 2668 3710 2725 :ediﬁc'int
3729 2681 3797 2720 su-

2268 2778 2364 2832 per
2389 2776 2602 2816 arenam
2627 2759 2838 2834 (Matth.
2862 2777 2953 2827 vn,
2977 2760 3192 2830 24-27):
3221 2761 3310 2816 ubi
3339 2761 3406 2816 sit
3431 2760 3666 2824 triticum,
3687 2755 3798 2828 quod

2268 2853 2411 2908 inter
2443 2853 2639 2908 zizania
2671 2853 2866 2907 crescit
2890 2868 3057 2921 usque
3083 2852 3151 2908 ad
3182 2868 3413 2909 messem
3442 2851 3544 2923 (Id.
3572 2866 3669 2916 xui,
3697 2848 3796 2918 30);

2267 2961 2374 3001 non
2420 2945 2544 3016 quid
2592 2944 2814 3000 fecerint
2854 2945 2935 3000 vel
2985 2944 3180 3000 faciant
3224 2945 3340 3015 ipsa
3382 2944 3572 2998 zizania
3600 2958 3613 2996 :
3640 2940 3716 2995 ubi
3747 2939 3802 2994 sit

2267 3038 2509 3109 proxima
2540 3037 2734 3092 Christi
2764 3037 2816 3091 in
2847 3035 3024 3091 medio
3055 3035 3286 3092 ﬁliarum
3315 3036 3586 3101 malarum,
3613 3032 3730 3088 sicut
3747 3029 3798 3083 li-

2267 3131 2395 3185 lium
2425 3131 2476 3184 in
2505 3129 2681 3184 medio
2705 3129 2976 3198 spinarum
3004 3127 3182 3199 (Cant.
3217 3145 3276 3196 ll,
3304 3127 3396 3201 2);
3427 3142 3526 3182 non
3555 3122 3665 3195 quid
3685 3121 3800 3177 fece¥

2266 3220 2374 3276 rint
2399 3221 2482 3276 vel
2511 3220 2704 3275 faciant
2733 3220 2859 3290 ipsze
2884 3220 3051 3290 spina:
3075 3235 3089 3272 :
3118 3219 3210 3274 ubi
3240 3220 3349 3274 sint
3375 3219 3540 3290 pisces
3564 3213 3702 3278 boni,
3727 3208 3798 3281 qui

2264 3312 2436 3368 donec
2455 3312 2521 3367 ad
2543 3313 2689 3367 littus
2713 3312 3042 3382 perveniant,
3072 3311 3302 3366 tolerant
3326 3311 3493 3382 pisces
3513 3307 3666 3362 malos
3688 3300 3802 3372 pario

2267 3413 2348 3460 ter
2377 3404 2612 3458 irretitos
2641 3402 2854 3470 (Matth.
2884 3417 2998 3468 xui,
3031 3402 3122 3468 47,
3153 3402 3286 3474 48);
3329 3417 3434 3457 non
3461 3397 3579 3470 quid
3617 3393 3803 3452 fecerint

2263 3497 2349 3552 vel
2375 3495 2496 3566 quid
2524 3494 2718 3549 faciant
2745 3493 2842 3564 ipsi
2868 3493 3042 3563 pisces
3067 3493 3214 3546 mali.

2320 3587 2543 3643 CAPUT
2565 3585 2682 3640 XIX
2706 3584 2985 3656 (a).—49.
3016 3583 3243 3639 Omissis
3271 3597 3400 3654 ergo
3439 3582 3548 3636 istis
3573 3585 3798 3632 morarum

2265 3679 2542 3734 tendicolis
2557 3677 2800 3731 ostendat
2819 3676 3107 3731 Ecclesiam
3121 3675 3204 3730 vel
3223 3677 3275 3730 in
3289 3675 3402 3730 sola
3419 3673 3604 3734 Africa,
3617 3662 3799 3740 perditis

2266 3778 2344 3825 tot
2367 3769 2613 3839 gentibus
2633 3808 2646 3833 ,
2677 3766 3009 3822 retinendam
3029 3808 3044 3832 ,
3077 3767 3159 3822 vel
3201 3783 3270 3822 ex
3313 3765 3490 3821 Africa
3520 3763 3569 3816 in
3595 3756 3800 3814 omnibus

2265 3860 2510 3930 gentibus
2531 3858 2881 3929 reparandam
2912 3866 3070 3928 atque
3106 3857 3501 3929 adimplendam
3527 3873 3540 3910 :
3569 3860 3618 3908 et
3640 3849 3705 3905 sic
3729 3861 3798 3899 os-

2267 3954 2464 4018 tendat,
2497 3961 2554 4006 ut
2578 3967 2682 4007 non
2709 3951 2883 4019 dicat,
2921 3951 3114 4006 Verum
3143 3961 3261 4020 est,
3292 3952 3415 4023 quia
3442 3949 3539 4003 hoc
3571 3959 3660 4016 ego
3683 3941 3794 4000 dico;

2263 4056 2356 4098 aut
2379 4046 2501 4114 quia
2531 4043 2632 4098 hoc
2660 4042 2792 4097 dixit
2821 4043 2912 4098 ille
2940 4042 3141 4113 collega
3181 4058 3368 4107 meus,
3405 4050 3495 4096 aut
3529 4037 3598 4093 illi
3620 4032 3799 4100 collega:

2267 4137 2392 4202 mei,
2421 4145 2509 4189 aut
2540 4136 2616 4189 illi
2643 4135 2902 4204 episcopi,
2932 4133 3018 4190 vel
3042 4134 3254 4200 clerici,
3281 4135 3363 4189 vel
3395 4131 3509 4188 laici
3539 4125 3704 4188 nostri,
3727 4125 3800 4173 aut

2267 4229 2387 4284 ideo
2412 4243 2596 4282 vermn
2627 4236 2728 4292 est,
2758 4228 2880 4298 quia
2910 4228 2997 4281 illa
3023 4236 3078 4282 et
3107 4228 3193 4281 illa
3231 4226 3490 4281 mirabilia
3513 4221 3627 4278 fecit
3652 4218 3798 4272 Dona-

2268 4330 2351 4374 tus
2369 4319 2454 4373 vel
2485 4319 2705 4373 Pontins
2731 4318 2830 4388 (b),
2862 4317 2948 4374 vel
2969 4318 3192 4388 quilibet
3230 4319 3388 4384 alius,
3417 4325 3504 4370 aut
3525 4313 3635 4384 quia
3662 4303 3800 4364 homi-

2266 4427 2363 4466 nes
2405 4411 2469 4465 ad
2502 4411 2790 4466 memorias
2839 4421 3169 4466 mortuorum
3217 4421 3520 4466 nostrorum
3561 4409 3720 4460 orant,
3755 4403 3798 4444 ει

2265 4501 2640 4565 exaudiuntur,
2687 4509 2778 4554 aut
2827 4501 2948 4570 quia
2997 4501 3086 4556 illa
3139 4511 3192 4556 ct
3246 4502 3336 4556 illa
3389 4500 3456 4554 illi
3495 4488 3794 4555 contingunt,

2265 4601 2356 4648 aut
2399 4592 2518 4655 quia
2574 4591 2663 4643 ille
2720 4591 2886 4638 frater
2933 4599 3149 4652 noster,
3180 4593 3272 4640 aut
3324 4585 3410 4638 illa
3460 4596 3605 4637 soror
3651 4581 3795 4631 nostra

2268 4680 2369 4733 tale
2412 4680 2584 4731 visum
2626 4677 2851 4746 vigilans
2895 4677 3054 4742 vidit,
3096 4679 3180 4733 vel
3221 4679 3326 4732 tale
3367 4678 3534 4732 visum
3570 4668 3796 4728 dormiens

2265 4769 2567 4825 somniavit.
2612 4768 3007 4824 Removeantur
3051 4769 3152 4824 ista
3204 4770 3288 4824 vel
3331 4770 3571 4840 ﬁgmenta
3616 4755 3796 4817 menda-

2265 4863 2405 4918 cium
2429 4862 2723 4928 hominum,
2744 4861 2827 4915 vel
2857 4869 3098 4930 portenta
3120 4861 3389 4916 fallacium
3413 4857 3691 4929 spirituum.
3715 4848 3796 4902 Aut

2265 4953 2408 5007 enim
2435 4967 2541 5006 non
2567 4959 2691 5006 sunt
2707 4967 2828 5006 vera
2850 4967 2968 5022 qure
2991 4951 3260 5020 dicuntur,
3285 4959 3376 5006 aut
3402 4951 3445 5005 si
3475 4947 3794 5003 haereticorum

2266 5045 2440 5114 aliqua
2465 5044 2598 5097 mira
2625 5041 2762 5096 facta
2795 5050 2937 5108 sunt,
2967 5044 3134 5114 magis
3159 5058 3351 5098 cavere
3378 5041 3656 5096 debemus:
3685 5024 3796 5101 (ιιιοά

2265 5153 2385 5192 cum
2410 5135 2632 5191 dixisset
2661 5135 2915 5189 Dominus
2940 5135 3198 5204 quosdam
3227 5135 3432 5189 futuros
3461 5145 3573 5187 esse
3600 5123 3794 5180 fallaces.

2266 5229 2355 5298 qui
2385 5227 2635 5282 nonnulla
2677 5225 2828 5296 signa
2869 5225 3110 5281 faciendo
3137 5269 3152 5293 ,
3181 5227 3342 5282 etiam
3385 5224 3610 5283 electos,
3646 5215 3684 5268 si
3709 5206 3796 5264 ﬁeri

2268 5329 2466 5390 posset,
2497 5319 2762 5386 fallerent,
2790 5318 2984 5390 adjecit
3013 5318 3359 5375 vehementer
3373 5307 3797 5372 commcndans.et

2267 5412 2359 5476 ait,
2383 5410 2512 5464 Ecce
2523 5410 2737 5481 praedixi
2749 5410 2882 5464 vobis
2899 5408 3007 5482 (Id.
3023 5426 3165 5477 xxrv,
3178 5409 3292 5480 25).
3311 5408 3457 5464 Unde
3483 5415 3533 5460 et
3557 5392 3797 5470 Apostolus

2268 5503 2562 5557 admonens
2591 5518 2604 5554 :
2641 5503 2900 5572 Spiritus,
2935 5503 3134 5572 inquit,
3164 5501 3428 5570 ntanifeste
3455 5497 3599 5558 dicit,
3639 5487 3740 5559 quia
3759 5483 3799 5533 in

2268 5594 2549 5649 novissimis
2576 5593 2880 5664 temporibus
2903 5591 3131 5646 recedent
3159 5591 3364 5662 quidam
3385 5607 3416 5643 a
3435 5587 3550 5660 ﬁde,
3575 5575 3797 5638 intenden-

2333 5751 2349 5781 ι
2389 5755 2488 5809 Am.
2516 5753 2568 5796 et
2586 5753 2679 5802 εν..
2702 5745 2877 5809 optimo
2890 5745 3082 5807 judicio
3110 5760 3127 5797 :
3150 5745 3399 5796 mendose.

2333 5809 2407 5933 (ag
2442 5808 2562 5858 olim
2589 5809 2718 5857 nulla
2735 5808 2891 5858 isthic
2913 5810 3102 5859 divisio.

2361 5871 2386 5919 υ
2429 5880 2523 5919 Con
2539 5874 2598 5919 ‘er
2613 5878 2764 5920 'l‘ract.
2799 5871 2853 5919 l3
2883 5871 2931 5918 in
2951 5877 3099 5921 Joann

2361 5870 2407 5933 υ)
2429 5880 2523 5919 Con
2539 5874 2598 5919 ‘er
2613 5878 2764 5920 'l‘ract.
2799 5871 2853 5919 l3
2883 5871 2931 5918 in
2951 5877 3274 5934 Joannem,n.
3297 5870 3371 5918 17.
