3998 6504
202 470 300 529 ιεθ

200 597 268 639 te:
308 582 567 652 spiritibus
602 581 965 647 seductoribtts,
1011 591 1059 636 et
1106 582 1347 635 doctrinis
1405 578 1774 634 dwmom’orum

202 675 242 744 (Ι
258 673 391 728 Tim.
412 691 483 739 IV,
506 675 579 744 ι).
601 674 767 728 Porro
800 672 846 727 si
875 673 1064 743 aliquis
1093 673 1145 727 in
1175 672 1546 727 hmreticorum
1576 682 1778 723 memo-

199 767 284 821 riis
309 781 473 820 orans
495 766 794 830 exauditur,
820 781 922 819 non
952 781 1046 835 pro
1068 765 1257 820 merito
1280 764 1401 828 loci,
1430 763 1522 818 sed
1550 778 1644 833 pro
1667 776 1779 815 me-

199 859 298 913 rito
319 858 575 912 desiderii
603 859 681 912 sui
702 858 889 927 recipit
909 858 1020 911 sive
1048 856 1263 923 bonum,
1283 856 1393 909 sive
1411 856 1626 908 malum.
1655 852 1779 922 Spi-

198 950 314 1002 ritus
356 950 505 1003 enim
545 948 769 1012 Domini,
793 948 930 1002 sicut
958 950 1209 1016 scriptum
1240 954 1341 1011 est,
1369 945 1573 1015 replevit
1611 943 1779 996 orbem

197 1048 480 1102 terrarum;
506 1047 592 1101 et,
624 1040 774 1093 Auris
810 1038 905 1092 zeli
945 1038 1087 1090 audit
1124 1052 1291 1090 ontnta
1322 1035 1474 1107 (Sap.
1509 1050 1546 1101 ι,
1575 1034 1627 1098 7,
1662 1032 1776 1104 10).

198 1129 258 1183 Et
298 1130 450 1184 multi
501 1130 635 1184 irato
687 1131 793 1185 Deo
837 1129 1235 1183 exaudiuntur:
1267 1127 1334 1181 de
1359 1126 1603 1196 qualibus
1648 1125 1778 1180 dicit

198 1222 512 1289 Apostolus,
546 1220 776 1275 Tradidit
796 1220 932 1280 ,illos
962 1219 1100 1274 Deus
1126 1221 1179 1273 in
1204 1218 1632 1290 concupiscentiae
1661 1234 1776 1270 cor-

198 1313 269 1367 dis
296 1314 505 1366 illorum
534 1313 707 1383 (Rom.
732 1330 765 1378 ι,
798 1312 914 1381 24),
942 1313 1007 1366 Et
1028 1312 1205 1365 multis
1228 1312 1483 1381 prepitius
1506 1310 1645 1364 Deus
1672 1323 1778 1362 non

198 1404 375 1457 tribuit
405 1404 549 1473 quod
593 1403 797 1469 volunt,
830 1402 1057 1474 utquod
1088 1402 1215 1457 utile
1244 1411 1344 1465 est,
1378 1400 1591 1455 tribuat.
1624 1398 1778 1454 Unde

196 1494 327 1549 idem
355 1496 632 1564 apostolus
653 1496 727 1549 ait
748 1495 815 1549 de
835 1494 1051 1549 stimulo
1092 1494 1269 1549 carnis
1315 1509 1444 1557 suae,
1474 1491 1665 1561 angelo
1688 1505 1776 1543 sa-

198 1594 344 1648 tanaa,
379 1602 538 1655 quem
571 1587 669 1641 sibi
706 1587 887 1641 datum
932 1586 1095 1653 dicit,
1127 1601 1156 1639 a
1200 1601 1305 1656 quo
1331 1585 1773 1654 colaphizaretur,

197 1692 259 1732 ne
294 1679 662 1748 magnitudine
699 1679 1084 1734 revelat-ionum
1131 1678 1478 1734 cxtolleretur
1509 1696 1521 1732 :
1556 1677 1777 1747 Propter

194 1769 321 1837 quod
336 1778 414 1823 ter
432 1768 706 1823 Dominum
722 1772 913 1841 rogavi,
928 1779 989 1823 ut
1007 1774 1225 1841 auferret
1251 1786 1363 1823 eum
1383 1787 1412 1821 a
1430 1785 1526 1822 me.
1560 1767 1629 1822 Et
1650 1768 1777 1822 dixit

195 1860 313 1913 mihi
337 1875 358 1914 :
390 1859 592 1930 Suﬁcit
618 1862 708 1914 tibi
728 1862 900 1932 gratia
924 1878 1034 1915 mea
1058 1876 1079 1923 ;
1108 1878 1225 1914 nant
1268 1862 1425 1915 virtus
1464 1861 1520 1915 in
1561 1861 1777 1929 infirmi-

193 1960 287 2005 tate
308 1951 572 2020 perﬁcitur
592 1951 655 2022 (ιι
680 1950 798 2006 Cor.
825 1968 920 2017 xu,
951 1952 1082 2021 7-9).
1112 1951 1296 2011 Nonne
1321 1952 1547 2022 legimus
1570 1951 1636 2005 ah
1663 1952 1777 2020 ipso

196 2039 418 2095 Domino
446 2041 555 2095 Deo
584 2041 872 2096 nonnullos
894 2040 1170 2097 exauditos
1192 2041 1244 2095 in
1268 2041 1492 2096 excelsis
1515 2041 1774 2095 montium

186 2130 403 2197 Judane,
436 2147 557 2203 qum
596 2142 782 2187 tamen
805 2133 1031 2200 excelsa
1062 2134 1132 2187 ita
1162 2133 1516 2204 diSplicehant
1555 2133 1687 2199 Deo,
1721 2141 1779 2186 ut

188 2234 246 2277 et
271 2237 427 2294 reges
472 2224 562 2295 qui
606 2239 668 2279 ea
691 2240 804 2280 non
835 2234 1159 2289 everterent,
1204 2225 1575 2295 culpat-eatur;
1605 2232 1660 2279 et
1687 2224 1775 2294 qui

188 2322 517 2381 everterent,
550 2315 936 2371 laudarentur?
968 2315 1116 2372 Unde
1144 2317 1455 2389 intelligitur
1477 2318 1647 2388 magis
1680 2332 1774 2371 va-

188 2404 299 2459 dere
328 2405 556 2473 petentis
573 2404 850 2473 allectum,
879 2422 1036 2476 quam
1078 2407 1345 2477 petitionis
1370 2408 1569 2463 locum.
1598 2407 1674 2463 De
1695 2408 1774 2463 vi-

191 2496 264 2550 sis
285 2502 463 2551 autem
493 2495 771 2553 fallacibus
806 2498 987 2568 legant
1010 2515 1130 2567 qua:
1162 2500 1358 2569 scripta
1397 2508 1542 2563 sunt,
1574 2510 1627 2554 et
1654 2500 1775 2570 quia

190 2585 304 2654 ipse
342 2597 556 2642 satanas
585 2590 925 2659 transfigurat
968 2604 1028 2644 se
1072 2599 1321 2660 tanquam
1366 2590 1612 2659 angelum
1642 2591 1775 2644 lucis

189 2678 215 2740 -(
239 2675 322 2729 id.
367 2693 443 2745 ιι,
474 2678 563 2747 li)
583 2719 597 2744 ,
630 2686 686 2733 et
722 2679 845 2748 quia
876 2679 1069 2734 multos
1096 2679 1420 2735 seduxerunt
1448 2681 1654 2735 somnia
1679 2696 1773 2735 sua

188 2767 377 2835 (Ereti.
409 2785 595 2835 xxxiv,
622 2771 701 2842 7).
731 2769 965 2826 Audiant
991 2772 1150 2826 etiam
1179 2788 1298 2843 qua:
1329 2781 1548 2827 narrent
1576 2773 1773 2844 Pagani

194 2860 260 2915 de
286 2862 577 2932 templiset
603 2862 705 2917 diis
735 2864 846 2919 suis
874 2864 1187 2920 mirabiliter
1210 2866 1294 2920 vel
1341 2865 1475 2919 facta
1501 2865 1585 2921 vel
1611 2867 1722 2920 visa
1752 2884 1771 2923 :

190 2960 247 3002 et
276 2959 447 3005 tamen
474 2952 547 3005 dii
568 2951 811 3006 Gentium
835 2952 1085 3007 demonia
1103 2995 1118 3020 ,
1156 2952 1407 3008 Dominus
1432 2966 1600 3009 autem
1621 2958 1776 3011 caelos

194 3041 307 3110 fecit
329 3040 504 3112 (.Psal.
532 3058 655 3110 xcv,
683 3042 760 3115 5).
793 3043 1168 3099 Exaudiuntur
1192 3060 1321 3115 ergo
1346 3046 1497 3101 multi
1516 3056 1570 3101 et
1596 3048 1775 3102 multis

201 3132 384 3198 modis,
417 3149 524 3188 non
553 3135 729 3191 solum
748 3134 1036 3191 Christiani
1060 3137 1328 3206 catholici,
1358 3139 1455 3194 sed
1475 3148 1531 3195 et
1557 3140 1772 3211 Pagaui,

190 3232 247 3274 et
271 3221 461 3290 Jndmi,
497 3233 551 3279 et
581 3223 839 3291 hazretici,
872 3226 1325 3284 variiserroribus
1359 3240 1413 3284 et
1442 3232 1778 3300 superstitio-

201 3312 347 3368 nibus
371 3313 559 3369 dediti.
587 3315 962 3371 Exaudiuntur
989 3327 1165 3373 autem
1188 3319 1268 3374 vel
1296 3320 1363 3374 ab
1389 3322 1666 3390 spiritibus
1690 3338 1778 3378 se-

194 3405 534 3473 ductoribus;
563 3409 649 3479 qui
674 3418 852 3464 tamen
876 3410 1009 3465 nihil
1032 3410 1253 3477 iaciunt,
1278 3413 1377 3467 nisi
1402 3416 1777 3482 permittantur

201 3496 303 3551 Deo
327 3500 632 3555 sublimiter
650 3509 811 3571 atque
834 3501 1171 3557 ineﬂ'abilitcr
1192 3502 1207 3534 ¹
1229 3503 1500 3571 judicante
1522 3504 1647 3573 quid
1672 3505 1777 3559 cui-

200 3605 294 3658 que
321 3592 661 3649 tribuendum
689 3594 757 3649 sit
783 3613 796 3648 :
822 3596 939 3651 sive
964 3595 1031 3649 ab
1056 3596 1170 3665 ipso
1197 3596 1325 3661 Deo,
1350 3597 1434 3651 Vel
1465 3596 1531 3653 ad
1562 3612 1772 3668 poenam

194 3682 404 3738 malitia}
427 3724 443 3751 ,
482 3684 566 3739 vel
592 3684 658 3739 ad
684 3685 932 3740 solatium
960 3687 1222 3753 miseriae,
1252 3689 1333 3743 vel
1358 3689 1423 3742 ad
1451 3689 1774 3744 admonitio—

194 3787 307 3830 nem
332 3776 638 3845 quaerendae
663 3778 851 3832 salutis
881 3787 1116 3833 a-ternze.
1147 3779 1229 3833 Ad
1258 3780 1427 3849 ipsam
1457 3798 1584 3835 vero
1624 3782 1769 3835 salu-

194 3872 294 3919 tein
322 3882 385 3921 ac
414 3870 576 3922 vitam
605 3879 860 3924 mlcrnam
890 3886 1047 3926 nemo
1071 3872 1333 3940 pervenit,
1364 3872 1465 3925 nisi
1497 3874 1584 3941 qui
1616 3873 1773 3927 habet

192 3968 346 4025 caput
368 3958 661 4015 Christum.
693 3962 900 4016 [labere
930 3973 1109 4017 autem
1138 3972 1297 4033 caput
1323 3963 1590 4019 Christum
1618 3980 1775 4018 nemo

194 4051 405 4114 poterit,
436 4050 539 4104 nisi
570 4052 659 4120 qui
692 4053 742 4105 in
770 4054 887 4121 ejus
917 4069 1145 4124 corpore
1173 4054 1364 4119 fuerit,
1393 4055 1532 4124 quod
1558 4064 1641 4109 est
1671 4056 1773 4108 Ec-

197 4140 531 4211 clesia,quam
546 4143 683 4199 sicut
696 4145 863 4213 ipsum
877 4156 1035 4215 caput
1050 4148 1098 4199 iu
1117 4146 1401 4216 Scripturis
1414 4147 1609 4201 sanctis
1621 4160 1776 4202 cano-

192 4231 319 4303 nicis
333 4234 591 4290 debemus
607 4250 913 4304 agnoscere,
937 4254 1039 4292 non
1060 4240 1111 4293 in
1129 4240 1289 4294 variis
1305 4239 1574 4295 hominum
1589 4255 1774 4295 rumo-

194 4323 777 4395 ‘ribns,etopiniouibus,
792 4342 841 4382 et
858 4327 1088 4395 factis,et
1101 4330 1470 4396 dictis,etvisis
1484 4332 1768 4401 inquirere.

256 4418 343 4472 50.
382 4418 553 4474 Nemo
585 4420 712 4475 mihi
751 4436 878 4491 ergo
912 4422 1025 4476 hmc
1053 4431 1318 4492 opponat,
1358 4424 1447 4493 qui
1495 4425 1623 4478 mihi
1675 4442 1769 4479 re-

196 4510 453 4575 spondero
484 4521 704 4577 paratus
732 4522 817 4569 est
854 4530 867 4567 :
913 4515 1036 4584 quia
1068 4531 1165 4570 nec
1200 4530 1300 4585 ego
1329 4515 1449 4570 dico
1474 4516 1596 4570 ideo
1639 4517 1769 4571 mihi

196 4609 306 4652 esse
329 4598 679 4668 credendum,
704 4606 1136 4659 communionem
1174 4608 1362 4663 Donati
1390 4624 1495 4661 non
1526 4622 1644 4661 esse
1676 4610 1773 4662 lic-

196 4687 401 4743 clesiam
424 4689 665 4759 Christi,
698 4692 820 4761 quia
851 4693 1065 4762 quidam
1105 4695 1194 4763 qui
1229 4695 1366 4765 apud
1406 4710 1500 4749 eos
1527 4699 1766 4767 episcopi

198 4776 415 4848 inerunt,
438 4782 617 4838 divina
646 4783 998 4839 instrumenta
1030 4786 1237 4854 ignibus
1261 4786 1563 4853 tradidisse,
1593 4788 1771 4844 Cestis

197 4872 560 4929 ecclesiasticis
585 4882 639 4928 et
670 4875 1075 4946 municipalibus
1100 4884 1153 4931 et
1178 4876 1517 4945 judiciah’bus
1541 4880 1767 4933 convin-

200 4973 404 5030 cuntur;
452 4976 544 5021 aut
580 4966 702 5035 quia
752 4967 803 5020 in
843 4966 1043 5036 judicio
1076 4968 1469 5038 episcoporum,
1516 4970 1659 5041 quod
1701 4971 1770 5026 ab

201 5048 510 5122 imperatore
557 5057 884 5126 petiverant,
916 5072 1130 5112 causam
1175 5072 1326 5112 suam
1368 5074 1472 5114 non
1517 5061 1765 5116 obtinue-

204 5155 344 5206 runt;
377 5156 467 5200 aut
504 5147 628 5216 quia
658 5158 1013 5217 provocantes
1039 5147 1104 5202 ad
1145 5148 1312 5216 ipsum
1343 5149 1722 5219 Imperatorem
1747 5192 1764 5218 ,

204 5238 344 5292 etiam
370 5242 433 5296 ab
464 5241 580 5311 ipso
606 5243 926 5296 contrariam
948 5242 1047 5296 sibi
1075 5243 1389 5297 sententiam
1423 5254 1764 5310 meruerunt;

200 5338 283 5382 aut
307 5332 419 5400 quia
449 5333 585 5388 tales
616 5343 739 5387 sunt
762 5334 900 5403 apud
925 5348 1022 5387 eos
1042 5334 1538 5388 Circumcellionum
1564 5334 1761 5404 princi-

206 5434 317 5487 pes;
340 5434 425 5477 aut
449 5425 572 5495 quia
596 5433 739 5480 tanta
763 5425 900 5479 mala
921 5426 1259 5481 committunt
1278 5426 1763 5493 Circumcelliones;

202 5518 285 5563 aut
310 5515 422 5581 quia
462 5525 588 5569 sunt
622 5515 759 5585 apud
788 5531 884 5570 eos
918 5517 1006 5586 qui
1045 5530 1105 5571 se
1134 5531 1228 5585 per
1262 5517 1484 5587 abrupta
1525 5520 1765 5587 praecipi-

201 5606 336 5667 teut,
364 5606 443 5658 vel
482 5607 903 5662 concremandos
953 5606 1162 5677 ignibus
1209 5605 1467 5673 inferant,
1502 5624 1635 5679 quos
1665 5609 1762 5677 ipsi

204 5689 400 5747 sibimet
424 5695 802 5764 accenderunt,
849 5706 938 5751 aut
972 5697 1377 5753 trucidationem
1404 5711 1554 5753 suam
1599 5698 1759 5754 etiam

207 5780 370 5838 invitis
396 5787 700 5843 hominibus
724 5788 971 5843 terrendo
997 5796 1362 5855 extorqueant,
1398 5797 1452 5842 et
1490 5797 1567 5844 tot
1596 5804 1760 5859 spon-

266 5919 284 5951 '
313 5921 449 5973 Abest
468 5935 497 5974 a
516 5923 798 5975 Floriacensi
825 5932 888 5973 MS
912 5962 924 5986 ,
950 5930 1091 5988 atque
1113 5921 1431 5986 ine/Iitbiliter.

1072 481 1243 524 νηιαο
1280 466 1367 521 DE
1404 461 1706 521 UNITATE
1741 458 2091 517 ECCLESIE
2134 461 2331 517 LIBER
2374 460 2571 519 UNUS.

3357 463 3465 520 450

1890 582 2071 630 laneas
2094 584 2148 629 et
2176 576 2402 631 furiosas
2426 585 2645 643 mortes,
2672 582 2727 631 ut
2756 575 3000 632 colantur
3020 575 3087 632 ab
3124 575 3428 634 hominibus
3449 621 3464 642 ,

1884 676 2169 736 appetant;
2198 679 2289 723 aut
2318 670 2458 739 quod
2482 670 2548 723 ad
2575 684 2758 724 eorum
2786 670 3027 739 sepulcra
3053 669 3249 725 ebriosi
3271 687 3461 741 greges

1883 775 2135 829 vagorum
2167 769 2219 814 et
2250 776 2500 831 vagarum
2527 761 2787 830 permixta
2819 761 3050 832 nequitia
3081 761 3167 817 die
3198 772 3462 831 noctuque

1883 866 1942 905 se
1985 852 2104 904 vino
2146 851 2423 921 sepeliant,
2478 851 2793 922 ﬂagitiisque
2831 862 3193 922 corrumpant.
3246 850 3327 907 Sit
3367 854 3463 906 ista

1883 941 2059 994 omnis
2089 942 2239 995 turba
2270 942 2421 1011 palea
2441 957 2662 1007 eorum;
2696 957 2792 997 nec
2822 941 3104 998 frumentis
3130 944 3464 1013 praéjudicct,

1884 1032 1928 1086 si
1949 1032 2046 1101 ipsi
2073 1032 2369 1087 Ecclesium
2395 1040 2593 1088 tenent.
2617 1032 2719 1087 Sed
2743 1043 2915 1087 utrum
2938 1033 3037 1103 ipsi
3062 1034 3354 1089 Ecclesiam
3387 1046 3461 1087 te-

1883 1134 2064 1191 neant,
2089 1140 2195 1180 non
2218 1125 2319 1179 nisi
2343 1125 2411 1179 de
2434 1125 2730 1179 divinarum
2762 1124 3157 1196 Scripturarum
3190 1127 3463 1183 canonicis

1883 1220 2030 1275 libris
2047 1219 2356 1275 ostendant:
2382 1220 2503 1289 quia
2526 1235 2624 1275 nec
2645 1234 2743 1274 nos
2764 1229 3043 1289 propterea
3061 1220 3289 1275 dicimus
3309 1221 3464 1274 nobis

1878 1311 2027 1366 credi
2059 1319 2306 1381 eportere
2337 1311 2482 1381 quod
2515 1311 2565 1365 in
2598 1311 2835 1365 Ecclesia
2864 1311 3063 1366 Christi
3103 1326 3307 1376 sumus,
3341 1313 3462 1382 quia

1881 1403 2047 1472 ipsam
2078 1419 2232 1472 quam
2256 1411 2519 1470 tenemus,
2542 1403 2933 1458 commendavit
2952 1404 3282 1459 Milevitanus
3301 1404 3463 1473 Opta-

1884 1496 2077 1561 tus,vel
2092 1495 2497 1550 Mediolanensis
2511 1494 2933 1558 Ambrosius,vel
2946 1496 3032 1550 alii
3048 1496 3465 1551 innumerabiles

1883 1600 2076 1642 nostra:
2090 1589 2477 1642 communionis
2491 1587 2745 1658 cpisc0pi;
2759 1596 2852 1642 aut
2868 1588 2992 1658 quia
3017 1599 3318 1644 nostrorum
3355 1592 3465 1644 col-

1880 1679 2116 1749 legarum
2163 1680 2404 1734 conciliis
2454 1681 2563 1749 ipsa
2606 1681 2889 1750 praedicata
2928 1690 3043 1746 est;
3085 1690 3176 1735 aut
3213 1683 3333 1750 quia
3374 1698 3466 1751 per

1880 1776 2046 1824 totum
2073 1770 2255 1824 orbem
2287 1770 2338 1823 in
2369 1770 2500 1826 locis
2537 1772 2751 1835 sanctis,
2785 1787 2904 1842 qua:
2949 1770 3249 1843 frequentat
3289 1782 3463 1827 nostra

1880 1862 2205 1927 communio,
2235 1871 2375 1915 tanta
2406 1862 2670 1917 mirabilia
2702 1864 2783 1917 vel
2814 1864 3233 1929 exauditionnm,
3262 1866 3344 1920 vel
3375 1881 3464 1919 sa-

1879 1952 2102 2006 nitatum
2150 1953 2302 2020 fiunt,
2333 1952 2407 2007 ita
2448 1962 2504 2008 ut
2547 1954 2759 2009 latentia
2801 1970 2897 2025 per
2933 1966 3007 2010 tot
3043 1972 3213 2011 annos
3238 1974 3466 2030 corpora

1883 2054 2176 2115 martyrum
2208 2042 2305 2117 (α),
2345 2044 2484 2114 quod
2523 2054 2745 2115 possunt
2785 2061 2815 2100 a
2856 2048 3035 2102 multis
3079 2050 3469 2120 interrogantes

1879 2134 2091 2199 audire,
2118 2135 2405 2189 Ambrosio
2429 2132 2625 2188 fuerint
2648 2136 2902 2202 revelata,
2929 2144 2983 2190 et
3010 2137 3075 2191 ad
3108 2138 3217 2207 ipsa
3244 2155 3467 2209 corpora

1879 2239 2054 2278 caecus
2080 2225 2368 2279 multorum
2395 2240 2654 2279 annorum
2685 2225 2882 2280 civitati
2903 2226 3284 2283 Mediolaneusi
3312 2231 3469 2285 notis-

1878 2315 2049 2369 simus
2076 2316 2261 2371 oculos
2292 2316 2579 2385 lumenque
2604 2317 2903 2387 receperit;
2931 2325 3022 2372 aut
3058 2319 3179 2389 quia
3234 2320 3321 2375 ille
3374 2336 3465 2375 so-

1880 2408 2081 2462 mnium
2111 2407 2328 2473 vidit,ct
2356 2408 2444 2462 ille
2473 2408 2523 2462 in
2554 2408 2743 2475 spiritu
2772 2418 3077 2479 assumptus
3104 2412 3319 2478 audivit,
3355 2413 3469 2468 sive

1878 2513 1947 2553 ne
1988 2499 2088 2553 iret
2132 2500 2185 2553 in
2227 2508 2430 2569 partem
2462 2498 2687 2565 Donati,
2727 2500 2840 2555 sive
2870 2509 2925 2554 ut
2961 2502 3231 2558 recederet
3260 2519 3289 2557 a
3318 2513 3468 2573 parte

1881 2592 2089 2646 Donati.
2112 2591 2466 2660 Quaecumque
2494 2589 2615 2643 talia
2644 2589 2696 2644 in
2718 2588 2985 2646 Catholica
3014 2592 3166 2657 finiit,
3193 2594 3312 2649 ideo
3336 2608 3463 2649 sunt

1878 2680 2252 2751 approbanda,
2287 2682 2407 2750 quia
2445 2680 2499 2734 in
2533 2679 2809 2735 Catholica
2839 2679 3002 2749 ﬁunt;
3046 2697 3151 2737 non
3196 2682 3314 2738 ideo
3352 2685 3465 2754 ipsa

1880 2772 2247 2827 manifestatur
2265 2771 2557 2837 Catholica,
2584 2772 2705 2842 quia
2736 2772 2849 2827 hate
2874 2772 2926 2826 in
2954 2787 3017 2828 ea
3046 2773 3198 2829 ﬁunt.
3230 2774 3344 2844 Ipse
3367 2776 3469 2830 Do—

1880 2864 2056 2917 minus
2077 2863 2231 2917 Jcsus
2257 2878 2378 2918 cum
2411 2864 2790 2919 resurrexissel
2820 2880 2850 2918 a
2876 2865 3121 2930 mortuis,
3151 2876 3205 2921 et
3228 2868 3466 2938 discipu-

1881 2953 2248 3009 lorum-oculis
2278 2953 2583 3017 videndum,
2614 2953 2967 3024 manibusque
2996 2957 3316 3026 tangendum
3341 2974 3467 3014 cor-

1877 3060 1981 3115 pus
2015 3060 2168 3098 suum
2199 3042 2448 3108 oll‘erret,
2489 3059 2557 3098 ne
2600 3044 2725 3114 quid
2773 3054 2948 3100 tamen
2995 3046 3219 3102 fallacia:
3259 3065 3319 3105 se
3358 3054 3468 3121 pati

1878 3135 2283 3201 arbitrarentur,
2313 3135 2480 3205 magis
2508 3149 2602 3190 eos
2628 3135 2945 3192 testimoniis
2971 3136 3128 3209 Legis
3154 3148 3207 3195 et
3227 3140 3469 3211 PrOphe-

1879 3234 2053 3280 tarum
2098 3234 2155 3280 et
2203 3224 2532 3279 Psalmorum
2582 3226 2979 3283 confirmandos
3027 3220 3157 3285 esse'
3189 3228 3465 3299 judicavit,

1878 3316 2169 3371 ostendens
2199 3331 2259 3370 ea
2290 3315 2357 3370 de
2396 3330 2453 3370 se
2493 3316 2740 3386 impleta,
2772 3333 2891 3388 quae
2922 3318 3128 3375 fuerant
3170 3331 3316 3379 tanto
3343 3338 3468 3383 ante

1879 3408 2152 3478 praedicta.
2197 3407 2285 3462 Sic
2318 3417 2372 3463 et
2400 3408 2696 3463 Ecclesiam
2741 3426 2891 3464 suam
2938 3414 3337 3470 commendavit
3380 3418 3466 3472 di-

1877 3515 2004 3554 cens
2034 3517 2046 3552 :
2074 3498 2362 3552 Prwdicori
2390 3500 2441 3553 in
2469 3500 2668 3553 nomine
2690 3517 2783 3554 suo
2812 3502 3155 3569 ptznitentiam
3173 3546 3187 3573 ,
3216 3515 3264 3559 et
3291 3510 3469 3562 remis-

1877 3595 2067 3647 sionem
2108 3601 2425 3662 peccatorum
2457 3599 2545 3661 per
2584 3609 2756 3646 omnes
2791 3603 2961 3663 gentes
2980 3636 2994 3661 ,
3025 3596 3378 3664 incipientibus
3402 3602 3468 3655 ab

1876 3684 2180 3740 Jerusalem.
2212 3684 2325 3739 Hoc
2353 3685 2402 3738 in
2430 3684 2591 3754 Lege,
2620 3694 2676 3740 et
2696 3685 2994 3755 PrOphetis,
3027 3698 3079 3743 et
3103 3690 3324 3745 Psalmis
3344 3708 3467 3749 esse

1878 3777 2131 3845 scriptum
2175 3776 2287 3845 ipse
2327 3781 2550 3828 testatus
2592 3784 2677 3829 est
2720 3774 2868 3847 (Luc.
2897 3792 3042 3842 xxxv,
3074 3778 3265 3848 44-47.)
3308 3799 3322 3833 :
3364 3781 3467 3837 hoc

1878 3866 1990 3934 ejus
2013 3883 2105 3919 ore
2131 3865 2559 3919 commendatum
2586 3873 2847 3920 tenemus.
2876 3867 2999 3921 llzcc
3022 3877 3145 3923 sunt
3168 3884 3343 3925 causze
3364 3888 3465 3927 no.

1879 3968 2001 4010 stre
2029 3957 2347 4009 documenta
2373 3956 2410 4021 ¹,
2440 3954 2555 4009 haec
2581 3954 2944 4023 fundamenta,
2974 3957 3087 4013 haec
3110 3959 3461 4017 firmamenta.

1948 4049 2035 4102 bl.
2078 4048 2327 4115 Legimus
2373 4047 2423 4100 in
2469 4047 2689 4101 Actibus
2734 4047 3109 4117 Apostolorum
3151 4050 3352 4108 dictum
3394 4055 3465 4111 de

1877 4139 2190 4208 qu'busdam
2232 4138 2571 4192 credentibus
2594 4180 2608 4204 ,
2641 4137 2783 4208 quod
2822 4140 3059 4209 quotidie
3099 4152 3466 4201 scrutarentur

1878 4232 2212 4301 Scripturas,
2245 4246 2310 4284 an
2349 4232 2461 4285 haec
2498 4232 2570 4285 ita
2616 4247 2674 4286 sc
2714 4232 2968 4288 haberent
2996 4234 3132 4304 (Act.
3158 4240 3457 4311 xvn,,l_l):

1877 4339 2007 4394 quas
2035 4324 2214 4392 utique
2242 4321 2546 4393 Scripturas
2566 4364 2578 4388 ,
2604 4323 2706 4377 nisi
2744 4326 3028 4381 canonicas
3055 4328 3208 4400 Legis
3246 4340 3301 4385 et
3330 4309 3460 4387 Pro-

1879 4417 2199 4487 phetarnm?
2246 4416 2359 4471 lluc
2402 4426 2741 4471 accesserunt
2784 4416 3110 4489 Evangelia,
3154 4425 3465 4493 apostolica:

1877 4510 2162 4579 Epistolm,
2204 4508 2370 4562 Actus
2404 4508 2809 4577 Apostolorum,
2842 4511 3187 4582 Apocalypsis
3221 4514 3463 4573 Joannis.

1877 4601 2198 4656 Scrutamini
2246 4600 2363 4654 luce
2408 4600 2614 4661 omnia,
2667 4608 2722 4653 et
2766 4601 2937 4655 eruite
2987 4603 3185 4674 aliquid
3237 4607 3463 4664 manife.

1876 4700 2048 4756 stum,
2079 4705 2184 4761 quo
2212 4689 2588 4746 demonstretis
2625 4687 2915 4745 Ecclesiam
2949 4692 3035 4747 vel
3065 4693 3119 4749 in
3145 4696 3257 4750 sola
3287 4697 3463 4755 Africa

1875 4783 2227 4846 remansisse,
2256 4781 2338 4836 vel
2378 4796 2446 4835 ex
2484 4778 2659 4834 Africa
2702 4778 2934 4836 futurum
2962 4797 3081 4839 esse
3101 4786 3121 4817 ¹
3146 4795 3204 4840 ιιι
3236 4787 3460 4858 implea-

1876 4883 1960 4928 tur
1981 4874 2122 4944 quod
2145 4874 2400 4927 Dominus
2418 4872 2545 4927 dicit
2572 4890 2585 4926 :
2612 4870 2980 4928 Prtedicabitur
3006 4876 3101 4930 hoc
3129 4877 3462 4951 Evangelinm

1874 4967 2013 5036 regni
2052 4966 2105 5019 in
2140 4966 2372 5018 universo
2415 4964 2534 5017 orbe
2580 4963 2633 5017 in
2678 4965 3013 5019 testimonium
3059 4969 3288 5023 omnibus
3335 4988 3462 5040 gen-

1875 5057 2040 5121 tibus;
2071 5066 2115 5109 et
2145 5065 2263 5107 tunc
2293 5054 2449 5108 veniet
2482 5054 2600 5123 ﬁnis
2630 5052 2844 5126 (Matth.
2889 5072 3035 5121 xxtv,
3078 5058 3190 5129 14).
3225 5059 3330 5114 Sed
3360 5061 3460 5114 ali-

1874 5146 1999 5217 quid
2041 5143 2274 5214 prol‘erte
2295 5184 2310 5208 ,
2343 5143 2486 5213 quod
2517 5158 2622 5199 non
2652 5155 2807 5215 egeat
2834 5145 3153 5216 interprete,
3190 5163 3289 5204 nec
3318 5148 3461 5204 unde
3556 5188 3559 5221 τ

1873 5233 2258 5291 convincamini
2310 5233 2453 5303 quod
2511 5234 2577 5289 de
2623 5235 2728 5289 alia
2781 5250 2839 5291 re
2883 5235 3081 5290 dictum
3126 5238 3223 5302 sit,
3266 5250 3319 5293 et
3363 5256 3458 5295 vos

1874 5323 2001 5383 illud
2030 5328 2097 5383 ad
2126 5336 2362 5382 vestrum
2404 5341 2620 5381 sensum
2666 5316 2983 5398 detorquere
3030 5329 3315 5386 conemini.
3360 5332 3457 5388 Vi-

1873 5420 2011 5474 detis
2046 5420 2187 5475 enim
2218 5419 2433 5473 unicum
2484 5418 2613 5473 illud
2664 5419 2803 5488 quod
2848 5418 3087 5488 proferre
3131 5424 3452 5491 consuestis,

1880 5513 1975 5568 Ubi
2003 5513 2189 5583 pascis,
2213 5510 2296 5564 ubi
2321 5510 2475 5565 cubas
2502 5511 2555 5564 in
2584 5510 2789 5563 meridie
2812 5508 2981 5579 (Cant.
3011 5525 3049 5574 ι,
3075 5509 3128 5576 6)
3155 5526 3169 5574 ;
3197 5516 3428 5583 quemad
3452 5552 3459 5559 .

1874 5605 2089 5660 modum
2120 5602 2360 5659 excussis
2386 5602 2633 5657 omnibus
2672 5601 2907 5670 ejusdem
2931 5601 3033 5656 loci
3059 5605 3256 5672 verbis,
3294 5607 3453 5679 longe

1936 5741 1953 5807 ι
1986 5746 2164 5807 ρηωρε
2185 5746 2292 5807 ωε,
2312 5751 2324 5786 ε
2348 5747 2436 5807 [me
2456 5742 2564 5807 sum
2585 5741 2961 5807 constenost‘rte,
2986 5736 3091 5789 Itan:
3115 5739 3420 5795 documenta.

1932 5803 1955 5833 ⁸
1984 5802 2057 5849 sic
2078 5799 2389 5849 Floriaeensis
2407 5799 2579 5846 codex.
2604 5803 2659 5860 At
2688 5796 2821 5860 editi,
2855 5796 3064 5860 fittnram
3087 5814 3205 5852 esse.

1934 5862 2227 5930 (a)__ljrotasii
2252 5868 2303 5930 et
2324 5860 2552 5930 cervasii.
2580 5857 2886 5930 vide_lib._'9;.2
2902 5862 2964 5912 de
2987 5864 3185 5916 Civitate
3216 5870 3316 5929 Dei,
3344 5879 3449 5930 cap.

1872 5924 1919 5986 8,
1938 5919 2136 5974 et'lih.9
2157 5922 2531 5983 Coufessionum,
2555 5931 2657 5981 cap.
2684 5919 2733 5981 7,
2760 5928 2854 5972 etc.
3305 5919 3314 5929 '
3400 5919 3411 5930 '
3446 5958 3453 5961 _
