3998 6484
553 415 649 471 451

549 531 690 586 aliud
733 531 932 587 indicat
974 547 1133 603 quam
1172 545 1266 586 vos
1322 533 1536 603 putatis.
1594 533 1660 588 Et
1688 533 1733 588 si
1764 533 1866 588 hoc
1909 539 2128 587 sonaret

547 623 689 693 quod
713 623 894 686 vultis.
913 624 1320 679 Maximianista:
1341 640 1436 679 vos
1467 625 1517 679 in
1545 639 1610 680 eo
1637 625 1930 680 vincerent.
1966 622 2132 693 Magis

546 717 690 770 enim
718 716 969 771 meridies
997 716 1294 784 l’rovincia,
1321 717 1630 790 Byzacium,
1656 717 1908 787 Tripolis,
1943 716 2032 771 ubi
2064 714 2137 770 illi

547 819 672 863 sunt
692 809 1009 878 quicumque
1030 816 1174 876 sunt,
1198 824 1357 880 quam
1381 808 1648 883 Numidia,
1673 807 1761 863 ubi
1777 823 1872 862 vos
1895 806 2132 877 przepol-

549 903 686 957 letis.
719 902 790 955 Ita
847 917 973 972 ergo
1003 901 1102 972 ipsi
1147 901 1453 973 germanius
1496 910 1551 956 et
1577 901 1878 956 distinctius
1909 906 2132 970 possunt

543 994 612 1049 de
636 993 857 1048 meridie
885 994 1097 1063 gloriari
1116 1035 1132 1058 ,
1179 1001 1236 1048 ut
1263 1008 1357 1049 eo;
1385 993 1677 1048 excludere
1705 992 1772 1047 ab
1795 992 1894 1048 hac
1915 1000 2136 1047 senten-

549 1088 616 1140 tia
649 1103 752 1142 non
777 1087 992 1157 possitis
1017 1129 1030 1149 ,
1056 1087 1156 1141 nisi
1185 1087 1237 1140 in
1271 1086 1378 1140 illis
1409 1087 1588 1142 verbis
1619 1101 1810 1154 verum
1839 1100 2055 1141 sensum
2081 1093 2136 1140 et

545 1178 870 1233 catholicum
939 1179 1200 1244 teneatis,
1255 1178 1646 1244 ostendentes,
1715 1177 1798 1232 eis
1842 1175 2132 1231 secundum

543 1281 774 1341 quatuor
820 1271 1041 1342 angulos
1093 1271 1238 1326 orbis
1285 1279 1549 1326 terrarum
1599 1271 1667 1325 ab
1718 1270 1914 1324 Austro
1960 1267 2127 1336 magis

543 1380 701 1434 quam
728 1365 796 1420 ab
844 1364 1021 1420 Africo
1049 1379 1169 1419 esse
1199 1364 1476 1418 meridiem
1507 1379 1520 1426 ;
1556 1360 1846 1416 secundum
1882 1362 2132 1430 liguratas

544 1467 720 1513 autem
770 1458 1166 1528 Scripturarum
1211 1457 1538 1520 locutiones,
1591 1454 1878 1524 perlectam
1934 1451 2128 1506 mentis

545 1551 1022 1617 illuminationem,
1073 1549 1444 1618 [erroremque
1498 1549 1787 1602 maximum
1817 1544 2128 1608 ebaritatis,

542 1643 722 1698 vocari
749 1643 1027 1698 meridiem
1055 1659 1068 1708 ;
1099 1641 1236 1697 unde
1261 1641 1516 1709 scriptum
1543 1650 1657 1703 est,
1689 1637 1760 1692 Et
1790 1638 2005 1693 tenebrae
2031 1648 2131 1690 tua:

543 1746 783 1803 tanquam
812 1733 1044 1789 meridies
1067 1743 1215 1787 erunt
1243 1731 1394 1804 (lsai.
1417 1747 1560 1797 Lvttt,
1587 1729 1703 1801 10).
1742 1729 1955 1800 Aliquid
1994 1743 2124 1798 ergo

543 1825 774 1893 proferte
800 1823 939 1894 quod
981 1839 1085 1878 non
1136 1831 1319 1878 contra
1349 1836 1445 1876 vos
1494 1822 1669 1876 verius
1710 1821 2126 1890 interpretetur;

541 1917 634 1972 sed
665 1916 804 1987 quod
835 1917 1124 1986 interprete
1148 1915 1367 1970 omnino
1385 1931 1488 1970 non
1517 1923 1690 1986 egeat.
1713 1914 1861 1970 Sicut
1881 1930 1986 1968 non
2008 1921 2130 1983 eget

543 2005 850 2076 interprete,
903 2005 970 2058 In
1013 2006 1200 2059 semine
1230 2015 1315 2058 tuo
1373 2005 1730 2058 benedicentur
1760 2020 1931 2057 omnes
1959 2013 2129 2074 gentes

551 2096 988 2168 (Gaz.xxn,18)
1022 2097 1180 2166 :quia
1210 2111 1392 2152 semen
1436 2096 1663 2151 Abrahae
1707 2094 1976 2151 Christum
2021 2111 2127 2150 non

542 2202 662 2257 ego,
691 2187 783 2242 sed
807 2188 1093 2256 Apostolus
1112 2186 1724 2259 interpretatur(Galat.
1743 2203 1820 2254 ιιι,
1851 2187 1960 2259 l6).
1982 2187 2130 2243 Sicut

543 2297 650 2336 non
676 2291 795 2352 eget
825 2281 1136 2350 interprete,
1169 2279 1249 2335 Tu
1273 2282 1407 2335 enim
1435 2281 1688 2336 vocaberis
1731 2282 1964 2335 voluntas
1995 2297 2123 2344 mea,

541 2382 587 2426 et
608 2383 741 2427 terra
763 2383 848 2427 tua
872 2374 1003 2427 orbis
1031 2383 1280 2427 terrarum
1320 2372 1477 2444 (lsai.
1518 2389 1640 2437 un,
1678 2373 1736 2444 ι)
1768 2390 1781 2426 :
1813 2374 1933 2444 quia
1961 2373 2011 2428 ei
2039 2373 2125 2427 di-

541 2464 679 2519 citur
702 2507 714 2529 ,
738 2481 893 2535 quam
935 2479 1093 2521 nemo
1125 2464 1448 2520 Christianus
1474 2466 1573 2520 nisi
1604 2466 1898 2521 Ecclesiam
1925 2466 2125 2521 Christi

539 2557 803 2628 intelligit.
835 2557 984 2613 Sicut
1005 2573 1112 2612 non
1138 2567 1258 2628 eget
1287 2559 1598 2629 interprete,
1629 2559 2116 2614 Connnemorabun-

538 2657 622 2704 tur
647 2659 692 2704 et
719 2659 1069 2704 convertentur
1094 2649 1161 2702 ad
1191 2649 1462 2704 Dominum
1488 2650 1704 2705 universi
1725 2651 1850 2720 ﬁnes
1879 2661 2054 2717 terrae,
2078 2660 2124 2704 et

537 2741 820 2794 odorabunt
859 2740 911 2794 in
937 2750 1210 2808 conspectu
1249 2741 1360 2812 ejus
1387 2741 1634 2795 universa:
1659 2743 1842 2811 patriae
1863 2742 2124 2814 gentium;

535 2832 776 2900 quoniam
801 2831 962 2902 ipsius
982 2840 1054 2885 est
1077 2848 1306 2902 regnum,
1336 2841 1383 2885 et
1407 2833 1514 2902 ipse
1537 2832 1878 2887 dominabitur
1898 2834 2123 2904 gentium

539 2919 709 2991 (Psal.
733 2937 843 2986 nl,
891 2920 963 2976 28
985 2962 1000 2988 ,
1035 2921 1133 2991 ‘29)
1175 2939 1186 2975 :
1218 2921 1341 2992 quia
1367 2921 1418 2976 in
1459 2937 1524 2976 eo
1554 2923 1758 2992 psalmo
1789 2924 1999 2988 dicitur,
2036 2925 2122 2979 ubi

539 3014 718 3084 passio
782 3014 990 3070 Domini
1045 3015 1204 3069 etiam
1263 3023 1399 3071 teste
1455 3016 1743 3086 Evangelio
1824 3016 2124 3072 declaratur

537 3105 754 3176 (Matth.
782 3122 950 3172 xxvn,
982 3107 1069 3172 55,
1102 3115 1149 3160 ct
1179 3107 1338 3162 Joan.
1360 3122 1469 3171 six,
1499 3107 1613 3177 2i).
1666 3107 1816 3162 Sicut
1867 3123 1971 3163 non
2003 3116 2124 3178 eget

537 3200 850 3269 interprete,
887 3198 1018 3265 Quia
1047 3199 1306 3269 Oportebat
1335 3198 1594 3252 Christum
1635 3198 1758 3270 pati,
1791 3209 1836 3252 et
1862 3215 2123 3269 resurgere

537 3292 684 3346 tertia
707 3291 805 3356 die,
845 3301 890 3346 et
918 3291 1187 3362 praedicari
1211 3292 1262 3344 in
1290 3291 1493 3345 nomine
1523 3291 1634 3361 ejus
1658 3291 1999 3360 paenitentiam
2028 3333 2042 3356 ,
2075 3301 2123 3345 rt

533 3383 876 3438 remissionem
897 3392 1216 3454 peccatorum
1247 3399 1335 3453 per
1359 3399 1528 3436 omnes
1557 3391 1747 3453 gentes,
1769 3382 2122 3454 incipientibus

536 3473 601 3528 ub
624 3472 909 3528 Jerusalem
941 3472 1090 3544 (Luc.
1129 3487 1275 3536 xnv,
1318 3473 1406 3537 46,
1440 3473 1555 3544 47).
1583 3474 1729 3528 Sicut
1752 3488 1856 3528 non
1884 3483 2001 3544 eget
2036 3474 2119 3528 in-

540 3574 792 3636 terprete,
825 3563 892 3618 Et
920 3564 1057 3618 eritis
1087 3563 1209 3617 mihi
1243 3571 1387 3617 testes
1430 3564 1480 3616 in
1517 3563 1822 3629 Jerusalem,
1847 3574 1892 3618 ct
1918 3564 1971 3618 in
2018 3573 2122 3620 tota

535 3658 744 3724 Judtza,
771 3667 822 3712 et
853 3655 1112 3721 Samaria,
1145 3664 1190 3708 et
1221 3671 1377 3722 usque
1404 3655 1457 3709 in
1487 3663 1640 3708 totum
1666 3653 1894 3728 terram(
1922 3656 2034 3710 Act.
2069 3673 2107 3721 ι,

533 3753 624 3822 8).
655 3749 896 3819 Cmpisse
931 3749 1074 3804 enim
1128 3747 1423 3802 Ecclesiam
1461 3747 1529 3802 ab
1582 3747 1876 3802 Jerusalem
1903 3788 1917 3812 ,
1961 3760 2120 3818 atque

538 3843 662 3899 inde
701 3843 808 3898 isse
831 3841 1034 3897 circum
1081 3839 1342 3907 Judznam,
1373 3847 1426 3895 et
1462 3838 1780 3905 Samariam,
1810 3846 1864 3894 ct
1891 3847 2115 3895 caeteras

535 3943 722 4007 gentes
746 3976 760 3999 ,
801 3933 1180 4004 consequentia
1218 3942 1365 4004 gesta
1409 3941 1671 3987 testantur
1708 3933 1980 3988 canonicis
2026 3933 2117 3986 lir-

536 4033 678 4081 mata
704 4024 1059 4090 documentis.
1089 4023 1239 4078 Sicut
1266 4038 1373 4076 non
1401 4029 1524 4091 eget
1551 4021 1860 4092 interprete,
1892 4019 1960 4075 Et
1989 4037 2121 4091 pra:-

539 4115 788 4170 dicabitur
808 4115 903 4169 hoc
937 4112 1273 4185 Evangelium
1303 4112 1446 4182 regni
1471 4111 1525 4165 in
1553 4112 1784 4165 universo
1807 4111 1924 4165 orbe
1952 4113 2004 4165 in
2050 4121 2122 4165 te-

537 4207 826 4260 stimonium
854 4203 1086 4258 omnibus
1111 4201 1340 4274 gentibus
1361 4217 1380 4265 ;
1408 4209 1453 4254 et
1471 4211 1590 4254 tunc
1611 4202 1766 4255 veniet
1785 4203 1920 4270 ﬁnis.
1949 4202 2120 4256 Inter-

538 4305 756 4368 rogatus
796 4297 939 4351 enim
997 4295 1254 4349 Dominus
1302 4292 1371 4348 de
1401 4293 1506 4349 line
1557 4293 1716 4364 hujus
1745 4293 1947 4360 saeculi,
1995 4309 2117 4349 cum

539 4388 782 4460 qumdam
807 4387 953 4441 initia
981 4384 1374 4455 parturitionum
1400 4385 1418 4416 ³
1449 4384 1690 4453 dixisset,
1722 4385 1794 4438 ait
1825 4401 1837 4437 :
1866 4383 1971 4440 Sed
1997 4401 2122 4439 non-

537 4482 660 4535 dum
695 4488 769 4534 est
819 4478 932 4548 linis
963 4475 1174 4547 (Matth.
1211 4490 1354 4542 xxw,
1388 4475 1476 4540 14,
1511 4475 1545 4530 8
1571 4515 1586 4540 ,
1614 4475 1688 4545 6).
1722 4475 1909 4530 Finem
1943 4484 2120 4531 autem

539 4575 774 4626 luturum
820 4567 1060 4639 prsidiin
1113 4573 1234 4634 post
1273 4564 1703 4634 praedicationem
1752 4566 2022 4637 Evangelii
2067 4567 2120 4622 in

537 4665 789 4718 universo
813 4659 946 4715 orbe
973 4658 1027 4712 in
1073 4655 1320 4712 omnibus
1356 4652 1623 4727 gentibus.
1677 4656 1826 4710 Sicut
1867 4670 1972 4711 non
1999 4667 2122 4727 eget

542 4755 856 4822 interprete,
888 4749 1053 4805 Sinite
1076 4759 1288 4821 utraque
1319 4763 1540 4802 crescere
1563 4765 1721 4819 usque
1749 4748 1817 4802 ad
1859 4765 2072 4803 messem
2098 4765 2118 4804 :

542 4845 666 4914 quia
692 4857 812 4898 cum
843 4849 1026 4912 egeret
1056 4840 1368 4910 interprete,
1408 4839 1522 4909 ipse
1561 4839 1816 4894 Dominus
1861 4839 2122 4910 interpre-

539 4946 683 4992 tatus
705 4943 826 5000 est;
877 4943 936 4990 et
988 4934 1100 5004 ipse
1128 4932 1380 5001 exposuit
1399 4971 1426 4998 ,›
1445 4933 1531 4986 cui
1563 4946 1720 4986 nemo
1749 4931 2120 4987 contradicere

529 5035 732 5098 potest,
760 5025 998 5081 maxime
1027 5025 1079 5078 in
1108 5039 1170 5078 ea
1202 5022 1474 5092 parabola,
1503 5037 1623 5092 qua:
1661 5022 1729 5076 ab
1776 5023 1864 5076 illo
1913 5023 2118 5092 prolata

527 5128 612 5176 est
643 5135 658 5173 :
679 5126 734 5174 et
758 5118 872 5188 ipse
886 5115 961 5170 ait
980 5115 1176 5170 bonum
1197 5128 1380 5168 semen
1402 5127 1522 5167 esse
1545 5112 1678 5168 ﬁlios
1701 5115 1881 5183 regni;
1909 5131 2117 5183 agrum,

530 5210 836 5274 mundum;
865 5219 1120 5271 messem,
1163 5204 1321 5260 linem
1359 5203 1540 5258 saeculi
1573 5201 1593 5274 (
1619 5202 1706 5257 Id.
1735 5220 1846 5269 χιιι,
1887 5205 1975 5269 ⁸50,
2009 5206 2078 5261 38
2100 5248 2114 5271 ,

530 5303 598 5358 59
621 5301 664 5373 ).
689 5299 818 5356 Tale
843 5296 1042 5368 aliquid
1069 5293 1304 5367 proferte
1325 5294 1409 5349 vel
1435 5309 1596 5348 unum
1621 5335 1636 5359 ,
1665 5310 1771 5365 quo
1787 5297 2121 5364 apertissime

534 5393 712 5450 Alrica
745 5391 1066 5454 declaretur,
1101 5387 1184 5442 vel
1217 5387 1268 5442 in
1297 5386 1516 5456 reliquis
1543 5393 1562 5423 θ
1589 5386 1702 5440 sola
1740 5385 2016 5456 derelicta,
2037 5389 2119 5444 vel

537 5485 603 5540 ad
629 5483 953 5556 principium
975 5477 1270 5536 renovandi
1299 5485 1357 5534 et
1407 5477 1658 5547 implendi
1689 5479 1834 5535 orbis
1865 5480 1977 5534 sola
2003 5497 2120 5535 ser-

541 5585 684 5630 vata.
713 5573 896 5642 Neque
950 5572 1093 5630 enim
1158 5577 1237 5626 tot
1285 5569 1608 5626 testimoniis
1651 5571 2121 5629 commendaretur

539 5811 550 5822 η
599 5751 613 5782 ¹
651 5753 707 5822 tn
724 5745 982 5811 Evangelio
1013 5760 1176 5812 graece
1202 5753 1296 5808 est,
1313 5743 1529 5798 sanun:
1553 5748 1600 5799 id
1623 5756 1717 5814 est,
1742 5749 1963 5804 dolorum
1983 5754 2124 5820 quasi

533 5825 580 5862 ω
595 5819 956 5926 maiach
977 5871 1149 5936 codex,
1175 5870 1246 5923 ωι
1267 5869 1319 5924 in
1339 5868 1572 5932 reliquiis.

1627 417 1897 475 CONTRA
1940 415 2280 472 DONATIST
2289 416 2367 473 AS
2407 419 2761 488 EPISTOLA,
2931 471 2936 474 .
3681 446 3768 506 η,

2247 532 2388 627 quod
2418 544 2536 589 erat
2560 535 2668 591 cito
2698 535 2990 607 periturum
3011 579 3025 604 ,
3055 546 3108 593 et
3156 538 3232 594 sic
3255 549 3522 616 taceretur,
3546 561 3765 627 autquod

2247 623 2416 678 solum
2437 635 2580 682 esset
2605 627 3034 698 relinquendum,
3062 638 3154 684 aut
3172 644 3236 686 ex
3265 648 3368 704 quo
3392 639 3501 693 solo
3525 623 3675 700 totum
3691 664 3768 706 es-

2246 723 2328 770 set
2348 718 2700 787 reparandum
2723 720 3138 790 etimplendum.
3156 722 3212 778 Si
3241 735 3412 782 autem
3437 745 3534 786 non
3560 741 3767 806 potestis,

2244 807 2386 876 quod
2414 817 2519 863 tam
2543 808 2686 880 jusle
2715 825 2745 865 a
2769 811 2920 868 vobis
2946 811 3263 884 ﬂagitamus,
3311 821 3768 892 ostendere;cedile

2245 898 2456 953 veritati
2485 900 2523 966 ⁸,
2552 902 2914 970 contieescite,
2949 904 3342 975 obdormiseite,
3376 925 3406 964 a
3431 911 3598 972 lurore
3611 932 3766 990 expet.

2241 988 2503 1060 giscimini
2532 991 2585 1046 in
2613 993 2858 1048 salutem.

2313 1079 2402 1135 52.
2431 1082 2513 1136 An
2543 1082 2716 1139 adhuc
2739 1084 2915 1140 dicitis
2943 1104 2956 1142 :
2990 1086 3053 1142 Si
3078 1073 3217 1157 apud
3240 1105 3324 1145 vos
3356 1103 3425 1147 est
3449 1093 3680 1166 Ecclesia,
3706 1115 3772 1156 ut-

2242 1172 2368 1240 quid
2396 1189 2489 1226 nos
2517 1173 2585 1226 ad
2605 1178 2713 1244 ejus
2729 1193 2902 1246 pacem
2929 1182 3270 1250 persequendo
3297 1186 3578 1254 compellitis
3597 1190 3620 1242 Ρ
3640 1204 3714 1246 aut
3733 1196 3768 1248 si

2241 1264 2364 1318 mali
2401 1281 2577 1320 sumus
2599 1307 2614 1333 ,
2658 1268 2780 1338 quid
2807 1286 2898 1324 nos
2921 1273 3188 1342 quaeritis?
3223 1273 3289 1328 Et
3321 1275 3363 1330 si
3389 1279 3573 1334 zizania
3608 1299 3768 1349 sumus,

2238 1355 2386 1410 sinite
2411 1374 2504 1413 nos
2524 1375 2741 1415 crescere
2774 1378 2930 1433 usque
2947 1363 3015 1416 ad
3035 1367 3278 1422 messem?
3296 1367 3451 1436 Quasi
3477 1367 3583 1437 nos,
3612 1375 3771 1443 quibus

2240 1447 2412 1502 modis
2459 1464 2760 1518 possumus,
2805 1453 2946 1508 aliud
2975 1469 3195 1525 agamus
3215 1499 3230 1524 ,
3261 1459 3358 1513 nisi
3385 1476 3450 1516 ne
3485 1463 3686 1518 triticum
3711 1467 3770 1521 si-

2239 1540 2347 1594 mul
2377 1541 2698 1609 eradicetur,
2731 1545 2856 1600 dum
2879 1555 3002 1600 ante
3029 1557 3237 1618 tempus
3260 1551 3453 1606 zizania
3479 1564 3767 1623 separantur.

2236 1631 2569 1706 Quicumque
2593 1638 2734 1691 enim
2765 1637 2886 1693 boni
2930 1640 2982 1694 in
3021 1651 3280 1696 azternum
3321 1642 3475 1698 futuri
3517 1656 3656 1713 sunt,
3688 1648 3770 1704 etsi

2237 1725 2302 1780 ad
2327 1734 2536 1796 tempus
2564 1729 2687 1782 mali
2717 1740 2839 1785 sunt
2865 1733 2908 1798 ⁸,
2937 1747 3043 1788 non
3069 1733 3286 1800 zizania,
3315 1735 3408 1792 sed
3438 1737 3645 1793 triticum
3669 1749 3770 1796 sunt

2237 1817 2290 1872 in
2333 1821 2669 1889 pnescientia
2711 1823 2822 1879 Dei.
2869 1825 2959 1880 Sic
3000 1835 3178 1882 autem
3208 1843 3306 1883 nos
3329 1832 3607 1898 accusatis,
3634 1848 3772 1902 quare

2233 1923 2330 1964 vos
2358 1925 2660 1981 qumramus
2685 1913 2727 1967 si
2751 1915 2872 1968 mali
2890 1915 3040 1981 estis,
3071 1918 3222 1988 quasi
3250 1934 3352 1974 non
3383 1920 3433 1974 in
3459 1935 3522 1975 eo
3549 1922 3770 1991 perieritis

2233 2016 2342 2071 quo
2367 2003 2491 2057 mali
2518 2004 2667 2072 estis,
2694 2013 2748 2060 et
2775 2006 2896 2061 ideo
2918 2007 3036 2062 sitis
3062 2011 3334 2079 quaerendi
3361 2051 3376 2076 ,
3411 2012 3525 2080 quia
3554 2013 3767 2083 periistis,

2233 2102 2294 2148 ut
2339 2095 2531 2166 perditi
2560 2098 2908 2168 quaeramini,
2937 2101 3143 2168 quaesiti
3191 2101 3560 2168 inveniamini,
3602 2103 3767 2159 inventi

2233 2187 2559 2243 revocemini
2583 2229 2597 2253 ,
2627 2188 2766 2245 sicut
2806 2190 2894 2244 illa
2920 2191 3035 2246 ovis
3058 2206 3090 2246 a
3131 2202 3343 2262 pastore
3363 2234 3378 2259 ,
3415 2193 3546 2247 sicut
3572 2193 3650 2247 illa
3670 2192 3770 2248 dra.

2232 2277 2386 2332 chma
2424 2294 2454 2332 a
2481 2279 2706 2335 muliere
2724 2323 2742 2347 ,
2768 2281 2906 2335 sicut
2932 2281 3020 2336 ille
3049 2282 3186 2338 lilius
3220 2284 3309 2354 qui
3340 2294 3571 2339 mortuus
3594 2292 3694 2338 erat
3725 2292 3770 2340 et

2231 2371 2426 2427 revixit
2449 2414 2463 2437 ,
2499 2373 2728 2443 perierat
2752 2383 2805 2430 et
2837 2375 3082 2430 inventus
3111 2386 3193 2432 est
3231 2376 3394 2446 (Luc.
3443 2375 3562 2446 xv).
3590 2376 3674 2432 Ille
3693 2391 3769 2431 vos

2230 2463 2372 2519 enim
2398 2465 2608 2535 qumrit,
2652 2466 2742 2538 qui
2786 2467 2839 2522 in
2891 2468 3088 2524 sanctis
3137 2467 3362 2539 habitat,
3393 2479 3448 2526 et
3483 2471 3684 2540 imperat
3723 2478 3769 2526 ut

2229 2556 2562 2625 quaeramini.

2298 2646 2526 2703 CAPUT
2544 2647 2820 2720 XX(a).—
2835 2651 2922 2706 55.
2951 2651 3025 2706 De
3046 2653 3412 2721 persecutione
3435 2662 3600 2709 autem
3622 2660 3768 2708 vestra

2229 2739 2440 2807 querela
2463 2740 2754 2807 sedabitur,
2775 2743 2818 2796 si
2836 2744 3080 2814 cogitetis
3102 2754 3156 2800 et
3181 2745 3482 2815 intelligatis
3505 2745 3656 2818 prius,
3683 2759 3768 2800 non

2227 2842 2439 2884 omnem
2495 2833 2919 2900 persecutionem
2977 2849 3098 2890 esse
3156 2836 3468 2907 culpabilem
3515 2855 3530 2892 :
3573 2834 3768 2906 alioquin

2227 2932 2336 2973 non
2364 2919 2699 2978 laudabiliter
2736 2923 3004 2980 diceretur
3023 2967 3036 2989 ,
3067 2925 3423 2982 Detrahentem
3454 2928 3663 2998 proxima
3694 2941 3788 2980 suo-

2227 3015 2446 3081 occulte,
2477 3015 2613 3069 hunc
2639 3019 2968 3088 persequebar
2993 3018 3011 3090 (
3032 3017 3175 3074 Psal.
3204 3037 3235 3076 c
3260 3063 3275 3089 ,
3302 3021 3393 3091 5).
3423 3021 3546 3076 Nam
3571 3017 3770 3090 quotidie

2225 3105 2469 3161 videmus
2507 3115 2561 3161 et
2608 3107 2772 3163 lilium
2815 3108 2882 3164 de
2921 3119 3071 3180 patre
3107 3120 3356 3183 tanquam
3383 3112 3451 3168 de
3477 3118 3771 3182 persecutore

2227 3213 2326 3254 suo
2353 3198 2634 3269 conqueri;
2666 3208 2719 3254 et
2752 3200 3032 3272 eonjugem
3059 3201 3127 3258 de
3155 3204 3348 3259 marito
3371 3245 3386 3270 ,
3417 3213 3469 3258 et
3503 3215 3692 3258 servum
3715 3199 3771 3254 de

2226 3290 2464 3358 domino,
2479 3299 2532 3346 et
2559 3291 2806 3347 colonum
2835 3292 2902 3348 de
2924 3307 3254 3363 possessore,
3269 3303 3326 3351 et
3354 3311 3496 3351 reum
3518 3293 3582 3350 de
3597 3292 3768 3364 judice,

2226 3388 2281 3434 et
2304 3379 2525 3435 militem
2564 3380 2651 3436 vel
2681 3381 3058 3451 provincialem
3101 3383 3168 3440 de
3210 3383 3348 3440 duce
3375 3385 3452 3440 vel
3490 3398 3632 3454 rege;
3671 3394 3770 3434 cum

2228 3470 2300 3525 illi
2342 3471 2651 3542 plerumque
2691 3473 3082 3528 ordinatissima
3133 3484 3399 3545 potestate
3430 3476 3525 3531 sibi
3565 3472 3771 3529 homines

2227 3561 2465 3618 subditos
2504 3578 2602 3633 per
2648 3572 2879 3620 terrores
2906 3564 3160 3620 leviorum
3193 3582 3470 3637 poenarum
3499 3583 3525 3620 a
3553 3561 3770 3635 graviori-

2227 3651 2328 3706 bus
2355 3653 2509 3708 malis
2537 3653 2856 3724 prohibeant
2897 3664 3055 3726 atque
3078 3667 3456 3727 compescant;
3499 3657 3771 3728 plerumque

2227 3751 2404 3799 autem
2427 3759 2458 3799 a
2491 3745 2627 3800 bona
2653 3745 2758 3800 vita
2789 3756 2843 3802 et
2885 3762 2915 3800 a
2951 3747 3106 3804 bonis
3135 3747 3290 3805 laetis
3335 3749 3577 3805 minando
3609 3756 3658 3803 et
3684 3759 3769 3800 se-

2227 3834 2418 3890 viendo
2439 3835 2780 3892 deterreant:
2812 3837 2906 3893 sed
2945 3853 3065 3893 eum
3088 3855 3118 3894 a
3149 3842 3294 3898 malo
3335 3851 3390 3897 ct
3415 3841 3587 3896 illicito
3621 3834 3771 3908 prohi-

2228 3927 2374 3992 bent,
2421 3936 2754 3984 correctores
2789 3937 2845 3984 et
2869 3930 3203 3986 consultores
3241 3943 3396 3997 sunt;
3423 3948 3540 3988 cum
3575 3937 3770 3983 autcma

2228 4019 2371 4074 bono
2399 4027 2453 4074 et
2477 4019 2644 4087 licito,
2674 4030 3048 4090 persecutores
3072 4030 3126 4078 et
3151 4037 3493 4093 OppreSsnrcs
3518 4029 3650 4075 sunt.
3670 4016 3771 4072 Culo

2229 4118 2419 4179 pantur
2441 4112 2599 4167 etiam
2623 4113 2710 4182 qui
2739 4112 3025 4182 prohibent
3047 4129 3075 4167 a
3099 4115 3239 4168 malo
3267 4157 3282 4182 ,
3307 4117 3350 4171 si
3373 4114 3578 4169 modum
3604 4105 3770 4181 peccati

2227 4202 2418 4258 modus
2445 4201 2788 4258 coercitionis
2817 4204 3061 4260 excedat.
3092 4205 3220 4262 Item
3247 4207 3368 4276 jure
3389 4203 3619 4276 culpandi
3645 4205 3765 4261 sunt,

2227 4293 2315 4363 qui
2346 4293 2557 4349 turbide
2590 4303 2749 4365 atque
2775 4295 3072 4352 inordinate
3101 4297 3154 4352 in
3182 4313 3280 4353 eos
3315 4295 3626 4353 coercendos
3663 4289 3746 4346 insi

2228 4383 2381 4451 liunt,
2409 4386 2498 4455 qui
2525 4386 2669 4440 nulla
2694 4386 2793 4440 sibi
2819 4391 2934 4456 lege
2957 4387 3179 4459 subjecti
3208 4399 3354 4444 sunt.

2298 4477 2389 4533 54.
2427 4477 2656 4533 Proinde
2681 4478 3179 4536 Circumcellionum
3211 4492 3506 4537 vestrorum
3539 4471 3767 4529 inordina~

2229 4576 2310 4624 tas
2350 4569 2590 4624 Iicentias
2636 4579 2691 4626 et
2729 4573 2986 4636 superbas
3023 4573 3257 4625 insanias
3288 4574 3430 4640 juste
3472 4560 3769 4637 reprehendi-

2227 4673 2367 4720 mus,
2411 4657 2572 4712 etiam
2611 4672 2731 4711 eum
2761 4657 3027 4728 aliquibus
3081 4661 3328 4730 pessimis
3379 4657 3588 4715 violenti
3629 4660 3767 4708 sunt:

2227 4749 2348 4818 quia
2379 4749 2560 4803 illicita
2583 4748 2764 4803 illicitc
2793 4747 3086 4819 vindicare,
3114 4760 3168 4806 et
3195 4752 3263 4808 ab
3288 4749 3481 4806 illicitis
3505 4748 3669 4804 illicito
3689 4741 3768 4795 de-

2229 4849 2449 4904 terrere,
2478 4854 2583 4894 non
2612 4849 2694 4894 est
2721 4839 2940 4895 bonum.
2963 4841 3096 4896 Cum
3127 4858 3254 4897 vero
3300 4851 3357 4898 et
3400 4842 3687 4896 innocentes
3705 4831 3768 4886 vel

2227 4947 2383 4988 causa
2431 4932 2718 5002 incognita,
2769 4933 2854 4987 vel
2898 4932 3244 5002 iniquissimis
3293 4931 3575 4988 inimicitiis
3621 4938 3770 4998 μειϐο-

2228 5031 2480 5093 quuntur,
2523 5023 2643 5092 quis
2692 5036 2877 5078 eorum
2931 5023 3340 5078 sceleratissima
3393 5020 3649 5078 latrocinia
3683 5028 3769 5070 non
3817 5031 3826 5040 ·

2228 5113 2636 5182 perhorrescat?
2665 5114 2734 5168 At
2770 5128 2898 5168 vero
2939 5115 3081 5184 quod
3124 5115 3618 5170 Maximianistarum
3653 5109 3769 5162 luro-

2227 5219 2340 5260 rem
2366 5203 2572 5273 legibus
2597 5203 2824 5273 publicis
2854 5205 3207 5261 coercendum
3237 5206 3480 5277 putastis,
3505 5212 3560 5259 ut
3591 5214 3674 5258 eos
3694 5208 3770 5266 per

2223 5295 2370 5366 jussa
2406 5295 2645 5365 judicum
2695 5305 2750 5351 et
2770 5298 3168 5353 exsecutionem
3197 5299 3500 5354 ("liciorum
3531 5301 3583 5351 et
3607 5286 3768 5346 auxilia

2228 5389 2496 5445 civitatum
2525 5389 2706 5458 pulsos
2728 5389 2794 5444 de
2815 5390 3046 5446 basilicis
3071 5407 3204 5462 quas
3234 5391 3502 5456 tenebant,
3532 5387 3593 5442 ad
3618 5379 3768 5440 consi-

2228 5480 2554 5537 derationem
2582 5481 2662 5536 sui
2701 5481 2918 5537 sceleris
2949 5483 3206 5552 urgeretis
3228 5482 3249 5514 ³
3271 5524 3286 5550 ,
3328 5497 3433 5538 non
3468 5469 3770 5550 reprehendis

2293 5635 2309 5666 ¹
2344 5635 2416 5682 sic
2435 5630 2750 5682 Floriaeensis
2768 5631 2943 5682 codex.
2969 5637 3022 5681 At
3047 5630 3184 5692 editi,
3202 5630 3383 5682 credite

2292 5697 2313 5727 -
2345 5674 2942 5745 iussisseiussisse:
2969 5674 3187 5753 ’Βηῖἧίἓίζ
3203 5674 3628 5758 suae
3675 5674 3768 5731 mall

2226 5763 2480 5882 mitium,
2505 5817 2785 5882 argueretis.
2810 5819 3108 5882 Castigautur
3124 5831 3188 5870 ex
3208 5814 3554 5878 manuscrilm‘;

2299 5882 2372 5944 (a)
2408 5879 2546 5944 Olim,
2564 5879 2675 5944 cap.
2702 5881 2776 5931 l7.
