3998 6484
213 445 315 504 433

213 577 356 625 mus;
402 560 504 616 nisi
533 557 652 630 quia
694 559 794 616 hoc
841 558 892 614 in
922 560 1000 618 eis
1047 560 1285 617 insectati
1311 562 1460 624 estis,
1509 558 1647 630 quod
1694 559 1795 628 ipsi

212 651 433 718 fecistis,
465 651 581 706 imo
601 652 766 708 multo
799 651 964 706 levius
991 667 1148 722 quam
1174 652 1391 707 fecistis.
1424 651 1506 706 Illi
1532 651 1672 706 enim
1695 649 1793 703 ad-

211 758 396 798 versus
444 751 650 814 partem
693 742 901 809 Donati,
952 757 1049 798 vos
1096 753 1270 798 autem
1313 743 1566 797 adversus
1609 742 1796 797 orbem

210 846 494 900 terrarum,
517 844 571 890 et
593 835 848 890 adversus
874 835 989 906 ejus
1005 836 1184 914 verba,
1209 836 1295 906 qui
1318 835 1612 891 Ecclesium
1643 849 1792 890 suam

209 929 550 1000 incipientem
579 929 646 984 ab
662 928 956 985 Jerusalem
987 944 1082 999 per
1107 943 1294 984 omnes
1313 938 1497 1000 gentes
1526 943 1799 982 commen-

208 1019 369 1085 davit,
397 1021 671 1092 sacrilegae
694 1020 1043 1076 dissensionis
1068 1021 1234 1074 altare
1267 1019 1530 1075 erexistis.
1555 1019 1723 1074 Porro
1749 1018 1795 1073 si

209 1112 612 1169 llfaximianistze
637 1113 962 1183 jussiouibus
983 1113 1222 1184 jntlicum
1250 1112 1504 1168 adversus
1535 1129 1594 1167 se
1624 1111 1795 1182 impe-

208 1205 357 1260 tratis
384 1205 570 1262 illicite
602 1215 657 1261 et
678 1205 876 1262 furiose
904 1206 1153 1260 resistere
1182 1205 1458 1269 auderent,
1489 1219 1665 1258 nonne
1696 1202 1796 1272 ipsi

205 1295 303 1350 sibi
320 1295 580 1366 judicium
603 1297 980 1368 acquirerent?
1003 1296 1210 1352 dicente
1227 1296 1485 1366 Apostolo
1500 1337 1514 1361 ,
1548 1294 1648 1362 Qui
1663 1294 1796 1347 enim

205 1390 390 1443 resistit
420 1394 673 1461 potestati,
699 1388 795 1444 Dei
829 1391 1137 1445 ordiuatioui
1169 1390 1390 1455 resistit;
1414 1390 1499 1460 qui
1524 1399 1690 1442 autem
1710 1404 1793 1442 re-

203 1481 408 1548 sistunt,
435 1481 534 1552 ipsi
553 1481 646 1536 sibi
656 1482 909 1553 judicium
936 1483 1221 1552 acquirunt,
1252 1481 1518 1552 Principes
1539 1482 1670 1535 enim
1695 1497 1796 1535 non

206 1580 321 1624 sunt
375 1572 548 1626 timori
593 1572 722 1627 bono
759 1573 918 1643 operi,
963 1575 1050 1627 sed
1089 1573 1221 1627 malo
1251 1573 1424 1644 (Rom.
1457 1588 1586 1639 χιιι,
1624 1571 1680 1634 2,
1711 1572 1791 1638 3).

205 1660 335 1716 Cum
375 1677 509 1734 ergo
557 1679 741 1718 eorum
782 1664 982 1717 malum
1029 1680 1163 1733 opus
1207 1664 1497 1729 existeret,
1529 1663 1668 1733 quod
1700 1679 1796 1718 vos

205 1766 298 1822 per
325 1753 602 1809 ordinatas
627 1764 917 1824 potestates
945 1755 1196 1810 cohibere
1220 1754 1556 1811 conabamiui
1579 1773 1592 1819 ;
1617 1755 1660 1809 si
1692 1755 1795 1808 vel-

203 1844 309 1899 icnt
331 1845 409 1900 illi
439 1861 535 1917 pro
563 1848 678 1917 ipso
709 1848 848 1901 malo
878 1864 1039 1918 opere
1070 1864 1168 1903 suo
1191 1888 1207 1916 ,
1241 1849 1421 1918 pejore
1459 1863 1620 1916 opere
1667 1847 1795 1916 lcgi-

202 1937 296 1992 bus
322 1937 625 2006 adversari;
662 1940 913 2011 numquid
951 1956 982 1994 a
1012 1942 1182 2003 vobis.
1239 1951 1294 1995 et
1325 1956 1429 1994 non
1466 1955 1492 1992 a
1543 1956 1602 1994 se
1643 1941 1791 2007 ipsis,

201 2029 456 2100 quidquid
486 2031 565 2086 eis
589 2032 710 2086 mali
741 2033 1028 2098 accideret,
1054 2031 1395 2102 paterentur?
1439 2031 1792 2099 Qnetuadmo‘

200 2124 323 2178 dum
373 2125 696 2196 quicumque
752 2125 1006 2181 voluisset
1055 2126 1235 2181 dicere
1298 2124 1680 2194 blasphemiam
1741 2124 1791 2177 in

202 2214 368 2269 Deum
396 2215 654 2280 Sidrach,
685 2215 920 2284 Misach,
967 2225 1020 2271 et
1050 2216 1358 2284 Abdenago,
1399 2224 1452 2270 et
1501 2214 1790 2272 secundum

201 2305 432 2360 edictum
459 2307 599 2377 regis
619 2322 739 2362 cum
769 2307 930 2362 domo
953 2323 1047 2362 sua
1073 2305 1468 2375 disperderetur
1508 2305 1680 2376 (Dan.
1712 2322 1790 2373 ιιι,

201 2398 336 2469 96);
370 2399 626 2470 numquid
657 2400 758 2456 hoc
793 2401 860 2456 ab
890 2401 1018 2471 ipsis
1065 2401 1232 2455 tribus
1275 2400 1440 2466 viris,
1485 2399 1676 2469 quibus
1725 2399 1793 2454 de

201 2491 320 2560 igne
345 2490 587 2545 liberatis
615 2507 707 2546 rex
735 2502 1034 2547 commotus
1062 2491 1189 2545 illud
1235 2491 1505 2554 edixerat,
1547 2500 1638 2544 aut
1667 2505 1792 2546 vero

201 2580 360 2635 etiam
383 2580 453 2635 ab
477 2580 596 2651 ipso
624 2597 768 2652 rege,
798 2598 860 2636 ac
888 2597 993 2635 non
1025 2582 1200 2651 potius
1219 2597 1248 2635 a
1273 2596 1331 2636 se
1360 2581 1488 2656 ipsis
1515 2581 1604 2635 illa
1632 2581 1790 2651 digna

201 2675 337 2730 mala
384 2676 738 2746 paterentur?
787 2675 840 2732 Si
884 2677 1043 2732 etiam
1101 2675 1451 2748 quadraginta
1499 2676 1573 2732 illi
1597 2675 1788 2742 Jud.ui,

201 2767 285 2833 qui
328 2765 552 2821 Paulum
584 2765 882 2822 interficere
920 2767 1329 2836 conjuraverant
1352 2809 1365 2833 ,
1400 2768 1450 2821 in
1477 2777 1729 2831 armatos,
1759 2783 1789 2822 a

198 2858 394 2928 quibus
450 2859 694 2914 ordinata
746 2861 970 2916 tuitione
1018 2861 1156 2915 idem
1207 2860 1400 2915 Paulus
1430 2859 1794 2915 deducebatur.

201 2951 346 3027 (Act.
382 2968 545 3019 unt,
580 2952 757 3025 12-55)
781 2994 796 3020 ,
829 2953 1134 3021 irruissent;
1165 2953 1418 3024 numquid
1445 2967 1539 3008 eos
1572 2953 1784 3018 Paulus,

197 3057 255 3096 ac
279 3058 389 3096 non
427 3059 489 3098 se
541 3044 644 3114 ipsi
674 3045 1022 3113 potestatibus
1061 3045 1359 3100 resistendo
1406 3045 1790 3116 perculissent?

261 3131 358 3188 55.
399 3131 735 3204 Quapropter
782 3146 835 3190 et
878 3151 976 3192 vos
1021 3136 1135 3190 sine
1167 3136 1394 3190 tumultu
1441 3135 1643 3200 animi,
1671 3135 1788 3190 sine

198 3225 498 3282 turbulenta
546 3229 926 3291 contentione,
970 3229 1088 3284 sine
1130 3227 1482 3284 amaritudine
1543 3227 1787 3284 odiorum

195 3318 531 3374 considerate
569 3319 851 3388 diligenter
875 3336 937 3376 ea
976 3337 1094 3391 qua:
1142 3331 1323 3376 contra
1360 3335 1454 3374 vos
1499 3335 1654 3390 reges
1689 3335 1788 3375 no-

196 3420 321 3463 stra:
378 3412 768 3465 communionis
824 3412 1192 3477 constituunt,
1242 3427 1342 3481 qua
1411 3427 1568 3466 causa
1624 3411 1789 3480 patia-

196 3501 345 3554 tuini.
407 3501 473 3555 Et
523 3501 568 3555 si
616 3516 711 3557 vos
766 3503 818 3556 in
858 3502 1098 3558 Ecclesia
1139 3501 1336 3557 Christi
1389 3517 1509 3556 esse
1564 3502 1785 3557 invene-

195 3592 340 3658 ritis;
371 3592 601 3663 gaudete
621 3602 674 3647 ct
695 3593 955 3649 exsultate
977 3636 992 3660 ,
1021 3594 1142 3663 quia
1173 3608 1378 3648 merces
1403 3603 1575 3648 vestra
1620 3593 1785 3649 multa

196 3694 270 3739 est
319 3685 374 3740 in
428 3685 580 3740 caelis
629 3685 847 3758 (Matth.
899 3703 963 3752 v,
1015 3687 1141 3757 12).
1197 3686 1304 3741 Vos
1342 3686 1482 3742 enim
1537 3696 1785 3756 tanquam

197 3785 456 3848 martyres
483 3778 842 3843 coronamini,
877 3778 951 3832 illi
979 3789 1156 3833 autem
1202 3789 1448 3849 tanquam
1482 3789 1786 3849 persecuto-

197 3879 278 3919 res
301 3875 598 3938 martyrum
620 3866 944 3937 judicantur.
977 3868 1030 3924 Si
1062 3877 1234 3922 autem
1262 3884 1356 3922 vos
1377 3880 1561 3924 contra
1588 3869 1784 3924 Eccle-

195 3957 320 4012 siatn
342 3957 544 4013 Christi
571 3958 738 4014 altare
778 3960 1034 4026 erexisse,
1064 3970 1116 4016 et
1157 3976 1186 4014 a
1220 3961 1507 4015 christiana
1557 3962 1778 4030 unitate,

195 4064 305 4114 qua:
344 4059 459 4105 toto
485 4050 616 4104 orbe
655 4050 996 4118 diffunditur,
1027 4053 1286 4123 Sacrilego
1315 4053 1602 4109 schismate
1625 4069 1780 4125 st'pa-

194 4149 331 4196 ratos
361 4157 484 4197 esse
515 4151 569 4197 et
597 4145 806 4212 corpori
831 4143 1062 4208 Christi,
1107 4145 1250 4215 quod
1289 4154 1369 4200 est
1398 4145 1637 4200 Ecclesia
1671 4157 1781 4201 toto

193 4234 316 4288 orbe
343 4234 538 4289 diffusa
561 4278 577 4304 ,
625 4246 679 4290 et
713 4238 1094 4307 rcbaptizando
1137 4249 1191 4294 et
1218 4239 1634 4309 blasphemando
1657 4282 1672 4306 ,
1727 4250 1782 4296 et

191 4335 441 4390 quantum
497 4326 722 4395 potestis
776 4329 1165 4397 oppugnando,
1210 4328 1482 4382 adversari
1517 4341 1697 4385 sancta
1725 4340 1779 4385 et

192 4417 440 4470 canonica
471 4417 748 4487 Scriptura
789 4419 1096 4485 convincit;
1127 4436 1221 4474 vos
1252 4420 1402 4488 impii
1435 4429 1594 4491 atque
1623 4423 1780 4476 saeti-

192 4502 308 4574 legi,
334 4506 409 4560 illi
450 4518 629 4563 autem
657 4510 744 4578 qui
776 4525 870 4564 vos
899 4526 994 4579 pro
1033 4519 1178 4564 tanto
1209 4512 1412 4566 scelere
1456 4522 1559 4566 tam
1589 4513 1781 4567 leniter

190 4595 503 4653 damnorum
540 4599 995 4655 admonitionibus
1021 4642 1036 4667 ,
1065 4602 1148 4655 vel
1198 4602 1457 4669 locorum,
1492 4603 1578 4657 vel
1606 4602 1777 4658 hono-

191 4701 322 4750 rum,
353 4690 436 4744 vel
466 4691 706 4759 pecunize
734 4692 1032 4762 privatione
1054 4692 1402 4747 deterrendos
1424 4695 1780 4749 coercendos-

191 4795 286 4849 que
320 4782 639 4849 decernunt,
669 4795 725 4838 ut
749 4785 1042 4854 cogitantes
1071 4801 1232 4855 quare
1260 4786 1355 4840 ista
1385 4787 1676 4854 patiamini,
1703 4803 1780 4842 sa-

189 4873 456 4944 crilegium
503 4886 739 4930 vestrum
779 4877 1048 4946 Cognitum
1089 4876 1320 4946 fugiatis.
1369 4887 1422 4932 et
1467 4879 1532 4933 ab
1581 4889 1776 4933 :utcrna

189 4962 522 5021 damnatione
548 4965 885 5033 liberemi—ni,
917 4977 967 5021 ct
1003 4976 1239 5022 rectores
1275 4967 1699 5038 diligentissimi,
1725 4979 1784 5027 ct

188 5057 516 5112 consultores
546 5057 767 5128 piissimi
797 5059 1137 5128 deputantur.
1179 5059 1324 5113 lianc
1350 5060 1502 5114 vobis
1527 5059 1774 5116 dilectio-

189 5161 302 5201 nem
316 5149 802 5204 debcntchristiani
820 5152 1062 5205 catholici
1083 5153 1452 5222 imperatores,
1479 5161 1540 5207 ιιι
1567 5155 1775 5210 sacrile-

187 5240 261 5308 gia
285 5255 476 5306 veStra,
494 5251 548 5298 et
571 5253 786 5313 propter
814 5243 1156 5299 Christianam
1177 5245 1638 5300 mansuetudinem
1667 5263 1773 5302 non

187 5349 277 5403 pro
290 5337 481 5393 merito
508 5337 776 5408 punienda
794 5337 1108 5405 decernant,
1129 5347 1184 5393 et
1198 5347 1411 5408 propter
1426 5339 1772 5394 christianam

185 5428 588 5485 sollicitudinem
621 5444 725 5485 non
765 5429 984 5486 omnino
1037 5431 1292 5502 impunita
1322 5432 1612 5487 dimittant.
1664 5434 1774 5490 Iloc

187 5516 244 5570 in
277 5521 358 5574 eis
396 5519 532 5576 Deus
581 5531 852 5590 operatur,
877 5521 1034 5591 cujus
1065 5519 1486 5576 misericordiam
1517 5523 1679 5579 etiam
1708 5524 1759 5579 in

185 5604 263 5660 bis
285 5609 560 5674 motestiis,
580 5611 650 5665 de
664 5611 853 5680 quibus
873 5611 1284 5682 conquerimini,
1303 5627 1407 5666 non
1433 5613 1590 5666 vultis
1615 5629 1773 5684 agno-

184 5712 353 5753 scere.
398 5699 500 5758 Nos
541 5710 721 5756 autem
749 5744 764 5766 ,
813 5711 1066 5773 quantum
1099 5702 1148 5756 in
1179 5702 1328 5756 nobis
1379 5711 1479 5767 est,
1513 5715 1767 5773 quantum

185 5788 432 5846 Dominus
456 5794 617 5848 donat
645 5804 802 5864 atque
829 5795 1102 5864 permittit,
1134 5809 1230 5848 uec
1255 5794 1393 5863 ipsas
1424 5795 1570 5864 leges
1594 5794 1766 5849 lenis-

180 5885 328 5938 sima:
380 5885 712 5942 coercitionis
761 5885 1014 5941 adversus
1059 5897 1152 5940 vos
1188 5901 1494 5954 movemus,
1558 5887 1670 5942 nisi
1708 5899 1764 5943 ut

1086 462 1258 504 voLco
1295 446 1384 507 DE
1423 444 1721 505 narrare
1762 412 2119 503 ECCLESIE
2159 448 2362 506 LIBER
2401 449 2607 508 unus.
3390 456 3495 515 tsi

1905 557 2143 615 Ecclesia
2183 561 2464 631 catholica,
2513 572 2732 635 propter
2758 564 3091 621 infirmorum
3120 562 3492 637 fragilitatem,

1903 660 1960 704 ut
1987 651 2064 706 eis
2094 651 2248 708 liceat
2275 655 2392 709 sine
2443 658 2631 712 timore
2659 658 2858 728 eligere
2896 658 3021 730 quid
3050 668 3267 715 teneant
3295 661 3376 716 vel
3405 678 3493 718 se-

1901 751 2164 809 quantur,
2191 759 2220 798 a
2252 746 2442 802 vestris
2473 748 2765 804 terroribus
2807 749 2972 804 libera
3014 761 3295 821 prmstetur
3323 771 3334 805 :
3367 763 3418 808 ut
3450 757 3493 808 si

1903 832 2100 902 aliquid
2130 836 2286 890 vestri
2311 837 2361 890 in
2393 845 2607 892 nostros
2633 839 2895 896 violenter
2926 839 3184 907 fecerint,
3219 851 3344 897 tunc
3377 859 3492 911 vos,

1901 938 2036 994 quos
2069 934 2316 996 tanquam
2360 927 2573 985 obsides
2601 929 2652 983 itt
2698 929 2874 986 fundis
2906 941 2960 986 et
2998 933 3047 985 iu
3075 933 3374 988 civitatibus
3404 933 3495 987 ha-

1902 1015 2110 1084 bemus,
2148 1032 2250 1072 non
2277 1019 2448 1089 qualia
2475 1021 2637 1074 vestri
2667 1020 2900 1089 faciunt,
2935 1023 3204 1092 patiamini
3230 1066 3245 1090 ,
3279 1025 3372 1080 sed
3401 1042 3496 1096 per

1902 1108 2145 1163 ordinata
2186 1109 2382 1179 judicia
2431 1111 2657 1182 subjecti
2703 1113 2906 1183 legibus
2949 1113 3146 1168 damno
3186 1119 3496 1186 pecuniario

1902 1203 2182 1271 vapuletis.
2201 1203 2352 1272 Quod
2399 1203 2444 1258 si
2470 1204 2619 1259 vobis
2639 1220 2800 1275 grave
2829 1206 3067 1273 videtur;
3099 1209 3259 1263 vestri
3294 1208 3447 1263 nobis
3470 1213 3486 1240 ί

1902 1307 2140 1364 parcant,
2174 1306 2227 1351 et
2280 1298 2575 1367 quiescant.
2623 1298 2681 1354 Si
2719 1310 2895 1355 autem
2945 1301 2996 1356 in
3071 1316 3166 1357 nos
3207 1319 3312 1357 non
3341 1305 3492 1373 quie-

1903 1388 2102 1444 scendo
2131 1389 2205 1443 illi
2235 1391 2459 1445 smviunt
2479 1434 2493 1458 ,
2538 1393 2624 1462 qui
2658 1393 2737 1447 vel
2767 1393 2868 1448 sub
2893 1395 3044 1449 vobis
3065 1437 3078 1460 ,
3104 1397 3188 1450 vel
3224 1398 3491 1452 vobiscum

1901 1490 2056 1544 sunt;
2085 1481 2225 1551 quod
2268 1481 2333 1535 de
2362 1482 2515 1537 nobis
2539 1484 2941 1554 conqueramiui
2989 1501 3094 1540 non
3123 1486 3328 1541 habetis
3353 1528 3368 1552 ,
3399 1487 3492 1557 qui

1901 1571 1954 1626 in
1986 1581 2177 1638 vestra,
2207 1573 2291 1629 vel
2319 1582 2618 1633 vestrorum
2649 1585 2911 1645 potestate
2933 1578 3224 1648 posuimus,
3251 1587 3307 1632 ut
3331 1579 3492 1634 etiam

1900 1677 2162 1722 sectantes
2189 1667 2447 1723 haeresem
2493 1681 2754 1736 vestram,
2798 1669 2941 1724 nulla
2969 1669 3162 1726 damna
3195 1671 3490 1742 patiamini,

1900 1757 1944 1812 si
1975 1759 2144 1813 nullas
2173 1757 2446 1815 Catholica
2473 1803 2488 1826 ,
2545 1761 2655 1816 sive
2684 1777 2714 1815 a
2757 1761 2940 1829 vobis,
2969 1762 3081 1817 sive
3103 1777 3133 1816 a
3159 1763 3350 1818 vestris
3377 1763 3494 1818 vio-
3536 1790 3539 1792 -

1901 1848 2090 1903 lentias
2118 1851 2367 1919 patiatur.
2411 1850 2562 1918 Quod
2591 1853 2634 1907 si
2660 1852 2853 1922 aliqum
2897 1851 3051 1908 facta:
3088 1851 3310 1917 fuerint,
3342 1853 3497 1910 vobis

1901 1939 2080 1994 invitis
2122 1949 2175 1994 et
2201 1955 2544 2012 compescere
2570 1960 2675 1998 non
2703 1944 3034 2011 valentibus,
3077 1945 3496 2001 misericorditer

1899 2030 2028 2102 ipsis
2054 2031 2265 2088 damnis
2293 2041 2348 2088 et
2382 2034 2526 2104 juste
2556 2035 2915 2091 admonemini
2941 2078 2956 2103 ,
2984 2037 3166 2107 quales
3195 2037 3435 2094 habeatis
3464 2053 3496 2094 a

1899 2125 2089 2194 quibus
2116 2141 2208 2178 vos
2230 2126 2579 2181 contaminari
2609 2141 2713 2182 non
2741 2128 2938 2198 putatis
2957 2169 2970 2191 ,
2999 2138 3156 2197 atque
3183 2127 3306 2183 hinc
3333 2129 3496 2184 intel-

1899 2213 2062 2284 ligere
2112 2215 2396 2285 cogimini,
2450 2232 2610 2286 quam
2667 2218 2852 2273 inanes
2908 2218 3201 2273 calumnias
3240 2217 3498 2272 Ecclesiae

1897 2303 2092 2362 Christi
2139 2316 2250 2362 toto
2289 2309 2419 2364 orbe
2460 2309 2666 2364 diffusae
2701 2309 2927 2365 faciatis.
2969 2310 3154 2381 Neque
3201 2310 3311 2380 jam
3344 2309 3498 2365 nobis

1898 2396 2159 2467 obiiciatis
2180 2439 2195 2464 ,
2223 2400 2363 2469 quod
2395 2401 2768 2470 persequimur
2793 2415 2917 2467 vos;
2950 2401 3044 2456 scd
3075 2402 3268 2456 vestris
3296 2401 3492 2469 potius,

1897 2486 1940 2541 si
1969 2496 2022 2542 et
2049 2502 2145 2542 nos
2171 2488 2282 2543 suis
2312 2489 2576 2545 violentiis
2605 2490 2860 2559 infestari,
2893 2500 2946 2547 et
2976 2507 3071 2546 vos
3101 2493 3327 2561 publicis
3357 2493 3492 2562 legi-

1897 2577 1996 2634 bus
2025 2578 2229 2633 malunt
2275 2581 2501 2646 conteri,
2531 2598 2688 2652 quam
2721 2599 2779 2636 se
2806 2597 2836 2636 a
2886 2583 3045 2638 solito
3075 2582 3256 2644 furore
3294 2585 3491 2640 sedari.

1897 2668 1954 2725 Si
1985 2670 2113 2741 quid
2159 2686 2287 2726 sane
2315 2687 2344 2726 a
2389 2675 2583 2729 nostris
2622 2674 2926 2730 christiana:
2968 2675 3242 2732 charitatis
3273 2677 3493 2736 modum

1898 2772 2190 2834 votumque
2233 2781 2338 2820 non
2383 2766 2824 2834 custodientibus,
2871 2767 3055 2823 odiose
3099 2777 3152 2824 et
3192 2771 3494 2839 perniciose

1895 2855 2158 2926 patimini,
2195 2873 2298 2912 non
2324 2873 2443 2913 esse
2471 2858 2593 2913 illos
2619 2867 2830 2914 nostros
2855 2860 2962 2915 cito
2984 2859 3245 2926 dixerim;
3274 2861 3368 2917 sed
3399 2872 3492 2916 aut

1895 2947 2121 3016 futuros,
2151 2950 2192 3004 si
2225 2964 2282 3004 se
2304 2951 2672 3015 correxerint,
2700 2961 2788 3006 aut
2819 2953 2870 3007 in
2915 2952 3018 3008 fine
3045 2953 3372 3024 separandos
3395 2995 3409 3018 ,
3445 2954 3492 3009 si

1899 3039 1952 3093 in
1996 3040 2195 3093 malitia
2226 3040 2567 3110 perdurarint
2599 3059 2613 3095 :
2637 3055 2736 3096 nos
2757 3051 2932 3098 tamen
2955 3058 3052 3098 nec
3076 3053 3294 3113 propter
3316 3043 3492 3114 pisces

1895 3131 2067 3185 malos
2111 3132 2243 3186 retia
2289 3132 2584 3202 rumpimus
2629 3132 2841 3201 (Matth.
2889 3150 3002 3197 nn,
3030 3135 3174 3207 47),
3219 3151 3318 3191 nec
3370 3151 3494 3206 pro-

1895 3230 2012 3290 pter
2037 3237 2160 3278 vasa
2204 3223 2253 3276 in
2281 3225 2658 3280 contumeliam
2703 3225 2838 3280 facta
2880 3225 3098 3280 domum
3131 3242 3376 3298 magnam
3398 3226 3493 3283 dc-

1892 3313 2124 3368 scrimus
2154 3313 2172 3379 (
2189 3313 2229 3369 ll
2260 3313 2393 3369 Tim.
2439 3331 2515 3383 ιι,
2545 3316 2616 3370 20
2642 3316 2681 3386 ).
2711 3316 2939 3383 Quodsi
2969 3334 3061 3372 vos
3098 3333 3309 3389 quoque
3349 3319 3490 3387 illos,

1891 3417 1921 3456 a
1951 3405 2142 3474 quibus
2165 3405 2285 3460 talia
2316 3405 2588 3461 Catholica
2617 3408 2832 3477 patitur,
2863 3423 2968 3463 non
2995 3423 3114 3464 esse
3145 3418 3353 3465 vestros
3395 3425 3490 3465 ca-

1891 3494 2015 3550 dem
2044 3498 2222 3566 regula
2248 3497 2423 3552 dicitis
2455 3517 2466 3552 :
2505 3499 2725 3568 probate
2751 3501 2986 3554 animum
3027 3509 3286 3568 vestrum,
3313 3501 3490 3557 corri-

1889 3587 1998 3656 gite
2040 3603 2298 3656 errorem,
2328 3590 2710 3660 amplectimini
2753 3594 3009 3648 unitatem
3034 3594 3249 3662 spiritus
3286 3595 3338 3648 in
3368 3595 3488 3648 vin-

1890 3677 2010 3730 culo
2039 3680 2202 3748 pacis.
2240 3679 2371 3735 Nam
2412 3683 2456 3735 si
2485 3697 2584 3737 nec
2617 3697 2712 3736 vos
2742 3684 2813 3738 illi
2836 3685 3196 3739 contaminant
3222 3726 3237 3750 ,
3267 3701 3365 3739 nec
3389 3701 3488 3743 nos

1890 3769 2007 3835 isti;
2050 3787 2155 3826 non
2187 3774 2341 3827 nobis
2368 3774 2591 3828 inviccut
2633 3775 2822 3829 alienis
2845 3776 3157 3831 criminibus
3189 3778 3487 3832 columnie-

1888 3877 2046 3917 mur:
2090 3863 2143 3916 in
2185 3879 2283 3916 una
2329 3864 2589 3919 charitate
2645 3864 2906 3919 frumenta
2947 3880 3252 3920 crescamus
3279 3867 3482 3935 simul,

1888 3968 2057 4023 usque
2103 3954 2169 4008 ad
2199 3955 2548 4009 ventilabrum
2585 3956 2787 4026 paleam
2819 3957 3126 4012 toleremus.

1958 4044 2047 4101 56.
2088 4045 2447 4114 Quamobrem
2483 4049 2527 4102 si
2551 4049 2698 4102 nullo
2727 4049 3019 4119 interprete
3053 4048 3292 4118 indigent
3317 4063 3482 4104 cano-

1887 4137 2123 4191 nicarum
2156 4138 2548 4208 Scripturarum
2601 4140 2902 4195 testimonia
2949 4156 3067 4210 qua:
3106 4140 3485 4196 commendant

1887 4228 2180 4284 Ecclesium
2208 4231 2258 4284 in
2283 4232 2444 4285 totius
2465 4231 2610 4285 orbis
2651 4233 3028 4287 communione
3067 4233 3382 4300 consistere,
3428 4243 3486 4290 et

1885 4321 2207 4389 separationi
2233 4331 2425 4378 vestrm
2456 4324 2507 4377 in
2539 4322 2717 4378 Africa
2741 4324 3040 4398 constituta:
3067 4340 3133 4380 cx
3161 4326 3350 4381 iisdem
3392 4327 3483 4381 Li-

1886 4412 1996 4466 bris
2017 4413 2161 4469 nulla
2189 4415 2310 4469 talia
2341 4415 2562 4485 potestis
2603 4416 2844 4471 invenire
2875 4416 3144 4487 suffragia,
3194 4433 3292 4472 nec
3339 4418 3485 4488 jusle

1883 4501 1951 4557 de
1978 4505 2435 4572 persecutionibus
2462 4508 2875 4578 conquerimini,
2905 4525 3035 4580 quas
3065 4510 3341 4580 graviores
3365 4509 3482 4580 ipsa

1885 4596 2196 4663 perpetitur,
2226 4613 2331 4668 quo
2376 4598 2532 4652 latius
2570 4599 2906 4668 diffunditur,
2930 4615 2991 4653 ac
3019 4600 3150 4664 fide,
3184 4610 3236 4654 ct
3274 4616 3388 4672 spe,
3428 4609 3484 4656 et

1883 4685 2141 4743 charitate
2161 4689 2336 4744 omnia
2357 4690 2568 4757 tolerat,
2588 4706 2692 4745 non
2719 4701 2920 4744 tantum
2946 4690 3089 4755 talia,
3115 4692 3288 4762 qualia
3317 4693 3481 4749 vestri

1883 4776 2371 4844 Circumcelliones,
2405 4789 2666 4834 eteorum
2696 4780 2899 4836 similes
2931 4783 3018 4836 ubi
3059 4794 3280 4852 possunt
3315 4800 3480 4838 mem-

1883 4869 1991 4923 bris
2015 4871 2132 4937 ejus
2159 4869 2424 4940 infligunt,
2455 4870 2550 4925 sed
2598 4871 2776 4924 omnia
2823 4873 3092 4926 variarum
3137 4874 3474 4944 iniquitatqu

1883 4961 2130 5015 seandala
2154 4977 2251 5030 per
2273 4963 2578 5018 universum
2607 4963 2864 5018 mundum
2886 4968 3172 5031 scatentia,
3196 4966 3261 5019 de
3285 4965 3472 5032 quibo;

1882 5053 2139 5108 Dominus
2164 5054 2496 5120 exclamavit,
2540 5053 2629 5108 Va:
2653 5042 2846 5110 intrude
2872 5058 2934 5110 ab
2965 5059 3220 5110 scutula/is
3243 5055 3262 5130 (
3283 5055 3470 5108 Matth.

1883 5161 2036 5209 xvtu,
2071 5145 2126 5218 7)
2150 5165 2162 5200 :
2184 5147 2398 5217 gravius
2424 5149 2565 5202 enim
2592 5150 3082 5220 persequiturtilius
3115 5149 3486 5220 patremmale

1883 5237 2130 5304 vivendo,
2177 5254 2333 5309 quam
2380 5249 2530 5308 pater
2565 5241 2730 5295 filiqu
2783 5241 3126 5309 castigando;
3159 5249 3211 5293 et
3257 5240 3470 5310 gravius

1878 5331 2069 5384 ancilla
2101 5329 2288 5386 Saram
2321 5345 2598 5402 persecuta
2641 5344 2721 5389 est
2746 5350 2842 5404 per
2875 5334 3112 5401 iniquam
3144 5333 3468 5400 superbiam.

1878 5438 2033 5492 quam
2063 5438 2180 5478 eam
2208 5424 2336 5479 Sara
2371 5441 2464 5494 per
2493 5427 2725 5482 debitam
2754 5425 3085 5494 disciplinam
3118 5423 3278 5496 (Cen.
3316 5424 3465 5496 xvi),

1877 5527 1929 5570 et
1956 5518 2164 5586 gravius
2219 5518 2502 5582 Dominum
2549 5519 3286 5590 persequebantur,propter
3334 5536 3470 5590 quos

1876 5609 2071 5664 dictum
2101 5619 2207 5676 est,
2231 5610 2382 5665 Zelus
2407 5613 2584 5665 dooms
2612 5620 2714 5665 tum
2733 5610 3054 5666 comeditme
3083 5609 3103 5683 (
3125 5611 3263 5665 Psal.
3287 5629 3467 5676 vaut,

1877 5701 1988 5772 10),
2013 5717 2168 5772 quam
2197 5717 2290 5757 eos
2319 5703 2431 5772 ipsc
2453 5718 2570 5757 cum
2593 5717 2781 5756 eorum
2818 5717 3034 5757 mensas
3058 5706 3268 5767 evtrtit,
3297 5714 3350 5760 et
3370 5720 3465 5759 eos

1939 5837 1952 5865 ¹
1995 5845 2090 5882 Am.
2118 5841 2167 5884 et
2199 5835 2507 5884 l’loriaccusis
2527 5833 2678 5885 codex
2701 5868 2716 5896 ,
2736 5833 2865 5887 vobis
2885 5849 2902 5887 :
2925 5837 3137 5890 etjufra;
3159 5837 3472 5892 siautemm

1876 5909 1971 5947 ῑύδ.
