3998 6488
524 381 632 442 £35

523 497 738 570 ﬂagello
767 495 834 553 de
859 495 1056 567 templo
1081 493 1280 564 expulit
1309 493 1486 562 (Joan.
1508 507 1565 558 ιι,
1597 487 1684 561 15)
1712 507 1723 542 :
1753 485 1876 560 quid
1907 482 2119 541 habetis

526 591 755 661 amplius
783 590 924 660 quod
950 587 1183 644 dicatis?

598 683 824 741 CAPUT
855 681 976 738 XXI
999 679 1098 755 (a).
1118 711 1189 720 —-
1208 680 1298 736 5⁸7.
1333 680 1412 732 Αη
1436 677 1562 733 illud
1589 676 1832 731 ultimum
1860 683 2117 740 vestrum,

525 778 638 847 jam
666 775 840 846 placet
864 816 879 841 ,
911 775 964 829 in
991 772 1221 829 medium
1252 770 1614 842 proferamus?
1643 767 1783 823 Ecce
1804 809 1819 832 ,
1852 766 2116 836 inquiunt,

529 885 616 924 vos
668 867 843 922 tenetis
869 865 1168 921 Ecclesiam.
1195 863 1458 930 Quomodo
1485 880 1574 918 nos
1590 860 1862 932 suscipitis,
1883 859 1924 912 si
1953 857 2019 910 ad
2036 873 2121 911 vos

531 959 748 1016 transice
762 957 1104 1012 voluerimus?
1125 955 1365 1010 Breviter
1393 953 1693 1024 respondeo
1720 970 1732 1005 :
1757 952 1845 1008 Sic
1882 964 1978 1005 vos
1998 961 2119 1004 sus-

529 1051 775 1122 cipimus,
807 1048 1076 1120 quomodo
1127 1047 1348 1117 suscipit
1368 1045 1631 1113 Ecclesia,
1661 1059 1819 1114 quam
1851 1045 1903 1098 in
1926 1041 2122 1097 sanctis

527 1143 703 1200 Libris
733 1143 1006 1198 canonicis
1052 1143 1372 1197 invenimus.
1409 1138 1658 1209 Deposita
1697 1137 1892 1208 quippe
1918 1135 2124 1190 animo-

530 1237 689 1292 sitate
715 1235 1110 1292 contradicendi
1133 1277 1146 1298 ,
1176 1249 1280 1305 qua
1322 1241 1529 1288 tument
1557 1245 1743 1286 omnes
1780 1229 1871 1300 qui
1898 1229 2120 1284 veritate

533 1325 628 1384 Dei
653 1325 794 1380 vinci
817 1326 1021 1392 nolunt,
1047 1334 1102 1381 et
1131 1339 1222 1379 sua
1252 1323 1600 1394 perversitate
1631 1321 1938 1384 vincuntur,
1968 1318 2124 1372 facile

530 1417 758 1488 potestis
786 1417 1082 1491 intelligere
1122 1424 1179 1471 et
1222 1416 1272 1470 in
1299 1415 1456 1470 bonis
1503 1427 1620 1468 esse
1647 1421 1701 1466 et
1730 1412 1782 1466 in
1828 1410 1982 1466 malis
2025 1408 2124 1465 Sa-

531 1520 800 1565 cramenta
847 1509 1060 1574 divina;
1100 1507 1194 1562 sed
1234 1507 1286 1561 in
1332 1505 1438 1561 illis
1475 1504 1542 1559 ad
1581 1504 1840 1567 salutem,
1888 1503 1938 1556 in
1969 1501 2122 1556 malis

528 1599 599 1655 ad
623 1599 1039 1654 damnationem.
1081 1597 1149 1652 Et
1173 1613 1293 1652 cum
1333 1605 1535 1652 tantum
1573 1594 1735 1650 distet
1761 1594 1898 1648 inter
1918 1607 2010 1648 eos
2032 1591 2122 1662 qui

529 1687 650 1745 hcce
690 1689 849 1760 digne
879 1690 1197 1760 indigneque
1219 1687 1580 1752 tractaverint,
1603 1686 1714 1756 ipsa
1738 1695 1912 1741 tamen
1934 1683 2122 1739 eadem

528 1788 694 1844 sunt,
740 1779 844 1836 illis
888 1781 952 1834 ad
987 1780 1259 1850 praemium
1292 1778 1518 1833 valentia
1547 1820 1562 1844 ,
1595 1777 1700 1832 illis
1749 1776 1813 1831 ad
1839 1774 2119 1847 judicium.

602 1872 690 1928 58.
721 1874 1054 1943 Quapropter
1094 1871 1306 1942 quando
1338 1872 1516 1941 plures
1554 1885 1712 1940 quam
1740 1869 1973 1924 Joannes
2013 1868 2121 1924 Do-

530 1963 710 2017 minus
733 1964 1066 2034 baptizabat,
1103 1964 1242 2018 sicut
1282 1963 1334 2017 in
1370 1963 1658 2034 Evangelio
1703 1963 1957 2032 scriptum
2007 1971 2119 2028 est,

528 2054 618 2110 ubi
663 2055 885 2124 subjecit
928 2055 1286 2126 Evangelista,
1345 2055 1586 2122 Quamvis
1631 2056 1737 2125 ipse
1770 2071 1869 2107 non
1899 2052 2124 2124 baptiza-

527 2147 757 2211 bat,scd
804 2147 1037 2219 discipuli
1079 2149 1187 2220 ejus
1217 2146 1336 2222 (Id.
1367 2164 1440 2212 tv,
1469 2149 1521 2215 I,
1566 2147 1639 2217 2)
1690 2165 1702 2201 :
1750 2163 1870 2204 cum
1919 2156 2122 2202 tantum

527 2235 751 2293 distaret
796 2240 936 2294 inter
990 2238 1205 2294 Petrum
1264 2247 1318 2294 et
1356 2237 1580 2304 Iudam,
1624 2237 1751 2292 nihil
1819 2247 1993 2294 tamen
2042 2239 2124 2293 di-

527 2329 706 2383 stabat
748 2328 885 2384 inter
925 2329 1250 2400 Baptismum
1289 2329 1380 2400 qui
1405 2329 1630 2385 dabatur
1661 2345 1754 2400 per
1781 2330 2000 2386 Petrum
2024 2371 2038 2397 ,
2068 2337 2125 2385 et

527 2419 621 2489 qui
661 2419 884 2475 dabatur
948 2437 1043 2491 per
1093 2407 1320 2477 Iudam.”
1356 2421 1491 2476 lllud
1546 2422 1686 2476 enim
1741 2420 1883 2492 quod
1911 2436 2004 2492 per
2027 2435 2122 2477 eos

530 2509 777 2578 dabatur,
810 2527 972 2567 unum
998 2523 1132 2579 erat,
1156 2528 1277 2568 cum
1304 2512 1404 2583 ipsi
1453 2528 1556 2567 non
1587 2521 1770 2568 essent
1809 2528 1970 2567 unum
2001 2529 2015 2568 :
2065 2522 2122 2569 et

525 2602 659 2658 illud
699 2603 896 2658 Christi
929 2613 1045 2660 erat
1070 2645 1086 2672 ,
1118 2605 1328 2660 illorum
1359 2614 1537 2660 autem
1581 2619 1719 2658 unus
1765 2603 1831 2658 ad
1879 2603 2120 2658 membra

529 2695 748 2763 Christi,
772 2696 905 2752 alter
929 2697 993 2752 ad
1024 2707 1230 2769 partem
1258 2697 1454 2752 diaboli
1487 2697 1806 2767 pertinebat.
1833 2695 1964 2751 Cum
1989 2710 2118 2751 vero

525 2786 761 2843 Joannes
806 2787 1038 2857 Baptista
1081 2797 1135 2844 et
1172 2788 1368 2844 Paulus
1412 2786 1698 2858 Apostolus
1725 2802 1886 2840 unum
1913 2794 2116 2855 essent,

525 2878 650 2950 quia
676 2888 898 2950 uterque
927 2881 1107 2951 sponsi
1134 2881 1337 2935 amicus
1363 2889 1496 2945 erat,
1527 2890 1704 2934 tamen
1729 2881 1849 2950 quia
1874 2895 1976 2935 non
2004 2887 2120 2935 erat

524 2986 668 3026 unus
711 2971 1005 3042 baptismus
1044 2973 1133 3042 qui
1171 2971 1396 3028 dabatur
1420 2986 1448 3025 a
1475 2971 1680 3027 Joanne
1700 3013 1718 3037 ,
1740 2981 1794 3026 et
1818 2973 1906 3042 qui
1956 2971 2119 3026 daba-

524 3073 616 3118 tur
640 3079 669 3117 a
695 3063 879 3130 Paulo,
905 3063 1064 3133 jussit
1102 3063 1295 3120 Paulus
1337 3063 1536 3119 Christi
1565 3063 1836 3132 Baptismo
1863 3064 2116 3134 baptizari

531 3171 646 3222 eos,
680 3157 771 3228 qui
816 3157 1082 3227 baptismo
1109 3156 1330 3213 Joannis
1377 3155 1587 3211 fuerant
1614 3156 1884 3225 baptizati.
1939 3157 2117 3226 Itaque

525 3245 618 3301 ille
645 3246 940 3318 baptismus
985 3247 1206 3303 Joannis
1261 3247 1432 3302 dictus
1479 3255 1605 3302 est:
1651 3246 1740 3317 qui
1795 3255 1971 3301 autem
2023 3261 2120 3315 per

525 3335 752 3393 Paulum
788 3339 944 3394 datus
974 3349 1074 3404 est,
1120 3356 1226 3396 non
1252 3346 1335 3397 est
1379 3339 1550 3395 dictus
1595 3339 1894 3409 baptismns
1937 3339 2114 3406 Pauli;

525 3431 624 3486 sed
641 3433 920 3500 jussit‘eos,
952 3433 1142 3504 inquit,
1172 3434 1417 3504 baptizari
1445 3433 1497 3487 in
1516 3431 1715 3488 Christo
1736 3431 1870 3503 (Act.
1899 3448 1990 3486 XIX
2014 3472 2028 3497 ,
2058 3433 2112 3498 4,

527 3520 626 3591 5).
681 3521 820 3578 Ecce
863 3539 1028 3579 unum
1061 3533 1186 3578 sunt
1231 3524 1463 3580 Joannes
1517 3533 1572 3580 et
1614 3524 1808 3579 Paulus
1835 3565 1850 3589 ,
1904 3533 1958 3578 ct
2006 3540 2111 3579 non

526 3632 692 3672 unum
719 3616 846 3672 dant
877 3637 890 3672 :
915 3633 1041 3674 ecce
1067 3634 1171 3674 non
1213 3628 1337 3674 sunt
1366 3635 1529 3674 unum
1556 3619 1745 3674 Petrus
1773 3629 1825 3673 et
1845 3618 2027 3681 Judas,
2062 3627 2116 3674 et

525 3723 692 3762 unum
723 3708 851 3764 dant
879 3727 892 3764 :
919 3718 973 3765 at
1010 3726 1133 3766 vero
1159 3711 1349 3766 Petrus
1387 3721 1441 3766 et
1467 3711 1661 3765 Paulus
1699 3719 1753 3766 et
1779 3727 1940 3764 unum
1969 3720 2111 3774 sunt,

525 3808 581 3854 et
609 3815 772 3854 unum
801 3800 948 3855 dant.
983 3801 1254 3858 Abraham
1292 3811 1346 3858 et
1371 3803 1650 3856 Cornelius
1685 3816 1754 3856 ex
1790 3801 1892 3855 Iide
1914 3801 2112 3870 justiti-

525 3891 628 3946 cati
659 3907 820 3946 unum
847 3900 1001 3958 sunt,
1025 3902 1078 3948 et
1113 3909 1220 3948 non
1252 3910 1412 3948 unum
1451 3893 1852 3948 Sacramentum
1890 3907 2112 3962 accepe—

523 3991 649 4037 runt
683 4001 696 4036 :
747 3983 980 4055 itemque
1021 3985 1300 4040 Cornelius
1325 3993 1382 4040 et
1419 3984 1601 4039 Simon
1642 3983 1820 4052 Magos
1850 3998 1955 4037 non
1993 3992 2119 4038 sunt

523 4088 689 4128 unum
717 4115 730 4139 ,
772 4083 826 4129 et
871 4091 1030 4129 unum
1083 4075 1482 4131 sacramentum
1517 4085 1873 4143 acceperunt:
1902 4085 1956 4129 at
1989 4091 2117 4130 VCI‘O

527 4163 804 4221 Cornelius
829 4208 844 4231 ,
891 4175 946 4222 et
992 4167 1078 4222 ille
1111 4167 1297 4238 spado,
1341 4182 1498 4237 quem
1539 4167 1819 4236 Philippus
1842 4167 1894 4220 in
1926 4168 2117 4222 itinere

526 4253 836 4322 baptizavit,
894 4267 947 4312 ct
991 4274 1154 4311 unum
1207 4269 1350 4322 sunt,
1409 4266 1462 4313 et
1509 4274 1668 4312 unum
1711 4258 2117 4314 Sacramentum

529 4355 852 4414 acceperunt
893 4347 1011 4418 (Id.
1063 4365 1094 4402 χ
1123 4390 1136 4412 ,
1186 4348 1254 4403 48
1279 4392 1294 4416 ,
1327 4360 1372 4402 et
1404 4351 1627 4415 “11,15,
1674 4349 1801 4422 58).
1825 4350 1958 4405 Cum
1988 4367 2118 4421 ergo

527 4450 696 4490 unum
728 4445 809 4491 cst
852 4439 1275 4503 Sacramentum,
1306 4454 1406 4494 nec
1423 4439 1619 4494 diversi
1647 4440 1881 4507 datores,
1911 4456 2009 4496 nec
2031 4443 2117 4497 di-

527 4527 668 4581 versi
682 4536 1021 4597 perceptores
1035 4529 1228 4583 faciunt
1243 4539 1413 4584 utnon
1433 4531 1500 4584 sit
1517 4547 1675 4585 unum
1686 4531 1825 4601 quod
1845 4548 2003 4587 unum
2017 4543 2118 4588 est.

601 4618 692 4673 59.
743 4617 831 4673 Isti
872 4627 1046 4676 autem
1091 4621 1217 4676 dum
1262 4623 1446 4677 volunt
1493 4623 1768 4678 hominum
1813 4640 1932 4681 esse
1975 4627 2118 4696 quod

531 4707 730 4764 Christi
765 4719 884 4777 est,
913 4727 1000 4768 res
1039 4713 1353 4770 falsissimas
1380 4725 1433 4771 et
1461 4715 1870 4773 absurdissimas
1895 4733 2116 4787 persua-

531 4804 663 4859 dere
690 4815 969 4870 conantur,
994 4815 1052 4861 ut
1077 4823 1241 4878 prope
1264 4817 1341 4864 tot
1357 4809 1465 4863 sint
1483 4810 1754 4880 baptismi,
1782 4819 1911 4881 quot
1939 4810 2117 4868 homi-

427 4932 431 4936 ~
527 4908 626 4949 nes
656 4909 753 4965 per
779 4911 912 4966 quos
941 4896 1152 4952 dantur.
1200 4898 1378 4970 Itaque
1421 4900 1548 4956 illud
1579 4902 1722 4973 quod
1768 4903 2020 4958 Dominus
2045 4907 2119 4959 ait

529 4983 597 5040 de
625 4984 842 5042 homine
865 4996 919 5042 ct
948 5004 1108 5058 opere
1125 4989 1375 5054 hominis,
1402 4991 1563 5045 Arbor
1583 4993 1713 5046 bona
1736 4993 1892 5047 bonos
1919 4996 2117 5064 fructus

527 5078 671 5148 facit,
714 5079 865 5133 arbor
897 5081 1033 5134 mala
1067 5081 1232 5134 malos
1249 5085 1439 5153 fructus
1463 5083 1584 5152 facit
1615 5083 1827 5156 (Matth.
1861 5101 1957 5151 vn,
1986 5084 2113 5156 I7);

523 5168 612 5222 isti
635 5168 700 5222 ad
729 5169 830 5223 hoc
855 5167 1178 5241 detorquere
1204 5181 1484 5237 conantur,
1513 5184 1571 5228 ut
1600 5190 1630 5227 a
1648 5175 1785 5230 bono
1814 5176 2116 5245 baptizatus

522 5259 702 5340 bonus
724 5261 812 5330 sit,
837 5269 890 5317 et
914 5278 944 5316 a
967 5264 1108 5317 malo
1129 5265 1422 5334 baptizatus
1443 5266 1614 5321 malus
1639 5269 1724 5322 sit.
1755 5269 1907 5326 Unde
1933 5270 2115 5340 sequi-

523 5358 614 5406 tur
643 5364 756 5418 eos,
790 5352 996 5408 etiamsi
1025 5355 1212 5421 nolint,
1228 5365 1285 5410 ut
1307 5371 1336 5410 a
1363 5357 1583 5413 meliore
1609 5359 1902 5429 baptizatus
1923 5361 2117 5417 melior

526 5441 614 5508 sit,
651 5452 703 5498 et
733 5445 799 5500 ab
822 5445 1075 5503 inferiore
1116 5448 1413 5520 baptizatus
1451 5451 1672 5506 inferior
1695 5453 1785 5507 sit.
1825 5454 1904 5509 Ex
1929 5469 2034 5526 quo
2057 5455 2116 5509 lit

524 5541 582 5587 ut
629 5534 702 5589 illi
747 5552 880 5606 quos
923 5548 1048 5595 ante
1101 5541 1307 5597 Domini
1342 5544 1642 5612 passionem
1671 5559 1775 5599 non
1803 5545 1914 5616 ipse
1959 5547 2116 5603 Jesus

524 5621 846 5692 baptizabat,
888 5630 981 5684 sed
1007 5631 1251 5703 discipuli
1290 5634 1436 5704 ejus,
1468 5635 1636 5690 multo
1667 5637 1899 5692 sanctius
1924 5653 2112 5694 nasce-

529 5723 746 5784 rentur,
771 5718 814 5773 si
843 5720 912 5776 ab
942 5721 1058 5794 ipso
1092 5723 1502 5796 baptizarentur.
1533 5725 1665 5793 Quis
1694 5727 1836 5783 enim
1862 5729 1944 5786 vel
1964 5733 2110 5802 cogi-

585 5825 659 5887 (u)
691 5828 826 5896 olim,
853 5846 956 5897 cap.
999 5837 1071 5885 l8.

1583 369 1853 426 CONTRA
1894 364 2118 423 DONAT

2226 362 2321 422 'as
2359 323 2710 437 animum,
3657 391 3745 451 αθ

2229 489 2346 540 tare
2379 487 2567 555 possit,
2595 495 2848 559 quantum
2883 487 3138 546 intererat
3175 487 3310 549 inter
3334 495 3514 568 ipsum,
3551 511 3599 560 et
3619 506 3750 566 disci»

2227 575 2383 645 pulos
2427 576 2542 648 ejus
2583 593 2614 634 a
2642 579 2836 649 quibus
2873 580 3308 653 baptizabantur?
3333 586 3464 661 Ergo
3496 593 3661 652 invidit
3691 602 3754 658 eis

2229 668 2546 725 sanctiorem
2568 674 2964 743 generationem
2982 717 2997 741 ,
3023 691 3155 746 quos
3183 691 3212 731 a
3241 677 3498 751 discipulis
3532 687 3629 745 suis
3657 705 3755 751 sese

2229 758 2316 816 hie
2340 764 2829 855 constitutormalnit
2861 766 3160 855 baptizari?
3185 769 3332 838 Quod
3354 776 3523 846 utique
3553 783 3756 855 quisquis

2229 846 2435 915 credit,
2475 847 2694 905 insanus
2731 862 2831 906 est.
2855 852 2994 919 Quid
3018 869 3146 924 ergo
3182 855 3428 914 Dominus
3454 875 3516 916 eo
3541 846 3642 934 ipso
3673 846 3756 924 de-

2229 949 2527 995 monstrare
2556 941 2801 1012 dignatus
2818 954 2918 1012 est,
2947 944 3047 1001 nisi
3075 961 3228 1002 suum
3256 963 3373 1005 esse
3397 954 3528 1022 quod
3553 955 3755 1026 daretur,

2229 1043 2325 1098 per
2349 1031 2638 1100 quemlibet
2660 1035 2909 1101 daretur;
2935 1045 2993 1092 et
3015 1051 3073 1092 se
3093 1037 3379 1108 baptizare,
3395 1042 3460 1099 de
3477 1060 3574 1116 quo
3589 1049 3766 1108 amicus-

2230 1120 2319 1175 ille
2346 1124 2526 1192 sponsi
2552 1123 2776 1194 dixerat,
2810 1126 2912 1182 Hic
2930 1137 3000 1183 est
3023 1131 3110 1201 qui
3129 1130 3349 1202 baptizat
3369 1134 3387 1207 (
3407 1135 3554 1192 Joan.
3579 1155 3613 1204 ι,
3642 1143 3757 1214 35);

2230 1227 2326 1283 per
2349 1214 2631 1284 cujuslibet
2653 1235 2840 1276 manus
2862 1221 3089 1278 ministri
3120 1225 3490 1295 baptizaretur,
3513 1233 3592 1301 qui
3615 1236 3760 1290 credi-

2230 1304 2395 1361 disset
2422 1307 2471 1362 in
2498 1310 2655 1364 eum?
2682 1311 2820 1366 Dicit
2844 1314 3002 1369 etiam
3035 1315 3252 1381 Paulus,
3283 1318 3478 1375 Gratias
3509 1322 3620 1389 Deo,
3648 1328 3758 1396 quod

2229 1399 2474 1453 neminem
2494 1410 2708 1457 vestrum
2731 1404 2978 1475 baptizavi
2999 1447 3014 1470 ,
3047 1409 3144 1462 nisi
3179 1408 3411 1482 Crispum
3443 1421 3486 1467 et
3511 1412 3688 1481 Gaium,
3715 1436 3763 1472 ne

2229 1491 2342 1561 quis
2363 1492 2496 1546 dicat
2535 1495 2670 1564 quod
2693 1496 2744 1550 in
2761 1498 2960 1551 nomine
2976 1516 3083 1553 meo
3108 1500 3356 1572 baptizari
3378 1504 3395 1573 (
3425 1505 3442 1558 Ι
3471 1504 3582 1560 Cor.
3606 1524 3651 1574 t,
3678 1511 3732 1564 ll
3750 1553 3764 1574 ,

2231 1581 2359 1652 I5).
2391 1582 2460 1638 Et
2496 1585 2597 1640 iste
2625 1601 2752 1658 ergo
2778 1589 3027 1645 credatur
3065 1591 3320 1649 invidisse
3366 1595 3648 1654 hominibus
3673 1617 3765 1656 nie-

2229 1674 2417 1731 liorem
2445 1679 2938 1751 sanctificationem,
2966 1684 3009 1738 si
3035 1695 3233 1756 quanto
3273 1689 3459 1743 melior
3482 1699 3617 1759 erat,
3647 1701 3770 1748 tanto

2228 1766 2417 1823 melius
2457 1778 2704 1838 poterant
2746 1771 3024 1842 baptizari,
3053 1777 3141 1847 qui
3173 1777 3360 1832 abillo
3397 1779 3765 1850 baptizarentur.

2233 1858 2346 1914 Imo
2386 1876 2515 1916 vero
2540 1861 2606 1916 ad
2634 1863 2736 1919 hoc
2765 1864 2936 1934 ipsum
2965 1867 3198 1939 vigilavit
3221 1871 3506 1926 cautissimi
3531 1881 3582 1928 et
3605 1873 3768 1929 ﬁdelis-

2228 1949 2348 2004 simi
2374 1951 2756 2021 diSpensatoris
2781 1955 3027 2023 intentio,
3053 1973 3119 2014 ne
3135 1959 3411 2031 quisquam
3431 1961 3546 2018 ideo
3569 1965 3769 2020 sanctius

2229 2057 2287 2097 se
2311 2042 2632 2114 baptizatum
2661 2055 2901 2116 putaret,
2932 2049 3071 2120 quod
3100 2066 3130 2105 a
3159 2051 3406 2108 ministro
3432 2055 3674 2111 sanctiore
3695 2057 3768 2110 ba.

2227 2136 2537 2206 ptizaretur,
2570 2140 2792 2208 etquod
2826 2141 3035 2196 Domini
3062 2153 3175 2199 erat
3197 2187 3211 2208 ,
3245 2161 3404 2201 servo
3431 2147 3683 2204 tribueret.

2298 2226 2387 2282 60.
2415 2226 2546 2283 Cum
2571 2229 2726 2301 igitur
2746 2232 2868 2286 boni
2886 2243 2938 2288 et
2956 2234 3076 2290 mali
3106 2235 3237 2291 dent
3261 2246 3315 2292 et
3343 2238 3594 2309 accipiant
3619 2239 3770 2312 Bapti-

2227 2317 2328 2372 smi
2379 2330 2810 2388 sacramentum,
2865 2339 2965 2380 nec
3013 2328 3312 2398 regenerati
3368 2329 3689 2399 Spiritualiter
3728 2332 3775 2386 in

2227 2422 2421 2479 corpus
2474 2419 2530 2466 et
2570 2413 2806 2468 membra
2849 2413 3046 2471 Christi
3095 2418 3487 2476 coaedificcntur
3521 2422 3614 2476 nisi
3639 2421 3770 2488 boni;

2225 2503 2466 2572 profecto
2495 2505 2546 2559 in
2573 2505 2726 2561 bonis
2759 2517 2841 2563 est
2867 2508 2952 2562 illa
2983 2509 3221 2566 Ecclesia
3243 2554 3258 2580 ,
3291 2513 3377 2567 cui
3401 2513 3584 2569 dicitur
3610 2533 3624 2569 :
3654 2513 3774 2568 Sicut

2228 2591 2391 2648 litium
2429 2597 2484 2651 in
2525 2598 2689 2653 medio
2729 2600 3011 2671 spinarum,
3042 2602 3112 2656 ita
3142 2605 3376 2673 proxima
3414 2623 3522 2661 mea
3553 2608 3603 2662 in
3639 2609 3775 2662 medio

2225 2683 2451 2752 filiarum
2489 2686 2508 2758 (
2530 2687 2677 2742 Cant.
2727 2706 2781 2752 ll,
2823 2689 2858 2744 2
2880 2691 2924 2761 ).
2953 2690 3008 2745 In
3036 2691 3119 2746 his
3146 2702 3229 2748 est
3272 2695 3414 2750 enim
3439 2697 3524 2766 qui
3549 2697 3776 2751 atdilicant

2225 2789 2388 2846 super
2417 2786 2621 2848 petram
2646 2821 2660 2844 ,
2690 2781 2739 2835 id
2771 2791 2855 2836 est
2875 2823 2890 2848 ,
2920 2784 3010 2853 qui
3055 2784 3278 2843 audiunt
3323 2787 3478 2843 verba
3503 2786 3710 2852 Christi,
3733 2797 3776 2843 ct

2224 2866 2424 2923 faciunt
2452 2887 2466 2924 :
2492 2870 2610 2940 quia
2654 2879 2708 2926 ct
2750 2872 2910 2927 Petro
2935 2873 3207 2930 confitenti
3236 2891 3295 2931 se
3324 2875 3587 2932 Christum
3613 2876 3774 2931 Filium

2223 2957 2338 3022 Dei,
2363 2960 2440 3014 sic
2468 2961 2542 3016 ait
2567 2978 2580 3014 :
2608 2961 2676 3016 Et
2699 2979 2853 3032 super
2869 2964 3001 3018 hanc
3025 2976 3221 3037 petram
3244 2969 3506 3038 aediﬁcabo
3532 2967 3784 3024 Ecclesium-

2223 3069 2387 3107 meam
2414 3051 2635 3125 (Matth.
2668 3071 2774 3119 xvr,
2806 3056 2935 3127 18).
2964 3057 3080 3113 Non
3111 3068 3194 3114 est
3215 3075 3344 3131 ergo
3373 3060 3423 3115 in
3453 3063 3529 3117 eis
3557 3061 3640 3132 qui
3663 3060 3780 3115 aedi-

2225 3145 2383 3200 ticam
2413 3160 2575 3216 super
2601 3162 2841 3215 arenam,
2866 3149 2915 3204 id
2933 3160 3036 3215 est,
3057 3151 3144 3222 qui
3161 3151 3386 3206 audiunt
3408 3153 3561 3208 verba
3589 3150 3782 3217 Christi,

2223 3250 2278 3294 et
2304 3255 2410 3294 non
2444 3238 2660 3295 faciunt.
2692 3241 2812 3312 Ipse
2852 3245 2994 3297 enim
3025 3242 3199 3299 dixit:
3230 3245 3332 3313 Qui
3364 3246 3505 3300 audit
3534 3245 3665 3299 verba
3687 3259 3780 3297 mea

2223 3331 2330 3386 [nec
2349 3341 2396 3386 et
2417 3333 2540 3404 facit
2559 3349 2634 3399 ca,
2678 3334 2907 3390 similabo
2943 3352 3058 3390 eum
3083 3338 3190 3392 viro
3220 3339 3469 3409 sapienti,
3493 3339 3575 3408 qui
3593 3336 3781 3406 adiﬁcat

2223 3422 2428 3476 domum
2469 3440 2616 3478 suam
2662 3441 2814 3496 super
2842 3435 3058 3495 petram.
3103 3426 3172 3483 Et
3221 3428 3419 3484 ibidem
3470 3427 3620 3500 paulo
3642 3434 3777 3498 post:

2226 3517 2327 3584 Qui
2353 3517 2517 3583 audit,
2544 3517 2732 3589 inquit,
2765 3518 2913 3574 verba
2932 3537 3041 3574 mea
3059 3520 3188 3588 haec,
3214 3531 3263 3575 et
3292 3539 3395 3576 non
3423 3523 3540 3594 facit
3567 3537 3640 3587 ea,
3661 3517 3781 3573 sinti-

2222 3609 2336 3662 labo
2361 3626 2471 3662 cum
2511 3609 2616 3663 viro
2641 3610 2814 3676 stulto,
2854 3612 2941 3682 qui
2962 3612 3184 3681 ludificat
3213 3613 3421 3667 domum
3468 3630 3609 3668 suam
3650 3625 3784 3680 super

2221 3717 2427 3754 arenam
2461 3699 2573 3773 (Id.
2603 3717 2671 3756 vn
2691 3743 2708 3770 ,
2731 3701 2822 3768 24,
2847 3703 2916 3757 26
2935 3702 2976 3774 ).
3005 3703 3104 3770 Qui
3144 3719 3274 3776 ergo
3307 3721 3561 3776 compage
3587 3702 3784 3760 charita-

2223 3794 2288 3844 tis
2319 3792 2639 3864 incorporati
2671 3802 2794 3847 sunt
2823 3793 3051 3850 :cdilieio
3077 3810 3240 3865 super
3275 3805 3478 3867 petram
3500 3796 3778 3859 conatituto,

2221 3893 2275 3938 et
2299 3885 2408 3940 lilio
2436 3885 2576 3940 inter
2598 3887 2781 3957 spinas
2806 3887 3053 3943 candenti
3082 3929 3108 3970 ,.
3125 3889 3225 3958 ipsi
3252 3890 3438 3962 utique
3473 3889 3789 3962 possidebunt

2222 3993 2441 4048 regnum
2473 3979 2586 4033 Dei.
2621 3979 2721 4046 Qui
2766 3988 2943 4034 autem
2971 3995 3136 4051 super
3165 3996 3387 4038 arenam
3416 3981 3696 4045 aedificant,
3716 3976 3786 4031 vel

2223 4071 2274 4124 in
2316 4070 2484 4140 spinis
2526 4069 2869 4141 deputantur,
2902 4071 3019 4142 quis
3072 4072 3398 4130 dubitaverit
3437 4075 3574 4146 quod
3593 4086 3783 4142 mgnum

2225 4161 2318 4215 Dei
2375 4176 2480 4216 non
2526 4161 3069 4232 possidebunt?N.ihil
3114 4164 3298 4234 utique
3365 4166 3554 4221 talibus
3602 4161 3787 4234 prodest

2222 4252 2477 4323 Baptismi
2529 4262 2917 4310 sacramentum
2967 4271 2982 4309 :
3045 4269 3144 4309 nec
3216 4263 3397 4311 tamen
3455 4266 3661 4327 propter
3713 4265 3795 4306 θοι

2223 4361 2340 4398 rum
2383 4345 2629 4399 instabile
2671 4344 3071 4401 fundamentum
3120 4348 3469 4420 sterilemque
3518 4346 3783 4406 malitiam,

2224 4439 2381 4492 etiam
2441 4439 2788 4494 Sacramento
2844 4439 2986 4510 quod
3043 4438 3288 4508 habent,
3339 4441 3445 4496 ulla
3497 4438 3676 4511 injuria
3719 4434 3787 4490 ia-

2223 4527 2412 4582 cicnda
2441 4537 2543 4583 est.

2286 4619 2515 4676 CAPUT
2553 4619 2718 4676 XXII.
2751 4651 2815 4662 -—
2843 4622 2932 4677 Gl.
2966 4621 3195 4678 Proinde
3218 4623 3270 4677 in
3314 4623 3434 4679 loco
3471 4622 3562 4678 illo
3589 4637 3651 4678 ex
3683 4617 3789 4690 Epi.

2223 4718 2359 4772 stola
2395 4717 2546 4772 Pauli
2586 4719 2846 4788 apostoli,
2879 4736 3036 4790 quam
3077 4722 3293 4790 scripsit
3324 4721 3390 4775 ad
3418 4720 3628 4777 Galatas
3649 4757 3664 4782 ,
3691 4714 3791 4769 sine

2223 4809 2398 4865 studio
2424 4811 2782 4866 contentionis
2807 4811 3092 4880 advertite,
3123 4829 3280 4884 quam
3313 4823 3460 4870 recte
3490 4812 3595 4877 fiat,
3620 4818 3673 4864 ut
3697 4807 3793 4861 hce-

2224 4903 2443 4957 rcticum
2501 4903 2829 4973 corrigentes
2873 4921 3130 4972 errorem,
3179 4907 3223 4962 si
3266 4906 3666 4963 Sacramentum
3702 4901 3788 4955 hoc

2222 4992 2422 5048 habent
2445 4993 2586 5064 quod
2618 4995 2816 5051 habere
2835 4995 3154 5062 debuerunt,
3198 4998 3330 5053 illud
3368 4999 3629 5069 accipiant
3668 4989 3788 5066 quod

2223 5085 2302 5144 eis
2350 5088 2552 5155 deerat,
2603 5105 2710 5145 non
2754 5091 3085 5161 improbetur
3121 5100 3177 5148 et
3226 5093 3628 5163 blasphemetur
3669 5083 3792 5158 quod

2223 5180 2412 5234 inerat.
2444 5179 2740 5251 Manifesta,
2771 5181 2957 5252 inquit,
2999 5191 3118 5236 sunt
3139 5199 3296 5252 opera
3329 5184 3502 5238 carnis
3524 5225 3538 5246 ,
3565 5195 3669 5252 quis
3693 5181 3787 5232 sunt

2223 5272 2602 5342 fornicationes,
2632 5272 2985 5338 immunditiis,
3003 5274 3222 5329 luxuriat
3240 5317 3255 5341 ,
3298 5275 3559 5330 idolorum
3585 5271 3790 5331 servitus,

2221 5363 2480 5430 veneﬁcia,
2509 5362 2804 5430 inimicitiis,
2834 5366 3192 5432 contentiones,
3220 5355 3591 5429 aemulationes,
3621 5361 3791 5416 animo-

2220 5455 2410 5521 sitates,
2438 5455 2770 5513 dissensiones
2789 5498 2802 5522 ,
2832 5457 3064 5524 hcereses,
3093 5458 3297 5513 invidit:
3316 5501 3332 5528 ,
3363 5460 3621 5514 ebrietates
3638 5495 3652 5521 ,
3673 5465 3790 5507 com-

2221 5547 2490 5602 essationes
2523 5589 2540 5616 ,
2583 5557 2629 5600 et
2671 5548 2748 5602 his
2790 5549 3008 5615 similia;
3044 5565 3159 5622 qua:
3211 5551 3438 5621 μνωάὶοο
3480 5548 3632 5615 vobis,
3675 5543 3787 5600 sicut

2221 5641 2457 5711 prtcdixi,
2488 5641 2726 5710 quoniam
2749 5641 2834 5711 qui
2851 5641 2973 5695 talia
2989 5653 3168 5712 agunt,
3191 5659 3406 5714 regnum
3435 5641 3534 5697 Dei
3557 5657 3654 5696 non
3681 5650 3789 5705 p08-

2218 5730 2448 5786 sidebunt
2499 5730 2695 5802 (Galat.
2719 5748 2771 5797 ν,
2806 5731 3012 5804 III-21).
3045 5734 3126 5805 (a)
3169 5734 3371 5794 Omnes
3395 5736 3572 5808 itaque
3588 5728 3668 5790 isti
3700 5738 3793 5782 non

2288 5845 2360 5911 (a)
2397 5844 2517 5897 olim
2541 5845 2616 5897 hic
2637 5858 2741 5910 cap.
2771 5845 2847 5910 t9,
2873 5845 2999 5911 apud
3017 5855 3119 5897 Am.
3144 5853 3195 5900 et
3215 5853 3290 5896 Er.
