3998 6498
268 370 329 426 5-,
1112 386 1279 428 voLco
1322 371 1406 426 DE
1447 367 1745 427 omne
1783 367 2142 430 ECCLESIAE
2183 378 2385 437 LIBER
2427 382 2623 444 unus.

232 502 347 546 sunt
376 490 427 544 in
460 490 607 555 lilio,
637 504 732 543 nec
759 504 918 558 super
945 499 1146 559 petram
1197 511 1208 545 :
1242 493 1380 546 inter
1422 491 1518 546 hos
1548 500 1722 545 autem
1760 497 1815 544 et

231 579 462 637 bairetici
488 580 643 649 positi
672 590 813 633 sunt.
834 580 942 634 ϐιη-
963 596 1089 652 ergo
1113 597 1225 648 vos,
1251 592 1307 636 ut
1329 582 1567 635 amittant
1591 589 1808 644 caztera,

232 687 334 727 non
363 670 643 741 baptizatis
671 679 789 741 post
815 670 1054 725 ebriosos
1080 713 1095 738 ,
1121 671 1438 737 luxuriosos,
1465 671 1690 737 invidos,
1723 672 1812 741 qui

233 777 450 832 regnum
483 761 577 817 Dei
610 778 715 815 non
758 761 1142 832 possidebunt,
1174 772 1228 816 et
1266 762 1387 817 ideo
1430 763 1481 816 in
1522 774 1669 833 petra
1709 778 1815 816 non

234 863 381 918 sunt;
415 864 470 909 et
497 854 618 924 quia
645 854 696 908 in
729 864 874 924 petra
904 870 1006 908 non
1038 865 1193 922 sunt,
1228 856 1408 925 procul
1436 856 1599 911 dubio
1626 856 1677 911 in
1710 856 1814 910 Ee-

233 947 386 1000 clesia
411 962 516 1000 non
542 946 891 1016 deputantur;
918 947 1040 1018 quia
1068 966 1217 1019 super
1238 948 1368 1001 hanc
1384 960 1597 1019 petram,
1624 950 1809 1020 inquit,

236 1040 491 1107 n’diﬁcabo
520 1038 799 1095 Ecclesiam
832 1057 1033 1095 meam:
1059 1050 1113 1095 et
1142 1057 1237 1094 nos
1265 1042 1281 1072 ¹
1312 1042 1471 1096 vultis
1497 1050 1551 1095 ut
1576 1042 1813 1111 baptize—

236 1146 345 1183 mus
372 1139 494 1200 post
521 1130 820 1197 hmreticos,
843 1132 931 1201 qui
958 1132 1097 1186 inter
1126 1132 1339 1187 easdem
1383 1133 1562 1201 spinas
1593 1148 1814 1203 regnum

234 1222 322 1276 Dei
353 1237 458 1276 non
487 1236 823 1292 posscssuras
861 1224 1154 1278 enumerati
1181 1234 1339 1290 sunt,
1370 1232 1423 1278 ct
1449 1224 1641 1295 quibus
1664 1224 1814 1279 simi-

235 1315 348 1368 liter
398 1314 740 1369 Sacramenta
788 1316 986 1382 insunt,
1033 1316 1244 1386 quando
1288 1317 1474 1371 eadem
1519 1330 1675 1381 sunt;
1720 1316 1811 1370 sed

233 1422 332 1460 non
365 1415 604 1474 prosunt,
634 1408 754 1477 quia
786 1423 905 1461 cum
952 1408 1038 1461 illa
1082 1417 1224 1462 recta
1276 1409 1400 1473 sint,
1452 1409 1549 1479 ipsi
1579 1408 1813 1481 perversi

232 1496 386 1551 sunt?

298 1589 388 1644 62.
433 1590 556 1645 flare
592 1589 707 1645 sine
732 1590 1020 1660 pertinacia
1043 1592 1443 1648 considerantes
1476 1603 1635 1663 atque
1673 1594 1818 1663 cogi-

234 1691 424 1746 tantes,
455 1682 605 1737 facile
627 1682 847 1752 potestis
874 1683 1171 1753 intelligere
1194 1727 1207 1749 ,
1242 1684 1291 1738 id
1321 1685 1370 1738 in
1398 1700 1613 1755 quoque
1642 1684 1813 1739 corri-

232 1772 459 1843 gendum
499 1788 619 1828 esse
645 1774 783 1843 quod
826 1790 1045 1844 pravum
1073 1784 1188 1842 est,
1212 1776 1353 1845 quod
1398 1785 1575 1830 autem
1612 1786 1812 1830 rectmn

233 1872 330 1929 est,
357 1864 797 1933 approbantium;
826 1874 880 1921 et
907 1865 1009 1921 hoc
1041 1866 1273 1921 dandum
1304 1882 1425 1921 esse
1452 1868 1592 1937 quod
1623 1866 1811 1935 deerit,

231 1954 366 2025 quod
392 1965 571 2009 autem
601 1955 775 2020 inerit,
805 1957 1218 2026 agnoscendum.
1246 1958 1477 2014 Veniens
1502 1959 1677 2029 itaque
1703 1958 1815 2013 111(3-

232 2047 428 2102 reticus
456 2055 515 2101 ut
542 2048 832 2103 catholicus
859 2051 970 2115 tiat,
1001 2064 1240 2105 errorem
1267 2052 1498 2122 corrigat
1522 2053 1811 2121 proprium,

231 2153 333 2192 non
370 2138 573 2193 Christi
616 2139 779 2193 violet
807 2140 1206 2195 Sacramentum
1239 2160 1251 2195 :
1279 2143 1503 2212 accipiat
1549 2143 1815 2197 vinculum

232 2229 371 2297 pacis
415 2228 559 2298 quod
591 2245 693 2286 non
722 2230 985 2296 habebat,
1016 2234 1133 2288 sine
1172 2249 1278 2303 quo
1309 2234 1382 2289 illi
1416 2235 1670 2305 prodesse
1710 2251 1815 2290 non

233 2318 718 2389 poteratBaptisma
745 2321 886 2390 qttod
930 2321 1176 2378 habebat.
1216 2324 1511 2395 Utrumque
1546 2326 1685 2380 enim
1719 2342 1817 2381 ne-

231 2409 521 2464 cessarium
568 2418 653 2465 est
688 2411 753 2466 ad
789 2427 1008 2481 regnum
1042 2413 1133 2468 Dei
1172 2414 1567 2485 adipiscendum
1594 2458 1609 2483 ,
1632 2426 1685 2471 et
1712 2417 1815 2472 Ba-

234 2504 473 2572 ptismus,
502 2514 557 2559 et
576 2505 798 2573 justitia.
832 2505 899 2559 Et
925 2508 974 2560 in
999 2515 1366 2579 contemptore
1391 2509 1603 2579 quidem
1632 2510 1815 2581 Bapti-

232 2595 327 2649 smi
353 2594 550 2650 Christi
579 2613 682 2650 non
705 2605 878 2666 potest
904 2612 1022 2652 esse
1044 2598 1246 2668 justitia
1273 2616 1285 2652 :
1316 2600 1614 2669 Baptismus
1639 2610 1816 2656 autem

233 2693 283 2739 et
318 2686 373 2739 in
413 2701 479 2740 eo
527 2688 616 2756 qui
653 2688 913 2757 justitiam
952 2706 1060 2744 non
1089 2691 1284 2757 habet,
1317 2701 1491 2762 potest
1536 2709 1689 2757 esse,
1723 2695 1817 2749 sed

234 2792 332 2832 non
360 2787 536 2849 potest
567 2781 838 2849 prodesse.
864 2782 1015 2837 Sicut
1039 2784 1180 2838 enim
1213 2784 1422 2841 Veritas
1443 2786 1594 2851 dixit,
1622 2787 1680 2842 Si
1707 2788 1818 2857 quis

234 2890 328 2927 non
364 2883 572 2929 renatus
603 2877 755 2947 fuerit
798 2894 863 2931 ea:
889 2894 1021 2947 aqua
1064 2888 1109 2932 et
1152 2880 1355 2950 spiritu,
1390 2898 1490 2934 non
1530 2881 1735 2935 intrabit
1765 2884 1817 2936 in

232 2979 437 3035 regnum
480 2966 721 3019 calorum
761 2965 938 3038 (Joan.
985 2986 1079 3037 ut,
1112 2971 1212 3040 5);
1262 2971 1333 3026 ita
1378 2972 1564 3027 eadem
1610 2973 1817 3030 Veritas

233 3054 380 3121 dixit,
412 3054 532 3109 Nisi
566 3057 892 3112 abundaverit
914 3061 1117 3131 justitia
1145 3072 1305 3116 vestra
1332 3080 1487 3132 super
1517 3063 1816 3119 Scribarum

232 3157 275 3200 et
316 3145 700 3203 Pharisworum
726 3192 741 3215 ,
784 3167 883 3204 non
936 3152 1184 3207 intrabitis
1227 3154 1280 3207 in
1318 3171 1528 3226 regnum
1577 3157 1817 3211 actorum

233 3238 437 3308 (Matth.
470 3256 525 3304 v,
550 3241 646 3310 20)
676 3260 688 3295 :
719 3251 778 3297 ut
819 3258 921 3298 ιιοιι
968 3245 1269 3314 Baptismus
1307 3248 1453 3301 solus
1477 3289 1492 3314 ,
1516 3249 1610 3303 sed
1654 3249 1815 3304 etiam

229 3329 426 3399 iustitia
474 3332 729 3401 perducat
757 3334 822 3387 ad
864 3350 1116 3405 regnum;
1145 3338 1229 3391 cui
1272 3346 1448 3393 autem
1495 3340 1579 3393 vel
1608 3347 1815 3393 utrum-

232 3437 363 3489 que,
396 3423 481 3478 vel
524 3439 685 3478 unum
728 3425 988 3495 defuerit,
1020 3428 1143 3483 illuc
1181 3434 1458 3498 pervenire
1497 3446 1600 3486 non
1626 3434 1810 3501 possit.

232 3514 563 3584 QuaprOptcr
617 3532 735 3569 cuin
791 3517 996 3572 dicatur
1050 3518 1353 3588 hscreticis,
1409 3521 1615 3577 Justitia
1666 3525 1816 3578 vobis

231 3604 411 3671 deest,
440 3621 604 3675 quam
642 3608 756 3661 sine
791 3610 1050 3664 eharitate
1093 3625 1155 3664 ac
1184 3611 1395 3665 vinculo
1431 3613 1573 3682 pacis
1618 3613 1816 3669 habere

233 3696 401 3751 nullus
436 3706 614 3766 potest
639 3714 652 3762 ;
675 3714 902 3769 cumque
942 3709 995 3754 et
1041 3701 1141 3771 ipsi
1174 3701 1467 3770 fateantur,
1492 3705 1690 3761 multos
1711 3706 1813 3759 Ba-

232 3790 479 3856 ptismum
522 3789 719 3846 habere
744 3835 759 3859 ,
787 3803 839 3847 et
863 3793 1121 3863 justitiam
1154 3812 1259 3851 non
1305 3797 1523 3867 habere,
1554 3800 1673 3853 etsi
1706 3814 1812 3853 non

233 3878 529 3947 fateantur,
573 3897 667 3935 eos
718 3886 997 3941 convincat
1045 3887 1315 3957 Scriptura
1358 3890 1534 3945 divina
1589 3910 1601 3945 :
1652 3893 1816 3948 miror

233 3972 495 4039 quomodo
536 3982 722 4042 putent
743 4018 757 4041 ,
780 3991 901 4030 eum
928 3992 1023 4033 eos
1053 3978 1311 4035 habentes
1350 3999 1455 4037 non
1492 3996 1686 4051 suum,
1720 3986 1811 4040 sed

232 4062 421 4117 Christi
472 4063 837 4136 Baptismum,
877 4070 1066 4123 iterum
1108 4072 1354 4129 nolmnus
1394 4072 1699 4142 baptizare,
1743 4076 1811 4127 ita

233 4170 320 4211 nos
344 4172 507 4226 agere
530 4200 545 4221 ,
575 4172 636 4212 ac
665 4160 708 4212 si
736 4160 812 4214 eis
845 4161 954 4230 jam
1000 4164 1127 4217 nihil
1170 4164 1357 4220 deesse
1400 4166 1727 4235 judicemus;
1760 4176 1814 4222 ct

233 4248 339 4315 quia
364 4248 667 4318 Baptismus
695 4251 771 4305 eis
797 4253 848 4306 in
874 4254 1142 4309 Catholica
1183 4273 1286 4311 non
1316 4257 1470 4312 datur
1493 4299 1506 4322 ,
1533 4275 1691 4328 quem
1715 4259 1811 4314 ha-

234 4338 349 4394 bere
375 4342 752 4411 inveniuntur,
785 4346 913 4399 nihil
945 4362 1004 4402 se
1031 4349 1139 4403 illic
1177 4351 1419 4421 accipere
1451 4352 1811 4420 arbitrentur,

235 4431 316 4485 ubi
343 4433 441 4487 hoc
468 4436 758 4504 accipiunt,
801 4440 915 4492 sine
944 4456 1049 4509 quo
1074 4440 1197 4495 illud
1228 4444 1367 4512 quod
1399 4443 1614 4505 habent,
1643 4446 1720 4499 eis
1746 4446 1811 4500 ad

235 4524 514 4588 perniciem
544 4527 737 4591 valeat,
767 4544 868 4583 non
899 4531 963 4585 ad
990 4532 1234 4587 salutem.
1265 4533 1417 4602 Quod
1449 4537 1492 4590 si
1516 4537 1703 4591 nolunt
1730 4538 1812 4591 in-

235 4614 482 4685 telligere,
517 4619 713 4673 sul‘licit
740 4622 890 4675 nobis
920 4624 1057 4693 quod
1086 4640 1202 4679 eam
1232 4635 1472 4683 tenemus
1495 4630 1808 4698 Ecclesium,

235 4720 344 4772 qua:
369 4710 817 4769 manifestissimis
846 4726 1147 4771 sanctarum
1179 4730 1233 4774 et
1261 4724 1636 4779 cauonicarum
1662 4724 1811 4781 Scri-

234 4808 497 4865 pturarum
532 4805 852 4861 testimoniis
882 4808 1295 4867 demonstratur.

298 4890 383 4944 65.
428 4893 573 4948 Dicat
599 4897 727 4952 mihi
760 4916 898 4953 nunc
927 4902 1209 4959 lia-reticus
1244 4924 1253 4957 :
1287 4908 1566 4973 Quomodo
1588 4927 1673 4966 me
1694 4927 1812 4966 sus-

236 4979 398 5047 cipis?
433 4983 551 5039 Cito
590 4990 889 5058 rcspondeo
920 5011 931 5045 :
963 4992 1109 5048 Sicut
1150 4998 1371 5067 suscipit
1412 5000 1648 5056 Ecclesia
1678 5043 1691 5066 ,
1726 5004 1810 5057 cui

235 5072 465 5129 Christus
504 5080 751 5147 perhibet
790 5084 1173 5140 testimonium.
1220 5088 1483 5160 Numquid
1526 5102 1577 5145 ιιι
1623 5095 1810 5150 melius

236 5175 379 5229 potes
422 5184 577 5225 nosse
621 5175 888 5241 quomodo
913 5178 1279 5247 suscipiendus
1308 5184 1409 5248 sis,
1434 5201 1595 5254 quam
1627 5188 1810 5242 Salva-

237 5265 311 5309 tor
331 5269 507 5315 uoster
536 5264 777 5320 medicus
800 5268 1033 5324 vulneris
1056 5273 1126 5325 tui
1149 5271 1172 5325 ?
1200 5273 1295 5329 llic
1317 5274 1450 5332 forte
1475 5278 1607 5333 dicis
1632 5298 1643 5331 :
1670 5279 1809 5349 Lege

236 5351 354 5404 mihi
394 5368 516 5425 ergo
571 5358 1019 5426 quemadmodum
1069 5365 1309 5423 Christus
1353 5372 1550 5441 suscipi
1592 5374 1811 5442 jusserit

236 5453 339 5506 COS,
368 5446 454 5511 qui
495 5446 563 5501 ab
611 5447 875 5506 haereticis
906 5458 1134 5513 transire
1167 5460 1233 5513 ad
1271 5462 1559 5516 Ecclesium
1603 5465 1805 5520 volunt.

236 5526 337 5582 lloe
366 5547 542 5604 aperte
572 5550 732 5610 atque
756 5544 1059 5613 evidenter,
1091 5564 1189 5605 nec
1214 5568 1311 5621 ego
1341 5553 1458 5624 lego
1477 5597 1490 5620 ,
1525 5572 1622 5610 nec
1653 5567 1726 5611 tu.
1754 5560 1808 5614 Si

236 5623 368 5677 enim
398 5629 674 5688 haereticus
697 5645 837 5690 esset
862 5637 1116 5711 Joannes,
1153 5655 1204 5699 et
1234 5646 1283 5699 in
1311 5649 1524 5703 nomine
1555 5649 1724 5707 Patris
1754 5662 1810 5708 et

299 5776 313 5805 ¹
346 5792 413 5827 Sic
433 5788 537 5832 Mss.
565 5793 615 5835 At
633 5786 769 5847 editi,
794 5794 841 5838 el
864 5802 957 5842 ros.

3398 393 3505 449 438

1921 492 2039 547 Filii
2069 504 2123 550 et
2166 496 2393 567 Spiritus
2431 506 2598 561 sancti
2641 504 2933 576 baptizaret
2958 548 2972 573 ,
3000 517 3119 579 post
3147 508 3298 580 cujus
3327 511 3506 580 bapti-

1920 603 2091 643 smum
2114 590 2275 661 jussit
2317 595 2509 651 Paulus
2545 599 2789 655 homines
2819 600 3111 670 baptizari;
3141 612 3194 657 tu
3232 604 3504 661 obtineres

1919 683 2061 749 quod
2089 682 2241 751 dicis,
2275 686 2344 740 ita
2366 696 2422 742 ut
2445 697 2627 745 contra
2657 692 2780 761 qttid
2808 692 3205 775 diceremnnon
3226 696 3502 759 haberem.

1921 771 2147 841 Rursus,
2174 776 2219 831 si
2242 776 2430 834 Petrus
2459 781 2509 835 in
2541 784 2754 839 nomine
2785 785 2956 841 Patris
2977 796 3030 842 et
3055 771 3171 843 Eilti
3198 798 3250 845 et
3277 790 3507 862 Spiritus

1920 868 2087 920 Sancti
2128 867 2196 922 ab
2234 867 2499 927 hmreticis
2527 874 2823 944 baptizatus
2873 877 3091 945 fuisset,
3126 880 3213 935 cui
3240 882 3501 937 Dominus

1920 955 2013 1021 ait,
2045 955 2144 1023 Qui
2170 957 2300 1014 lotus
2319 970 2389 1014 est
2417 964 2588 1031 semel,
2618 982 2718 1019 non
2757 967 2903 1022 habet
2941 970 3284 1025 necessitatem
3322 973 3505 1026 iterum

1920 1048 2123 1101 lavandi
2147 1049 2325 1120 (Joan.
2354 1070 2466 1119 χιιι,
2505 1056 2589 1128 10)
2614 1073 2627 1123 ;
2656 1073 2757 1128 ego
2785 1059 3080 1117 obtinerem
3103 1063 3243 1133 quod
3264 1043 3405 1131 diEo,
3436 1065 3506 1119 ita

1919 1147 1977 1193 ut
2004 1148 2056 1194 tu
2101 1152 2282 1197 contra
2314 1146 2439 1215 quid
2475 1146 2715 1218 diceres,
2745 1165 2850 1205 non
2886 1151 3134 1208 haberes.
3180 1154 3331 1211 Nunc
3378 1173 3507 1212 vero

1919 1245 2038 1285 cum
2066 1230 2118 1285 in
2150 1232 2437 1304 Scripturis
2472 1253 2577 1291 non
2609 1238 2937 1296 inveniamus
2974 1243 3180 1314 aliquos
3225 1245 3289 1300 ad
3321 1245 3508 1302 Eccle-

1920 1324 2052 1379 siam
2098 1326 2353 1382 transisse
2395 1328 2462 1383 ab
2506 1329 2768 1387 hicreticis
2793 1374 2807 1398 ,
2833 1344 2887 1389 ct
2926 1334 3064 1390 sicut
3096 1352 3195 1408 ego
3233 1338 3387 1403 dico,
3417 1352 3507 1393 aut

1920 1413 2054 1468 sicut
2086 1424 2137 1469 tu
2166 1416 2319 1484 dicis,
2353 1436 2474 1475 esse
2502 1432 2813 1492 susceptos;
2845 1434 2973 1495 puto
3001 1428 3045 1482 si
3074 1429 3264 1499 aliquis
3293 1430 3508 1500 sapiens

1919 1509 2245 1575 exstitisset,
2275 1512 2359 1567 cui
2393 1514 2645 1570 Dominus
2670 1514 2915 1573 Christus
2943 1522 3302 1577 testimonium
3330 1522 3508 1593 perhi-

1920 1600 2101 1669 beret,
2132 1611 2185 1657 et
2231 1603 2299 1660 de
2344 1605 2444 1661 hae
2494 1608 2790 1677 quaestione
2839 1613 3207 1667 consuleretur
3249 1628 3281 1667 a
3331 1615 3503 1681 nobis,

1921 1694 2065 1749 nullo
2090 1696 2251 1751 modo
2291 1698 2537 1755 dubitare
2580 1701 2898 1758 deberemus
2942 1704 2995 1758 id
3031 1704 3205 1761 facere
3232 1707 3374 1777 quod
3416 1708 3508 1763 ille

1920 1783 2158 1853 dixisset,
2188 1803 2254 1841 ne
2284 1803 2388 1843 non
2418 1796 2523 1843 tam
2555 1791 2653 1861 ipsi
2676 1808 2836 1862 quam
2856 1795 3080 1851 Domino
3098 1795 3329 1864 Christo,
3358 1797 3508 1867 cujus

1922 1876 2225 1930 testimonio
2304 1880 2822 1949 commendabatur,
2887 1901 3184 1955 repugnare
3237 1887 3509 1957 judicare-

1921 1983 2041 2021 mur
2072 1966 2169 2040 (a).
2210 1967 2462 2025 Perhibet
2499 1981 2676 2026 autem
2727 1975 3086 2030 testimonium
3131 1978 3373 2034 Christus
3405 1978 3509 2035 Ee—

1921 2060 2098 2115 clcsiae
2136 2074 2267 2115 sure.
2298 2061 2434 2116 Ecce
2460 2061 2804 2133 Evangelium
2826 2105 2841 2130 ,
2867 2067 2982 2134 lege
3017 2067 3104 2122 ubi
3126 2068 3200 2121 ait
3232 2086 3244 2122 :
3283 2068 3505 2139 Oporte-

1923 2152 2005 2205 bat
2035 2152 2288 2207 Christum
2319 2155 2452 2224 pali,
2484 2165 2531 2209 et
2555 2172 2812 2226 resurgere
2848 2159 2993 2211 tertia
3021 2160 3102 2212 die
3121 2201 3135 2225 ,
3168 2170 3214 2214 et
3241 2161 3511 2231 prwdicari

1921 2244 1973 2298 in
2001 2246 2203 2300 nomine
2227 2254 2336 2317 ejus
2368 2248 2786 2317 pomitentiam‘et
2823 2250 3165 2305 remissionem
3194 2264 3513 2323 peccatorum

1922 2358 2010 2412 per
2060 2357 2229 2395 omnes
2275 2350 2464 2412 gentes,
2515 2341 2871 2411 incipientibus
2911 2345 2974 2398 ab
3015 2344 3301 2402 Jerusalem
3353 2346 3505 2419 (Luc.

1922 2450 2071 2500 xxrv,
2110 2434 2201 2501 46,
2226 2433 2340 2506 47).
2387 2434 2665 2502 Quomodo
2708 2451 2835 2508 ergo
2873 2440 3097 2509 suscipit
3137 2441 3235 2495 ista
3266 2440 3507 2497 Ecclesia

1923 2542 2018 2597 per
2038 2542 2224 2582 omnes
2251 2537 2437 2597 gentes
2462 2529 2833 2597 incipientibus
2856 2530 2923 2585 ab
2943 2531 3261 2601 Jerusalem,
3289 2535 3511 2588 remotis

1922 2618 2170 2674 omnibus
2214 2619 2526 2689 ambagibus
2555 2628 2609 2677 et
2643 2622 3169 2692 tergiversationibus
3190 2666 3206 2691 ,
3239 2625 3316 2680 sic
3337 2626 3509 2679 susci-

1923 2708 2148 2778 piendus
2176 2724 2255 2765 es.
2288 2709 2439 2777 Quod
2469 2712 2513 2765 si
2546 2728 2650 2767 non
2682 2714 2761 2768 vis
2786 2756 2800 2781 ,
2828 2729 2931 2769 non
2956 2715 3118 2780 mihi,
3147 2724 3236 2768 aut
3262 2716 3508 2785 cuiquam

1923 2799 2219 2867 hominum,
2248 2801 2338 2870 qui
2363 2812 2412 2856 te
2434 2802 2547 2857 vult
2568 2803 2638 2857 ita
2662 2804 2958 2875 suscipere,
2990 2804 3082 2860 sed
3114 2806 3211 2875 ipsi
3241 2806 3506 2861 Salvatori

1922 2902 2107 2948 contra
2155 2896 2381 2949 salutem
2429 2906 2574 2951 tuam
2603 2897 3054 2967 perniciosissimo
3077 2900 3355 2955 reluctaris
3375 2942 3390 2967 ,
3422 2902 3509 2970 qui

1924 2992 1975 3037 te
2005 2984 2083 3039 sic
2126 2986 2522 3055 suscipiendum
2560 3002 2681 3043 esse
2726 3003 2832 3044 non
2865 2989 2943 3045 vis
2973 2989 3224 3055 credere,
3257 2991 3513 3061 quemad-

1922 3076 2138 3130 modum
2181 3077 2402 3146 suscipit
2439 3077 2526 3131 illa
2557 3078 2831 3146 Ecclesia,
2863 3094 3022 3149 quam
3072 3081 3377 3136 testimonio
3413 3098 3513 3137 SUo

1922 3166 2261 3223 commendat
2297 3168 2386 3223 ille
2408 3210 2421 3236 ,
2452 3170 2538 3225 cui
2576 3170 2756 3226 lateris
2808 3170 3071 3227 nefarium
3107 3188 3228 3230 esse
3258 3189 3363 3229 non
3390 3190 3510 3229 ere-

1920 3256 2069 3313 dere.

1992 3350 2217 3406 CAPUT
2239 3351 2503 3407 XXlll.—
2521 3354 2609 3409 64.
2640 3354 2705 3408 At
2724 3356 2857 3409 enim
2877 3356 3004 3410 dixit
3021 3354 3287 3422 Jeremias,
3321 3357 3513 3411 «Facta

1921 3454 1993 3498 est
2023 3445 2146 3498 mihi
2173 3454 2226 3499 ut
2249 3462 2380 3515 aqua
2405 3447 2623 3501 mendax
2641 3489 2656 3513 ,
2703 3465 2803 3501 non
2832 3448 3018 3503 habens
3046 3449 3216 3519 ﬁdem.
3254 3469 3272 3502 ι
3303 3449 3418 3504 Νοιι
3445 3450 3513 3505 de

1922 3537 2023 3592 hac
2061 3554 2195 3609 aqua
2220 3539 2380 3605 dixit,
2411 3555 2568 3609 quam
2620 3549 2792 3610 putas.
2834 3540 2975 3612 Lege
3000 3541 3301 3613 diligenter.
3338 3543 3509 3613 Ipsam

1920 3635 2063 3690 enim
2096 3635 2429 3690 mendacium
2449 3634 2724 3689 hominum
2746 3636 3135 3692 multitudinem
3163 3636 3294 3692 dixit
3319 3653 3510 3709 aquam

1920 3727 2233 3782 mendacem
2275 3743 2423 3783 more
2455 3728 2765 3797 prophetico
2786 3769 2802 3794 ,
2834 3729 2971 3783 sicut
3004 3728 3223 3798 ﬁgurate
3253 3730 3397 3799 loqui
3422 3745 3509 3785 so-

1920 3820 2031 3874 lent
2054 3838 2065 3873 :
2092 3820 2228 3875 sicut
2264 3821 2316 3873 in
2356 3820 2709 3891 Apocalypsi,
2738 3822 2963 3890 populos
3002 3837 3256 3891 aquarum
3295 3824 3509 3877 nomine

1920 3910 2165 3964 novimus
2188 3911 2481 3980 appellatos
2512 3911 2696 3980 (Apoc.
2731 3927 2870 3977 xvn,
2898 3912 3009 3983 15).
3040 3912 3171 3967 Nam
3210 3914 3287 3967 sic
3317 3914 3391 3967 ait
3418 3914 3507 3969 Je-

1918 4002 2112 4057 rcmias
2144 4019 2155 4055 :
2190 4001 2381 4070 thuid
2409 4003 2496 4072 qui
2528 4003 2826 4056 contristant
2857 4020 2967 4071 me,
3000 4005 3316 4074 prwvalent?
3338 4003 3507 4078 Plaga

1918 4111 2029 4148 mea
2060 4095 2229 4149 valida
2250 4105 2354 4161 est,
2384 4095 2518 4149 unde
2556 4094 2809 4150 sanabor?
2837 4095 3000 4151 Facta
3046 4106 3117 4152 est
3152 4099 3278 4152 mihi
3301 4110 3354 4153 ut
3375 4118 3507 4173 aqua

1918 4187 2139 4242 mendas:
2182 4204 2281 4240 non
2319 4187 2507 4242 habens
2545 4188 2697 4257 ﬁdem
2738 4186 2949 4261 (Jerem.
2990 4205 3095 4257 xv,
3139 4190 3252 4260 18).
3292 4190 3506 4262 Plagam

1918 4295 2068 4334 suam
2114 4279 2213 4333 sibi
2244 4279 2377 4333 dixit
2420 4279 2611 4333 factam
2644 4289 2703 4337 ut
2743 4295 2932 4351 aquam
2971 4281 3284 4337 mendacem
3315 4302 3329 4338 :
3357 4299 3505 4339 eam-

1917 4371 2039 4426 dem
2067 4387 2192 4427 vero
2221 4371 2428 4441 plagam
2455 4387 2605 4426 suam
2647 4387 2742 4428 eos
2779 4373 3064 4443 appellavit
3098 4374 3188 4443 qui
3227 4390 3286 4430 se
3310 4376 3511 4431 contri-

1917 4464 2146 4518 stabaut.
2177 4464 2329 4530 Quod
2365 4464 2506 4518 enim
2546 4464 2651 4528 ait,
2673 4465 2759 4537 qui
2784 4466 3081 4520 contristant
3108 4482 3223 4531 me;
3248 4466 3351 4523 hoc
3373 4468 3510 4522 dixit

1918 4563 2105 4625 postea
2125 4597 2138 4619 ,
2176 4555 2329 4626 plaga
2361 4571 2509 4609 mea:
2539 4563 2593 4610 et
2630 4556 2768 4625 quod
2795 4571 2956 4627 supra
2986 4556 3122 4611 dixit
3145 4597 3159 4623 ,
3193 4558 3464 4627 prarvalent
3488 4575 3509 4623 ;

1917 4645 2020 4701 hoc
2045 4657 2226 4716 postea
2256 4647 2410 4713 dixit,
2442 4647 2610 4701 valida
2630 4657 2723 4701 est.

1989 4739 2077 4793 05.
2113 4738 2201 4793 Sic
2225 4747 2280 4794 et
2316 4738 2423 4793 illic
2453 4738 2657 4805 facitis,
2691 4738 2777 4793 ubi
2815 4739 3069 4809 scriptum
3108 4748 3226 4795 est:
3263 4740 3339 4795 Ab
3377 4759 3511 4813 aqua

1916 4833 2084 4886 aliena
2109 4832 2299 4885 abstine
2323 4840 2387 4895 te,
2415 4841 2462 4884 et
2492 4831 2553 4884 de
2584 4835 2722 4901 fonte
2747 4831 2911 4887 alieno
2937 4849 2999 4885 ne
3021 4832 3199 4887 biberis
3223 4831 3408 4904 (Prov.
3438 4849 3468 4886 v
3488 4875 3503 4899 ,

1921 4926 2035 4997 15).
2070 4924 2274 4979 Putatis
2318 4924 2461 4978 enim
2490 4924 2555 4977 de
2584 4924 2856 4994 Baptismo
2886 4924 3089 4981 dictum
3129 4927 3217 4995 qui
3254 4934 3336 4980 est
3361 4924 3500 4995 apud

1918 5017 2219 5082 haereticos,
2250 5026 2309 5071 ut
2333 5017 2454 5072 ideo
2474 5016 2543 5071 sit
2569 5032 2706 5087 aqua
2741 5018 2913 5073 aliena
2940 5060 2954 5084 ,
2986 5019 3109 5089 quia
3146 5017 3381 5072 hmretici
3419 5031 3505 5070 re-

1914 5127 2076 5181 gnum
2105 5110 2198 5164 Dei
2221 5126 2324 5165 non
2356 5110 2741 5180 possidebunt:
2771 5118 2923 5181 quast
2945 5126 3050 5166 non
3079 5111 3151 5164 ita
3177 5110 3246 5164 sit
3270 5118 3325 5164 et
3361 5111 3511 5178 apud

1916 5200 2157 5257 ebriosos
2177 5242 2192 5266 ,
2219 5210 2274 5256 et
2298 5200 2437 5270 apud
2467 5200 2705 5268 invidos,
2728 5210 2783 5256 et
2807 5208 3030 5256 caeteros
3072 5198 3370 5269 huiusmodi
3388 5239 3403 5262 ,
3436 5199 3505 5255 de

1915 5293 2111 5364 quibus
2140 5292 2339 5363 pariter
2380 5292 2581 5347 dictum
2604 5302 2714 5357 est,
2746 5292 2982 5364 Regnum
3009 5290 3105 5344 Dei
3139 5306 3239 5344 non
3275 5290 3503 5360 posside-

1915 5385 2035 5439 bunt
2057 5384 2099 5455 (Ι
2146 5382 2267 5440 Cor.
2295 5399 2346 5438 Vl
2368 5423 2389 5450 ,
2418 5384 2525 5449 10,
2556 5393 2600 5439 et
2631 5382 2800 5437 Galat.
2835 5398 2896 5446 v,
2924 5380 3015 5449 21)
3068 5398 3084 5434 :
3126 5387 3179 5434 et
3230 5388 3409 5434 tamen
3449 5380 3501 5434 in

1914 5476 2164 5530 omnibus
2186 5476 2379 5531 talibus
2403 5476 2495 5543 ,si
2532 5472 2823 5529 secundum
2861 5470 3201 5541 Evangelium
3246 5471 3497 5541 baptizati

1915 5580 2059 5633 sunt,
2087 5570 2283 5624 Christi
2307 5578 2390 5625 est
2418 5568 2741 5637 Baptismus,
2763 5581 2867 5619 non
2893 5564 3151 5633 ipsorum.
3181 5563 3334 5621 Unde
3359 5579 3517 5635 aqua.

1917 5664 2003 5717 illa
2036 5678 2137 5717 non
2168 5671 2251 5717 cst
2277 5662 2477 5723 aliena;
2501 5674 2621 5713 eum
2662 5657 2763 5727 ipsi
2812 5656 2971 5711 alieni
3016 5655 3123 5712 sint
3146 5700 3158 5723 ,
3186 5658 3381 5729 quibus
3410 5656 3503 5713 di-_

1979 5813 2048 5876 (ιι)
2072 5812 2347 5864 Confertib.
2375 5812 2393 5860 1
2421 5817 2585 5860 contra
2606 5811 2932 5871 Cresconium,
2956 5822 3091 5872 capp.
3120 5811 3174 5860 3|
3205 5818 3256 5861 ct.
3278 5811 3365 5860 55.
