3998 6496
442 456 627 501 cturus
666 447 784 502 est,
815 435 933 494 Non
964 432 1078 490 novi
1117 449 1203 489 eos
1230 431 1443 507 (Matth.
1479 446 1590 499 vn,
1618 429 1733 502 25).
1771 427 1881 485 Cur
1924 440 2031 483 non

444 549 578 606 ergo
603 530 781 604 potius
802 528 1093 597 intelligam
1116 539 1305 595 aquam
1328 523 1555 577 alienam
1587 530 1641 576 et
1665 520 1866 575 fontem
1899 518 2029 573 alie-

444 642 596 688 num,
628 622 925 679 doctrinam
957 632 1077 674 esse
1106 613 1319 686 maligni
1358 613 1605 684 spiritus,
1628 628 1729 683 qua
1758 609 2036 680 decipiun-

444 727 534 781 tur
574 724 631 772 et
672 714 995 771 seducuntur
1045 707 1262 765 alienati
1299 721 1329 760 a
1371 706 1481 762 Deo
1519 720 1615 776 per
1654 701 2028 775 ignorantiam,

445 823 565 880 qua:
584 816 666 863 est
696 806 747 860 in
771 803 896 871 illis,
916 807 1134 872 propter
1158 797 1452 855 caecitatem
1480 794 1656 852 cordis
1676 808 1860 849 eorum
1885 809 1900 859 ;
1934 792 2036 847 hoc

446 897 752 968 expressius
789 890 1199 965 commendante
1241 889 1498 959 Apostolo
1535 906 1549 942 :
1593 886 1817 958 Spiritus
1868 892 2034 938 autent

446 991 713 1062 mani/ate
739 987 881 1053 dicit,
905 985 1026 1058 quia
1058 984 1113 1039 in
1151 982 1435 1038 novissimis
1476 980 1781 1051 temporibus
1806 976 2034 1033 recedent

445 1082 655 1152 quidam
693 1096 726 1133 a
760 1078 895 1149 ﬁde,
933 1077 1247 1131 attendentes
1267 1073 1527 1146 spiritibus
1567 1071 1911 1127 seductoribus
1933 1112 1946 1132 ,
1991 1076 2036 1144 et

443 1160 690 1228 doctrinis
733 1169 1099 1229 dtemoniorum
1132 1166 1175 1240 (I
1212 1165 1347 1221 Tim.
1371 1181 1444 1232 tv,
1500 1164 1603 1236 l)?‘
1627 1163 1750 1218 Hec
1783 1170 1865 1217 est
1898 1176 2035 1231 aqua

447 1263 647 1330 aliena,
679 1271 734 1318 et
756 1262 873 1317 fans
896 1261 1122 1316 alienus.
1166 1258 1220 1315 Si
1248 1258 1391 1314 enim
1428 1270 1562 1327 aqua
1594 1256 1645 1310 in
1674 1256 1814 1310 bnnn
1843 1252 2039 1308 intelli-

448 1354 594 1424 gitur
612 1362 665 1409 et
694 1351 925 1422 Spiritus
947 1358 1192 1415 sanctus;
1216 1363 1312 1404 cur
1340 1363 1447 1402 non
1472 1361 1608 1417 aqua
1637 1345 1690 1399 in
1723 1343 1864 1397 tnalo
1892 1342 2041 1398 intel-

447 1445 646 1517 ligatur
669 1453 723 1500 ct
751 1444 972 1515 spiritus
1012 1442 1313 1513 malignus?
1340 1439 1458 1496 Non
1499 1439 1643 1495 enim
1685 1452 1906 1508 semper
1948 1435 2037 1492 ubi

448 1552 646 1609 aquam
688 1538 928 1593 nominat
951 1535 1260 1606 Scriptura,
1289 1534 1411 1605 hoc
1432 1533 1643 1589 visibile
1671 1530 1930 1602 Baptismi
1960 1545 2040 1586 sa-

449 1637 784 1685 cramentum
817 1629 933 1684 vult
962 1628 1184 1699 intelligi
1213 1646 1226 1681 :
1259 1625 1353 1683 sed
1389 1624 1677 1697 aliquando
1707 1624 1911 1692 ipsum,
1944 1622 2042 1678 ali—

449 1719 670 1791 quando
698 1718 865 1774 aliud.
887 1717 1007 1775 Jam
1035 1718 1177 1775 enim
1207 1717 1310 1773 hoc
1345 1716 1539 1772 visibili
1576 1715 1851 1787 Baptismo
1879 1714 2041 1770 etiam

448 1809 586 1866 alios
607 1809 850 1880 discipuli
869 1809 1076 1865 Domini
1095 1808 1516 1879 baptizaverant,
1531 1816 1813 1877 antequam
1838 1805 2046 1872 veniret

450 1901 507 1957 in
528 1916 621 1957 eos
644 1900 933 1957 secundum
954 1901 1070 1971 eius
1096 1898 1503 1971 promissionem
1528 1897 1759 1967 Spiritus
1789 1905 2041 1953 sanctus:

453 1991 525 2049 de
553 2007 660 2064 quo
690 2002 866 2049 tamen
897 1991 1036 2047 idem
1065 1991 1223 2047 Iesus
1252 1990 1400 2056 dicit,
1430 1988 1491 2045 Si
1511 1989 1623 2059 quis
1650 1988 1775 2055 sitit,
1806 1988 1969 2042 ueniat
1998 1995 2046 2043 et

454 2086 631 2140 bibat:
654 2084 739 2155 qui
767 2083 927 2138 credit
967 2084 1027 2137 in
1046 2098 1125 2137 me
1143 2124 1157 2149 ,
1184 2082 1314 2137 sicut
1339 2080 1460 2135 dicit
1500 2078 1769 2150 Scriptura
1787 2121 1803 2148 ,
1831 2080 2047 2150 ﬂumina

454 2190 603 2245 aqum
621 2175 742 2230 uiua:
768 2175 930 2246 fluent
975 2172 1037 2227 de
1065 2181 1235 2227 ventre
1260 2172 1391 2244 ejus.
1429 2170 1498 2226 Et
1528 2170 1769 2242 sequitur
1806 2171 2047 2241 Evange-

455 2265 600 2333 lista,
627 2273 683 2321 et
706 2264 924 2335 exponit
950 2264 1091 2319 unde
1119 2264 1189 2333 sit
1216 2263 1415 2319 dictum
1444 2280 1458 2317 :
1494 2261 1609 2317 Hoc
1633 2270 1820 2327 autem,
1850 2262 2042 2333 inquit,

457 2360 652 2415 dicebat
680 2360 743 2415 de
782 2359 1015 2431 Spiritu,
1042 2376 1189 2430 quem
1221 2359 1478 2430 accepturi
1511 2368 1654 2413 erant
1677 2359 1715 2413 ii
1746 2359 1834 2429 qui
1854 2357 1905 2411 in
1932 2372 2048 2411 eum

460 2462 605 2509 erant
628 2453 886 2508 credituri.
921 2451 1146 2524 Spiritus
1173 2453 1306 2507 enim
1330 2451 1556 2506 nondum
1580 2460 1688 2505 erat
1722 2451 1870 2504 datus
1887 2491 1899 2515 ,
1927 2449 2047 2518 quia

456 2544 608 2600 Jcsus
645 2545 873 2600 nondum
911 2546 1076 2615 fuerat
1114 2544 1427 2613 ctariﬁcatus
1465 2541 1644 2615 (Joau.
1691 2557 1763 2597 vtt
1788 2583 1802 2605 ,
1834 2541 2046 2612 57-59).

456 2636 600 2692 Ecce
623 2651 814 2708 aquam
843 2635 971 2691 dicit
1003 2635 1282 2706 Spiritum,
1314 2634 1404 2706 qui
1436 2634 1670 2690 nondum
1701 2642 1816 2690 erat
1852 2633 2008 2689 datus
2031 2676 2046 2701 ,

456 2743 580 2784 cum
604 2729 713 2799 iam
736 2743 872 2798 aqua
903 2728 989 2784 illa
1017 2728 1272 2799 Baptismi
1300 2728 1481 2782 multis
1509 2726 1697 2783 fuisset
1720 2726 1864 2781 data.

533 2819 623 2876 66.
655 2819 805 2875 Unde
829 2827 885 2874 et
924 2818 1052 2875 illud
1080 2862 1094 2888 ,
1126 2819 1269 2890 quod
1298 2819 1545 2874 similiter
1576 2835 1682 2874 non
1715 2816 2007 2889 intelligitis
2031 2857 2048 2885 ,

460 2911 604 2984 quod
627 2913 883 2983 scriptum
907 2921 1010 2981 est,
1034 2911 1156 2967 Bibe
1179 2928 1362 2983 aquam
1386 2912 1448 2966 de
1475 2912 1571 2966 tuis
1604 2911 1765 2978 vasis,
1790 2921 1834 2965 et
1865 2911 1927 2964 de
1950 2926 2051 2982 pu-

462 3011 657 3058 teorum
679 3010 880 3057 tuorum
909 3004 1170 3074 fontibus;
1194 3014 1241 3058 et
1268 3008 1383 3075 fons
1415 3020 1562 3075 aqua:
1587 3013 1688 3058 tute
1715 3010 1780 3057 sit
1818 3002 1906 3056 tibi
1934 3019 2054 3072 pro-

465 3092 610 3163 prius
629 3134 644 3160 ,
671 3100 719 3147 et
764 3109 908 3148 nemo
943 3094 1143 3149 alienus
1170 3094 1499 3169 communicet
1532 3093 1651 3160 tibi,
1673 3102 1721 3148 et
1756 3110 1856 3147 non
1880 3109 2058 3164 super-

463 3185 635 3257 ﬂuant
656 3184 744 3239 tibi
763 3200 912 3255 aqua!
933 3189 1093 3257 foras,
1125 3194 1170 3240 et
1194 3185 1247 3239 in
1266 3185 1443 3254 plateis
1474 3186 1570 3238 tuis
1595 3184 1882 3238 discurrant
1911 3198 2057 3255 aqua

466 3289 570 3332 tua:
607 3276 789 3349 (Prov.
833 3293 888 3332 v.
932 3276 1125 3350 15-17)
1181 3295 1195 3332 :
1237 3294 1342 3332 non
1388 3277 1650 3333 visibilem
1693 3277 2053 3347 Baptismum,

464 3384 625 3439 quem
675 3377 897 3440 possunt
929 3368 1127 3441 habere
1168 3379 1224 3426 et
1263 3369 1451 3435 alieni,
1482 3368 1535 3423 id
1564 3379 1677 3432 est,
1702 3368 1791 3439 qui
1828 3382 2052 3437 regnum

465 3459 566 3516 Dei
606 3476 711 3515 non
752 3460 1140 3531 possidebunt;
1186 3461 1279 3516 sed
1327 3460 1431 3516 hoc
1475 3460 1675 3516 donum
1715 3459 2056 3516 commendat

465 3552 701 3624 Spiritus
714 3555 901 3620 sancti,
933 3553 1077 3625 quod
1105 3555 1376 3625 proprium
1393 3565 1475 3610 est
1502 3570 1687 3610 eorum
1714 3562 1937 3622 tantum,
1965 3554 2057 3626 qui

463 3643 769 3715 regnabunt
794 3660 914 3700 cum
941 3644 1154 3701 Christo
1176 3647 1229 3701 in
1251 3656 1532 3703 aeternum.
1552 3646 1814 3716 Quoniam
1836 3648 2057 3704 charitas

466 3733 588 3802 Dei,
618 3736 754 3790 sicut
783 3736 911 3792 dicit
936 3738 1224 3809 Apostolus
1243 3780 1258 3806 ,
1281 3738 1471 3806 di/fusa
1508 3750 1582 3795 est
1610 3741 1664 3794 in
1689 3739 1924 3795 cordibus
1960 3759 2057 3796 no-

467 3825 588 3881 stris
617 3843 706 3896 pcr
734 3826 986 3899 Spiritum
1023 3839 1289 3897 sanctum,
1316 3831 1404 3901 qui
1429 3832 1579 3886 datus
1603 3840 1679 3887 est
1700 3832 1844 3887 nobis
1874 3833 2056 3903 (Rom.

465 3930 525 3983 ν,
554 3917 633 3989 5).
667 3918 780 3989 Ipsa
808 3920 949 3974 enim
977 3920 1199 3976 latitudo
1226 3921 1405 3979 cordis
1428 3964 1443 3989 ,
1474 3939 1631 3993 quam
1657 3923 1889 3979 charitas
1910 3923 2056 3993 facit,

467 4006 614 4063 unde
644 4008 788 4064 illam
832 4009 1076 4066 diﬂ‘usam
1106 4010 1271 4078 dicit,
1300 4020 1355 4068 et
1379 4012 1519 4068 unde
1546 4013 1614 4068 ad
1655 4013 1959 4069 Corinthios
1986 4015 2060 4070 ita

469 4097 726 4169 loquitur,
761 4099 833 4156 0s
855 4110 1080 4155 nostrum
1101 4110 1236 4171 patet
1260 4101 1329 4156 ad
1352 4117 1439 4158 vos
1458 4145 1470 4165 ,
1497 4119 1528 4158 ο
1553 4101 1831 4172 Corinthii,
1852 4121 1940 4160 cor
1963 4122 2061 4160 no-

468 4197 633 4244 strum
656 4190 926 4246 dilatatam
951 4202 1022 4249 est
1045 4192 1109 4266 (ll
1132 4192 1250 4249 Cor.
1272 4209 1345 4261 vr,
1376 4192 1488 4268 il),
1521 4196 1815 4267 platearum
1845 4199 2061 4256 nomine

471 4281 765 4351 signiﬁcata
784 4292 886 4339 est.
1774 4298 1775 4305 ‘

547 4372 637 4427 67.
662 4372 816 4440 Quod
844 4388 975 4444 ergo
1001 4383 1185 4445 aperte
1204 4375 1469 4443 audimus,
1504 4377 1676 4434 Nolite
1696 4381 1835 4434 omni
1859 4381 2060 4451 spiritui

472 4462 710 4528 credere,
740 4462 832 4517 sed
873 4463 1078 4533 probate
1116 4466 1324 4535 spiritus
1350 4469 1392 4522 si
1432 4486 1495 4523 ex
1521 4468 1628 4524 Deo
1665 4470 1763 4524 sint
1786 4472 1801 4502 ί
1831 4469 1872 4542 (Ι
1901 4470 2059 4528 Joun.

472 4569 549 4620 tv,
577 4555 666 4625 1-);
694 4553 798 4610 hoc
839 4554 1063 4626 ﬁgurate
1097 4556 1375 4623 audimus,
1402 4560 1477 4614 Ab
1516 4577 1647 4629 aqua
1675 4561 1843 4616 aliena
1870 4563 2063 4617 abstine

477 4654 559 4710 te,
582 4654 627 4699 et
654 4645 716 4699 de
745 4648 883 4713 fonte
915 4646 1079 4701 alieno
1119 4664 1182 4704 ne
1208 4648 1407 4705 biberis.
1433 4651 1500 4705 Et
1527 4651 1666 4721 quod
1696 4664 1881 4723 aperte
1910 4653 2066 4708 audi-

476 4750 623 4803 mus,
643 4736 876 4793 Charitas
904 4736 1000 4792 Dei
1032 4737 1221 4807 diffusa
1261 4749 1333 4796 est
1371 4742 1425 4795 in
1469 4742 1702 4797 cordibus
1748 4745 1935 4798 nostris
1975 4761 2064 4814 per

474 4828 736 4898 Spiritum
777 4838 1005 4884 sanctum
1029 4872 1045 4898 ,
1073 4832 1160 4902 qui
1198 4832 1350 4887 datus
1374 4842 1449 4887 est
1495 4834 1666 4902 nobis,
1697 4834 1801 4891 hoc
1843 4836 2065 4907 ﬁgurate

473 4919 740 4987 audimus,
775 4919 915 4976 Fons
936 4938 1081 4993 aqua:
1106 4932 1208 4977 tua:
1229 4924 1294 4978 sit
1314 4923 1404 4979 tibi
1422 4926 1675 4995 proprias,
1704 4936 1754 4980 ct
1769 4944 1915 4982 nemo
1937 4927 2066 4983 atie-

473 5026 572 5066 nus
596 5013 925 5067 communicet
950 5014 1058 5067 tibi.
1087 5015 1248 5069 Multa
1273 5015 1417 5071 enim
1456 5022 1678 5073 munera
1710 5016 1805 5074 Dei
1845 5028 2067 5089 possunt

474 5098 681 5161 habere
702 5110 759 5158 et
784 5102 964 5169 alieni,
996 5118 1100 5157 non
1128 5104 1308 5159 solum
1327 5104 1428 5160 ista
1455 5108 1758 5162 communia
1784 5122 1905 5164 cum
1931 5109 2065 5180 lapi-

475 5190 635 5247 dibus
662 5200 717 5248 et
740 5193 1019 5249 arboribus
1036 5235 1050 5259 ,
1080 5194 1236 5249 sicuti
1265 5203 1347 5252 est
1374 5211 1495 5252 esse
1520 5206 1570 5253 et
1598 5198 1810 5269 vigere;
1841 5215 1942 5257 nee
1980 5215 2069 5257 so-

477 5281 592 5338 lum
617 5283 917 5338 communia
958 5299 1080 5357 cum
1110 5285 1395 5355 pecoribus
1415 5327 1430 5351 ,
1482 5288 1635 5343 sicuti
1672 5289 1909 5361 spirare,
1938 5306 2067 5353 sen-

478 5372 586 5428 tire
617 5388 632 5427 :
659 5372 753 5429 sed
779 5375 940 5429 etiam
971 5375 1174 5446 majora
1191 5376 1301 5448 iam
1328 5378 1602 5433 hominum
1632 5382 1846 5452 propria
1866 5425 1881 5451 ,
1912 5383 2070 5439 sicuti

479 5472 565 5518 est
592 5464 759 5529 ratio,
786 5464 982 5520 locutio
1001 5505 1018 5533 ,
1041 5474 1183 5527 artes
1203 5460 1362 5524 utiles
1404 5468 1817 5527 innumerabiles
1841 5512 1856 5537 ,
1885 5482 1940 5528 et
1964 5472 2068 5531 alia

483 5552 671 5608 multa.
704 5554 821 5625 Ipsa
843 5556 1003 5611 etiam
1029 5573 1149 5628 quas
1166 5558 1347 5615 domui
1378 5560 1473 5616 Dei
1493 5560 1617 5617 data
1641 5572 1785 5630 sunt,
1816 5564 2069 5620 nonnulla

487 5660 553 5702 ex
598 5646 676 5701 eis
713 5645 915 5702 habent
939 5648 1097 5705 alieni
1125 5692 1140 5718 ,
1166 5651 1219 5707 id
1245 5660 1330 5708 est
1352 5693 1365 5721 ,
1390 5669 1499 5709 non
1523 5657 1823 5726 possessuri
1849 5673 2069 5730 regnum

518 5756 573 5827 ,⁸
605 5755 934 5824 mm“,
956 5759 1149 5825 Probata
1178 5762 1403 5828 spiritum
1441 5766 1526 5834 qui
1555 5781 1620 5822 ea:
1658 5777 1757 5823 Deo
1786 5777 1872 5823 est.

1404 267 1408 270 i
1494 313 1771 375 CONTRA
1807 309 2233 371 DONATIS’I'AS
2271 310 2635 380 EPISTOLA,

3615 318 3730 377 ιισ

2144 424 2260 493 Dei,
2284 426 2475 498 quibus
2504 427 2556 482 in
2584 426 2688 483 line
2712 426 2934 501 dicetur,
2972 426 3091 483 Non
3116 426 3228 483 noui
3256 445 3380 497 eos;
3408 428 3569 487 etiam
3594 448 3718 490 cu-u

2140 517 2399 585 dixerint,
2428 516 2494 574 In
2519 520 2719 574 nomine
2745 529 2829 573 tuo
2851 521 3255 591 prapbetauimus
3275 532 3322 577 et
3345 524 3561 577 uirtutes
3591 526 3728 579 mul-

2142 616 2219 663 tas
2249 609 2476 680 fecimus.
2503 607 2657 677 Quia,
2686 607 2798 664 Etsi
2826 609 3058 677 habeam,
3092 611 3281 681 inquit,
3316 612 3654 683 prophetiam,
3677 625 3732 668 et

2141 700 2296 755 sciam
2323 703 2494 756 omnia
2527 711 2842 758 sacramenta
2870 713 2917 758 et
2944 719 3140 758 onmem
3173 706 3461 768 scientiam,
3485 708 3595 762 etsi
3635 708 3730 761 Ita-

2143 793 2294 848 buero
2320 810 2516 848 onmem
2544 795 2719 864 ﬁdem,
2750 796 2822 849 ita
2851 805 2903 850 ut
2930 807 3125 853 montes
3152 803 3479 869 transferam,
3500 802 3731 855 charito-

2142 893 2245 962 tent
2269 894 2439 939 autem
2468 902 2569 939 non
2593 885 2826 953 habeam,
2847 888 2976 943 nihii
3002 905 3116 943 sum
3147 888 3186 964 (Ι
3214 888 3332 946 Cor.
3365 907 3483 958 ιιιιι,
3512 892 3589 962 2).
3616 893 3731 949 [loc

2142 982 2225 1029 est
2250 989 2378 1044 ergo
2402 973 2604 1030 donum
2630 975 2859 1047 Spiritus
2885 978 3055 1034 sancti
3082 979 3352 1050 proprium
3384 992 3692 1036 sanctorum
3715 1023 3733 1048 ,

2142 1065 2283 1120 unde
2313 1081 2472 1122 nemo
2508 1069 2865 1124 communicat
2897 1070 3122 1127 alienus.
3162 1071 3275 1128 [Ioc
3298 1072 3450 1129 deest
3478 1074 3736 1129 omnibus

2144 1157 2388 1228 malignis
2414 1167 2469 1213 ct
2504 1158 2765 1228 gehenua:
2803 1160 2947 1227 (iliis,
2974 1162 3182 1218 etiamsi
3220 1162 3416 1219 Christi
3456 1164 3735 1235 Baptismo

2142 1247 2495 1317 baptizentur,
2523 1251 2661 1307 sicut
2685 1251 2868 1309 Simon
2891 1252 3066 1310 fuerat
3087 1255 3402 1325 baptizatus.
3430 1257 3541 1313 Hoc
3573 1258 3735 1314 deest

2145 1346 2303 1397 etiam
2332 1341 2595 1399 lnnreticis
2622 1362 2637 1400 :
2668 1344 2772 1402 hoc
2792 1347 3075 1418 accipiunt,
3107 1364 3232 1404 cum
3252 1350 3481 1407 correcti
3507 1352 3740 1406 veniunt

2145 1442 2201 1491 et
2228 1435 2444 1491 unitatis
2473 1438 2745 1493 vinculum
2775 1440 3052 1496 sinceriter
3075 1443 3489 1513 amplectuntur.
3511 1443 3669 1511 Quod
3692 1446 3740 1502 si

2147 1540 2258 1582 non
2306 1526 2640 1597 acciperent,
2674 1531 2833 1586 etiam
2871 1531 3130 1589 habentes
3158 1534 3487 1606 Baptismum
3512 1533 3739 1603 Christi,

2146 1635 2253 1676 non
2283 1629 2436 1677 erant
2450 1622 2746 1692 possessuri
2767 1638 2988 1696 regnum
3010 1625 3240 1693 Christi;
3260 1627 3386 1698 quia
3401 1643 3507 1685 non
3525 1629 3747 1685 introia

2147 1722 2267 1769 rant
2290 1712 2358 1768 ad
2400 1713 2600 1769 fontem
2637 1714 2788 1771 illum
2827 1718 3101 1790 proprium
3128 1734 3385 1790 aquarum
3419 1720 3743 1775 discurren-

2150 1804 2280 1861 tium
2313 1805 2368 1861 in
2412 1805 2606 1877 plateis
2646 1817 2953 1864 sanctorum
2979 1851 2996 1877 ,
3021 1818 3076 1865 et
3122 1811 3266 1867 foras
3306 1827 3413 1869 non
3449 1827 3750 1868 excurren-

2149 1896 2303 1965 tinm,
2333 1914 2440 1971 quo
2465 1898 2610 1954 fonte
2642 1899 2874 1956 cbaritas
2911 1901 3003 1956 Dei
3040 1901 3229 1959 did‘usa
3259 1912 3345 1960 est
3389 1904 3441 1959 in
3485 1905 3747 1961 cordibus

2149 1991 2347 2047 nostris
2389 2006 2485 2062 per
2511 1990 2767 2061 Spiritum
2808 2001 3051 2049 sanctum
3074 2036 3089 2060 ,
3121 1996 3209 2061 qui
3249 1995 3405 2051 datus
3429 2004 3515 2052 est
3560 1997 3745 2053 nobis.

2151 2082 2391 2140 Desinite
2417 2084 2596 2155 itaque
2623 2085 2706 2141 illa
2728 2085 3027 2142 testimonia
3045 2102 3469 2145 commemorare
3480 2103 3623 2159 ,qua:
3650 2098 3752 2144 aut

2151 2191 2258 2232 non
2286 2175 2580 2248 intelligitis
2596 2217 2612 2243 ,
2642 2186 2734 2232 aut
2764 2193 2861 2248 pro
2885 2178 3040 2234 nobis
3065 2186 3248 2234 contra
3275 2193 3375 2234 vos
3396 2193 3517 2236 esse
3542 2180 3751 2235 intelli-

2151 2268 2291 2341 gitis.
2322 2266 2475 2335 Quod
2518 2269 2563 2323 si
2591 2268 2842 2339 ambigue
2877 2268 3045 2339 posita
3068 2310 3090 2337 ,
3112 2277 3168 2324 et
3210 2284 3309 2340 pro
3336 2269 3493 2345 nobis
3514 2311 3532 2336 ,
3562 2279 3617 2325 et
3645 2285 3753 2342 pro

2155 2358 2305 2414 vobis
2344 2367 2559 2429 possent
2590 2359 2961 2428 interpretari,
3020 2359 3149 2414 nihil
3194 2359 3378 2431 utique
3427 2359 3756 2430 adiuvarent

2152 2466 2367 2507 causam
2395 2460 2624 2507 vestram
2657 2468 2669 2504 :
2698 2452 2820 2523 quia
2846 2460 2899 2507 et
2929 2467 3028 2508 nos
3049 2452 3097 2508 si
3127 2453 3316 2508 talibus
3337 2454 3409 2508 uti
3436 2454 3701 2510 vellemus
3726 2495 3749 2521 ,

2154 2542 2634 2599 innumerabilibus
2662 2552 2963 2611 uteremur,
2994 2558 3113 2615 quae
3139 2559 3352 2600 causam
3387 2553 3624 2599 nostram
3657 2545 3750 2600 nio

2154 2634 2229 2690 hil
2250 2635 2495 2690 similiter
2521 2635 2855 2705 adiuvarent.
2897 2635 3002 2693 Sed
3037 2637 3196 2709 plane
3235 2636 3360 2693 talia
3385 2638 3578 2693 malam
3606 2652 3749 2693 cau-

2155 2742 2268 2783 sam
2295 2727 2376 2782 vel
2401 2742 2577 2783 moras
2608 2726 2849 2784 faciendo
2874 2737 3194 2786 sustentant.

2226 2816 2452 2873 CAPUT
2490 2816 2682 2874 XXIV.
2709 2848 2783 2858 —
2810 2819 2898 2875 68.
2942 2818 3092 2886 Ecce,
3131 2820 3395 2891 inquiunt,
3436 2820 3501 2878 de
3524 2837 3746 2894 corpore

2156 2909 2365 2965 Domini
2393 2927 2525 2981 aqua
2552 2912 2818 2982 proﬂuxit.
2852 2912 2916 2967 Et
2940 2911 3064 2982 quid
3093 2921 3144 2969 te
3174 2912 3276 2968 hoc
3302 2914 3532 2985 adjuvat,
3566 2931 3601 2970 ο
3629 2915 3753 2971 Ita:-

2157 3000 2361 3057 retice?
2385 3000 2626 3068 Multum,
2660 3002 2868 3073 inquit:
2901 3001 3166 3072 Baptisma
3197 3005 3333 3059 enim
3362 3005 3617 3077 signiﬁcat
3643 3023 3753 3062 non

2159 3107 2285 3158 esse,
2313 3092 2411 3146 nisi
2429 3092 2481 3146 in
2506 3108 2717 3164 corpore
2739 3093 2961 3161 Domini,
2990 3093 3046 3147 id
3068 3101 3161 3162 est,
3190 3095 3242 3148 in
3262 3093 3522 3150 Ecclesia.
3559 3096 3754 3154 Melius

2159 3183 2389 3250 diceres,
2436 3183 2505 3240 de
2543 3200 2769 3256 corpore
2811 3185 3043 3253 Domini,
3084 3187 3186 3241 hoc
3231 3195 3335 3254 est,
3361 3186 3429 3242 de
3472 3186 3749 3256 Ecclesia;

2161 3277 2370 3332 etiamsi
2400 3277 2511 3347 iam
2567 3285 2775 3332 constet
2822 3276 2988 3347 (quod
3034 3278 3211 3333 adhuc
3260 3279 3396 3334 forte
3441 3278 3755 3351 diligentius

2160 3368 2534 3440 requirendum
2564 3370 2692 3441 est),
2724 3385 2860 3441 aqua
2891 3371 2979 3425 illa
3015 3371 3343 3441 Baptismum
3374 3387 3495 3427 esse
3540 3372 3752 3444 signiﬁ—

2160 3468 2357 3514 catum.
2385 3459 2517 3515 Nam
2539 3469 2593 3515 et
2623 3476 2719 3517 nos
2744 3461 3072 3532 Baptismnm
3099 3479 3258 3533 quem
3284 3462 3515 3530 habetis,
3541 3463 3611 3520 de
3631 3479 3757 3521 cor-

2163 3565 2292 3620 pore
2337 3550 2551 3606 Domini
2601 3567 2721 3609 esse
2765 3552 3012 3620 dicimus,
3064 3554 3167 3609 hoc
3207 3563 3311 3622 est,
3365 3555 3434 3611 de
3484 3555 3752 3625 Ecclesia,

2162 3642 2405 3711 quamvis
2443 3641 2495 3696 in
2541 3657 2605 3697 ea
2640 3642 2739 3712 ipsi
2774 3659 2878 3698 non
2922 3644 3059 3708 sitis,
3105 3646 3245 3700 sicut
3282 3662 3469 3701 omnes
3511 3647 3603 3717 qui
3643 3663 3751 3704 non

2163 3733 2427 3789 aediﬁcant
2465 3750 2626 3805 super
2679 3745 2905 3804 prslt'am,
2954 3737 3048 3792 sed
3090 3753 3250 3808 super
3288 3754 3529 3795 arenam.
3575 3739 3755 3806 Quare

2166 3831 2341 3877 tamen
2378 3812 2484 3879 non
2517 3825 2750 3881 attendis
2777 3840 2967 3896 aquam
3001 3828 3163 3893 illam,
3192 3844 3294 3899 qua
3321 3829 3650 3899 Baptismum
3681 3831 3754 3887 si.

2165 3912 2469 3983 gniﬁcatum
2518 3912 2686 3983 dicis,
2739 3929 2844 3970 non
2896 3925 3101 3972 tantum
3150 3919 3203 3973 in
3251 3934 3479 3989 corpore
3537 3920 3753 3977 Domini

2166 4000 2347 4067 fuisse,
2393 4002 2490 4058 sed
2517 4004 2677 4059 etiam
2716 4004 2783 4060 de
2827 4020 3054 4076 corpore
3093 4006 3208 4078 ejus
3249 4007 3392 4064 foras
3438 4010 3660 4078 exiisse,
3700 4020 3755 4067 et

2165 4091 2268 4147 hoc
2294 4108 2390 4163 per
2416 4093 2606 4150 vulnus
2650 4096 3050 4165 persecutoris?
3078 4098 3257 4169 Neque
3295 4099 3436 4154 enim
3479 4108 3537 4156 et
3584 4100 3755 4157 haereo

2169 4184 2254 4237 tici
2282 4193 2335 4238 et
2355 4199 2540 4240 omnes
2562 4185 2684 4239 mali
2707 4201 2886 4242 secum
2916 4186 3058 4243 foras
3074 4187 3417 4245 Sacramenta
3440 4192 3751 4259 traxissent,

2166 4277 2215 4331 si
2245 4276 2463 4333 unitatis
2493 4268 2849 4349 integritatem
2895 4280 2948 4336 in
2989 4296 3213 4352 corpore
3245 4282 3452 4338 Domini
3487 4284 3756 4340 custodis-

2167 4379 2308 4426 sent.
2345 4370 2450 4426 Sed
2479 4372 2636 4427 etiam
2670 4371 2771 4428 hoc
2798 4372 2989 4429 videtis
3032 4389 3191 4444 quam
3221 4374 3542 4445 profundum
3573 4377 3677 4444 sit,
3702 4385 3757 4433 et

2166 4469 2365 4532 quanta
2397 4461 2634 4533 mysterii
2661 4462 2938 4519 altitudine
2964 4465 3252 4521 occultum.
3459 4532 3465 4539 η

2242 4554 2331 4610 69.
2372 4553 2489 4610 iam
2534 4554 2765 4610 sufﬁciat
2794 4574 2807 4609 :
2837 4555 3064 4612 desinite
3107 4558 3299 4615 talibus
3343 4574 3524 4630 agere.
3562 4561 3756 4620 Ornata

2168 4663 2287 4717 quae
2317 4646 2623 4717 huiusmodi
2654 4649 3003 4718 protuleritis,
3026 4660 3119 4705 aut
3149 4666 3245 4722 pro
3274 4652 3427 4709 nobis
3464 4663 3613 4721 sunt,
3640 4663 3753 4721 aut,

2167 4748 2223 4792 ut
2256 4738 2480 4792 multum
2521 4732 2922 4795 causrenostrze
2960 4742 3217 4807 minuam,
3246 4743 3506 4798 incertum
3547 4758 3634 4801 est
3661 4761 3758 4816 pro

2169 4829 2362 4898 quibus
2406 4828 2533 4883 sint.
2573 4827 2678 4886 Sed
2707 4830 3014 4886 libenter.in
3045 4833 3246 4902 opertis
3277 4833 3669 4903 ἰιιιιιιοιίιιιιίιιίἰ
3690 4852 3758 4893 ne

2170 4919 2324 4975 fateri
2347 4932 2531 4995 aperta
2559 4922 2841 4993 eogamini.
2873 4922 3011 4979 Ecce
3042 4922 3303 4992 Ecclesia,
3332 4940 3484 4997 rogo,
3514 4928 3642 4998 quid
3668 4944 3760 4999 pa.

2171 5012 2383 5068 limini?
2411 5014 2553 5070 Ecce
2581 5014 2821 5070 Ecclesia
2865 5022 2944 5070 tot
2983 5017 3431 5073 manifestissimis
3454 5028 3759 5075 sanctarum

2172 5113 2568 5185 Scripturarum
2616 5112 2935 5169 testimoniis
2973 5113 3343 5170 commendata
3386 5123 3441 5170 et
3482 5130 3757 5186 expressa,

2172 5208 2427 5280 praedicta
2452 5217 2505 5263 et
2550 5206 2911 5262 demonstrata
2933 5225 2949 5263 :
2968 5207 3113 5262 Sicut
3137 5207 3439 5273 audivimus,
3467 5208 3539 5262 ita
3565 5218 3611 5261 ct
3630 5210 3759 5263 ridi-

2173 5316 2284 5354 mus
2302 5298 2472 5371 (Psal.
2500 5314 2665 5364 xcvn,
2694 5298 2770 5370 9).
2797 5297 2935 5365 Quid
2960 5298 3325 5370 tergiversaris
3350 5298 3619 5369 quomodo
3640 5316 3760 5356 sus—

2181 5393 2432 5465 cipiaris?
2458 5391 2570 5448 Cur
2592 5391 2860 5448 detrectas
2885 5392 2963 5447 sic
2988 5391 3207 5459 suscipi,
3230 5391 3499 5463 quomodo
3524 5392 3614 5448 illa
3640 5407 3760 5448 sns-

2177 5485 2352 5557 cipit,
2400 5486 2487 5542 cui
2539 5484 2897 5541 testimonium
2948 5483 3191 5555 perhibet
3245 5484 3335 5555 qui
3387 5484 3602 5539 mentiri
3657 5499 3759 5539 non

2179 5578 2387 5651 potuit?
2442 5578 2586 5634 Doce
2631 5576 2932 5647 Scripturas
2980 5575 3265 5630 canonicas
3307 5585 3490 5645 aperte
3537 5575 3755 5643 dixisse,

2177 5668 2552 5741 baptizandum
2583 5682 2704 5723 esse
2732 5665 2785 5721 in
2811 5665 3075 5722 catholica
3100 5665 3337 5720 Ecclesia
3367 5665 3456 5735 qui
3483 5666 3623 5737 apud
3651 5668 3758 5718 Inc-

2181 5765 2379 5823 rcticos
2426 5764 2478 5820 in
2520 5761 2737 5819 nomine
2776 5760 2946 5817 Patris
2974 5768 3031 5817 et
3068 5758 3190 5815 Filii
3229 5766 3284 5815 et
3321 5757 3555 5830 Spiritus
3589 5755 3755 5820 sancti
