3998 6488
222 350 325 420 υἱ

222 476 376 535 fuerit
417 472 735 544 baptizatus.
778 466 929 535 Quod
969 467 1014 522 si
1069 466 1168 521 hoc
1209 464 1402 520 docere
1456 479 1567 517 non
1618 469 1808 528 potes;

222 568 346 628 illud
377 568 537 633 doce,
590 563 712 619 huic
749 559 1108 617 communioni
1150 567 1273 623 tum,
1304 556 1353 611 id
1384 563 1490 620 est,
1531 553 1665 623 parti
1698 552 1803 605 Do-

223 664 349 725 nati,
383 660 476 716 ubi
526 659 628 713 hoc
654 653 905 719 didicisti,
949 660 1191 721 apertum
1235 648 1450 720 aliquod
1491 657 1543 703 et
1587 644 1811 700 manife-

224 766 363 811 stum
407 748 771 807 testimonium
814 761 843 800 a
884 743 1172 813 Scripturis
1196 739 1464 796 canonicis
1496 737 1804 809 perhiberi:

224 843 507 902 etiatebor
554 840 621 895 ad
657 850 709 894 te
754 850 873 892 esse
911 832 1311 897 transeundum,
1352 845 1452 885 nec
1491 829 1645 882 aliter
1688 841 1808 881 esse

223 931 591 1005 suscipiendos
632 930 932 995 bareticos,
962 941 1122 998 quam
1153 925 1290 978 sicut
1330 921 1549 992 suscipit
1581 919 1806 975 ecclesia

224 1038 276 1091 in
318 1050 423 1104 qua
461 1047 541 1097 es,
583 1030 703 1100 quia
747 1027 838 1082 tali
875 1027 1177 1081 testimonio
1219 1021 1483 1077 declarata
1532 1027 1636 1073 est.
1671 1016 1806 1085 Quid

225 1127 457 1183 :nstuas?
486 1124 611 1195 quid
638 1120 1006 1192 perturbaris‘!
1034 1116 1147 1170 Non
1191 1113 1399 1168 invenis
1440 1112 1491 1165 iu
1519 1109 1810 1179 Scripturis

226 1217 516 1277 canonicis.
548 1213 687 1284 quod
715 1229 744 1267 a
769 1221 819 1267 te
845 1210 1140 1280 iustissime
1178 1204 1480 1276 exigimus?
1510 1202 1639 1257 Nam
1667 1200 1806 1270 quod

227 1311 405 1365 dicere
428 1308 631 1371 soletis,
652 1304 748 1359 Ubi
779 1303 963 1375 pascis,
994 1301 1079 1354 ubi
1106 1300 1257 1353 cubas
1277 1299 1330 1351 in
1346 1296 1549 1350 meridie
1578 1293 1746 1366 (Cant.
1769 1308 1806 1358 i,

227 1404 312 1474 6);
339 1400 490 1454 vides
516 1398 672 1469 quale
697 1396 783 1463 sit,
812 1405 867 1450 et
892 1409 1049 1465 quam
1083 1406 1177 1461 pro
1209 1400 1260 1445 te
1289 1405 1395 1443 non
1423 1388 1510 1443 sit.
1540 1386 1654 1440 Noli
1681 1398 1817 1453 ergo

231 1493 348 1548 talia
379 1504 638 1562 quaerere.
670 1488 803 1555 Quia
847 1496 899 1540 et
927 1484 971 1537 si
1010 1483 1061 1537 in
1103 1480 1340 1551 partibus
1377 1475 1639 1548 aquilonis
1668 1482 1812 1529 esset

232 1598 351 1655 pars
372 1582 585 1648 Donati,
611 1595 728 1650 quae
754 1576 1035 1632 contraria:
1060 1584 1187 1629 sunt
1217 1571 1450 1643 partibus
1477 1568 1805 1633 meridianis,

231 1678 430 1731 diceret
459 1674 527 1729 de
555 1688 615 1727 se
639 1685 759 1726 esse
788 1670 985 1724 dictum
1017 1685 1030 1720 :
1063 1665 1259 1720 Montes
1305 1663 1453 1729 Sion,
1484 1662 1641 1715 latera
1668 1660 1811 1730 aqui-

231 1768 377 1832 lonis,
413 1766 587 1819 civitas
623 1763 756 1832 regis
781 1760 950 1831 magni
978 1757 1151 1828 (Psal.
1183 1771 1343 1820 XLVII,
1373 1755 1451 1825 5).
1475 1753 1605 1808 Nam
1633 1753 1814 1822 utique

231 1860 412 1914 civitas
442 1855 585 1926 regis
622 1853 797 1924 magni
825 1867 927 1906 nou
957 1860 1039 1906 est
1066 1850 1164 1903 nisi
1198 1847 1430 1903 Ecclesia
1455 1863 1470 1911 ;
1496 1854 1549 1901 et
1574 1845 1675 1899 hoc
1711 1859 1810 1913 po-

232 1952 332 2006 tius
374 1948 738 2005 indubitanter
777 1955 931 2000 sonat
974 1943 1286 2007 Ecclesium,
1327 1955 1484 2010 quam
1529 1937 1680 2001 illud,
1716 1935 1814 1992 Ubi

232 2044 413 2114 pascis,
447 2041 532 2095 ubi
560 2040 710 2094 cubas
730 2040 781 2092 in
812 2036 1036 2091 meridie.
1066 2035 1171 2089 Sed
1210 2033 1434 2089 fortasse
1461 2032 1549 2086 illo
1576 2030 1815 2086 testimo-

232 2136 318 2191 nio
358 2132 592 2189 Marcion
622 2131 903 2185 haereticus
933 2135 1191 2194 uteretur,
1221 2125 1308 2195 qui
1338 2124 1531 2178 dicitur
1559 2121 1814 2176 Ponticus

231 2225 413 2289 fuisse,
430 2240 549 2295 qua:
575 2232 754 2293 partes
782 2220 846 2275 ad
873 2218 1173 2290 aquilonem
1200 2214 1560 2271 sunt.Rursns
1585 2214 1627 2267 si
1648 2214 1699 2266 iu
1725 2228 1816 2267 oc-

231 2314 438 2370 cidentc
458 2322 604 2368 esset
631 2328 753 2382 pars
782 2310 987 2375 Donati,
1020 2309 1223 2363 diceret
1246 2307 1313 2362 de
1339 2321 1397 2361 se
1424 2320 1544 2360 esse
1572 2304 1770 2358 dictum
1798 2319 1812 2355 :

232 2406 336 2462 Iter
382 2406 537 2477 facile
580 2406 625 2459 ei
675 2405 758 2471 qui
806 2403 1026 2457 ascendit
1067 2417 1218 2471 super
1269 2397 1815 2461 occasum;Dominus

233 2514 410 2551 nomen
448 2506 523 2551 est
548 2496 624 2549 illi
656 2494 825 2565 (Psal.
870 2511 1032 2559 vau,
1064 2494 1134 2564 5).
1177 2491 1441 2547 Fortassis
1470 2491 1614 2545 enim
1652 2490 1817 2544 subli-

234 2593 367 2648 mitis
420 2607 542 2647 esse
586 2591 807 2655 diceret,
857 2588 1080 2643 ascendit
1129 2603 1279 2656 super
1324 2600 1584 2648 occasum;
1634 2599 1813 2654 quam,

234 2687 377 2740 cubat
405 2686 459 2739 in
503 2684 726 2738 meridie.
758 2683 880 2737 llaec
920 2682 1137 2753 mystica
1179 2689 1322 2743 sunt,
1354 2689 1539 2749 operta
1578 2687 1721 2743 sunt,
1754 2678 1818 2730 li-

237 2788 417 2849 gurata
448 2785 575 2831 sunt
602 2793 615 2829 :
643 2774 840 2845 aliquid
870 2772 1206 2828 manifestum
1227 2771 1369 2842 quod
1401 2771 1689 2839 interprete
1710 2785 1816 2824 non

236 2878 405 2940 egeat,
437 2883 466 2921 a
496 2867 647 2923 vobis
672 2866 989 2937 ﬂagitamus.

303 2960 396 3015 70.
438 2959 555 3031 Ego
586 2960 761 3028 itaque
787 2959 863 3012 sic
889 2968 939 3013 te
967 2955 1680 3026 suscipio,quemadmodum
1695 2969 1818 3009 sus-

235 3054 359 3124 cipit
410 3067 595 3108 semen
625 3051 872 3114 Abrahae,
906 3051 957 3103 in
989 3065 1086 3119 quo
1115 3048 1475 3102 benedicuntur
1500 3064 1670 3101 omnes
1696 3063 1820 3118 gen-

236 3142 302 3200 tes
340 3144 493 3214 (Gen.
522 3158 659 3207 xxii,
686 3141 793 3214 l8).
842 3141 955 3196 lloc
997 3140 1131 3195 forte
1173 3140 1459 3195 obscurum
1506 3148 1671 3202 esset,
1718 3137 1818 3191 nisi

232 3236 430 3291 Paulus
474 3234 772 3305 aperuisset
800 3247 980 3288 semen
1018 3230 1245 3286 Abrahae
1278 3229 1419 3301 quod
1453 3238 1537 3284 est
1575 3228 1821 3285 Christus

235 3326 430 3395 (Galat;
462 3342 539 3391 Ill,
569 3325 683 3395 16).
726 3324 814 3380 Sic
844 3332 896 3378 te
938 3323 1190 3392 suscipio,
1210 3320 1656 3391 quemadmodum
1694 3335 1819 3375 sus-

231 3418 360 3487 cipit
425 3416 515 3471 illa
554 3417 757 3482 sterilis,
790 3415 941 3485 cujus
979 3414 1123 3468 multi
1162 3415 1277 3483 filii,
1325 3413 1486 3484 magis
1514 3430 1666 3482 quam
1709 3414 1821 3483 ejus

230 3526 343 3581 quis
384 3511 532 3564 habet
565 3510 744 3563 virum.
773 3508 923 3576 Quod
960 3508 1243 3562 obscurmn
1287 3515 1450 3573 esset,
1484 3506 1584 3560 nisi
1626 3506 1822 3560 Paulus

231 3603 477 3668 dixisset,
506 3602 674 3672 ipsam
703 3616 822 3656 esse
848 3601 1139 3655 Ecclesiam
1168 3608 1390 3653 matrem
1423 3606 1656 3652 nostram
1684 3615 1696 3651 :
1730 3598 1818 3652 cui

231 3693 433 3748 dictum
460 3702 562 3757 est,
607 3692 849 3747 Dominus
872 3693 959 3761 qui
993 3692 1122 3744 eruit
1163 3702 1224 3755 te,
1266 3691 1374 3759 ipse
1414 3689 1549 3743 Deus
1576 3690 1822 3743 universis

234 3794 382 3838 terra:
424 3783 682 3837 vocabitur
720 3781 872 3855 (ιδιά.
919 3799 1029 3846 LIV,
1071 3783 1121 3843 l.
1152 3782 1217 3846 5;
1252 3781 1422 3835 Galat.
1468 3796 1541 3846 iv,
1572 3780 1662 3841 26,
1694 3778 1817 3851 27);

234 3876 316 3931 cui
358 3873 565 3929 dictum
608 3882 707 3937 est,
754 3872 909 3926 Terra
947 3884 1032 3925 tua
1074 3873 1207 3926 orbis
1237 3882 1481 3924 terrarum
1512 3870 1665 3940 (Isai.
1693 3886 1817 3935 LXII,

234 3967 308 4035 4).
338 3965 495 4020 Sicut
526 3963 745 4031 suscipit
782 3964 961 4033 regina
1003 3963 1111 4027 illa,
1144 3962 1211 4016 de
1239 3977 1340 4031 qua
1383 3962 1436 4014 in
1485 3962 1709 4014 Psalmis
1742 3960 1824 4014 di-

234 4059 394 4125 citur,
417 4058 591 4112 Astitit
614 4057 786 4127 regina
814 4073 847 4109 a
879 4056 1066 4109 dextris
1093 4057 1189 4109 tuis
1213 4071 1231 4108 :
1250 4065 1299 4109 et
1327 4054 1412 4108 cui
1463 4053 1677 4116 dicitur,
1714 4053 1819 4107 Pro

235 4150 467 4222 patribus
494 4150 595 4203 tuis
621 4149 726 4202 nati
761 4158 875 4201 sunt
902 4149 987 4201 tibi
1014 4148 1128 4216 filii,
1157 4148 1426 4200 constitues
1452 4163 1536 4199 eos
1567 4146 1822 4214 principes

235 4258 387 4312 super
424 4257 627 4295 onmem
666 4251 849 4293 terram
891 4238 1058 4311 (Psal.
1089 4254 1230 4306 xuv,
1260 4239 1347 4305 10,
1380 4239 1486 4303 l7).
1521 4238 1820 4304 Postremo,

235 4346 303 4386 ne
329 4331 501 4385 multa
530 4343 962 4394 commemorem,
1010 4329 1087 4383 sic
1124 4338 1175 4384 te
1204 4329 1454 4398 suscipio,
1486 4329 1620 4383 sicut
1649 4329 1823 4382 susci-

236 4422 309 4491 pit
340 4421 585 4478 Ecclesia
616 4437 704 4490 per
741 4437 907 4475 omnes
946 4430 1115 4490 gentes
1157 4421 1399 4490 incipiens
1442 4419 1503 4472 ab
1540 4418 1825 4473 Jerusalem

243 4510 392 4581 (Luc.
446 4526 593 4575 xxiv,
642 4510 733 4582 47)
759 4528 772 4563 :
801 4512 938 4565 sicut
981 4512 1202 4580 suscipit
1244 4511 1478 4565 Ecclesia
1523 4527 1641 4580 qua:
1685 4512 1824 4565 testis

238 4616 327 4667 est,
352 4605 572 4660 Christo
599 4606 652 4658 in
674 4603 978 4671 Jerusalem,
1007 4614 1053 4658 et
1075 4605 1126 4657 in
1148 4614 1251 4656 tota
1272 4604 1456 4656 ludam
1483 4614 1529 4657 et
1561 4602 1824 4671 Samaria,

218 4708 284 4752 et
323 4713 486 4769 usque
524 4698 593 4750 ad
637 4706 791 4750 totam
824 4712 1009 4751 terram
1057 4696 1191 4764 (Act.
1232 4713 1268 4761 l,
1319 4696 1394 4764 8).
1446 4697 1539 4750 Ille
1583 4697 1726 4750 enim
1773 4704 1827 4751 te

239 4789 483 4857 suscipit,
516 4787 605 4857 qui
630 4786 733 4840 hoc
751 4786 820 4842 de
852 4787 939 4841 illa
968 4787 1119 4849 dixit,
1149 4787 1238 4855 qui
1270 4786 1460 4839 talibus
1479 4802 1597 4839 eam
1626 4786 1824 4852 verbis,

243 4892 307 4931 ne
349 4878 637 4947 quisquam
666 4877 733 4931 de
773 4878 857 4931 illa
885 4877 1170 4941 dubitaret,
1194 4875 1445 4929 ostendit.
1477 4875 1567 4929 Sic
1614 4885 1667 4929 te
1711 4892 1828 4930 sus-

240 4969 378 5037 cipio
399 5010 414 5034 ,
438 4967 887 5036 quemadmodum
917 4968 1136 5037 suscipit
1173 4967 1403 5020 triticum
1429 4967 1744 5021 scminatum
1775 4967 1825 5020 in

241 5073 388 5129 agro,
416 5059 560 5129 quod
587 5074 706 5115 cum
736 5059 955 5113 zizauiis
982 5060 1175 5114 crescit
1195 5072 1362 5126 usque
1391 5057 1457 5112 ad
1484 5072 1734 5112 messem.
1764 5058 1828 5112 Hi

241 5163 362 5207 sunt
378 5153 526 5209 enim
543 5152 640 5220 ﬁlii
654 5152 794 5222 regni
812 5162 1135 5222 ;agerautem
1148 5160 1219 5203 est
1234 5150 1473 5218 mundus,
1493 5151 1665 5204 messis
1685 5160 1758 5204 est
1774 5152 1832 5219 ﬁ-

241 5246 319 5300 nis
342 5244 518 5299 ιιι-αιιί
538 5242 749 5314 (Matth.
772 5252 888 5301 xm.
914 5242 1001 5307 50,
1022 5243 1107 5304 58,
1134 5242 1224 5312 59)
1255 5242 1545 5298 {Dominus
1561 5242 1827 5312 exposuit,

244 5337 592 5408 Evangelium
620 5343 723 5399 est,
749 5335 909 5390 verba
952 5334 1156 5389 Domini
1192 5345 1334 5401 sunt,
1374 5335 1654 5391 manifesta
1685 5344 1830 5390 sunt.

249 5427 465 5481 Possem
509 5426 603 5481 tibi
634 5427 812 5481 dicere
837 5443 851 5481 :
882 5426 971 5480 Sic
1002 5434 1053 5481 te
1099 5427 1350 5493 suscipio,
1380 5427 1831 5497 quemadmodum

246 5527 301 5571 et
325 5533 419 5573 vos
464 5518 774 5586 suscepistis
808 5532 944 5587 quos
974 5518 1323 5572 Prtetextatus
1363 5525 1418 5571 et
1459 5518 1758 5572 Felieianus
1800 5530 1833 5572 ε

248 5610 400 5663 vobis
423 5610 683 5675 damnati,
716 5618 864 5664 extra
886 5619 1115 5664 vestram
1142 5609 1570 5664 communionem
1600 5609 1831 5679 baptiza-

249 5709 459 5754 verunt.
487 5699 584 5756 Cui
622 5700 698 5755 rei
725 5699 850 5769 quid
880 5701 1234 5765 eontradicas,
1259 5700 1477 5754 omnino
1508 5714 1612 5753 non
1641 5699 1826 5754 babes.

252 5787 361 5845 Sed
390 5791 490 5847 bac
517 5791 695 5863 potius
720 5790 914 5859 dicam,
940 5790 1080 5861 quod
1118 5799 1172 5846 et
1208 5788 1463 5845 adversus
1490 5789 1633 5865 ipsos
1663 5787 1825 5845 Maxi-

1104 362 1276 406 vuwo
1314 345 1403 401 DE
1441 340 1743 401 UNiT.\TE
1785 336 2140 396 ECCLESleE
2179 343 2384 403 ΗΒεῆ
2424 346 2623 405 UNUS.

1917 458 2191 514 mianistas
2222 462 2566 522 invictissime
2595 467 2787 535 valeat,
2819 470 2908 541 qui
2937 484 3029 525 vos
3055 470 3111 526 in
3137 472 3343 531 duobus
3368 492 3504 547 prai-

1917 550 2071 618 cipue
2117 554 2432 611 testimoniis
2475 558 2666 628 quibus
2707 559 3121 630 iinperitissime,
3168 576 3341 623 tamen
3381 584 3502 624 cre-

1920 640 2150 696 berrime
2198 645 2271 697 uti
2323 646 2527 713 soletis,
2577 650 2794 703 omnino
2849 653 3113 721 vicerunt,
3168 663 3222 710 et
3270 656 3337 710 de
3384 674 3503 727 pau-

1917 734 2077 789 citate
2104 742 2159 789 et
2184 734 2249 790 de
2274 738 2512 794 meridie.
2536 740 2647 795 Hoc
2662 757 2789 812 ergo
2808 742 3001 809 dicam,
3027 745 3167 815 quod
3198 762 3290 802 vos
3316 762 3502 802 omnes

1920 834 2170 896 tanquam
2205 830 2400 898 pariter
2416 840 2601 885 contra
2631 848 2728 887 nos
2750 834 3055 906 insurgatis,
3074 838 3502 909 exstinguat.Sic

1918 933 2012 970 vos
2041 919 2378 988 suscipimus,
2413 922 2455 980 si
2484 924 2674 994 corrigi
2703 927 2878 993 vultis,
2908 930 3352 997 quemadmodum
3380 947 3503 987 sus-

1918 1009 2047 1078 cipit
2096 1010 2370 1076 Ecclesia,
2417 1030 2575 1082 quam
2630 1018 2883 1073 Dominus
2933 1019 3087 1075 Jesus
3130 1021 3263 1076 dixit
3303 1023 3370 1076 ab
3413 1023 3495 1079 Je-

1920 1099 2146 1154 rusalem
2192 1112 2511 1171 empturam,
2561 1115 2614 1160 et
2661 1107 2712 1161 in
2751 1109 2971 1163 Actibus
3015 1111 3389 1180 Apostolormu
3421 1114 3500 1168 ιυ-

1917 1193 2089 1259 gimus
2134 1193 2260 1248 inde
2303 1195 2533 1265 coepisse
2562 1215 2574 1251 :
2603 1207 2655 1253 et
2698 1214 2793 1269 per
2834 1216 3021 1255 omnes
3055 1213 3239 1271 gentes
3283 1206 3497 1271 ituram,

1918 1292 1974 1337 et
2007 1284 2057 1337 in
2097 1284 2318 1341 Actibus
2360 1289 2735 1359 Apostolorum
2769 1292 2990 1363 legimus
3028 1310 3122 1363 per
3150 1298 3340 1352 multas
3370 1300 3497 1364 isse,

1918 1383 2203 1445 antequam
2245 1380 2450 1435 veniret
2497 1381 2548 1434 in
2582 1382 2835 1445 Africam,
2879 1393 2932 1438 et
2962 1401 3055 1452 per
3095 1401 3281 1442 omnes
3315 1398 3503 1457 gentes

1921 1465 2108 1520 ituram
2132 1478 2417 1539 antequam
2441 1472 2617 1527 veniat
2646 1472 2805 1541 linis;
2834 1476 2952 1544 quia
2979 1476 3091 1545 ipse
3121 1478 3373 1535 Dominus
3402 1482 3499 1546 ait,

1922 1556 2293 1615 Prwdicabitur
2326 1562 2419 1616 hoc
2451 1563 2779 1635 Euangelium
2826 1566 2877 1619 in
2908 1568 3137 1621 omnibus
3175 1571 3425 1638 gentibus,
3452 1581 3509 1626 et

1919 1661 2037 1705 tunc
2083 1654 2240 1707 veniet
2294 1656 2431 1722 ﬁnis.
2484 1656 2621 1711 Ecce
2662 1671 3005 1728 purgamenta
3058 1661 3214 1728 ejtrs:
3248 1663 3502 1728 Quoniam

1918 1746 2190 1800 abundavit
2216 1748 2473 1816 iniquitas,
2499 1751 2783 1819 refrigescet
2806 1754 3027 1805 cliaritas
3049 1730 3339 1807 inuitat-um.
3367 1756 3504 1810 Ecce

1919 1833 2181 1891 frumenta
2231 1839 2346 1907 ejus
2387 1858 2398 1892 :
2448 1841 2547 1907 Qui
2595 1854 2762 1894 autent
2815 1844 3199 1911 perseveraverit
3246 1860 3399 1912 usque
3450 1844 3505 1898 in

1919 1929 2089 1998 ﬁnem,
2120 1931 2201 1983 hic
2221 1932 2390 1985 salvus
2418 1935 2509 1986 erit
2535 1932 2642 2002 (ld.
2674 1951 2817 2000 xxrv,
2847 1934 3055 2005 12-”).
3087 1935 3186 1990 Ubi
3214 1934 3299 1989 hic
3326 1936 3504 1990 Africa

1920 2020 2189 2075 nominata
2220 2031 2297 2075 est
2326 2022 2376 2075 in
2420 2033 2567 2092 parte
2600 2024 2824 2079 Donati?
2852 2027 2986 2081 Ecce
3015 2028 3204 2081 iterum
3241 2026 3504 2082 frumenta

1918 2112 2079 2181 ejus:
2115 2112 2179 2166 Ut
2220 2114 2371 2178 scias,
2420 2115 2589 2184 inquit
2639 2116 2944 2184 Apostolus,
2994 2118 3411 2187 quemadmodum
3459 2126 3506 2170 te

1920 2213 2144 2271 aporteat
2173 2208 2225 2258 in
2264 2206 2415 2259 domo
2444 2205 2537 2260 Dei
2561 2209 2864 2273 conversari,
2895 2224 3006 2279 qua:
3046 2220 3118 2263 est
3146 2207 3374 2262 Ecclesia
3413 2207 3509 2262 Dei

1919 2300 2036 2363 vivi,
2086 2300 2321 2353 columna
2351 2309 2396 2353 et
2424 2301 2795 2370 firmamentum
2838 2303 3077 2357 rcritatis.
3114 2301 3177 2355 Et
3218 2303 3324 2357 sine
3352 2301 3504 2354 dubio

1922 2405 2161 2458 maguum
2198 2400 2269 2443 est
2309 2391 2505 2459 pietatis
2543 2403 2934 2457 sacramentum,
2969 2394 3104 2462 quod
3131 2394 3509 2463 manifestatum

1921 2490 1991 2533 est
2020 2480 2070 2533 iu
2096 2496 2267 2540 carne,
2289 2482 2630 2550 justiﬁcutum
2660 2492 2730 2535 est
2765 2485 2817 2536 in
2846 2484 3045 2553 spiritu,
3075 2486 3313 2555 apparuit
3337 2483 3509 2554 Ange-

1923 2570 2006 2635 lis,
2033 2571 2362 2637 pra'dicatum
2386 2580 2458 2625 est
2485 2573 2536 2625 in
2559 2573 2809 2642 gentibus,
2842 2573 3085 2627 creditum
3113 2584 3185 2627 est
3212 2574 3262 2626 in
3290 2575 3498 2639 mundo,

1923 2672 2235 2733 assumptum
2276 2673 2348 2716 est
2393 2663 2445 2715 in
2489 2665 2652 2733 gloria
2682 2663 2724 2733 (l
2754 2662 2883 2717 Tim.
2936 2680 3012 2728 In,
3058 2665 3144 2730 l5,
3197 2662 3305 2737 ili).
3366 2665 3507 2720 Ecce

1923 2762 2268 2824 purgamenta
2315 2754 2475 2822 ejus:
2509 2754 2732 2822 Spiritus
2778 2765 2967 2819 autem,
3011 2755 3199 2824 inquit,
3245 2756 3511 2825 manifeste

1923 2846 2063 2910 dicit,
2111 2846 2230 2916 quia
2256 2845 2307 2898 in
2336 2846 2615 2899 novissimis
2652 2845 2955 2914 temporibus
2983 2848 3208 2899 recedent
3235 2846 3440 2916 quidam
3477 2861 3511 2899 α

1923 2939 2044 3008 ﬁde,
2086 2939 2396 2992 attendentes
2433 2938 2693 3007 spiritibus
2734 2938 3095 3003 seductoribus,
3128 2938 3368 2992 doctrinis
3403 2938 3510 2991 da:-

1860 3052 1863 3053 ν
1924 3031 2229 3096 moniorum,
2258 3028 2369 3096 (Id.
2402 3046 2472 3092 iv,
2504 3030 2556 3101 1)
2588 3037 2691 3084 etc.
2725 3029 2824 3085 Ubi
2876 3039 2931 3085 et
2956 3030 3040 3085 hic
3068 3030 3243 3085 Africa
3271 3030 3322 3084 in
3360 3038 3510 3100 parte

1928 3122 2114 3175 Donati
2147 3123 2415 3175 nominata
2442 3130 2543 3185 est,
2582 3131 2641 3175 ut
2670 3122 2721 3175 in
2752 3136 2815 3176 ea
2838 3123 3153 3176 remanserit
3181 3122 3428 3177 columna
3455 3130 3512 3176 ct

1925 3215 2317 3269 ﬁrmamentum
2348 3214 2606 3281 veritatis,
2637 3223 2727 3268 aut
2754 3214 2964 3283 pietatis
3000 3224 3415 3279 sacramentum,
3440 3213 3510 3269 de

1925 3319 2030 3374 quo
2074 3320 2242 3374 usque
2286 3305 2335 3358 in
2384 3305 2542 3359 linem
2590 3305 2661 3358 ita
2704 3305 2960 3368 cucurrit,
3002 3312 3061 3358 ut
3103 3304 3323 3368 diceret,
3365 3303 3510 3358 Pro:-

1924 3397 2148 3450 dicatum
2172 3406 2243 3451 est
2268 3397 2320 3450 in
2343 3396 2588 3466 gentibus,
2617 3396 2865 3450 creditum
2892 3404 2964 3450 est
2992 3397 3042 3450 in
3073 3396 3284 3463 mundo,
3309 3411 3508 3450 assum-

1924 3497 2063 3559 ptum
2093 3497 2165 3541 est
2193 3488 2244 3540 in
2266 3488 2471 3558 gloria?

1997 3579 2085 3632 7t.
2126 3577 2262 3644 Quid
2306 3593 2435 3648 ergo
2480 3578 2718 3647 pluribus
2759 3578 3007 3633 teneam?
3044 3577 3143 3644 Qui
3186 3577 3511 3647 respondere

1924 3669 2123 3740 cogitat
2172 3668 2295 3723 huic.
2326 3669 2599 3738 Epistolas,
2641 3678 2911 3724 scrutetur
2948 3667 3251 3738 Scripturas
3281 3687 3294 3723 :
3326 3678 3381 3723 et
3420 3680 3512 3723 aut

1925 3762 2263 3816 manifestum
2294 3760 2362 3815 de
2400 3762 2600 3827 Africa,
2639 3762 2722 3816 vel
2769 3762 2950 3832 inqua
2995 3762 3130 3826 sola,
3179 3761 3263 3815 vel
3311 3776 3374 3816 ex
3405 3777 3510 3830 qua

1925 3854 2036 3908 sola
2085 3861 2168 3907 est
2211 3867 2332 3921 pars
2381 3852 2593 3915 Donati,
2650 3852 2882 3920 proferat
2933 3852 3336 3906 testimonium:
3366 3850 3510 3921 quod

1925 3944 2048 3999 ideo
2079 3942 2318 4014 proferre
2358 3958 2463 3997 non
2506 3951 2700 4012 potest,
2740 3944 2859 4012 quia
2901 3942 3004 3996 illis
3035 3952 3141 3996 tam
3185 3941 3504 4009 manifestis,

1925 4050 2045 4105 qua:
2083 4050 2113 4089 a
2143 4034 2297 4089 nobis
2326 4033 2528 4102 prolata
2571 4042 2715 4096 sunt,
2748 4047 3046 4103 repugnare
3083 4032 3356 4101 Scriptura
3399 4046 3508 4085 non

1928 4134 2098 4194 potest
2132 4141 2144 4176 :
2178 4133 2268 4177 aut
2319 4124 2363 4178 si
2419 4139 2636 4177 suarum
2685 4122 3066 4191 suspicionum,
3119 4122 3205 4177 vel
3253 4122 3508 4176 crimina-

1929 4216 2152 4283 tiouum,
2198 4216 2278 4270 vel
2306 4216 2693 4270 calumniarum
2742 4224 3034 4269 sectatores
3077 4214 3327 4269 credulos
3354 4230 3505 4285 qua:-

1927 4308 2017 4374 rit,
2046 4316 2099 4361 et
2125 4308 2237 4362 vult
2268 4306 2545 4364 traducere
2583 4308 2633 4361 in
2669 4306 2808 4361 aliud
2839 4306 3201 4376 Evangelium,
3232 4305 3374 4375 quod
3404 4320 3511 4360 non

1927 4410 2011 4456 est
2036 4401 2197 4467 aliud,
2237 4412 2396 4472 atque
2433 4401 2751 4456 annuutiare
2787 4401 2939 4456 nobis
2978 4410 3331 4470 praeterquam
3368 4399 3510 4470 quod

1928 4494 2250 4563 accepimus,
2307 4494 2405 4549 etsi
2453 4494 2671 4563 angelus
2714 4492 2783 4547 de
2826 4493 2964 4547 cmlo
3011 4500 3173 4554 esset,
3224 4492 3509 4545 anathema

1930 4598 2073 4643 esset
2114 4588 2309 4658 (Galat.
2338 4604 2373 4649 ι,
2408 4585 2462 4657 8)
2498 4603 2511 4639 :
2542 4586 2791 4655 quoniam
2832 4593 2887 4639 et
2925 4583 3195 4647 diabolus,
3247 4583 3335 4652 qui
3386 4596 3513 4651 pro-

1929 4689 2114 4750 pterea
2139 4678 2206 4733 de
2237 4678 2374 4732 coalo
2398 4676 2611 4739 cecidit,
2638 4675 2759 4743 quia
2790 4674 2841 4728 in
2868 4674 3090 4728 veritate
3133 4690 3237 4727 non
3267 4673 3435 4737 Stetit,
3469 4671 3514 4726 si

1929 4771 2213 4826 anathema
2237 4770 2421 4825 luisset
2444 4768 2666 4833 homini,
2691 4768 2903 4837 quando
2923 4768 2969 4822 ei
2993 4776 3345 4836 przeterquam
3374 4764 3520 4836 quod

1932 4877 1961 4916 a
1991 4863 2213 4916 Domino
2242 4862 2349 4915 Deo
2377 4870 2679 4928 acceperat,
2707 4859 3054 4923 aununtiavit,
3087 4859 3241 4927 primi
3268 4866 3513 4927 parentes

1931 4952 2109 5006 carnis
2136 4963 2349 5015 nostrai,
2378 4966 2477 5004 nec
2503 4952 2552 5004 iu
2588 4964 2801 5019 poenam
2824 4948 3010 5003 mortis
3048 4948 3380 5011 incidissent,
3415 4959 3514 4999 nec

1933 5044 2000 5098 de
2030 5043 2149 5097 loco
2178 5042 2443 5096 felicitatis
2468 5042 2723 5096 exissent.

2007 5134 2231 5191 CAPUT
2259 5133 2402 5188 XXV
2425 5132 2688 5202 (a).—7‘2.
2710 5132 3041 5202 Quapropter
3057 5146 3173 5195 vos,
3190 5125 3512 5191 charissimi,

1934 5230 2125 5300 quibus
2172 5227 2307 5281 banc
2356 5226 2645 5295 Epistulam
2687 5226 2884 5291 scribo,
2927 5231 3246 5294 praeceptum
3292 5218 3519 5288 pastoris

1936 5320 2027 5390 qui
2068 5319 2299 5372 animam
2347 5333 2496 5372 suam
2546 5316 2722 5386 posuit
2751 5331 2846 5384 pro
2875 5314 3062 5367 ovibus
3099 5310 3231 5375 suis,
3277 5318 3331 5363 et
3375 5323 3520 5363 nunc

1935 5412 2260 5481 glorilicatus
2298 5417 2352 5462 et
2395 5409 2658 5463 cxaltatus
2689 5406 2837 5460 Sedet
2868 5404 2932 5457 ad
2963 5401 3235 5455 dexteram
3284 5401 3373 5455 Dei
3416 5400 3510 5469 Pa-

1939 5503 2055 5568 tris,
2082 5502 2241 5556 corde
2266 5501 2575 5555 ﬁdelissimo
2602 5507 2653 5551 et
2682 5496 2985 5551 ﬁrmissimo
3011 5492 3238 5545 retinete
3265 5491 3512 5552 dicentis,

1942 5595 2070 5663 Quae
2096 5602 2212 5649 sunt
2234 5608 2346 5646 oues
2374 5608 2513 5654 metu,
2545 5606 2709 5643 uocem
2752 5602 2914 5640 meam
2952 5582 3188 5649 audiunt,
3230 5594 3278 5639 et
3306 5599 3495 5651 sequuti

1940 5696 2021 5739 tur
2049 5702 2124 5739 me
2151 5682 2327 5754 (Joan.
2359 5699 2413 5746 χ,
2445 5681 2558 5749 27).
2590 5678 2822 5732 Audistis
2844 5676 2959 5746 ejus
2982 5686 3170 5729 vocem
3204 5671 3496 5731 manilcsris

2006 5796 2080 5860 (ιι)
2113 5795 2251 5856 olim,
2271 5806 2374 5857 cap.
2399 5789 2597 5854 magud
2625 5796 2722 5840 Am.
2751 5796 2805 5843 et.
2829 5795 2902 5839 Er.
