3998 6478
543 352 649 410 M3

538 473 751 536 simam,
781 483 886 524 non
917 479 1090 521 suarm
1123 478 1215 534 per
1237 462 1430 532 Legem
1469 459 1606 528 ejus,
1635 466 1690 512 et
1719 453 2034 524 Prophetas,
2067 458 2120 504 et

540 563 800 626 Psalmos,
841 560 936 616 sed
974 559 1131 613 etiam
1169 571 1266 627 per
1303 571 1364 608 us
1392 552 1664 622 proprium
1693 545 2121 605 commendantis

539 653 834 710 Ecclesium
859 665 1004 706 suam
1031 648 1282 703 futuram.
1315 644 1385 702 Et
1407 659 1470 700 ea
1489 659 1608 716 qua:
1636 641 1899 713 praedixit,
1926 653 2118 709 quem-

538 745 825 800 admodum
867 757 932 796 ex
979 739 1166 795 ordiue
1211 745 1497 794 consecuta
1536 736 1664 800 sint,
1706 735 1758 789 in
1805 731 2026 788 Actibus
2068 739 2123 784 et

538 835 758 891 Litteris
802 832 1204 903 Apostolorum,
1241 845 1360 901 qua:
1385 827 1684 884 divinarum
1725 825 2119 894 Scripturarum

537 940 796 982 canonem
825 924 1113 992 complent,
1145 921 1368 993 legendo
1395 921 1714 990 perSpicitis.
1742 917 1858 972 Non
1907 925 1990 972 est
2019 915 2118 969 ob-

537 1033 693 1074 scura
722 1016 948 1087 quaestio
978 1017 1030 1069 in
1054 1029 1155 1084 qua
1185 1027 1284 1068 vos
1313 1012 1516 1077 fallant,
1559 1027 1693 1081 quos
1721 1010 1838 1080 ipse
1863 1008 2119 1063 Dominus

537 1106 784 1178 praedixit
802 1105 1008 1160 futuros
1031 1114 1190 1175 atque
1212 1103 1468 1172 dicturos,
1497 1101 1628 1157 Ecce
1653 1100 1733 1155 hic
1761 1108 1836 1154 est
1863 1097 2116 1166 Christus,

536 1216 648 1254 ecce
684 1200 789 1254 illic
807 1215 826 1253 :
852 1215 962 1254 ecce
988 1199 1040 1252 in
1067 1197 1284 1264 deserto,
1316 1197 1467 1266 quasi
1492 1195 1581 1250 ubi
1621 1208 1728 1249 non
1758 1201 1842 1248 est
1868 1190 2118 1261 frequen-

537 1293 607 1346 tia
650 1289 1000 1345 multitudinis
1029 1307 1044 1344 ε
1074 1305 1184 1344 ecce
1219 1289 1274 1343 in
1311 1286 1556 1342 cubiculis
1594 1284 1806 1356 (Matth.
1842 1299 1990 1349 xxrv,
2020 1282 2112 1347 23,

535 1381 652 1451 26),
695 1381 844 1452 quasi
877 1381 930 1434 in
976 1379 1200 1436 secretis
1244 1376 1614 1433 traditionibus
1647 1385 1808 1445 atque
1833 1373 2113 1429 doctrinis.

535 1471 753 1526 llabetis
781 1470 1074 1526 Ecclesiam
1102 1469 1298 1540 ubique
1320 1467 1564 1531 dill‘undi,
1591 1474 1645 1521 et
1672 1479 1919 1520 crescere
1944 1479 2112 1534 usque

534 1561 602 1616 ad
641 1575 894 1616 messem.
928 1560 1146 1615 Habetis
1170 1559 1460 1624 civitatem,
1501 1556 1568 1612 de
1594 1571 1695 1625 qua
1741 1555 1854 1625 ipse
1879 1554 1968 1623 qui
1994 1569 2112 1610 eam

532 1651 790 1719 condidit,
826 1651 939 1705 ait:
966 1650 1086 1704 Non
1113 1659 1273 1724 potest
1299 1649 1473 1704 civitas
1508 1645 1747 1701 abscondi
1783 1662 1936 1715 super
1964 1661 2111 1699 mon-

533 1755 631 1798 tem
661 1744 932 1798 constituta
959 1743 981 1816 (
1008 1742 1095 1796 id.
1154 1759 1209 1808 v,
1265 1742 1328 1797 14
1355 1741 1398 1811 ).
1432 1739 1547 1811 Ipsa
1591 1748 1825 1808 estergo
1854 1753 1973 1808 qum
2005 1753 2108 1792 non

531 1834 586 1889 in
616 1834 793 1904 aliqua
824 1841 973 1903 parte
1002 1841 1287 1893 terrarum.
1335 1831 1431 1886 sed
1475 1830 1668 1900 ubique
1697 1828 1972 1884 notissima
2002 1838 2106 1883 est.

531 1925 658 1980 "tce
696 1924 1017 1996 temporales
1045 1922 1330 1994 aliquando
1375 1923 1535 1978 etiam
1586 1921 1639 1975 in
1682 1920 1794 1976 suis
1831 1917 2111 1974 frumentis

528 2019 728 2090 patitur
757 2025 1122 2088 tempestates,
1172 2024 1228 2069 ut
1275 2015 1327 2070 in
1365 2012 1677 2084 quibusdam
1705 2011 1838 2068 locis
1878 2026 1986 2065 non
2013 2024 2109 2065 co-

525 2117 884 2181 gnoscantur:
942 2107 1040 2165 sed
1094 2116 1270 2162 tamen
1323 2109 1484 2160 etiam
1540 2104 1652 2159 illic
1697 2103 2110 2172 latentzneque

526 2200 670 2258 cnim
709 2200 815 2254 falli
847 2208 1019 2269 potest
1045 2198 1220 2253 divina
1256 2195 1541 2262 sententia,
1579 2195 1830 2266 quoniam
1861 2201 2109 2249 crescunt

527 2305 694 2360 usque
717 2290 784 2345 ad
811 2305 1063 2345 messem.
1445 2363 1450 2366 _

593 2386 684 2441 75.
725 2384 904 2453 Itaque
929 2382 1048 2439 etin
1073 2382 1191 2437 aliis
1218 2380 1465 2452 gentibus
1489 2394 1632 2450 saepe
1657 2377 1910 2433 nonnulla
1937 2391 2105 2432 mem-

521 2475 616 2532 bra
646 2475 901 2530 Ecclesia:
940 2473 1350 2544 prmvalentibus
1391 2472 1654 2526 haeresum
1676 2478 1732 2525 et
1759 2469 2105 2524 schismatum

520 2565 894 2630 seditionibus,
922 2579 1104 2637 pressa
1133 2572 1296 2634 atque
1315 2561 1631 2618 obumbrata
1658 2568 1818 2622 sunt;
1855 2567 1910 2614 et
1929 2566 2106 2613 tamen

520 2657 644 2727 quia
671 2658 900 2723 inerant,
934 2656 1091 2726 paulo
1122 2664 1244 2726 post
1277 2653 1424 2708 nullo
1457 2652 1732 2707 dubitante
1759 2649 2062 2705 claruerunt
2091 2666 2104 2701 :

519 2756 575 2804 ct
609 2748 662 2803 in
693 2749 807 2818 ipsa
835 2745 1012 2804 Africa
1042 2755 1162 2816 post
1212 2745 1338 2800 illud
1376 2743 1607 2800 Secundi
1655 2741 1929 2814 Tigisitani
1967 2741 2107 2812 apud

519 2837 896 2909 Carthaginem
939 2837 1251 2892 seditiosum
1293 2836 1757 2904 turbulentumque
1800 2833 2104 2897 concilium,

520 2929 609 2984 tibi
656 2937 712 2983 et
755 2943 785 2982 a
812 2929 1006 2983 femina
1031 2927 1198 2983 nobili
1221 2927 1422 2983 Lucilla
1445 2936 1661 2997 operata
1695 2926 1964 2997 corruptio
1996 2923 2070 2998 (a)
2091 2965 2105 2989 ,

520 3031 707 3091 postea
730 3020 1074 3092 iudicialibus
1095 3019 1272 3076 Gestis
1289 3011 1702 3076 commemorata
1718 3027 1820 3086 est,
1839 3033 1962 3074 cum
1985 3017 2108 3073 inde

521 3113 714 3168 litterae
744 3127 880 3183 pene
909 3127 1004 3184 per
1031 3120 1193 3168 totam
1219 3112 1473 3178 Africam,
1501 3128 1601 3182 qua
1630 3110 1884 3166 Ecclesia:
1910 3108 2106 3165 Christi

519 3203 626 3275 iam
653 3206 1097 3277 germinaverant,
1123 3205 1300 3261 missa:
1321 3204 1563 3274 fuissent,
1580 3202 1840 3258 creditum
1868 3213 1949 3257 est
1969 3201 2110 3256 litte-

521 3298 599 3353 ris
637 3299 879 3366 concilii;
926 3313 1100 3370 neque
1134 3298 1275 3354 enim
1316 3297 1471 3353 aliter
1512 3295 1791 3365 oportebat
1818 3313 1832 3350 :
1857 3303 1912 3350 et
1956 3295 2106 3364 quasi

521 3392 638 3445 visa
657 3399 782 3446 sunt
807 3407 904 3462 per
923 3393 1152 3463 aliquam
1184 3398 1387 3462 partem
1418 3389 1528 3458 agri
1560 3386 1820 3443 frumenta
1840 3386 2106 3442 dominica

521 3481 818 3548 deiecisse;
861 3482 1010 3537 nullo
1055 3481 1216 3537 modo
1248 3492 1425 3538 autem
1466 3480 1788 3545 defecerant,
1834 3495 1954 3550 qua:
1981 3494 2108 3536 vere

521 3571 788 3628 frumenta
824 3581 977 3628 erant
1004 3572 1373 3644 prtedestinata
1418 3581 1574 3643 atque
1616 3571 1894 3637 seminata,
1922 3580 1976 3627 et
2003 3571 2105 3626 alta

523 3663 707 3721 radice
747 3664 997 3722 feraciter
1025 3666 1041 3698 ¹
1068 3665 1440 3738 germinantia.
1476 3665 1632 3722 Salva
1661 3664 1802 3720 enim
1831 3664 2106 3720 conscien-

521 3757 595 3812 tia
632 3755 822 3811 litteris
859 3757 1069 3812 concilii
1112 3755 1449 3812 crcdiderant
1482 3773 1495 3811 :
1527 3772 1699 3827 neque
1726 3756 1868 3810 enim
1903 3755 1971 3810 ab
2013 3755 2108 3810 ho-

520 3849 754 3904 minibus
775 3846 842 3903 de
863 3847 979 3902 aliis
1003 3847 1306 3904 hominibus
1331 3847 1528 3918 aliquid
1557 3847 1867 3902 incredibile
1889 3847 2103 3902 diceba-

521 3949 644 4006 tur,
690 3947 783 3994 aut
835 3940 914 3994 eis
965 3948 1151 3995 contra
1203 3939 1551 4010 Evangelium
1617 3938 1952 3993 credebatur.
2001 3937 2107 3993 Sed

520 4041 866 4102 posteaquam
891 4030 963 4086 illi
986 4031 1238 4087 furiosam
1264 4031 1608 4101 pertinaciam
1629 4045 1798 4100 usque
1817 4031 1883 4086 ad
1904 4030 2110 4085 dissen-

519 4122 726 4179 sionem
757 4123 1067 4194 sacrilegam
1094 4133 1279 4179 contra
1324 4131 1490 4178 totum
1531 4121 1717 4177 orbein
1761 4121 2107 4176 christianum

522 4213 865 4269 contentione
897 4212 1311 4270 obstinatissima
1344 4213 1738 4283 perduxerunt,
1769 4223 1927 4284 atque
1958 4213 2108 4266 inno—

522 4301 628 4356 tuit
647 4302 800 4357 bonis
825 4302 1068 4358 fidelibus
1089 4319 1223 4374 quos
1244 4318 1273 4357 a
1302 4302 1589 4359 Caeciliano
1623 4304 1945 4359 alicnaverat
1979 4303 2109 4356 falsa

525 4389 868 4446 criminatio:
900 4391 1146 4447 viderunt
1170 4407 1246 4458 se,
1282 4393 1326 4446 si
1371 4393 1421 4447 in
1468 4393 1558 4448 illa
1585 4393 1960 4448 communione
1985 4408 2108 4462 per-

521 4482 791 4548 sisterent,
840 4498 944 4537 non
965 4482 1075 4552 jam
1115 4482 1184 4538 de
1221 4483 1452 4554 quodam
1509 4483 1746 4549 homine,
1779 4485 1863 4539 vel
1893 4483 1959 4538 de
1988 4485 2109 4553 qui-

524 4573 751 4630 busdam
796 4573 1120 4641 hominibus,
1165 4575 1260 4632 sed
1297 4575 1366 4632 de
1412 4575 1650 4632 Ecclesia
1696 4583 1806 4631 toto
1849 4583 2107 4630 terrarum

523 4667 656 4721 orbe
688 4665 874 4721 diffusa
908 4682 1125 4736 pravum
1170 4667 1367 4723 habere
1406 4667 1691 4738 judicium;
1722 4675 1776 4722 et
1813 4667 2111 4721 maluerunt

525 4756 725 4813 Christi
755 4758 1062 4828 Evangelio,
1089 4773 1246 4829 quam
1276 4759 1597 4828 collegarum
1625 4757 1850 4812 concilio
1867 4757 2105 4812 credere.

526 4848 710 4920 itaque
736 4849 838 4904 illis
863 4849 1081 4914 relictis,
1114 4865 1236 4904 mox
1281 4849 1346 4904 ad
1384 4849 1698 4904 catholicam
1727 4863 1909 4918 pacem
1935 4849 2106 4916 inulti,

463 4973 472 5000 ε
525 4952 582 4999 et
610 4942 878 5014 episcopi,
907 4952 962 4998 et
985 4941 1196 5008 clerici,
1221 4951 1278 4997 et
1311 4941 1492 5012 populi
1533 4939 1810 4995 redierunt
1843 4958 1856 4994 :
1885 4941 2025 5011 quod
2057 4948 2113 4996 ct

527 5044 811 5104 antequam
860 5034 1116 5102 facerent,
1177 5035 1233 5089 in
1271 5033 1448 5088 tritico
1498 5032 1910 5102 deputabuntur.
1961 5033 2113 5087 Tunc

525 5127 670 5181 enim
698 5142 803 5181 non
832 5127 1116 5194 faciebant,
1148 5141 1269 5181 cum
1299 5125 1554 5181 adversus
1577 5125 1822 5182 homines
1843 5127 1981 5182 male
2008 5126 2112 5182 sibi

527 5231 558 5270 a
590 5217 809 5287 collegis
856 5217 1179 5281 insinuatos,
1222 5232 1327 5272 non
1367 5216 1622 5272 adversus
1661 5217 1950 5273 Ecclesium
1995 5216 2110 5284 Doi,

527 5325 646 5378 qure
694 5309 746 5363 in
786 5310 988 5364 cunctis
1015 5309 1260 5379 gentibus
1303 5309 1513 5376 crescit,
1559 5309 1647 5364 illa
1691 5325 1876 5365 eorum
1902 5319 2117 5365 contra-

527 5401 688 5456 dictio
724 5400 992 5456 nitebatur
1016 5401 1058 5454 ’.
1090 5399 1269 5472 Itaque
1307 5408 1362 5457 ct
1405 5400 1459 5455 in
1499 5399 1678 5456 Africa
1709 5401 1936 5456 triticum
1971 5399 2114 5472 quod

597 5636 613 5708 ξ
648 5635 790 5708 rete.-
813 5634 1406 5708 vemcier-rloriacesisis
1426 5636 1867 5708 ferociter:

592 5695 613 5727 ⁸
645 5695 718 5746 sic
739 5697 1051 5746 Floriacensis
1071 5704 1152 5746 Ms.
1178 5704 1233 5747 Αι
1251 5698 1387 5760 editi,
1411 5695 1725 5750 contradictio
1745 5699 2010 5750 tenebatur.

589 5775 664 5839 (tt)
689 5783 854 5841 Supra,
869 5789 974 5841 cap.
1002 5777 1079 5840 18,
1103 5791 1151 5826 ιι.
1178 5777 1256 5827 46.

1290 343 1558 400 courna
1598 321 2025 396 DO'NATISTAS
2069 331 2424 400 EPISTULA,
2468 351 2640 394 νυιοο
2693 339 2782 394 ne
2810 339 3126 410 UNITATE,
3167 355 3287 397 src.

3380 283 3427 298 α.

3669 359 3758 420 ιιι

2232 448 2396 504 Filius
2443 450 2672 507 hominis
2699 454 3085 520 sominaverat,
3117 456 3340 512 triticum
3383 463 3563 522 mansit
3591 487 3601 520 :
3630 481 3678 527 et
3699 492 3754 531 οι

2229 539 2322 634 illo
2346 557 2513 611 usque
2539 542 2713 598 adhuc
2735 546 2921 609 crevit,
2953 557 3006 602 et
3032 547 3242 614 crescit,
3277 561 3328 606 et
3351 551 3588 626 deinceps
3612 576 3754 634 usque

2229 632 2295 686 ad
2338 649 2568 690 messem
2619 635 2958 694 fructiﬁcahit
2996 648 3052 694 ct
3100 650 3334 708 crescet,
3367 645 3500 703 sicut
3547 649 3594 706 in
3631 632 3782 717 omni.

2228 728 2442 782 mundo.

2299 819 2384 872 74.
2425 819 2671 874 Nonnulli
2703 822 2861 876 etiam
2885 822 3037 879 bona:
3061 823 3364 895 voluntatis,
3406 845 3495 899 per
3520 837 3756 896 carnalem

2224 909 2526 979 caliginem,
2559 913 2716 966 etiam
2746 924 2863 982 post
2888 915 3256 972 conﬁrmaturus
3295 929 3470 975 contra
3500 923 3754 984 Ecclesiam

2226 998 2317 1054 Dei
2355 1001 2704 1072 malignorum
2751 1003 3005 1071 furorem,
3039 1006 3090 1060 in
3119 1007 3205 1061 illa
3232 1009 3554 1070 dissensione
3585 1017 3754 1077 diutius

2223 1099 2554 1158 erraverunt,
2589 1103 2836 1162 tanquam
2871 1096 2917 1150 si
2957 1097 3132 1152 adhuc
3162 1100 3334 1154 mollia
3358 1105 3754 1166 conenlcarentur

2222 1180 2506 1249 frumenta,
2560 1193 2613 1239 et
2654 1185 2836 1242 radice
2876 1187 3000 1242 viva
3025 1187 3204 1244 herba:
3237 1191 3385 1260 vigor
3431 1204 3750 1254 attereretur:

2220 1273 2379 1327 etiam
2408 1274 2517 1343 ipsa
2541 1283 2715 1332 tamen
2745 1277 3010 1336 frumenta
3026 1296 3120 1336 sua
3141 1294 3358 1338 noverat
3381 1285 3530 1352 Deus,
3546 1294 3756 1360 quamvis

2220 1374 2281 1420 ut
2322 1367 2702 1425 reviviscerent
2742 1373 3007 1440 argueuda
3037 1383 3093 1429 et
3129 1375 3465 1445 increpanda.
3502 1379 3608 1436 Non
3634 1384 3756 1441 enim

2219 1472 2285 1512 co
2313 1458 2472 1514 modo
2489 1459 2688 1516 dictum
2707 1471 2790 1518 est
2802 1463 2980 1530 Petro,
2997 1463 3130 1520 Redi
3139 1476 3358 1537 postme,
3385 1479 3555 1524 satana
3571 1471 3752 1541 (Manli.

2221 1565 2332 1617 xw,
2363 1551 2434 1604 25
2453 1553 2508 1623 );
2539 1553 2806 1623 quomodo
2829 1554 3027 1612 dictum
3051 1566 3133 1613 est
3157 1557 3391 1626 deinde,
3419 1559 3554 1617 Unus
3571 1581 3626 1618 es
3642 1567 3765 1621 vobis

2217 1639 2447 1698 diabolus
2463 1653 2540 1699 est
2583 1643 2777 1716 (Joan.
2810 1662 2883 1714 vr,
2914 1649 2976 1704 7t
3000 1647 3042 1720 ).
3067 1648 3292 1717 Quidam
3327 1667 3528 1723 quoque
3554 1664 3603 1709 ct
3627 1671 3762 1726 aper.

2219 1733 2435 1789 tissimte
2461 1736 2670 1792 veritati
2695 1737 2836 1794 malo
2859 1740 3035 1797 studio
3061 1740 3494 1808 contradixerunt
3519 1765 3532 1800 :
3565 1747 3629 1802 illi
3649 1765 3763 1806 vero

2215 1823 2469 1880 eradicati
2495 1826 2578 1882 vel
2607 1829 2813 1895 pmcisi
2841 1839 3026 1897 erant;
3067 1832 3163 1887 sed
3193 1848 3301 1888 non
3343 1846 3692 1903 permanentes
3711 1841 3760 1897 in

2215 1912 2543 1984 infidelitate,
2562 1919 2700 1973 sicut
2717 1913 2794 1975 de
2820 1921 3138 1990 quibusdam
3163 1924 3329 1980 ramis
3355 1923 3528 1982 fractis
3557 1930 3756 1998 Aposto-

2214 2006 2299 2063 lus
2324 2007 2472 2076 dicit,
2505 2024 2663 2064 manu
2689 2010 2865 2066 divina
2900 2013 3217 2082 replantati,
3263 2023 3359 2070 aut
3384 2015 3568 2072 iterum
3600 2019 3755 2074 inserti

2211 2108 2336 2154 sunt
2363 2099 2540 2172 (Rom.
2573 2117 2651 2165 ιι,
2687 2101 2902 2175 1733).
2926 2104 3076 2161 Tunc
3101 2107 3244 2161 enim
3273 2108 3490 2177 quisque
3511 2107 3760 2166 infructuo-

2211 2205 2323 2258 sus,
2355 2200 2410 2247 et
2435 2192 2672 2248 nonduin
2698 2209 2728 2248 a
2757 2194 2936 2251 radice
2963 2202 3220 2266 praecisus
3240 2206 3352 2261 est,
3382 2213 3500 2254 cum
3535 2201 3657 2254 mala
3679 2215 3757 2256 cu-

2214 2284 2433 2352 piditate
2469 2286 2576 2356 agit
2598 2285 2810 2354 quidem
2841 2287 2926 2342 illa
2949 2303 3112 2359 opera
3145 2288 3213 2344 de
3252 2289 3440 2360 quibus
3463 2291 3643 2346 dictum
3668 2302 3754 2358 est,

2215 2374 2468 2440 Quoniam
2507 2378 2592 2448 qui
2618 2379 2742 2432 talia
2769 2389 2949 2448 agunt,
2978 2396 3190 2452 regnum
3217 2380 3312 2435 Dei
3336 2398 3437 2437 non
3473 2383 3762 2452 possidebunt

2216 2469 2234 2540 (
2263 2468 2432 2524 Colat.
2467 2485 2520 2536 ν,
2543 2469 2609 2525 21
2640 2469 2660 2542 )
2689 2488 2702 2523 :
2731 2471 2826 2527 sed
2868 2485 2990 2526 cum
3038 2488 3133 2542 pro
3173 2472 3304 2542 ipsis
3344 2474 3583 2543 operibus
3620 2473 3755 2529 etiam

2210 2560 2420 2616 veritati
2445 2561 2794 2632 apertissima:
2823 2578 2926 2633 qua
2954 2563 3311 2634 redarguitur,
3332 2566 3575 2620 resistere
3601 2580 3755 2634 cmpe-

2212 2650 2305 2718 rit,
2333 2659 2458 2706 tunc
2505 2651 2830 2720 praeciditur.
2863 2651 2931 2706 Et
2977 2653 3128 2708 multi
3164 2653 3300 2709 tales
3340 2664 3464 2709 sunt
3496 2654 3546 2710 in
3592 2653 3755 2710 Sacra-

2211 2753 2513 2798 mentorum
2541 2745 2915 2801 communione
2939 2759 3060 2800 cum
3095 2746 3356 2813 Ecclesia,
3383 2756 3439 2802 et
3467 2757 3628 2802 tamen
3660 2745 3754 2815 jam

2213 2851 2317 2890 non
2354 2844 2479 2891 sunt
2507 2835 2560 2890 in
2587 2836 2848 2892 Ecclesia.
2894 2839 3145 2908 Alioquin
3175 2840 3222 2894 si
3257 2849 3382 2894 tunc
3405 2840 3614 2910 quisque
3640 2853 3755 2908 pra:-

2210 2926 2422 2991 ciditur,
2449 2941 2571 2982 cum
2602 2929 2880 2983 visibiliter
2907 2931 3436 2995 excommunicatur;
3465 2943 3758 3000 consequens

2211 3019 2314 3073 erit
2337 3027 2396 3073 ut
2422 3027 2546 3074 tunc
2573 3035 2757 3075 rursus
2787 3020 3074 3085 inseratur,
3112 3036 3237 3076 cum
3265 3021 3533 3077 visibiliter
3553 3035 3757 3077 continuo

2212 3109 2356 3164 niuni
2387 3110 2703 3166 restituitur.
2735 3110 2871 3179 Quid
2906 3111 2950 3166 si
2989 3127 3118 3183 ergo
3169 3111 3328 3168 ﬁctus
3363 3112 3602 3180 accedat,
3626 3121 3758 3182 atque

2210 3200 2468 3257 adversus
2505 3201 2782 3257 veritatem
2822 3211 2878 3259 et
2915 3203 3206 3259 Ecclesium
3239 3219 3334 3260 cor
3377 3205 3759 3260 inimicissimum

2212 3303 2380 3360 gerat,
2410 3294 2656 3362 quamvis
2679 3303 2960 3366 peragatur
2985 3295 3038 3349 in
3068 3309 3134 3350 eo
3158 3295 3253 3351 illa
3283 3297 3602 3363 solemnitas,
3626 3309 3758 3348 num-

2210 3384 2338 3454 quid
2378 3385 2790 3454 reconciliatur,
2823 3386 3077 3457 numquid
3121 3386 3410 3443 inseritur?
3449 3387 3608 3443 Absit.
3636 3384 3760 3441 Sicut

2210 3491 2338 3548 ergo
2359 3477 2470 3548 jam
2503 3477 2682 3534 denuo
2716 3481 3119 3534 communicans
3143 3480 3385 3536 nondum
3415 3480 3632 3536 insertus
3661 3486 3759 3542 est;

2210 3570 2288 3626 sic
2311 3579 2364 3625 et
2391 3579 2674 3642 antequam
2704 3571 2986 3628 visibiliter
3010 3575 3521 3640 excommunicetur,
3550 3570 3759 3642 quisquis

2209 3670 2394 3717 contra
2421 3662 2717 3728 veritatem,
2745 3678 2848 3734 qua
2891 3663 3228 3719 convincitur
3251 3673 3308 3720 et
3334 3665 3586 3736 arguitur,
3613 3661 3762 3716 inimi-

2209 3771 2332 3811 cum
2365 3763 2537 3826 gestat
2575 3755 2810 3811 animum
2834 3797 2848 3822 ,
2883 3756 2993 3826 jam
3027 3757 3284 3827 praecisus
3321 3767 3422 3812 est.
3457 3755 3526 3810 Ita
3556 3755 3611 3809 lit
3643 3761 3694 3807 ut
3718 3761 3762 3806 et

2210 3862 2395 3904 semen
2423 3846 2651 3913 bonum,
2683 3855 2738 3902 et
2768 3861 2950 3902 semen
2985 3848 3206 3915 malum,
3241 3856 3466 3919 utraque
3492 3862 3580 3916 per
3605 3857 3761 3914 agrum

2209 3947 2454 3994 crescant
2481 3954 2648 4010 usque
2679 3939 2746 3995 ad
2786 3953 3017 3996 messem
3046 3956 3060 3992 :
3092 3940 3143 3994 id
3169 3949 3286 4008 est,
3316 3950 3370 3997 et
3400 3940 3491 3996 lilii
3532 3938 3695 4008 regni.
3720 3943 3764 3989 οι

2212 4031 2306 4086 filii
2332 4031 2546 4101 maligni
2574 4033 2782 4102 utrique
2813 4048 2908 4102 per
2948 4032 3208 4088 mundum
3239 4042 3486 4088 crescant
3529 4043 3683 4100 usque
3718 4027 3762 4092 in

2213 4122 2370 4176 tinem
2399 4121 2614 4187 smculi;
2649 4121 2752 4177 illis
2779 4122 3005 4178 fructum
3029 4123 3323 4180 ferentibus
3348 4138 3468 4178 cum
3497 4117 3765 4182 tolerantia,

2215 4213 2316 4268 illis
2337 4228 2458 4266 cum
2485 4213 2764 4268 sterilitate
2791 4213 3229 4269 ainaricantibus.

2286 4303 2374 4359 75.
2420 4300 2525 4358 Vos
2550 4311 2726 4358 autem
2763 4303 3049 4358 innitentes
3081 4312 3160 4358 tot
3201 4301 3612 4360 evidentissimis
3639 4296 3764 4354 testi-

2213 4395 2408 4450 maniis
2435 4393 2613 4464 Legis,
2648 4394 3054 4467 Prophetarum,
3097 4395 3430 4450 Psalmorum
3450 4436 3464 4459 ,
3493 4395 3646 4464 ipsius
3677 4390 3766 4444 Do-

2213 4486 2364 4551 mini,
2387 4497 2438 4542 et
2469 4487 2868 4556 Apostolorum,
2910 4487 2978 4542 de
3021 4498 3205 4542 sancta
3235 4487 3475 4543 Ecclesia
3501 4497 3604 4542 toto
3631 4494 3768 4538 terra-

2214 4593 2332 4632 rum
2370 4577 2501 4633 orbe
2541 4576 2753 4643 din‘usa,
2802 4577 3002 4648 exigite
3045 4576 3114 4632 ab
3157 4578 3276 4634 istis
3320 4586 3378 4633 ut
3419 4574 3684 4633 ostendant
3712 4569 3768 4625 de

2213 4668 2414 4734 Africa,
2448 4667 2588 4739 quod
2616 4667 2807 4724 attinet
2835 4669 2900 4724 ad
2931 4679 3133 4740 partem
3162 4670 3389 4737 Donati,
3419 4671 3588 4740 aliqua
3622 4663 3766 4722 mani-

2216 4761 2348 4818 festa
2397 4761 2464 4818 de
2505 4761 2776 4817 canonicis
2816 4761 2992 4818 Libris
3034 4763 3366 4820 testimonia.
3405 4762 3584 4832 Neque
3625 4757 3765 4817 enim.

2214 4857 2353 4911 sicut
2387 4855 2496 4924 jam
2539 4854 2683 4922 dixi,
2715 4854 2824 4910 ullo
2850 4854 3010 4910 modo
3055 4854 3169 4910 fieri
3216 4864 3398 4925 posset
3442 4863 3500 4910 ut
3540 4849 3765 4908 Ecclesia.

2215 4950 2353 5004 sicut
2379 4948 2582 5016 dicunt,
2613 4957 2668 5003 et
2693 4947 2837 5019 quod
2864 4947 3018 5014 absit,
3052 4956 3158 5002 tam
3203 4949 3310 5003 cito
3338 4962 3406 5004 ex
3449 4953 3523 5002 tot
3549 4941 3765 5014 gentibus

2218 5043 2470 5112 peritura,
2501 5050 2580 5096 tot
2599 5041 2917 5096 testimoniis
2940 5051 3044 5096 tam
3063 5040 3367 5097 sublimiter
3381 5051 3435 5096 et
3457 5050 3558 5095 tam
3584 5033 3755 5093 indulti.

2217 5140 2392 5186 tanter
2414 5131 2818 5200 praedicaretur;
2838 5131 2972 5186 etde
2994 5132 3115 5198 ista,
3137 5147 3297 5203 quam
3319 5132 3523 5200 volunt,
3543 5144 3649 5192 sua.
3668 5139 3758 5196 qua

2218 5240 2386 5293 usque
2412 5224 2463 5277 in
2496 5223 2678 5290 tinem,
2701 5223 2837 5278 sicut
2861 5223 3210 5291 contendunt,
3233 5238 3576 5293 permansura
3603 5219 3764 5278 fuerat.

2219 5321 2502 5369 taceretur.
2530 5312 2851 5370 Mementote
2881 5315 3023 5370 enim
3048 5314 3176 5385 quid
3212 5315 3285 5370 illi
3315 5315 3464 5370 diviti
3484 5313 3672 5369 dictum
3691 5305 3764 5369 sit,

2219 5421 2341 5462 cum
2397 5403 2536 5474 apud
2582 5403 2783 5460 inferos
2820 5414 3176 5477 torqueretur,
3225 5415 3280 5462 et
3331 5406 3398 5461 ad
3437 5405 3620 5460 fratres
3662 5409 3766 5455 auos

2220 5497 2453 5566 aliquem
2480 5511 2547 5551 ex
2573 5497 2797 5552 mortuis
2823 5498 2958 5552 mitti
2981 5498 3162 5553 vellet.
3195 5497 3400 5552 Habent
3426 5497 3561 5561 illic,
3602 5491 3765 5560 inquii.

2223 5589 2436 5661 Moysen
2470 5599 2518 5644 et
2554 5589 2858 5659 Prophetas.
2903 5590 2969 5645 Et
3010 5606 3132 5646 cum
3183 5591 3272 5647 ille
3299 5591 3519 5655 diceret,
3558 5599 3655 5642 non
3689 5592 3766 5635 eos

2221 5683 2536 5747 credituros,
2579 5681 2679 5736 nisi
2713 5680 2780 5736 ad
2808 5696 2903 5737 eos
2933 5681 3062 5737 isset
3101 5683 3289 5753 aliquis
3331 5689 3648 5736 mortuorum
3675 5689 3686 5724 :
3716 5667 3764 5722 Si

2229 5772 2458 5845 Moysen,
2489 5772 2676 5843 inquit,
2700 5783 2745 5826 et
2770 5771 3057 5844 Prophetas
3096 5789 3198 5828 non
3222 5772 3436 5830 audiunt
3450 5809 3475 5839 ἓ,
3499 5783 3586 5825 nec
3607 5766 3647 5821 si
3670 5759 3762 5832 eli!
