3998 6486
247 381 349 441 119

245 498 378 549 nitus
407 508 510 548 non
540 501 837 547 mstructum
858 533 874 558 ,
915 508 1018 562 quo
1047 491 1315 562 pertinet,
1346 490 1607 547 obsecro?
1656 491 1826 545 Nunt-

244 584 492 656 quidnam
517 593 570 639 le
588 584 819 652 compuli
842 594 1025 637 contra
1051 599 1163 636 mea
1192 585 1386 652 scripta
1414 582 1745 645 rescribere;
1774 590 1829 635 et

236 676 359 731 ideo
388 676 687 731 recusantis
730 684 783 729 et
828 676 1130 729 excusantis
1176 674 1290 729 hare
1331 690 1430 728 vox
1460 674 1583 727 est?
1614 672 1669 727 Si
1700 688 1828 743 ergo

240 770 453 838 penitus
511 783 615 823 nou
672 768 956 821 instructus
1006 783 1084 833 es,
1134 784 1229 822 cur
1277 784 1380 822 non
1440 768 1611 835 potius
1643 776 1823 831 taces,

236 874 323 917 aut
358 864 426 915 ita
450 862 687 930 loqueris
716 870 772 914 ιιι
799 860 987 914 instrui
1033 872 1082 914 te
1122 859 1433 914 desideres?
1478 859 1680 913 Instare
1706 876 1783 912 me
1806 899 1820 922 ,

238 954 387 1018 dicis,
420 963 465 1007 et
506 969 777 1022 provocare
829 970 1050 1023 srmpcr,
1102 963 1157 1005 ut
1200 952 1267 1005 ad
1306 951 1697 1023 dignoscendam
1724 952 1825 1004 veri

239 1046 560 1117 qncestionent
593 1060 784 1097 mecum
815 1044 963 1097 vestri
998 1044 1275 1113 disceptent
1308 1058 1325 1096 :
1363 1043 1453 1096 sed
1491 1050 1673 1097 vestros
1703 1059 1822 1113 prn-

238 1137 435 1189 dentius
480 1151 541 1188 ac
590 1136 862 1205 patientius
913 1140 1079 1205 facere
1106 1177 1120 1201 ,
1173 1135 1259 1205 qui
1287 1135 1337 1188 in
1371 1133 1596 1188 Ecclesia
1628 1145 1823 1186 tantnnt

236 1243 346 1297 qua:
367 1228 421 1279 in
450 1225 586 1295 Lege
612 1227 852 1279 mandata
880 1235 996 1279 sunt
1043 1226 1257 1296 populos
1306 1226 1503 1288 docent,
1556 1241 1646 1277 nec
1680 1226 1821 1278 nobis

235 1319 538 1387 respondere
561 1329 774 1382 curant;
805 1319 1010 1372 scientes
1032 1319 1149 1388 quia
1176 1319 1220 1371 si
1251 1317 1331 1371 lea:
1356 1319 1525 1371 divina
1552 1328 1599 1371 et
1628 1328 1695 1370 tot
1723 1318 1819 1371 do-

235 1420 468 1463 cumenta
512 1410 753 1480 legalium
795 1411 1160 1479 scripturarum
1192 1410 1332 1463 nobis
1359 1410 1479 1478 quid
1501 1411 1565 1464 sit
1596 1411 1773 1465 melius
1802 1450 1817 1478 ,

231 1501 352 1571 quid
400 1503 595 1565 verius,
629 1502 841 1555 suadere
874 1518 973 1554 non
1027 1510 1255 1571 possunt,
1298 1518 1552 1570 nunquam
1595 1502 1819 1554 humana

231 1602 377 1661 queat
405 1595 681 1647 auctoritas
705 1609 795 1646 nos
822 1592 1064 1645 discussis
1100 1592 1351 1647 erroribus
1382 1593 1449 1645 ad
1479 1592 1700 1645 veritatis
1739 1609 1819 1645 re-

230 1686 402 1755 gulum
432 1701 683 1739 revocare.
710 1685 845 1753 Quid
875 1684 966 1739 tibi
990 1700 1118 1753 ergo
1151 1685 1318 1739 visum
1351 1694 1451 1749 est,
1481 1693 1536 1739 ut
1562 1684 1817 1739 adversus

232 1790 327 1829 nos
375 1776 477 1830 illis
526 1776 821 1829 tacentibus
866 1783 918 1827 tu
964 1774 1237 1843 loquaris?
1275 1774 1404 1828 Nam
1458 1774 1500 1829 si
1557 1776 1692 1829 bene
1735 1774 1814 1829 fa-

229 1868 391 1931 ciunt,
418 1882 515 1920 cur
537 1882 640 1921 non
664 1865 923 1920 imitaris?
948 1866 992 1920 si
1021 1867 1177 1932 male,
1202 1882 1298 1921 cur
1320 1867 1535 1921 laudas?

296 1962 350 2015 5.
404 1961 545 2013 Dicis
600 1960 741 2029 quod
794 1960 1111 2013 intoleranda
1159 1960 1451 2029 arrogantia
1494 1959 1693 2013 credam
1737 1976 1816 2014 me

227 2050 388 2104 solum
430 2050 701 2103 terminare
750 2067 922 2119 posse,
966 2050 1099 2119 quod
1144 2051 1258 2104 aliis
1291 2052 1420 2104 velut
1465 2050 1816 2121 inexplicabile

226 2142 407 2203 visum,
449 2150 599 2212 atque
621 2140 734 2193 ideo
762 2142 924 2208 iudici
952 2140 1058 2195 Deo
1085 2142 1345 2195 dimissum
1374 2136 1623 2194 estICnm
1654 2141 1813 2210 paulo

225 2233 470 2302 superius
514 2232 735 2299 dixeris,
767 2234 861 2286 hoc
888 2249 967 2286 nte
993 2234 1118 2287 velle
1156 2234 1303 2302 ﬁnire
1341 2243 1451 2304 post
1490 2243 1558 2286 tot
1606 2250 1764 2287 armos
1796 2275 1808 2298 ,

226 2333 335 2394 post
365 2332 437 2377 tot
455 2324 659 2394 judices
692 2335 842 2393 atque
869 2325 1101 2389 arbitros,
1135 2324 1272 2395 quod
1297 2324 1436 2394 apud
1462 2324 1711 2394 principes
1741 2333 1812 2378 tot

226 2416 618 2488 disceptantibus
648 2416 876 2471 litteratis
900 2417 962 2470 ab
990 2418 1243 2486 utriusque
1275 2419 1431 2486 partis
1471 2418 1717 2487 episcopis
1746 2417 1809 2484 ﬁ-

225 2508 320 2561 niri
347 2525 452 2562 non
480 2509 662 2577 potuit.
694 2507 852 2562 Certe
892 2508 1036 2563 solus
1083 2508 1204 2562 hinc
1243 2518 1447 2579 satago,
1477 2520 1624 2563 certe
1663 2510 1810 2563 solus

226 2598 576 2667 qutestionem
610 2598 763 2651 istam
803 2598 939 2651 finiri
977 2597 1324 2666 disceptando
1363 2598 1646 2653 desidero?
1676 2599 1809 2653 Puto

223 2688 363 2742 enim
408 2690 453 2743 si
502 2688 647 2743 solos
694 2698 906 2744 nostros
934 2689 986 2744 id
1014 2699 1234 2744 conatos
1259 2690 1477 2760 culpare
1509 2692 1765 2745 voluisses
1788 2732 1803 2757 ,

225 2796 327 2836 non
354 2782 518 2837 etiam
542 2791 749 2836 vestros
779 2782 830 2836 in
861 2798 925 2837 eo
954 2791 1174 2837 conatos
1201 2782 1362 2838 fuisse
1390 2782 1648 2837 fatereris.
1675 2783 1806 2851 Quia

229 2888 353 2944 ergo
378 2873 531 2927 illum
553 2884 823 2939 conatum,
848 2875 992 2930 illam
1025 2876 1347 2931 voluntatem
1378 2886 1431 2930 et
1461 2876 1764 2931 instantiam
1790 2919 1805 2943 ,

223 2967 406 3020 saltem
435 2976 653 3036 propter
680 2976 905 3033 vestros,
929 2968 1319 3037 reprehendere
1340 2969 1448 3037 jam
1479 2984 1584 3022 non
1624 2979 1804 3038 potes;

224 3058 347 3112 nolo
368 3072 493 3113 esse
524 3074 553 3112 a
594 3067 700 3112 tam
736 3059 875 3114 bono
921 3074 1085 3129 opere
1134 3059 1359 3115 alienus.
1405 3059 1540 3127 Quid
1585 3060 1808 3129 arguis?

223 3149 345 3220 quid
367 3150 762 3220 reprehendis?
790 3152 869 3205 An
890 3150 1135 3206 invides?
1163 3150 1277 3207 Non
1306 3150 1407 3207 hoc
1432 3152 1499 3207 de
1530 3162 1581 3207 te
1608 3161 1807 3207 temere

223 3241 547 3297 credendum
588 3249 690 3297 est.
745 3240 930 3297 Restat
974 3256 1101 3312 ergo
1136 3251 1195 3296 ut
1230 3242 1408 3297 studio
1450 3244 1808 3298 contentionis

224 3332 321 3388 hoc
371 3334 425 3388 in
475 3349 561 3388 me
605 3333 826 3404 culpes,
867 3333 1008 3405 quod
1049 3333 1211 3389 etiam
1257 3334 1309 3389 iu
1358 3335 1551 3389 vestris
1588 3335 1808 3390 laudare

223 3426 581 3494 compelleris.

295 3515 522 3573 CAPUT
552 3516 638 3572 IV.
664 3548 735 3558 —
762 3518 814 3574 6.
840 3518 908 3571 At
930 3518 1072 3573 enim
1099 3517 1237 3587 quod
1285 3517 1423 3572 inter
1456 3526 1533 3571 tot
1562 3532 1625 3571 ac
1671 3517 1807 3573 tales

229 3608 433 3663 linitum
506 3624 609 3662 nou
655 3617 768 3675 est,
818 3609 1169 3663 intolerabilis
1234 3609 1533 3679 arrogantia
1583 3617 1665 3663 est
1712 3624 1808 3678 per

224 3715 280 3754 se
344 3700 521 3754 solum
589 3699 727 3754 finiri
794 3715 950 3769 posse
1008 3716 1351 3770 praesumere.
1412 3700 1527 3767 Nc,
1579 3716 1805 3770 qua-so,

223 3792 348 3847 mihi
405 3793 506 3847 soli
563 3792 664 3847 hoc
710 3792 1043 3848 tribuendum
1096 3804 1250 3862 putes
1297 3811 1309 3847 :
1358 3793 1566 3859 plurimi
1624 3809 1807 3847 sumus

224 3884 307 3952 qui
360 3884 463 3938 hoc
505 3891 565 3937 ut
602 3883 851 3947 finiatur,
911 3884 1017 3937 imo
1060 3883 1168 3951 jam
1221 3891 1272 3937 ut
1329 3884 1531 3937 finitum
1562 3897 1682 3937 esse
1731 3884 1810 3937 iu-

224 3986 497 4041 notescat,
544 3976 820 4030 instamus.
866 3975 941 4030 Illi
988 3977 1129 4029 enim
1148 3976 1522 4031 dixeruntnon
1550 3991 1667 4031 esse
1692 3976 1809 4030 fiui-

225 4075 365 4131 tum,
397 4067 488 4137 qui
520 4066 694 4121 eidem
729 4066 815 4121 flui
861 4066 1165 4121 consentire
1214 4066 1531 4133 uoluerunt,
1578 4084 1808 4137 emtique

222 4159 367 4212 vobis
394 4157 828 4223 occultaverunt,
857 4166 913 4212 ut
948 4158 1108 4213 etiam
1136 4174 1233 4212 Vus
1261 4174 1447 4213 eorum
1488 4161 1807 4216 auctoritate

223 4248 424 4318 decepti
456 4249 662 4303 finitum
696 4264 799 4303 non
828 4264 946 4304 esse
972 4249 1221 4305 credatis.
1269 4249 1447 4305 Nostri
1496 4259 1671 4305 autem
1694 4294 1707 4316 ,
1742 4268 1804 4305 ex

224 4355 322 4407 quo
351 4339 559 4395 finitum
587 4348 702 4406 est,
730 4340 877 4394 nullo
927 4354 1141 4408 prorsus
1168 4349 1410 4410 tempore
1449 4348 1506 4394 ut
1544 4341 1658 4410 ipse
1688 4340 1807 4394 finis

225 4428 581 4485 innotesceret
607 4438 985 4497 cessaverunt,
1014 4431 1281 4500 quomodo
1316 4430 1366 4485 id
1398 4430 1605 4500 publice
1625 4434 1804 4504 priva-

224 4523 419 4595 timque
443 4539 603 4594 agere
648 4534 963 4594 potuerunt;
989 4541 1056 4579 ne
1085 4526 1364 4596 quisquam
1388 4527 1439 4581 in
1464 4528 1805 4597 perniciosis-

223 4616 352 4670 simo
372 4632 565 4672 errore
586 4618 913 4687 persistens,
943 4618 1011 4673 de
1034 4620 1252 4688 segnitia
1287 4620 1425 4673 circa
1455 4635 1513 4674 se
1540 4621 1805 4674 ministro-

223 4721 332 4762 rum
362 4708 459 4763 Dei
493 4707 545 4761 in
579 4708 765 4763 ultimo
785 4707 984 4779 judicio
1028 4719 1360 4778 quereretur.
1407 4710 1520 4765 Non
1552 4728 1677 4781 ergo
1710 4727 1807 4765 nos

223 4800 341 4853 olim
393 4799 601 4853 ﬁnitam
630 4814 845 4854 causam
874 4800 940 4854 de
971 4800 1176 4869 integro
1202 4801 1445 4853 volumus
1481 4812 1804 4868 retractare;

224 4891 308 4945 sed
358 4890 813 4961 quemadmodum
857 4890 997 4945 finita
1030 4892 1099 4944 sit
1137 4891 1544 4957 demonstrare,
1591 4903 1807 4963 propter

225 4982 574 5036 eosmaxime
600 4982 689 5052 qtti
745 4982 844 5037 hoc
897 4982 1182 5036 nesciunt:
1218 4990 1273 5035 ut
1321 4998 1441 5035 cum
1495 4983 1806 5039 defensores

223 5074 608 5129 convincuntur
622 5074 852 5139 erroris,
884 5082 975 5128 aut
1001 5074 1159 5129 etiam
1190 5075 1285 5144 ipsi
1312 5076 1538 5129 correcti
1569 5076 1805 5131 liberen-

225 5172 336 5230 tur;
364 5175 458 5220 aut
481 5174 627 5221 certe
656 5166 783 5235 ipsis
809 5166 1092 5220 confutatis
1128 5175 1181 5220 et
1219 5166 1269 5218 iu
1301 5175 1484 5235 aperta
1516 5167 1804 5236 pertinacia

226 5256 618 5311 remanentibus
638 5296 653 5323 ,
688 5256 739 5309 Ιιὶ
769 5256 857 5326 qui
901 5256 1204 5325 cupidiores
1230 5266 1353 5311 sunt
1380 5258 1618 5313 veritatis
1646 5273 1803 5327 quam

224 5348 597 5415 contentionis,
630 5347 844 5402 videant
864 5348 987 5417 quid
1020 5357 1331 5418 sequantur.

289 5436 514 5493 CAPUT
546 5437 695 5492 V.--
714 5440 768 5492 7.
790 5437 972 5509 Neque
991 5439 1085 5491 hoc
1105 5439 1162 5507 ﬁt
1187 5439 1294 5491 sine
1320 5441 1508 5509 fructu,
1539 5449 1597 5493 ιιι
1625 5440 1807 5494 existi-

226 5542 353 5586 mas.
369 5530 503 5587 Nam
520 5531 565 5587 si
585 5546 773 5603 posses
792 5532 972 5587 videre
989 5548 1147 5602 quam
1168 5531 1323 5601 longe
1339 5532 1548 5601 lateque
1573 5532 1804 5587 Africam

227 5635 371 5678 crror
394 5623 496 5681 iste
522 5626 875 5694 pervaserat',
905 5635 957 5679 et
976 5638 1132 5693 quam
1177 5638 1342 5693 pauca
1384 5623 1499 5693 ejus
1530 5639 1805 5679 remanse-

228 5714 326 5770 rint
353 5730 474 5785 qutc
498 5715 734 5773 nondum
764 5716 815 5771 in
832 5732 1014 5787 pacem
1043 5716 1357 5771 catholicam
1380 5727 1618 5771 correcta
1640 5726 1805 5772 trans-

287 5830 305 5863 ⁸
338 5830 461 5884 inditi
482 5831 758 5896 pervaserit.
784 5834 953 5886 Verius
975 5834 1231 5898 manuscrit
1247 5825 1615 5898 ti,'pervaserat.

1608 378 1805 435 LIBER
1848 378 2117 435 Ρηιιιυε.

3412 396 3519 453 450

1941 489 2146 557 ierunt,
2178 493 2322 549 nullo
2367 497 2527 551 modo
2578 510 2901 557 asscrtorum
2941 502 3244 560 christiana:
3289 509 3431 578 pacis
3464 525 3519 567 et

1936 583 2150 637 unitatis
2196 584 2574 643 infructuosam
2622 602 2673 646 et
2704 591 2919 649 inanem
2948 597 3285 653 arbitrareris
3312 600 3515 655 instan—

1934 675 2059 729 tiam
2090 680 2366 747 :quamvis
2389 682 2547 737 etiam
2581 685 2623 739 si
2664 687 2783 741 cui‘
2814 689 3081 761 diligentia
3112 692 3388 749 medicina:
3417 696 3515 749 ltu-

1926 765 2014 836 jus
2045 768 2283 839 impensa
2320 790 2423 828 non
2455 777 2688 844 prodest,
2709 781 2900 836 sufficit
2923 783 2989 838 ad
3014 785 3270 840 rationem
3291 786 3520 843 redden-

1930 856 2050 910 dam
2084 860 2189 914 Deo
2218 864 2356 931 quod
2390 881 2492 919 non
2523 871 2749 923 cessavit
2780 872 3033 942 impendi.
3059 876 3206 929 Sicut
3232 878 3372 932 enim
3394 895 3515 933 ma-

1932 947 2102 1018 lignus
2132 966 2318 1007 suasor
2351 959 2547 1023 peccati
2574 1001 2587 1024 ,
2621 962 2825 1016 etiamsi
2854 981 2955 1018 non
2987 970 3306 1035 persuaserit
3331 1011 3346 1036 ,
3390 986 3511 1026 mc-

1928 1041 2031 1093 rito
2058 1058 2267 1110 pmnatn
2310 1046 2611 1118 deeeptoris
2656 1053 2929 1110 incurret:
2964 1059 3031 1110 ita
3081 1058 3247 1114 fidelis
3289 1060 3513 1130 iustitia:

1926 1133 2272 1202 praedicator,
2303 1137 2509 1193 etiamsi
2538 1141 2604 1195 ab
2634 1142 2933 1199 hominibus
2961 1159 3256 1215 respuatur,
3288 1151 3423 1205 absit
3454 1163 3512 1207 ut

1924 1224 2061 1291 apud
2098 1224 2260 1278 Deum
2290 1228 2368 1280 sui
2399 1228 2559 1284 officii
2610 1234 2856 1288 mercede
2896 1235 3185 1292 fraudetur.
3232 1238 3337 1293 Res
3363 1242 3507 1296 enim

1924 1324 2066 1369 certa
2096 1315 2154 1370 fit
2179 1318 2242 1371 ad
2268 1319 2546 1375 incertum.
2580 1321 2838 1379 Incertum
2864 1336 3039 1381 autem
3061 1328 3179 1383 dico
3200 1371 3215 1396 ,
3246 1346 3348 1383 non
3373 1346 3510 1399 prte-

1923 1406 2088 1460 mium
2153 1407 2418 1476 facientis,
2473 1412 2565 1467 sed
2616 1414 2847 1469 animum
2899 1417 3181 1475 audientis.
3240 1419 3505 1477 Incertum

1921 1499 2062 1551 enim
2094 1510 2174 1555 est
2197 1504 2368 1569 nobis,
2394 1513 2567 1559 utrum
2595 1522 2909 1563 assensurus
2938 1511 3003 1565 sit
3031 1513 3115 1565 cui
3142 1514 3332 1567 veritas
3373 1532 3508 1583 prte-

1920 1592 2128 1649 dieatur
2160 1612 2171 1648 :
2206 1596 2296 1650 sed
2325 1608 2527 1652 certum
2558 1610 2658 1664 est,
2679 1602 2836 1656 etiam
2868 1604 3061 1657 talibus
3078 1606 3347 1659 veritatem
3374 1623 3509 1675 prte-

1920 1684 2081 1739 dicari
2111 1697 2389 1756 Oportere;
2415 1701 2468 1746 et
2497 1702 2699 1747 eertum
2741 1706 2856 1761 est,
2900 1695 3125 1751 fideliter
3162 1714 3277 1751 eam
3312 1700 3505 1767 pra-di-

1919 1786 2100 1831 cantes
2126 1778 2337 1848 dignam
2372 1783 2773 1839 retributionem
2800 1802 3036 1853 manere,
3066 1788 3179 1842 sive
3210 1791 3503 1859 suscipian-

1921 1874 2035 1933 tur,
2066 1867 2178 1922 sive
2222 1882 2563 1939 spcrnantur,
2594 1874 2706 1928 sive
2734 1876 2892 1929 etiam
2926 1886 3207 1946 propterea
3254 1880 3508 1947 qua-libet

1919 1959 2514 2027 temporalitcradversa
2538 1965 2822 2033 patiantur.
2851 1966 3101 2021 Dominus
3113 1967 3239 2022 dicit
3256 1969 3305 2021 in
3326 1969 3501 2022 Evan-

1915 2049 2054 2118 gelio
2085 2068 2096 2103 :
2128 2048 2254 2105 Cum
2284 2053 2493 2123 ingressi
2517 2056 2728 2125 fueritis,
2759 2056 2926 2120 dicite,
2961 2058 3073 2111 Pax
3093 2059 3209 2111 huic
3238 2060 3410 2113 domui
3427 2062 3503 2116 :si

1916 2141 2055 2211 digni
2086 2143 2271 2212 fuerint
2296 2144 2382 2213 qui
2426 2144 2493 2198 ibi
2516 2155 2631 2198 sunt
2652 2187 2665 2210 ,
2693 2148 2961 2216 requiescet
2992 2166 3144 2218 super
3164 2166 3247 2203 eos
3269 2167 3373 2221 pax
3419 2166 3505 2204 ve-

1914 2240 2042 2296 stra;
2066 2233 2108 2285 si
2136 2234 2422 2300 quominus,
2446 2236 2513 2287 ad
2542 2251 2625 2289 vos
2652 2247 2922 2290 revertetur
2953 2237 3162 2310 (Matth.
3198 2256 3248 2303 κ,
3270 2230 3367 2305 l2,
3391 2241 3503 2308 15).

1913 2321 2176 2393 Numquid
2200 2335 2373 2379 certos
2403 2326 2525 2380 fecit
2550 2328 2690 2396 quod
2722 2339 2901 2383 essent
2926 2345 3110 2383 eorum
3162 2347 3342 2401 pacem
3377 2348 3503 2387 sus-

1912 2416 2151 2485 cepturi,
2183 2418 2374 2485 quibus
2402 2433 2519 2471 eam
2552 2418 2903 2488 praedicarent
2929 2421 2953 2471 Ἰ
2982 2424 3167 2476 Certos
3209 2435 3382 2478 tamen
3422 2424 3503 2480 fe-

1912 2506 1987 2561 cit
2007 2547 2019 2571 ,
2052 2516 2106 2561 ut
2134 2523 2251 2560 eam
2281 2509 2396 2562 sine
2425 2509 2761 2563 cunctatione
2790 2510 3157 2579 prmdicarent.

1983 2596 2207 2654 CAPUT
2235 2597 2316 2651 Vl.
2348 2628 2419 2637 —
2448 2598 2500 2653 8.
2530 2600 2816 2668 Apostolus
2842 2602 3000 2655 etiam
3028 2602 3241 2669 Paulus,
3262 2603 3498 2669 Servum,

1913 2688 2083 2758 inquit
2110 2732 2124 2750 ,
2144 2689 2345 2743 Domini
2367 2691 2564 2761 litigare
2584 2708 2682 2744 non
2722 2702 2915 2762 Oportet
2942 2734 2956 2757 ,
3005 2694 3093 2748 sed
3113 2711 3218 2749 esse
3237 2697 3406 2751 mitem
3433 2698 3502 2750 ad

1911 2797 2099 2847 omnes,
2120 2781 2401 2847 docibilem,
2422 2782 2709 2853 patientem,
2724 2784 2774 2836 in
2795 2784 3034 2837 modestia
3053 2787 3401 2855 corripientem
3418 2787 3502 2840 (li-

1911 2889 2052 2927 vetsa
2084 2874 2384 2939 sentientes;
2412 2892 2473 2927 ne
2500 2875 2629 2943 forte
2654 2875 2733 2928 det
2778 2876 2880 2929 illis
2914 2875 3045 2930 Deus
3072 2880 3411 2948 prenitentiam
3433 2879 3502 2932 ad

1911 2967 2307 3035 cognoscendam
2338 2968 2614 3033 veritatem,
2630 2977 2676 3019 et
2696 2968 2988 3038 resipiscam
3007 2969 3069 3021 de
3084 2970 3270 3023 diaboli
3288 2969 3499 3037 laqueis,

1911 3057 2149 3123 captivati
2169 3058 2231 3110 ab
2260 3058 2371 3127 ipso
2388 3058 2438 3109 in
2461 3057 2621 3127 ipsius
2641 3058 2943 3112 voluntatem
2962 3059 3024 3130 (ll
3046 3059 3177 3112 Tim.
3200 3061 3360 3125 ",24,
3378 3060 3500 3130 25).

1913 3146 2135 3202 Intende
2158 3147 2427 3217 quomodo
2447 3189 2462 3213 ,
2488 3163 2646 3218 quem
2676 3149 2841 3203 noluit
2868 3149 3073 3220 litigare
3091 3192 3105 3216 ,
3133 3152 3295 3206 voluit
3324 3162 3499 3206 tamen

1912 3238 1963 3292 in
1988 3238 2247 3293 modestia
2276 3240 2547 3309 corripere
2571 3239 2781 3294 diversa
2805 3245 3100 3295 sentientes
3133 3261 3145 3296 :
3176 3258 3243 3297 ne
3267 3243 3355 3297 Dei
3379 3260 3501 3297 scr-

1911 3346 2007 3385 vus
2066 3332 2476 3400 prohibitionem
2528 3333 2860 3402 petulantim,
2914 3336 3247 3389 occasionem
3292 3344 3503 3406 putaret

1910 3438 2032 3478 esse
2082 3424 2324 3494 pigritiae.
2360 3423 2550 3478 Verum
2582 3424 2703 3493 quia
2732 3425 2882 3478 multi
2922 3434 2975 3479 et
3008 3426 3175 3494 ipsam
3206 3428 3503 3497 correptio—

1912 3531 2034 3569 nem
2064 3531 2179 3586 quae
2206 3516 2446 3570 modeste
2478 3516 2562 3581 fit,
2588 3517 2669 3569 vel
2698 3518 2930 3587 peccatis
2958 3519 3066 3572 suis
3106 3518 3373 3585 faventes,
3410 3520 3493 3573 vel

1913 3606 2037 3678 quid
2070 3607 2421 3677 respondeant
2448 3624 2549 3661 non
2579 3608 2911 3662 invenientes
2935 3651 2947 3671 ,
2972 3626 3069 3664 nec
3094 3620 3268 3665 tamen
3294 3612 3501 3665 veritati

1912 3698 2339 3768 acquiesceutes,
2370 3713 2594 3753 onerose
2618 3713 2680 3753 ac
2707 3700 2929 3753 moleste
2947 3700 3113 3753 ferunt
3139 3717 3152 3763 ;
3181 3717 3272 3754 cos
3299 3702 3385 3770 qui
3416 3716 3502 3755 se-

1912 3804 2034 3842 cum
2056 3788 2241 3842 sednlo
2279 3800 2474 3858 agunt,
2505 3803 2603 3842 nec
2627 3791 2694 3841 ab
2716 3805 2898 3843 eorum
2922 3790 3288 3843 convincenth
3317 3805 3501 3845 errore

1912 3880 2278 3943 dissimulant,
2322 3880 2577 3950 Iitigiosos
2607 3892 2659 3934 et
2698 3882 3061 3935 contentiosos
3088 3891 3292 3935 vocant.
3328 3881 3419 3936 Fal
3452 3884 3499 3935 i-

1915 3980 1995 4025 tas
2018 3971 2157 4025 enim
2187 3988 2305 4041 qute
2332 3970 2515 4024 nudari
2544 3980 2593 4024 et
2623 3972 2863 4039 redargui
2893 3973 3108 4035 metuit,
3137 3988 3320 4025 eorum
3345 3974 3499 4026 vitio-

1912 4078 2028 4116 rum
2056 4062 2268 4116 nomine
2290 4076 2407 4131 qntn
2446 4062 2642 4115 veritas
2668 4060 2916 4127 damnat,
2950 4063 3271 4132 diligentiam
3300 4064 3498 4117 verita-

1915 4154 1980 4207 tis
2024 4161 2256 4207 accusat.
2290 4152 2550 4223 Numquid
2598 4154 2716 4207 ideo
2779 4165 2957 4209 tamen
3002 4156 3069 4209 ab
3116 4154 3213 4208 hac
3245 4155 3491 4209 instantia

1913 4244 2276 4299 desistendum
2307 4254 2389 4299 est
2426 4245 2449 4299 ?
2489 4244 2622 4299 Vide
2670 4245 3113 4315 quemadmodum
3161 4246 3498 4300 Timotheum

1913 4336 2051 4390 idem
2080 4336 2377 4407 obstringat
2407 4338 2689 4406 Apostolus
2708 4380 2722 4401 ,
2770 4354 2836 4392 ne
2868 4348 3081 4408 propter
3108 4338 3352 4394 homines
3379 4340 3499 4408 qui-

1913 4426 2011 4481 bus
2036 4428 2273 4483 insuavis
2301 4438 2379 4482 est
2404 4428 2710 4498 praedicatio
2738 4432 2971 4484 veritatis
2991 4472 3005 4496 ,
3030 4432 3201 4501 aliqua
3244 4432 3291 4486 ei
3318 4434 3499 4499 segni-

1913 4519 1981 4571 tia
2014 4519 2335 4587 prtcdicandi
2378 4520 2709 4591 subreperet.
2739 4520 3024 4590 Tcstiﬁcor,
3073 4523 3276 4591 inquit,
3328 4538 3500 4575 coram

1911 4608 2019 4663 Deo
2051 4622 2095 4663 et
2122 4608 2321 4665 Christo
2359 4608 2503 4674 Iesu,
2535 4613 2623 4682 qui
2640 4613 2964 4683 judicaturus
2993 4621 3066 4667 est
3106 4613 3237 4667 vivos
3266 4629 3326 4666 ac
3366 4630 3501 4666 utor-

1913 4710 2023 4754 tuos
2048 4743 2061 4762 ,
2095 4714 2141 4755 et
2180 4704 2304 4774 per”
2328 4703 2779 4770 manifestationent
2808 4713 2851 4755 et
2879 4721 3083 4771 regnum
3112 4704 3221 4771 ejus
3240 4747 3254 4769 ,
3280 4705 3501 4773 prtedica

1912 4781 2135 4853 verbum,
2164 4792 2293 4845 insta
2321 4800 2620 4861 Opportune,
2649 4794 2955 4863 importune;
2982 4812 3155 4865 argue,
3182 4797 3400 4862 hortare,
3416 4799 3497 4850 in-

1911 4897 2079 4950 crepa,
2111 4882 2161 4933 in
2181 4881 2316 4933 omni
2337 4882 2715 4949 longanimitate
2743 4895 2788 4935 et
2817 4884 3065 4937 doctrina.
3103 4886 3230 4951 Quis
3263 4887 3374 4939 lia-c
3401 4902 3497 4940 au-

1911 4973 2060 5027 diens
2079 5014 2093 5039 ,
2127 4974 2169 5027 si
2197 4975 2301 5027 Deo
2332 4972 2557 5027 fideliter
2585 4976 2767 5040 servit,
2790 4977 2830 5028 si
2860 4977 3074 5031 do'osus
3096 4979 3370 5047 cperarius
3393 4995 3495 5031 non

1912 5072 2023 5131 est,
2047 5065 2113 5118 ab
2144 5063 2244 5117 hac
2269 5064 2539 5135 diligentia
2566 5075 2620 5121 et
2661 5066 2908 5123 instantia
2944 5069 3288 5140 coaquiescat
3316 5069 3339 5121 ?
3369 5070 3499 5139 Quis

1911 5157 2010 5213 sub
2036 5166 2177 5211 tanta
2205 5158 2573 5213 testificatione
2626 5161 2805 5231 segnis
2848 5177 2966 5217 esse
2995 5162 3185 5216 audeat
3206 5162 3229 5215 ?
3253 5162 3368 5217 Non
3403 5163 3499 5217 ita-

1911 5265 2014 5319 que
2036 5249 2188 5303 nobis
2215 5250 2485 5320 obstrepat
2512 5251 2563 5305 in
2609 5252 2707 5305 hac
2738 5268 2895 5306 causa
2924 5252 3164 5307 facundia
3194 5263 3278 5306 tua
3310 5268 3323 5306 :
3359 5269 3495 5322 prte-

1912 5341 2149 5395 dicamus
2175 5340 2394 5396 omnino
2426 5342 2477 5396 itt
2504 5341 2770 5412 adjutorio
2799 5343 3002 5396 Domini
3033 5343 3123 5395 Dei
3158 5330 3325 5396 nostri
3355 5344 3496 5397 clu-io

1912 5437 2094 5489 stiana:
2116 5436 2332 5489 unitatis
2350 5435 2649 5500 utilitatem,
2673 5437 2942 5505 pietatem,
2976 5434 3339 5503 sanctitatem,
3361 5452 3497 5506 prte-

1911 5527 2149 5583 dicamus
2178 5528 2476 5583 volentibus
2500 5538 2824 5597 opportune,
2880 5526 3233 5582 renitentibus
3282 5528 3485 5597 impor-

1913 5632 2070 5686 tune;
2096 5629 2150 5675 et
2176 5620 2386 5690 quantis
2413 5618 2646 5674 valemus
2672 5617 2869 5672 viribus
2898 5617 3050 5672 istam
3074 5618 3215 5676 inter
3257 5637 3352 5676 nos
3376 5635 3499 5691 par-

1976 5776 1991 5807 ¹
2029 5782 2077 5822 ιιι
2101 5781 2229 5827 Mss.
2254 5772 2421 5823 sicubi.

1976 5840 1995 5869 ¹
2032 5837 2281 5887 Particulo,
2299 5848 2408 5895 nec,
2431 5834 2571 5885 abest
2593 5834 2654 5883 al)
2685 5834 2905 5886 omnibus
2927 5842 3034 5887 litis.
