3998 6478
587 391 685 451 851

589 530 802 590 temque
847 518 1032 574 Donati
1063 517 1437 589 quaestionem,
1490 526 1544 572 et
1586 518 1808 588 quibus’
1855 531 2166 589 possumus,

585 613 713 667 olim
747 611 944 667 [initam
974 626 1093 667 esse
1119 619 1496 666 monstramus.

655 701 880 759 CAPUT
921 701 1030 755 VII.
1069 729 1141 741 -—
1187 699 1242 757 9.
1275 702 1579 771 Agnoscant
1628 701 1681 755 in
1726 717 1786 758 se
1817 700 2169 758 contentiosa:

578 792 932 850 animositatis
961 807 1155 847 nomen
1175 799 1229 848 et
1252 793 1452 849 crimen
1475 834 1488 859 ,
1515 794 1604 864 qui
1635 793 1716 850 vel
1737 794 1996 864 pervicaci
2022 802 2167 848 astu-

577 887 649 941 tia
684 884 923 954 prtubent
961 885 1311 955 patrocinium
1333 883 1570 950 falsitati,
1597 884 1681 939 vel
1711 884 1886 938 invida
1910 884 2161 954 jactantia

575 977 882 1031 ministrant
903 977 1226 1047 praeconium
1246 976 1475 1032 veritati.
1500 975 1795 1047 Utrumque
1823 977 1924 1031 hoc
1943 985 2163 1032 conten-

572 1067 831 1122 tiosorum
861 1081 1029 1136 genus
1052 1069 1325 1138 apostolus
1349 1067 1545 1122 Paulus
1573 1069 1834 1137 expressit
1860 1087 1874 1123 :
1908 1067 2032 1122 illud
2056 1069 2161 1138 pri-

572 1173 718 1212 mum
760 1157 814 1212 in
854 1157 1192 1225 Alexandro,
1240 1157 1308 1212 de
1345 1173 1451 1228 quo
1498 1158 1602 1224 ait,
1639 1157 1927 1212 Alexander
1948 1159 2160 1212 aerarius

571 1252 732 1305 multa
758 1251 895 1304 ntala
922 1251 1046 1304 mihi
1073 1250 1322 1317 ostendit;
1350 1251 1525 1304 reddet
1562 1250 1642 1305 illi
1687 1249 1936 1305 Dominus
1979 1268 2159 1306 secun-

569 1345 693 1397 dum
724 1360 877 1414 opera
907 1345 1016 1414 ejus
1042 1360 1062 1398 :
1083 1360 1227 1408 quem
1258 1353 1306 1397 et
1333 1353 1386 1396 tu
1423 1342 1609 1406 devita;
1634 1342 1780 1396 valde
1816 1342 1949 1396 enim
1976 1342 2158 1396 restitit

568 1431 755 1484 nostris
776 1430 1088 1485 sermnibus
1109 1429 1173 1502 (ll
1199 1428 1433 1496 Tint.1v,
1468 1431 1517 1494 ί,
1547 1429 1604 1494 ‘2,
1636 1430 1724 1496 14,
1759 1428 1866 1499 15);
1900 1428 2001 1483 hoc
2027 1444 2156 1483 vero

567 1519 796 1575 alterum
820 1521 872 1574 in
899 1520 976 1575 eis
997 1519 1064 1575 de
1090 1519 1281 1590 quibus
1312 1520 1384 1574 ait
1409 1538 1422 1574 :
1447 1519 1668 1585 Quidam
1695 1519 1896 1592 quidem
1921 1535 1982 1574 ea:
2026 1519 2156 1573 invi-

567 1611 654 1665 dia
684 1620 728 1665 et
753 1612 1069 1666 contentione
1094 1610 1350 1667 Christum
1379 1612 1711 1678 annuntiant,
1737 1628 1839 1665 non
1859 1620 2013 1679 caste,
2045 1611 2154 1666 exi-
2207 1635 2211 1639 ~

567 1703 828 1757 stimantes
849 1701 1220 1757 tribulationem
1247 1701 1484 1757 suscitari
1505 1701 1716 1756 vinculis
1739 1702 1882 1757 meis.
1909 1701 2039 1755 Nam
2067 1700 2150 1756 illi

571 1795 752 1866 procul
780 1795 942 1851 dubio
964 1796 1192 1868 idipsum
1209 1795 1592 1850 annuntiabant
1617 1794 1760 1866 quod
1786 1794 2014 1856 Paulus;
2042 1808 2146 1848 non

566 1895 747 1942 tamen
773 1901 837 1942 eo
857 1887 1058 1955 animo,
1091 1903 1195 1942 non
1221 1903 1283 1942 ea
1309 1887 1579 1942 voluntate
1597 1925 1612 1952 ,
1643 1901 1746 1940 non
1768 1900 1834 1940 ex
1859 1884 2145 1948 charitate,

565 1977 660 2032 sed
687 1994 752 2032 ex
784 1977 1008 2046 invidia,
1037 1977 1172 2033 sicut
1193 1977 1344 2044 dixit,
1363 1985 1416 2032 et
1436 1992 1503 2031 ex
1528 1977 1890 2040 contentione,
1907 1977 2148 2032 volentes

563 2067 797 2137 superbo
828 2056 988 2122 sensu
1012 2067 1062 2120 in
1111 2066 1295 2122 eadem
1326 2067 1438 2136 ipsa
1481 2066 1885 2122 annuntiatione
1923 2065 2146 2136 praecel-

565 2157 700 2222 lere,
732 2166 787 2212 et
809 2158 1051 2226 apostolo
1079 2156 1242 2211 Paulo
1287 2156 1557 2226 anteponi.
1587 2155 1738 2224 Quod
1767 2156 1854 2212 ille
1889 2170 1994 2212 non
2026 2171 2143 2210 mo-

560 2249 694 2326 leste
724 2247 920 2314 ferens,
954 2248 1060 2304 imo
1089 2251 1245 2304 etiam
1269 2248 1525 2320 gaudens,
1549 2248 1691 2318 quod
1717 2248 1784 2304 ab
1803 2249 1882 2304 eis
1905 2248 2033 2304 illud
2057 2249 2142 2304 vi-

565 2342 725 2397 debat
753 2340 1027 2410 praedicari
1052 2383 1066 2405 ,
1094 2341 1235 2411 quod
1273 2339 1440 2394 latius
1489 2339 1819 2395 innotescere
1854 2339 2138 2409 cupiebat:

563 2432 702 2499 Quid
724 2432 856 2486 enint
881 2473 896 2498 ,
940 2431 1139 2501 inquit,
1187 2432 1308 2484 dum
1337 2431 1475 2484 onmi
1501 2430 1650 2484 modo
1668 2471 1683 2496 ,
1715 2431 1816 2485 sive
1843 2432 2136 2497 occasione,

553 2527 658 2581 sive
683 2525 889 2581 veritate
927 2524 1156 2581 Christus
1183 2523 1556 2579 annuntietur?
1583 2522 1765 2594 Neque
1790 2525 1932 2579 enim
1958 2523 2138 2579 cordis

551 2620 634 2674 sui
661 2619 882 2674 veritate
902 2660 918 2683 ,
945 2618 1066 2689 quia
1098 2633 1202 2673 non
1228 2617 1433 2673 sincera
1459 2617 1753 2673 intentione
1773 2660 1788 2684 ,
1828 2618 1922 2674 sed
1945 2619 2135 2674 aemula

547 2710 910 2774 contentione,
943 2710 1217 2769 veritatem
1251 2718 1448 2774 tamen,
1482 2709 1584 2764 hoc
1602 2719 1683 2764 est
1711 2707 1980 2765 Christum
2002 2752 2017 2777 ,
2041 2727 2136 2765 an-

548 2801 882 2857 nuntiabant.
939 2801 1020 2856 Tu
1051 2801 1206 2872 igitur
1231 2817 1351 2856 cum
1376 2799 1540 2871 judex
1589 2801 1902 2857 interiorum
1957 2802 2133 2858 cordis

547 2893 716 2949 nostri
745 2909 861 2950 esse
909 2909 1014 2948 non
1067 2893 1264 2963 possis,
1311 2893 1679 2949 tantummodo
1710 2903 1884 2948 utrum
1925 2893 2132 2948 veritati

545 2985 891 3051 resistamus,
937 3001 1003 3038 an
1031 3000 1123 3039 eos
1151 2985 1241 3055 qui
1291 2985 1500 3040 veritati
1547 2985 1806 3041 resistunt
1848 2987 2122 3042 revincere

550 3079 846 3149 cupiamus,
878 3079 1115 3135 adverte.
1144 3079 1274 3134 Nam
1307 3080 1489 3148 procul
1543 3079 1705 3134 dubio
1755 3081 1798 3135 si
1845 3083 2124 3134 veritatem

543 3170 832 3227 suademus
852 3186 1196 3242 erroremque
1215 3168 1530 3238 refellimus,
1550 3170 1756 3226 etiamsi
1783 3185 1886 3226 non
1906 3169 2129 3227 veritate

544 3263 773 3334 propria
803 3263 1112 3319 intentionis
1131 3303 1144 3329 ,
1177 3261 1271 3318 sed
1301 3262 1716 3318 emolumentum
1744 3262 1924 3317 saeculi
1969 3261 2125 3331 hujus

541 3366 596 3412 et
626 3357 909 3412 humanam
935 3358 1157 3429 gloriam
1185 3365 1490 3427 qumrentcs
1517 3354 1566 3410 id
1601 3370 1854 3426 agamus;
1894 3354 2125 3426 gaudere

541 3448 740 3504 debent
767 3450 1050 3504 dilectores
1080 3449 1340 3514 veritatis,
1367 3449 1490 3519 quia
1516 3457 1572 3502 et
1598 3447 1698 3501 hac
1721 3448 2004 3502 occasione
2034 3461 2126 3502 vc-

540 3541 673 3594 ritas
696 3540 1061 3607 annuntiatur,
1089 3540 1228 3595 sicut
1246 3539 1533 3608 Apostolus
1561 3540 1650 3609 qui
1680 3538 1824 3603 dicit,
1853 3538 1922 3593 Et
1947 3540 1998 3593 in
2027 3540 2123 3593 hoc

538 3632 766 3704 gaudebo
797 3630 1053 3706 (Philipp.
1088 3647 1125 3697 ι,
1161 3631 1246 3697 lJ,
1302 3629 1416 3700 18).
1469 3629 1525 3684 Si
1572 3637 1749 3684 autem
1801 3629 1982 3702 (quod
2011 3630 2119 3684 Deo

532 3723 769 3779 maxime
800 3732 980 3777 notum
1002 3730 1117 3785 est,
1149 3731 1202 3776 et
1233 3720 1374 3793 quod
1406 3721 1495 3776 tibi
1527 3722 1686 3776 etiam
1713 3721 1833 3790 ipsi,
1862 3732 2116 3792 quantum

529 3827 613 3872 est
642 3815 908 3872 facultatis
937 3816 1200 3879 humanm,
1246 3815 1290 3870 si
1324 3815 1599 3871 nobiscum
1630 3816 1838 3871 viveres
1861 3857 1877 3883 ,
1928 3826 2113 3870 notum

523 3920 650 3961 esse
689 3907 964 3978 potuisset)
1025 3909 1105 3977 pia
1158 3905 1514 3962 sollicitudine
1560 3905 1836 3960 charitatis
1870 3906 1922 3960 in
1956 3906 2116 3977 hujus

522 3997 943 4068 dispensationis
993 4000 1173 4054 labore
1219 4012 1538 4061 versamur;
1600 4004 1727 4065 puto
1781 4012 2113 4070 nequaquam

523 4089 997 4160 justereprelteudi
1021 4093 1370 4148 ministerium
1389 4103 1654 4160 nostrum,
1671 4093 1718 4148 si
1743 4103 1928 4148 contra
1947 4110 2113 4164 quos-

523 4180 659 4237 iibet
676 4180 1023 4240 adversarios
1048 4183 1285 4238 veritatis
1305 4184 1524 4241 ferventi
1554 4184 1741 4255 spiritu
1773 4201 1868 4256 pro
1890 4187 2114 4242 veritate

521 4278 815 4325 certemus.

578 4358 824 4432 CAPUT
855 4360 986 4416 Vlll.
1011 4393 1081 4403 -—
1100 4363 1184 4418 l0.
1213 4363 1343 4418 Nam
1368 4365 1415 4420 si
1441 4369 1804 4424 contentiosus
1831 4369 2054 4424 habetur
2079 4387 2108 4426 a

527 4452 680 4506 vnbis
706 4452 786 4506 vel
815 4451 1090 4508 animosus
1115 4462 1436 4524 paratorque
1454 4457 1707 4522 rixarum,
1733 4460 1970 4530 quisquis
1993 4462 2109 4516 cui-

519 4560 681 4613 quam
731 4546 996 4599 sermonis
1037 4547 1436 4602 altercationem
1481 4548 1562 4602 vel
1583 4548 1878 4607 inferrevel
1909 4554 2109 4611 referre

521 4637 816 4701 curaverit;
851 4637 1026 4692 videte
1070 4639 1194 4711 quid
1233 4638 1302 4694 de
1328 4639 1442 4710 ipso
1467 4640 1690 4696 Domino
1718 4642 1844 4699 Jesu
1872 4643 2104 4714 Christo,

519 4727 740 4797 ejusque
763 4728 932 4783 servis
962 4728 1242 4798 Prophetis
1262 4741 1317 4785 et
1337 4731 1606 4800 Apostolis
1620 4734 1879 4788 sentiatis.
1905 4735 2106 4806 Nempe

521 4817 664 4870 enim
697 4816 949 4873 Dominus
975 4819 1086 4889 ipse
1111 4818 1276 4874 Filius
1306 4820 1433 4887 Dei,
1459 4823 1712 4893 numquid
1737 4839 1859 4880 cum
1877 4826 2005 4880 solis
2021 4826 2104 4881 di-

519 4907 737 4975 scipulis
761 4907 844 4962 vel
872 4907 1039 4963 turbis
1062 4909 1151 4978 qui
1166 4909 1217 4963 in
1229 4925 1348 4964 eum
1361 4912 1723 4980 crediderunt,
1743 4929 1808 4968 an
1823 4931 1928 4970 non
1943 4917 2102 4972 etiam

518 5015 640 5052 cum
673 4998 902 5053 inimicis
929 5000 1272 5068 tentantibus,
1302 5002 1741 5073 obtrectantibus,
1767 5006 2101 5077 interrogan-

517 5089 677 5156 tibus,
706 5090 1095 5156 resistentibus,
1134 5092 1569 5150 ntaledicentibus
1593 5138 1606 5163 ,
1637 5097 1818 5152 habuit
1863 5099 1928 5154 de
1957 5100 2098 5156 veri-

515 5189 625 5236 tate
659 5183 995 5238 scrmonem?
1025 5183 1288 5255 Numquid
1327 5201 1448 5240 eum
1497 5189 1658 5244 etiam
1684 5204 1803 5245 cum
1847 5207 1947 5246 una
1980 5209 2098 5248 mu-

513 5272 646 5328 liere
661 5273 727 5328 de
752 5276 1046 5345 quiestioue
1069 5278 1326 5332 orationis
1347 5289 1527 5334 contra
1550 5282 1852 5349 opinionem
1876 5286 1962 5340 vel
1990 5286 2101 5342 luc-

511 5380 686 5420 resem
731 5365 1186 5424 Samaritanorum
1229 5371 1392 5440 piguit
1433 5371 1740 5443 disputare?
1783 5375 1886 5432 Sed
1929 5379 2094 5445 illam,

511 5454 690 5528 inquis
709 5456 1030 5513 credituram
1055 5474 1174 5515 esse
1200 5461 1530 5529 pratsciebat.
1554 5463 1689 5531 Quid
1724 5467 1881 5522 toties
1907 5467 2096 5522 adver-

514 5561 609 5602 sus
651 5547 886 5615 Judmos,
933 5550 1247 5618 Pharismos,
1278 5552 1617 5618 Sadducmos.
1672 5573 1774 5613 non
1800 5561 1968 5614 solum
2005 5561 2095 5615 mi.

515 5638 655 5695 uime
681 5641 999 5704 credituros,
1027 5657 1210 5696 verum
1231 5644 1392 5698 etiam
1423 5647 1649 5702 maxime
1671 5649 2094 5706 contradicturos

628 5828 728 5871 Am.
756 5829 807 5873 et
829 5828 920 5884 En,
946 5830 990 5872 et
1015 5825 1157 5885 quod.
1188 5834 1309 5886 vss,
1333 5832 1378 5875 et
1394 5839 1482 5889 pro
1505 5827 1686 5888 quibus.

1359 393 1636 450 CONTRA
1675 395 2107 454 CRESCONIUM
2150 398 2605 474 DONATISTAM,
2637 410 2692 467 S.
2723 413 3085 474 AUGUSTINI

3708 447 3792 502 £52

2277 531 2329 577 et
2349 537 2744 597 persecuturos,
2775 546 2954 588 coram
2995 537 3048 590 in
3099 551 3160 592 os
3185 551 3366 598 eorum
3393 561 3543 616 quam
3569 556 3710 616 multa
3732 562 3793 618 ιο.

2274 624 2428 712 cutus
2456 621 2574 672 est?
2608 621 2794 676 Nonne
2822 624 2889 680 ab
2915 627 2994 680 eis
3025 627 3184 693 ultro,
3216 645 3333 686 cum
3365 637 3540 706 voluit,
3569 649 3692 712 quod
3716 667 3792 707 vo.

2271 707 2368 799 luit
2392 710 2679 781 inquisivit,
2699 726 2754 770 ut
2771 733 2955 774 eorum
2979 721 3096 776 illos
3114 727 3454 793 responsione
3472 707 3795 799 convinceret?

2269 797 2456 856 Nonne
2483 802 2588 856 illis
2614 804 2800 862 dolose
2832 811 3083 866 tentando
3107 819 3480 887 quaerentibus,
3511 840 3618 882 cum
3643 797 3793 889 redar;

2269 892 2376 987 gitti
2401 892 2851 987 obmutescerent,
2883 901 2998 957 sine
3024 904 3128 958 ulla
3148 907 3481 978 ambiguitate
3511 922 3786 987 respondit?

2267 978 2418 1046 Quod
2468 998 2587 1036 cum
2619 983 2832 1054 laceret,
2871 990 3044 1045 nullus
3085 1008 3147 1048 ex
3192 993 3273 1050 bis
3295 996 3478 1068 legitur
3511 1003 3571 1058 ad
3593 978 3700 1062 eum

2265 1073 2532 1141 quendum
2582 1077 2744 1134 fuisse
2791 1095 3098 1138 conversus.
3126 1085 3195 1140 Et
3233 1090 3410 1158 utique
3451 1107 3668 1163 noverat,
3693 1105 3788 1172 quia

2265 1167 2517 1233 prtescius
2542 1178 2657 1224 erat
2681 1211 2697 1237 ,
2727 1171 2858 1226 nihil
2896 1189 2953 1229 se
2981 1176 3047 1230 ad
3077 1193 3262 1233 eorum
3290 1182 3526 1249 salutem,
3553 1203 3662 1245 cum
3689 1167 3780 1251 haec

2258 1254 2328 1308 ad
2353 1271 2447 1312 eos
2473 1258 2556 1314 vel
2586 1261 2639 1314 in
2663 1277 2776 1328 eos,
2813 1265 2895 1319 vel
2924 1266 3181 1324 adversus
3211 1287 3304 1326 eos
3329 1273 3556 1343 diceret,
3585 1283 3784 1350 prolutu-

2261 1361 2399 1402 rum.
2426 1350 2541 1444 Sed
2566 1369 2661 1410 nos
2699 1354 2924 1414 fortasse
2965 1373 3064 1414 suo
3090 1362 3317 1420 lirmavit
3347 1372 3598 1440 exemplo,
3633 1376 3706 1444 qui
3729 1379 3789 1433 lu-

2261 1446 2433 1494 turam
2479 1442 2634 1500 (idem
2665 1448 3006 1516 perﬁdiamve
3040 1451 3312 1510 hominum
3361 1442 3669 1528 prrcnoscere
3701 1484 3783 1524 non

2259 1533 2526 1628 valemus;
2551 1539 2691 1628 uersi
2715 1541 2924 1610 quando
2949 1544 3170 1600 nimium
3193 1547 3341 1603 duris
3367 1551 3667 1624 nimiumque
3687 1573 3785 1628 per-

2259 1625 2430 1680 versis
2469 1627 2585 1682 sitte
2615 1627 2790 1686 fructu
2818 1633 3005 1688 salutis
3035 1650 3218 1691 eorum
3248 1638 3410 1694 locuti
3441 1625 3785 1713 fuerimus,‘>de-

2257 1714 2497 1772 liciamus
2523 1728 2579 1774 et
2604 1719 2922 1780 desistamus
2941 1726 3009 1780 ab
3035 1726 3283 1783 instantia
3316 1731 3623 1800 prmdicandi
3645 1777 3658 1802 ,
3685 1752 3782 1792 cum

2254 1806 2484 1897 inaniter
2528 1811 2757 1882 piguerit
2793 1814 3052 1873 laborare.
3100 1819 3261 1887 Quid,
3290 1823 3431 1893 quod
3472 1826 3617 1880 etiam
3645 1829 3782 1897 ipsum

2252 1895 2545 1967 diabolum,
2591 1917 2748 1973 quem
2773 1904 2883 1975 jam
2917 1923 3024 1962 non
3052 1911 3222 1964 solum
3248 1913 3391 1968 Deus
3415 1955 3428 1978 ,
3455 1915 3545 1970 sed
3569 1932 3628 1972 ne
3647 1895 3784 1973 liomi-
3883 1925 3890 1930 '

2252 2002 2347 2042 nes
2367 1989 2578 2059 quidem
2601 1993 2847 2052 dubitare
2867 2008 3110 2069 possunt,
3135 2003 3281 2057 nullo
3307 2006 3464 2061 modo
3484 2007 3546 2061 ad
3564 2007 3781 2077 justitiam

2249 2091 2563 2136 conversum
2591 2085 2651 2140 iri
2673 2086 2710 2151 ¹,
2735 2087 2902 2143 Filius
2925 2089 3014 2146 Dei
3036 2102 3209 2149 tamen
3237 2095 3487 2154 insidiose
3512 2106 3775 2168 tentantetu,

2248 2177 2301 2222 et
2325 2169 2391 2225 de
2427 2171 2713 2244 Seripturis
2757 2182 2954 2238 sanctis
2995 2186 3349 2254 quaestionum
3414 2189 3617 2262 laqueos
3648 2208 3780 2265 oppo-

2247 2272 2484 2330 nentem,
2513 2267 2580 2322 tle
2607 2268 2896 2340 Seripturis
2933 2277 3135 2334 sanctis
3157 2281 3524 2350 respondendo
3551 2286 3776 2355 convicit,

2244 2370 2343 2413 nec
2361 2357 2618 2428 judicavit
2645 2363 2916 2438 indignum
2955 2384 3076 2425 cum
3106 2381 3294 2427 satana
3323 2374 3558 2432 Christus
3581 2377 3642 2432 de
3665 2377 3776 2433 divi-

2244 2449 2326 2502 nis
2366 2450 2590 2522 eloquiis
2627 2454 2826 2513 habere
2870 2460 3194 2532 colloquium
3241 2464 3457 2534 (Matth.
3489 2484 3574 2537 tv,
3598 2470 3774 2534 3-10)?

2241 2538 2366 2607 quid
2392 2542 2574 2612 utique
2617 2548 2917 2616 prazvidens
2941 2591 2958 2618 ,
2989 2553 3090 2607 uisi
3117 2555 3262 2624 quod
3287 2556 3483 2614 Judteis
3505 2568 3557 2615 et
3597 2561 3774 2617 diabolo

2239 2629 2368 2684 nihil
2397 2635 2668 2703 proderat,
2700 2639 2984 2698 credituris
3012 2643 3274 2702 Gentibus
3300 2648 3651 2718 profuturum?

2311 2724 2397 2777 11.
2437 2725 2729 2797 Prophetas
2766 2733 2926 2788 etiam
2970 2735 3192 2806 legimus
3233 2741 3430 2797 missos
3465 2742 3529 2798 ad
3566 2743 3773 2798 homines

2236 2820 2341 2867 tam
2374 2814 2765 2888 inobedieutes,
2798 2831 2856 2878 ut
2887 2825 3026 2881 Deus
3054 2828 3166 2898 ipse
3191 2831 3285 2901 qui
3316 2831 3598 2903 Prophetas
3623 2834 3774 2889 mitte-

2233 2903 2339 2970 bat,
2369 2906 2437 2963 de
2467 2907 2548 2963 bis
2577 2911 2642 2964 ad
2670 2929 2804 2981 quos
2833 2916 3073 2972 mittebat
3101 2922 3438 2991 praediceret,
3471 2926 3600 2994 quod
3627 2926 3772 2980 verbis

2233 3011 2416 3052 eorum
2447 3001 2858 3074 obtemperaturi
2899 3024 3006 3064 nun
3039 3023 3239 3068 essent.
3279 3014 3474 3071 Omitto
3510 3017 3636 3086 quod
3669 3004 3771 3087 pro.

2231 3091 2444 3159 phetico
2464 3095 2651 3164 spiritu
2669 3113 2776 3168 quo
2800 3099 2974 3156 futura
2997 3105 3309 3175 cernebant,
3333 3109 3490 3163 etiam
3513 3109 3607 3165 hoc
3625 3110 3772 3178 utique

2230 3196 2386 3237 nosse
2413 3186 2728 3253 potuissent,
2757 3191 2898 3259 quod
2923 3208 3108 3248 eorum
3131 3196 3296 3252 verba
3325 3199 3660 3270 contemplari
3681 3199 3774 3253 lue-

2230 3286 2348 3330 raut
2368 3317 2384 3344 ,
2412 3279 2601 3348 quibus
2628 3296 2693 3336 ea
2723 3291 2895 3340 tamen
2922 3286 3224 3344 vehementi
3257 3291 3502 3347 instantia
3528 3308 3624 3347 non
3652 3303 3770 3346 tace-

2228 3369 2374 3422 bant.
2398 3371 2747 3439 Apertissime
2771 3377 3026 3434 Dominus
3047 3381 3111 3434 ad
3136 3381 3473 3441 Ezechielcm
3499 3384 3770 3454 prophetam

2226 3459 2353 3516 dicit
2381 3479 2394 3516 :
2434 3461 2572 3518 Vade
2597 3476 2642 3520 et
2671 3467 2804 3522 intra
2831 3469 2883 3523 in
2917 3470 3119 3525 domum
3145 3473 3334 3541 Israel,
3367 3485 3416 3531 et
3440 3477 3630 3546 loquere
3650 3476 3772 3529 verba

2225 3567 2334 3604 mea
2360 3552 2428 3604 ad
2456 3553 2594 3623 ipsos
2625 3570 2645 3610 :
2668 3558 2787 3626 quia
2819 3575 2920 3614 non
2955 3561 3023 3614 ad
3061 3564 3309 3632 populum
3333 3565 3514 3634 ignotae
3540 3566 3703 3634 lingua:
3726 3573 3770 3616 tu

2224 3641 2463 3708 mitteris,
2493 3643 2561 3696 ad
2586 3644 2792 3700 domum
2820 3646 3020 3715 Israel;
3047 3668 3135 3704 nec
3163 3653 3230 3706 ad
3273 3655 3486 3726 populos
3512 3655 3678 3708 multos
3703 3653 3770 3704 di-

2223 3731 2376 3786 versis
2401 3741 2489 3784 aut
2516 3734 2750 3802 gravibus
2776 3737 2961 3809 linguis
2988 3739 3260 3811 loquentes,
3295 3760 3508 3814 quorum
3533 3743 3664 3798 verba
3687 3758 3769 3796 non

2223 3825 2384 3893 possis
2409 3825 2624 3890 audire;
2647 3836 2694 3881 et
2723 3830 2767 3882 si
2791 3834 2858 3882 ad
2886 3831 3010 3885 tales
3039 3833 3284 3888 misissem
3312 3844 3377 3899 te,
3399 3837 3604 3906 forsitan
3628 3834 3771 3887 audis-

2220 3927 2326 3970 sent
2353 3926 2417 3972 te.
2445 3917 2640 3974 Domus
2663 3931 2830 3975 autem
2857 3921 3020 3978 Israel
3045 3941 3143 3979 non
3168 3927 3376 3982 audient
3401 3939 3468 3995 te,
3489 3929 3599 3998 quia
3621 3925 3769 3980 nolunt

2219 4008 2396 4062 audire
2425 4027 2520 4063 me.
2555 4011 2733 4065 Omnis
2763 4015 2894 4067 enim
2922 4016 3102 4070 domus
3140 4015 3307 4073 Israel
3343 4020 3556 4090 inquieto
3591 4027 3633 4074 et
3663 4017 3768 4070 duro

2218 4102 2368 4155 corde
2391 4113 2483 4156 est.
2513 4103 2624 4176 Ego
2654 4115 2819 4160 autem
2845 4108 2961 4161 dedi
2985 4111 3164 4180 [aciem
3195 4120 3338 4167 tuam
3367 4117 3544 4185 fortem
3564 4113 3768 4166 adversus

2217 4193 2399 4261 facient
2438 4211 2609 4248 eorum
2628 4236 2642 4258 ,
2681 4206 2729 4250 et
2765 4209 3014 4254 certamen
3053 4210 3195 4255 tuum
3234 4205 3529 4274 confortabo
3563 4204 3767 4258 adversus

2217 4294 2462 4338 certamen
2492 4301 2666 4340 eorum
2698 4287 2717 4360 (
2735 4288 2922 4344 Ezec/t.
2955 4307 3044 4359 ιιι,
3079 4293 3233 4364 4ο8).
3273 4295 3416 4352 Ecce
3453 4298 3663 4352 mittitur
3689 4293 3764 4348 Dei

2216 4386 2422 4440 servus,
2450 4386 2504 4431 et
2531 4377 2608 4432 eis
2635 4379 2778 4449 loqui
2801 4379 3035 4449 jubetur,
3066 4385 3156 4454 qui
3183 4400 3305 4441 eum
3335 4403 3440 4443 non
3468 4397 3613 4444 erant
3634 4384 3763 4441 audi-

2217 4466 2336 4531 turi,
2355 4482 2421 4522 eo
2441 4468 2556 4538 ipso
2576 4470 2800 4526 Domino
2820 4473 2907 4543 qui
2929 4475 3171 4531 mittebat
3190 4489 3243 4533 et
3263 4479 3408 4549 loqui
3425 4479 3635 4551 iubebat
3653 4491 3763 4547 prte-

2212 4554 2422 4611 diccntc
2441 4559 2580 4627 quod
2605 4575 2708 4613 non
2730 4572 2882 4618 erant
2904 4563 3152 4621 audituri.
3175 4567 3290 4637 Qua
3313 4585 3495 4638 causa,
3522 4570 3604 4625 cui
3623 4569 3760 4632 bono,

2211 4662 2317 4716 quo
2343 4647 2533 4714 fructu,
2558 4665 2728 4720 quove
2754 4653 2944 4710 ell‘ectu
2969 4657 3193 4714 mittitur
3215 4661 3281 4716 ad
3308 4671 3573 4718 certamen
3599 4659 3761 4731 prndi-

2209 4740 2391 4794 eandm
2415 4742 2648 4796 veritatis
2670 4744 2922 4803 adversus
2941 4758 3235 4808 certaturos
3255 4763 3308 4808 et
3330 4770 3435 4810 non
3455 4749 3761 4811 obedituros!

2209 4829 2344 4884 Num
2376 4832 2652 4904 quisquam
2682 4835 2862 4894 dicere
2887 4840 3102 4896 audebit
3129 4854 3345 4900 sanctos
3377 4846 3470 4901 Dei
3497 4826 3761 4914 Prophetas

2208 4923 2458 4982 incidisse
2494 4927 2544 4980 in
2582 4930 2926 4997 opprobrium
2962 4933 3057 4989 abs
3087 4943 3137 4990 te
3170 4937 3299 4991 mihi
3331 4937 3594 5008 ohjeetum
3616 4979 3629 5004 ,
3653 4947 3760 4990 cum

2205 5014 2410 5072 diceres
2441 5036 2454 5072 :
2487 5018 2548 5073 Si
2577 5028 2629 5072 tu
2667 5021 2764 5074 scis
2802 5038 2906 5076 rem
2937 5024 3000 5078 de
3035 5042 3137 5097 qua
3170 5027 3338 5097 agitur
3373 5045 3406 5081 α
3441 5037 3486 5082 te
3520 5026 3650 5098 ﬁniri
3676 5039 3759 5077 non

2207 5125 2378 5179 posse,
2407 5126 2496 5164 cur
2521 5112 2775 5167 incassum
2801 5113 3022 5170 laborem
3046 5114 3236 5174 sumis?
3261 5137 3354 5174 cur
3373 5121 3570 5175 inanem
3591 5121 3754 5183 impat-

2204 5201 2282 5256 dis
2302 5218 2507 5271 Operam
2524 5204 2549 5256 .9
2566 5221 2658 5257 cur
2675 5222 2982 5277 supervacue
3001 5226 3060 5262 ac
3079 5211 3186 5264 sine
3205 5215 3372 5282 fructu
3393 5211 3676 5266 contendis!
3691 5207 3755 5260 Att

2204 5311 2306 5349 non
2333 5312 2542 5365 magnus
2570 5313 2711 5350 error
2735 5306 2829 5365 est,
2859 5301 2985 5355 velle
3009 5303 3144 5370 quod
3176 5320 3276 5356 non
3305 5305 3474 5359 valcas
3497 5297 3757 5372 explicare!

2203 5402 2317 5438 cum
2344 5393 2389 5439 et
2417 5384 2520 5440 Leo:
2545 5397 2744 5442 moneat
2769 5389 2964 5455 dicens,
3001 5410 3021 5443 ‹
3050 5393 3244 5446 Altiora
3269 5402 3317 5447 te
3342 5411 3404 5448 ne
3426 5391 3692 5466 quresieris.
3717 5395 3757 5440 el

2203 5477 2416 5546 fortiora
2439 5486 2486 5531 te
2509 5495 2571 5531 ne
2594 5489 2846 5535 scrutatus
2882 5481 3038 5549 [ueris
3070 5501 3088 5534 ι
3122 5483 3308 5547 (Eccli.
3341 5500 3419 5552 ιιι,
3449 5484 3572 5553 22);
3602 5491 3645 5536 et
3675 5482 3751 5533 ite-

2201 5583 2334 5628 rum,
2369 5585 2387 5617 ‹
2431 5567 2592 5623 Homo
2617 5571 2875 5623 animosus
2903 5582 3050 5642 parat
3074 5574 3204 5639 lites,
3231 5584 3276 5628 et
3301 5576 3376 5629 uir
3399 5575 3660 5630 iracundus
3681 5585 3755 5623 cx-

2201 5668 2406 5729 eggerat
2433 5670 2692 5729 peccatum
2728 5679 2746 5712 ι
2778 5659 2898 5734 (Id.
2940 5677 3137 5732 xxviii,
3175 5663 3310 5735 ll)?
3344 5665 3602 5723 Ezechieli
3628 5671 3751 5720 certe

2265 5837 2279 5866 ¹
2317 5843 2364 5884 ιιι
2389 5836 2608 5884 omnibus
2627 5841 2754 5897 διες»,
2779 5848 3129 5892 τοιηοενςέιιηπ.
