3998 6482
239 402 338 465 453

238 524 331 578 ista
362 534 475 576 non
500 518 740 583 diceres,
772 518 860 588 qui
890 531 1012 571 cum
1041 516 1208 572 verbo
1238 515 1332 571 Dei
1374 513 1602 569 mittitur
1632 511 1825 566 inferre

228 619 510 668 certamen
539 608 841 663 hominibus
864 623 973 671 non
1005 606 1323 671 obedituris,
1349 617 1531 658 contra
1568 601 1824 667 sensuris,

226 710 420 758 contra
448 699 708 762 dicturis,
741 707 924 751 contra
957 698 1189 752 iacturis.
1231 696 1361 749 Nam
1393 696 1436 748 si
1464 695 1671 748 diceres
1691 735 1705 759 ,
1744 707 1829 746 re-

236 791 527 863 sponderet
557 790 650 845 tibi
683 790 905 844 fortasse
924 830 939 854 ,
969 788 1108 859 quod
1136 789 1337 843 eisdem
1363 787 1559 841 .lud:eis
1591 786 1828 855 Apostoli

230 882 663 953 responderunt,
686 880 778 935 Cui
802 881 1001 934 obedire
1026 879 1260 947 oportet?
1281 878 1388 932 Deo
1416 879 1575 949 magis
1595 918 1608 941 ,
1640 894 1702 930 an
1734 878 1828 929 ho-

236 972 454 1026 minibus
487 972 637 1044 (Act.
671 987 743 1037 tv,
779 972 865 1038 19,
896 980 942 1025 et
975 986 1027 1036 v,
1057 969 1208 1040 29)?
1244 970 1351 1025 lloc
1389 971 1479 1025 tibi
1517 970 1676 1024 etiam
1717 968 1829 1039 ipse

227 1063 631 1133 restiondcrim.

304 1152 535 1209 CAPUT
568 1152 657 1207 IX.
684 1184 754 1194 —-
779 1152 865 1206 12.
901 1152 995 1206 IIic
1024 1153 1065 1206 si
1099 1161 1153 1205 ttt
1182 1150 1500 1221 ﬂagitavcris
1521 1193 1535 1216 ,
1566 1161 1620 1204 ut
1651 1160 1831 1205 osten-

226 1244 357 1298 ~dam
387 1244 475 1298 ubi
506 1245 667 1298 etiam
700 1243 827 1297 mihi
862 1244 1000 1298 Deus
1031 1244 1340 1312 ρτιῐιρρρργίι
1379 1242 1427 1295 id
1468 1257 1623 1311 agere
1643 1283 1657 1308 ,
1688 1239 1831 1310 quod

230 1346 293 1389 tu
334 1335 623 1405 prohibes;
666 1344 934 1388 memento
969 1333 1290 1404 apO‘lOllCﬂS
1314 1333 1575 1402 Epistolas
1613 1348 1719 1385 non
1753 1332 1830 1387 eis

229 1436 445 1481 tantum
474 1427 700 1495 scriptas
726 1428 815 1496 qui
843 1437 1082 1496 tempore
1109 1426 1199 1480 illo
1223 1441 1329 1496 quo
1352 1425 1719 1481 scribebantur
1738 1438 1832 1478 au-

226 1516 484 1584 diebant,
516 1517 610 1572 sed
638 1518 799 1573 etiam
839 1518 992 1572 nobis
1022 1535 1037 1571 :
1071 1532 1175 1572 non
1207 1519 1349 1572 enim
1374 1518 1445 1572 ob
1472 1516 1612 1571 aliud
1644 1516 1694 1570 in
1724 1516 1830 1572 Ec-

225 1610 399 1665 clesia
424 1610 738 1665 recitantur.
770 1608 999 1665 Attende
1026 1611 1184 1665 etiam
1217 1609 1345 1665 illud
1374 1610 1514 1680 quod
1545 1608 1831 1679 Apostolus

234 1700 313 1754 ait
339 1717 353 1753 :
386 1700 467 1753 An
497 1701 647 1755 vultis
674 1701 1067 1769 experimentum
1098 1701 1204 1770 ejus
1230 1700 1455 1769 accipere
1473 1700 1558 1769 qui
1581 1700 1632 1753 in
1660 1716 1736 1752 me
1756 1700 1834 1753 lo-

235 1791 410 1858 quitur
436 1789 668 1845 Christus
701 1789 776 1860 (ll
808 1788 922 1843 Cor.
965 1805 1087 1855 xttt,
1116 1790 1204 1858 5).
1246 1791 1309 1843 Ει
1339 1790 1515 1843 recole
1547 1789 1692 1859 jam,
1728 1805 1830 1843 non

234 1879 367 1950 quid
399 1880 622 1946 Paulus,
653 1880 745 1935 sed
783 1878 906 1947 quid
946 1895 1038 1949 per
1071 1896 1191 1935 eum
1220 1879 1465 1934 Christus
1498 1880 1702 1934 locutus
1731 1880 1828 1945 sit,

234 1971 381 2042 quod
412 1971 572 2040 paqu
605 1980 728 2025 ante
756 1972 1201 2036 commemoravi,
1237 1969 1468 2025 Praulica
1497 1970 1726 2035 verbum,
1753 1971 1833 2024 in~

232 2070 317 2117 sla
344 2070 651 2132 Opportune,
676 2060 978 2131 importune,
1010 2069 1115 2115 etc.
1145 2060 1371 2115 Attende
1396 2061 1553 2115 etiam
1580 2058 1833 2130 quemad-

234 2152 462 2209 modum
483 2152 550 2208 ad
573 2152 747 2207 Titum
768 2167 888 2206 cum
911 2150 1197 2221 explicaret
1223 2152 1393 2222 qualis
1414 2167 1531 2206 esse
1552 2151 1833 2221 episcopus

236 2245 456 2311 debeat,
480 2244 640 2301 etiam
666 2252 1096 2313 perseverantem
1123 2244 1257 2298 dixit
1277 2260 1396 2299 csse
1417 2254 1664 2313 oportere
1683 2243 1833 2314 juxta

233 2339 541 2395 doctrinam
568 2336 738 2393 ﬁdelis
761 2337 928 2403 verbi,
960 2335 1027 2392 Ut
1055 2344 1229 2407 potens
1253 2338 1337 2402 sit,
1369 2338 1554 2405 inquit,
1582 2346 1627 2390 et
1653 2335 1834 2390 exhor-

235 2430 341 2485 tari
363 2430 418 2484 in
442 2429 672 2483 doctrina
696 2444 841 2493 sana,
866 2437 912 2481 et
934 2430 1327 2483 contradicentes
1352 2428 1670 2498 redarguere.
1701 2427 1834 2481 Sunt

235 2522 375 2577 enim
403 2521 554 2575 multi
580 2536 679 2574 non
709 2519 913 2584 subditi,
945 2520 1218 2590 uaniloqui,
1249 2530 1297 2574 et
1324 2521 1501 2574 mentis
1528 2520 1830 2585 seductores,

237 2614 464 2668 maxime
494 2602 579 2683 qui
614 2627 676 2666 ea;
705 2611 1083 2666 circumcisione
1113 2620 1271 2675 sunt;
1301 2627 1425 2680 quos
1452 2620 1642 2680 Oportet
1674 2610 1835 2682 refelli

239 2705 382 2775 (Tit.
418 2721 458 2771 ι,
488 2702 674 2774 9-11).
706 2702 823 2758 Νοη
857 2717 985 2773 ergo
1022 2703 1166 2759 solos
1200 2702 1291 2774 qui
1326 2718 1393 2757 ex
1429 2702 1834 2757 circumcisione

238 2806 388 2861 sunt,
421 2796 519 2853 sed
548 2811 641 2853 eos
670 2796 900 2851 maxime
929 2795 1059 2851 tales
1085 2810 1205 2851 esse
1234 2795 1307 2849 ait
1334 2812 1348 2849 :
1381 2804 1630 2866 oportere
1659 2803 1835 2849 tamen

239 2890 294 2945 in
319 2888 568 2945 doctrina
606 2902 733 2943 sana
775 2887 1021 2957 redargui
1056 2885 1333 2957 refellique
1366 2887 1432 2941 ab
1460 2887 1709 2956 episcopo
1744 2900 1838 2939 va-

242 2980 499 3050 niloquos
523 2986 576 3033 ct
598 2977 791 3033 mentis
817 2976 1143 3042 seductorcs,
1170 2976 1458 3030 indubitata
1485 2976 1836 3046 praeceptione

240 3072 498 3127 ﬁrmavit.
525 3070 675 3127 Unde
701 3070 803 3125 hoc
823 3070 981 3124 etiam
1003 3068 1134 3124 mihi
1153 3069 1358 3138 jussum
1385 3084 1505 3125 esse
1528 3083 1792 3139 cognosco
1820 3087 1832 3123 :

240 3163 349 3219 hoc
385 3178 485 3234 pro
513 3162 714 3217 viribus
750 3176 883 3231 ago;
929 3160 1051 3215 huic
1091 3161 1268 3230 operi,
1304 3170 1558 3230 quantum
1598 3160 1708 3229 ipse
1747 3160 1835 3230 qui

235 3253 404 3325 jussit
445 3252 692 3321 adjuvat,
744 3259 1145 3320 perseveranter
1184 3250 1392 3326 insisto.
1437 3249 1572 3317 Quid
1615 3250 1837 3303 obstaslt

241 3341 373 3412 quid
404 3340 705 3411 obstrepis?
742 3355 840 3396 cur
880 3339 1171 3409 prohibes?
1207 3355 1303 3395 cur
1341 3339 1724 3410 reprehendis?
1750 3339 1839 3393 Ti-

241 3434 373 3490 bine
403 3433 623 3488 obedire
651 3442 877 3503 oportet,
906 3447 973 3487 an
1004 3432 1145 3488 Deo?

315 3526 550 3582 CAPUT
576 3526 645 3581 X.
666 3557 737 3566 —
762 3527 852 3583 15.
878 3526 989 3581 Nisi
1014 3526 1153 3582 forte
1180 3525 1278 3581 ista
1299 3541 1417 3596 qum
1440 3540 1469 3579 a
1496 3541 1583 3581 me
1605 3525 1673 3581 de
1698 3525 1839 3582 Scri-

241 3621 423 3692 pturis
450 3620 647 3675 sanctis
673 3620 990 3674 documenta
1022 3619 1226 3689 prolata
1255 3626 1399 3684 sunt,
1428 3618 1506 3673 sic
1532 3618 1838 3688 accipienda

240 3710 549 3775 arbitraris,
580 3718 638 3765 ut
660 3709 801 3780 quod
827 3718 1034 3764 vestros
1062 3709 1298 3764 factitare
1323 3708 1567 3774 laudasti,
1592 3708 1641 3762 in
1669 3708 1841 3764 eccle-

245 3804 325 3858 sia
356 3812 563 3857 tantum
589 3817 707 3872 qua:
737 3803 790 3856 in
820 3801 962 3871 Lege
992 3800 1234 3855 mandata
1261 3808 1385 3854 sunt
1413 3800 1588 3870 populi
1614 3800 1842 3855 docean-

243 3904 357 3951 tur.
394 3893 468 3949 Ibi
508 3893 650 3949 enim
690 3892 909 3947 forsitan
952 3899 1105 3960 putas
1142 3889 1505 3959 corripiendos
1534 3899 1586 3944 et
1615 3891 1839 3944 convin-

246 3986 455 4042 cendos
478 3999 598 4040 esse
619 3984 827 4039 diversa
856 3984 1166 4049 sentientes,
1195 3991 1250 4035 ut
1274 3982 1630 4052 unusquisque
1655 3982 1841 4037 doctor

247 4094 473 4134 suorum
500 4075 863 4132 tantummodo
885 4074 1201 4145 disputando
1224 4084 1277 4129 ct
1298 4074 1635 4145 prtedicando
1655 4090 1840 4129 emen-

248 4170 343 4225 det
369 4154 608 4224 crrorcm
636 4168 716 4223 :‘si
737 4167 860 4238 quid
880 4175 1062 4229 autem
1088 4167 1190 4221 tale
1215 4182 1335 4221 cum
1360 4167 1438 4220 eis
1458 4167 1544 4236 qui
1568 4166 1693 4221 foris
1718 4175 1843 4221 sunt

248 4277 414 4333 agere
439 4264 454 4292 ⁸
489 4260 772 4326 institerit,
807 4269 929 4313 tunc
967 4258 1240 4313 animosus
1262 4300 1277 4324 ,
1316 4266 1441 4312 tunc
1479 4257 1842 4312 contentiosus

249 4354 334 4408 vel
365 4352 630 4421 litigiosus
670 4350 942 4406 habendus
968 4351 1070 4415 sit;
1098 4350 1218 4420 quia
1247 4359 1292 4404 et
1321 4350 1428 4420 ipse
1456 4348 1722 4415 Ezechiel,
1759 4350 1843 4403 itt-

250 4444 394 4514 quis,
421 4453 469 4496 et
498 4443 587 4496 alii
617 4440 883 4510 PrOphetaz
902 4457 1016 4494 cum
1035 4439 1192 4495 verbis
1218 4440 1313 4495 Dei
1337 4440 1404 4494 ad
1430 4457 1573 4494 suum
1600 4440 1844 4511 populum

251 4538 599 4600 mittebantur,
629 4534 879 4589 Israelita:
907 4534 1109 4588 scilicet
1132 4533 1198 4588 ad
1228 4532 1508 4588 lsraelitas.

323 4627 557 4684 CAPUT
580 4627 674 4682 XI.
702 4657 775 4667 —
800 4627 888 4681 14.
918 4624 996 4681 Ad
1018 4624 1137 4680 haec
1164 4641 1376 4696 quoque
1403 4626 1491 4680 tibi
1523 4624 1839 4696 respondeo.

253 4721 374 4777 1am
409 4720 625 4792 quidem
668 4734 826 4789 supra
870 4718 1317 4784 commemoravi,
1356 4717 1634 4772 Dominum
1675 4718 1842 4785 ipsum

251 4814 464 4878 Jesum,
492 4814 582 4884 qui
611 4828 669 4869 se
698 4812 1009 4867 imitandum
1039 4811 1311 4880 discipulis
1341 4811 1585 4880 prtubuit,
1619 4826 1722 4863 non
1754 4826 1845 4863 so-

255 4907 368 4962 lttm
399 4905 626 4969 ludatis,
658 4920 841 4961 verum
872 4905 1031 4959 etiam
1067 4903 1384 4969 Pharisteis,
1416 4912 1470 4957 et
1503 4902 1842 4967 Sadducmis,

254 5008 311 5054 et
337 4998 707 5062 Samaritanis,
737 5004 793 5052 et
820 4995 918 5065 ipsi
944 4994 1155 5048 diabolo
1187 4993 1407 5063 principi
1434 4992 1670 5047 omnium
1699 4992 1849 5046 lalla-

253 5090 464 5144 ciarum
491 5097 547 5143 et
572 5103 810 5144 errorum
838 5100 1078 5141 asserere
1105 5085 1401 5149 veritatem,
1429 5093 1482 5138 et
1507 5083 1572 5136 de
1598 5081 1737 5153 Lege
1765 5098 1849 5137 re-

252 5178 527 5249 apondcre
546 5192 651 5232 non
668 5175 1028 5247 dedignatum.
1045 5175 1149 5231 Sed
1170 5189 1236 5229 ne
1254 5174 1354 5228 hoc
1373 5173 1594 5228 Domino
1614 5173 1845 5239 licuisse,

253 5270 430 5325 servis
453 5276 628 5324 autem
657 5268 772 5337 ejus
798 5267 1070 5321 existimes
1096 5280 1201 5319 non
1232 5265 1411 5326 licere,
1439 5266 1620 5334 accipe
1643 5264 1769 5335 quid
1797 5265 1849 5319 in

254 5360 483 5416 Actibus
510 5358 889 5429 Apostolorum
921 5358 1137 5425 legatur.
1170 5354 1387 5410 Juda‘us
1419 5366 1585 5409 autem
1612 5357 1848 5425 quidam,

255 5452 448 5522 Apollo
475 5450 697 5515 nomine,
724 5447 1095 5503 Alexandrinus
1120 5462 1319 5517 genere,
1345 5447 1536 5500 devenit
1565 5447 1845 5515 Ephesum,

255 5552 439 5612 potens
456 5543 509 5597 in
526 5540 804 5611 Scripturis
824 5556 841 5593 :
858 5540 938 5594 ltic
957 5540 1291 5594 catechizatus
1310 5548 1415 5593 erat
1437 5540 1564 5592 viam
1586 5539 1791 5594 Domini
1807 5544 1848 5607 ',

328 5739 349 5804 ξ
386 5739 613 5804 Verbum,
635 5751 796 5804 agere,
821 5739 963 5804 abest
982 5750 1009 5786 a
1032 5734 1277 5804 nonnullis
1296 5742 1403 5785 Mss.

329 5800 352 5829 ³
388 5796 753 5862 antiquissimus
781 5796 1090 5850 Corbeiensis
1125 5800 1280 5848 colex
1306 5805 1358 5847 et
1396 5796 1475 5862 alii
1507 5797 1702 5862 quidam
1722 5803 1849 5857 Mss,

256 5859 587 5914 cata:le
624 5869 727 5916 erat
759 5863 915 5925 viam;
945 5861 1119 5911 omissa
1143 5873 1278 5921 voce,
1327 5859 1554 5909 Domini:
1578 5872 1720 5923 quam
1748 5875 1847 5909 rur-

1626 394 1828 454 I.IDER
1868 396 2141 455 PRIMUS.

3417 399 3520 453 454

1936 518 1980 562 et
2012 510 2204 569 fervens
2234 511 2430 582 Spiritu
2466 512 2776 583 loquebatur,
2810 522 2855 565 et
2888 512 3096 566 docebat
3135 512 3384 567 verissime
3416 531 3524 582 7nd:

1924 610 2078 668 juxta
2093 600 2123 653 Ι
2130 617 2286 666 esum,
2306 604 2463 657 sciens
2485 604 2646 657 solum
2670 604 2966 673 baptismum
2987 602 3223 657 Joannis.
3254 604 3353 657 llic
3372 606 3524 658 etiam

1932 691 2080 758 cwpit
2104 691 2119 723 ⁸
2147 692 2450 759 ﬁducialiter
2475 709 2623 763 agere
2645 694 2696 747 in
2721 710 2995 765 synagoga.
3030 694 3187 761 Quem
3208 711 3321 747 cunt
3347 696 3525 748 audis-

1932 792 2042 835 sent
2080 783 2263 854 Aquila
2299 793 2346 837 et
2383 783 2617 837 Priscilla
2636 825 2650 850 ,
2682 796 3058 853 assumpsernnt
3088 802 3200 838 eum
3220 827 3235 850 ,
3265 796 3311 837 et
3340 785 3523 839 certius

1934 870 2013 925 illi
2036 884 2371 942 exposuerunt
2402 877 2530 928 viam
2567 875 2787 930 Domini.
2826 876 3033 931 Valente
3068 889 3231 932 autem
3262 879 3350 931 illo
3376 880 3448 931 ire
3472 879 3523 931 in

1936 964 2199 1029 Achaiam,
2226 966 2474 1018 exhortati
2498 970 2680 1037 fratres
2707 968 3010 1038 scripserunt
3038 970 3301 1039 discipulis
3327 979 3382 1021 ut
3409 985 3524 1022 eum

1934 1055 2227 1125 reciperent.
2256 1056 2354 1121 Qui
2374 1073 2485 1109 cum
2506 1058 2735 1121 venisset,
2767 1061 2979 1113 multum
3007 1060 3217 1113 contulit
3243 1061 3320 1113 his
3344 1060 3429 1130 qui
3454 1061 3520 1113 ibi

1934 1148 2253 1202 crediderunt
2277 1164 2295 1201 :
2317 1149 2628 1203 vehementer
2657 1151 2788 1204 enim
2816 1149 3023 1204 Judwos
3050 1150 3324 1204 revincebat
3351 1151 3521 1221 publi-

1932 1254 2019 1304 ce,
2049 1240 2312 1292 ostendens
2340 1256 2427 1309 per
2458 1240 2750 1309 Scripturas
2776 1258 2880 1295 esse
2907 1241 3083 1295 Iesum
3110 1242 3358 1296 Christum
3382 1240 3519 1314 (Act.

1933 1346 2062 1384 xvnt
2081 1373 2095 1397 ,
2123 1330 2340 1403 2t-28).
2372 1332 2506 1399 Quid
2535 1333 2601 1387 de
2627 1333 2729 1389 isto
2758 1334 2929 1391 dicis?
2953 1335 3077 1405 quid
3110 1335 3312 1391 sentis?
3338 1336 3523 1393 Nonne

1934 1420 2157 1477 fortasse
2195 1438 2314 1478 eum
2360 1424 2750 1478 contentiosutn
2794 1434 2847 1479 et
2888 1426 3185 1483 animosum
3227 1426 3524 1481 concitato.

1935 1528 2153 1585 remque
2176 1515 2411 1569 rixarum
2437 1514 2872 1581 criminarcmini,
2900 1516 3002 1571 nisi
3026 1525 3169 1571 tanta
3195 1516 3316 1572 libri
3353 1516 3522 1572 sancti

1934 1604 2246 1659 auctoritate
2272 1606 2689 1675 premeremini?

2006 1696 2229 1752 CAPUT
2260 1697 2367 1752 XII.
2399 1730 2469 1737 —
2498 1698 2587 1753 15.
2631 1700 2709 1753 An
2747 1699 2866 1768 quia
2912 1697 3127 1761 Judarus
3166 1697 3217 1752 in
3254 1697 3555 1753 Christum.

1936 1787 2253 1851 crediderat,
2278 1797 2557 1856 propterea
2582 1788 2793 1843 JUd'JIOS
2814 1788 3117 1844 christiana:
3139 1788 3257 1842 fidei
3284 1788 3524 1843 resisten-

1937 1889 2016 1934 tcs
2033 1921 2046 1944 ,
2076 1890 2131 1934 et
2151 1879 2332 1934 Jesum
2360 1890 2612 1952 negantes
2638 1895 2756 1936 esse
2782 1880 3080 1945 Christum,
3110 1880 3319 1950 publice
3346 1880 3525 1935 revin-

1936 1984 2059 2025 cere
2084 1970 2340 2037 debebat;
2371 1987 2468 2028 nos
2494 1982 2671 2027 autem
2702 1973 2822 2043 quia
2850 1974 3014 2042 partis
3041 1972 3226 2026 Donati
3256 1987 3524 2042 nunquam

1938 2061 2153 2127 luimus,
2181 2074 2457 2133 propterea
2488 2074 2689 2134 partem
2716 2065 2901 2120 Donati
2929 2065 3264 2120 resistentem
3286 2065 3528 2119 christia-

1938 2169 2021 2208 nze
2051 2154 2235 2209 unitati
2266 2156 2537 2211 revincere
2575 2170 2679 2210 non
2719 2156 3013 2211 debemus?
3041 2155 3303 2225 Numquid
3334 2154 3529 2209 Paulus

1937 2245 2206 2313 apostolus
2226 2246 2512 2316 aliquando
2528 2247 2623 2301 fuit
2639 2247 2812 2302 cultor
2833 2247 3117 2313 idolorum,
3136 2255 3225 2300 aut
3244 2245 3531 2316 aliquando

1937 2334 2035 2390 fuit
2058 2337 2108 2389 in
2136 2337 2322 2391 hmresi
2354 2337 2728 2407 Epicureorum
2753 2339 2832 2393 vel
2856 2338 3175 2401 Stoicorum,
3199 2352 3316 2391 cum
3340 2336 3531 2406 quibus

1939 2436 2117 2482 tamen
2140 2444 2260 2482 eum
2284 2444 2382 2483 nec
2406 2428 2587 2498 puduit
2609 2444 2707 2484 nec
2729 2429 2893 2498 piguit
2913 2429 2979 2482 de
3000 2428 3292 2498 qua‘stione
3312 2428 3402 2482 Dei
3423 2427 3529 2480 vivi

1938 2530 1993 2575 et
2025 2520 2134 2575 veri
2174 2520 2371 2577 habere
2411 2522 2747 2576 sermonem?
2776 2520 2969 2591 Accipe
3003 2520 3126 2589 quid
3158 2520 3223 2573 de
3252 2518 3350 2573 hac
3388 2533 3446 2572 re
3476 2517 3528 2571 in

1938 2609 2125 2665 eodem
2148 2610 2283 2666 libro
2303 2612 2557 2680 scriptum
2580 2611 2667 2665 sit.
2694 2609 2887 2664 Paulus
2909 2620 3072 2663 autern
3093 2626 3208 2662 cum
3233 2610 3345 2662 illos
3373 2608 3528 2661 Athe-

1939 2706 2017 2758 nis
2041 2714 2385 2774 exspectaret,
2418 2704 2711 2757 irritabatnr
2739 2704 2919 2772 spiritu
2947 2718 3038 2757 suo
3074 2702 3205 2754 intra
3239 2718 3325 2765 se,
3357 2699 3529 2753 videns

1938 2799 2073 2852 circa
2096 2798 2243 2852 idola
2260 2815 2366 2852 esse
2388 2798 2653 2852 civitatem.
2692 2795 2991 2865 Disputabat
3030 2795 3185 2865 igitur
3210 2793 3409 2848 Judwis
3426 2795 3447 2825 ¹
3476 2793 3531 2847 in

1938 2906 2229 2961 synagoga,
2272 2898 2318 2942 et
2358 2887 2628 2951 Gentibus,
2671 2896 2716 2939 et
2751 2884 3058 2947 colentibus,
3091 2894 3137 2937 et
3175 2885 3228 2937 in
3262 2887 3406 2954 foro,
3442 2898 3532 2953 per

1940 2999 2137 3037 omnem
2165 2982 2297 3034 diem
2317 3022 2331 3047 ,
2362 2982 2430 3033 ad
2456 2996 2539 3035 eos
2565 2980 2650 3049 qui
2677 2979 2907 3033 aderant.
2943 2977 3161 3042 Quidam
3189 2992 3304 3030 vero
3338 2976 3530 3047 Epicu-

1939 3092 2139 3131 reorum
2176 3085 2221 3129 et
2264 3074 2554 3129 Stoicorum
2603 3072 3015 3143 philosophorum
3054 3070 3373 3139 conferebant
3417 3084 3532 3121 cum

1942 3168 2030 3223 illo
2062 3184 2079 3221 :
2106 3177 2149 3221 et
2179 3166 2383 3237 quidam
2409 3164 2672 3229 dicebant,
2708 3164 2963 3228 Quidnam
2992 3163 3097 3215 vult
3124 3162 3393 3215 seminator
3420 3175 3531 3211 rer-

1943 3263 2118 3315 borum
2139 3260 2219 3312 hic
2241 3258 2442 3312 dicere?
2462 3256 2563 3310 Alii
2588 3272 2699 3309 vero
2718 3272 2736 3307 :
2756 3254 3147 3325 Peregrinarum
3169 3252 3533 3306 daemoniorum

1942 3351 2137 3404 videtur
2157 3348 2484 3403 annuntiator
2507 3361 2632 3399 esse.
2656 3345 2792 3399 Ecce
2817 3344 3085 3415 apostolus
3110 3342 3301 3395 Paulus
3324 3340 3533 3395 Stoicos

1942 3454 1996 3501 ct
2019 3446 2329 3516 Epicureos,
2347 3442 2604 3504 diversas,
2627 3455 2735 3493 non
2757 3439 2927 3491 solum
2949 3436 3016 3491 ab
3038 3436 3148 3502 illo,
3168 3449 3350 3490 verum
3371 3432 3532 3488 etiam

1943 3537 2082 3592 inter
2104 3549 2185 3599 se,
2213 3534 2567 3603 adversasque
2589 3530 2823 3585 hznreses
2847 3543 3026 3583 secum
3054 3526 3297 3581 conferre
3325 3538 3428 3579 non
3456 3538 3533 3577 re-

1943 3626 2105 3697 spuit,
2134 3640 2239 3679 non
2268 3633 2469 3678 tantum
2497 3631 2643 3676 extra
2673 3619 2988 3681 Ecclesium,
3010 3617 3104 3672 sed
3127 3628 3274 3671 extra
3303 3628 3533 3686 synago-

1944 3733 2062 3791 gam
2087 3717 2363 3786 disputans
2388 3727 2507 3768 cum
2538 3712 2648 3776 eis;
2682 3724 2782 3765 nec
2804 3725 2987 3765 eorum
3020 3707 3276 3762 conviciis
3305 3703 3532 3758 exterri-

1945 3821 2031 3864 tus
2051 3809 2195 3863 chut
2216 3807 2334 3860 lites
2357 3802 2831 3869 contentionesque
2852 3800 3126 3854 declinans
3147 3813 3174 3848 τι
3200 3794 3533 3864 prmdicanda

1944 3898 2229 3955 christiana
2258 3896 2478 3948 veritate
2497 3891 2743 3947 cessavit.
2768 3890 2897 3944 Nam
2920 3888 3038 3943 vide
3059 3886 3181 3956 quid
3204 3899 3535 3956 consequen-

1947 4000 2028 4046 ter
2059 3997 2238 4045 sancta
2279 3986 2550 4054 Scriptura
2589 3990 2811 4037 testatur
2839 3997 2851 4033 :
2879 3978 3358 4050 Apprehensumque
3381 3992 3494 4028 eum
3515 4016 3530 4041 ,

1946 4080 2147 4150 inquit,
2184 4079 2238 4130 in
2277 4078 2597 4145 Areopagum
2633 4075 2918 4135 duxerunt,
2959 4070 3176 4122 dicentes
3203 4082 3222 4121 :
3258 4066 3533 4119 Possumus

1946 4175 2073 4228 scire
2091 4187 2202 4243 qua:
2221 4172 2320 4224 sint
2347 4170 2451 4223 ha‘c
2472 4182 2583 4238 qua:
2603 4183 2633 4219 a
2656 4176 2701 4219 te
2721 4165 2957 4218 dicuntur
2974 4164 2999 4216 ?
3021 4161 3045 4215 Ι
3056 4170 3231 4215 nsueta
3254 4161 3383 4213 enim
3407 4174 3535 4228 qua:-

1947 4264 2066 4317 dam
2104 4261 2258 4328 a/fers
2295 4261 2349 4314 in
2386 4274 2531 4312 aures
2560 4266 2756 4310 nostras
2784 4271 2802 4309 :
2832 4254 3058 4308 volumus
3088 4266 3204 4322 ergo
3233 4250 3361 4304 scire
3385 4248 3534 4319 quid-

1948 4374 2065 4413 nam
2093 4356 2244 4410 velint
2273 4354 2379 4407 lucc
2408 4368 2529 4407 esse.
2568 4349 2891 4403 Athenienses
2922 4355 3086 4400 autent
3126 4354 3171 4398 ct
3208 4343 3411 4397 advena:
3440 4341 3535 4396 ho-

1948 4451 2102 4520 spites
2123 4448 2190 4500 ad
2220 4446 2345 4500 nihil
2376 4442 2518 4496 aliud
2550 4440 2815 4504 vacabant,
2844 4454 2996 4510 quam
3022 4437 3184 4490 dicere
3209 4434 3323 4487 novi
3346 4432 3538 4497 aliquid

1950 4551 2037 4596 aut
2058 4541 2251 4595 audire.
2279 4538 2433 4593 Stans
2458 4550 2571 4589 vero
2602 4532 2795 4585 Paulus
2821 4532 2873 4584 in
2901 4530 3065 4583 medio
3087 4526 3347 4596 AreOpago
3370 4524 3535 4579 dixit:

1964 4636 2067 4690 Viri
2102 4634 2455 4691 Athenienses,
2498 4644 2586 4697 per
2622 4627 2791 4680 omnia
2826 4623 3195 4694 superstitiosos
3224 4636 3310 4673 vos
3346 4617 3488 4673 video
3519 4632 3538 4671 :

1951 4728 2304 4801 perambulans
2339 4723 2469 4777 enim
2499 4730 2546 4775 et
2572 4719 2895 4774 considerans
2928 4717 3199 4771 simulacra
3236 4722 3425 4778 vestra,
3456 4712 3541 4765 in-

1950 4819 2061 4874 veni
2098 4819 2247 4871 etiant
2283 4830 2459 4877 aram,
2497 4813 2549 4865 in
2587 4827 2686 4880 qua
2719 4819 2827 4864 erat
2863 4809 3144 4878 scriptum,
3187 4805 3370 4877 Ignoto
3410 4802 3535 4855 Deo.

1956 4911 2117 4977 Quem
2152 4924 2268 4979 ergo
2304 4908 2592 4976 ignorantes
2630 4902 2820 4965 colitis,
2856 4901 2989 4954 hunc
3015 4914 3106 4970 ego
3136 4897 3381 4951 annuntio
3407 4896 3541 4948 vobis

1956 5000 2065 5075 (Id.
2094 5016 2225 5065 xvn,
2249 4996 2434 5069 Ili-‘25)
2461 5015 2473 5050 :
2498 5005 2551 5051 et
2570 5003 2761 5050 czetcra
2783 5008 2902 5065 qua:
2922 5001 3341 5047 commemorare
3365 4986 3537 5039 omnia

1954 5094 2167 5163 longum
2191 5099 2294 5146 est.
2322 5087 2474 5158 Quod
2506 5097 2681 5143 tamen
2720 5088 2785 5142 ad
2824 5086 3173 5157 quarstionent
3213 5092 3370 5150 quam
3402 5091 3542 5143 nunc

1956 5182 2285 5245 discutimus,
2306 5179 2518 5243 sufficit,
2543 5177 2778 5243 attende,
2809 5177 3032 5231 obsecro
3059 5182 3129 5237 te,
3164 5169 3440 5224 Ilebrreutn
3474 5181 3538 5219 ex

1958 5274 2194 5329 Hebr-teis
2230 5269 2543 5342 Apostolum
2572 5267 2770 5323 Christi
2811 5274 3040 5322 stantem
3078 5276 3141 5316 ac
3178 5256 3537 5313 sermocinan-

1959 5375 2094 5429 tem,
2138 5377 2242 5417 non
2282 5363 2335 5416 in
2372 5374 2637 5433 synagoga
2673 5357 2975 5413 Judazorum
3018 5365 3189 5420 neque
3228 5349 3279 5402 in
3318 5346 3543 5401 ecclesia

1958 5457 2378 5513 Christianorum
2398 5494 2412 5520 ,
2447 5453 2542 5508 sed
2573 5453 2623 5506 in
2655 5452 2933 5520 Areopago
2975 5442 3373 5499 Atheniensium
3394 5479 3409 5505 ,
3444 5437 3544 5492 hoc

1959 5626 2063 5663 sum
2088 5614 2386 5673 trzetcrcunt
2423 5603 2567 5669 paulo
2608 5608 2717 5666 post
2753 5600 2812 5650 ad
2842 5600 2947 5649 lucc
2970 5596 3136 5655 verba,
3173 5600 3221 5645 et
3251 5589 3428 5643 certius
3465 5586 3538 5639 illi

1961 5670 2281 5736 expointerunt
2304 5670 2446 5720 viam.

2026 5734 2042 5768 ί
2078 5741 2125 5782 tn
2152 5743 2273 5791 uss,
2299 5734 2526 5792 coeperat.

2022 5800 2041 5829 ³
2076 5772 2570 5850 ὦῖἶῗὲίιῖνῖὗᾶὶίῖἐίδ.
2594 5781 2841 5841 Particulo,
2864 5795 2988 5841 cum,
3024 5781 3103 5830 hic
3126 5777 3318 5850 et_t_nfra
3338 5812 3351 5837 ,
3391 5788 3439 5823 ιι.
3470 5772 3542 5834 18,

1963 5841 2105 5910 alios:
2124 5841 2519 5913 alnianuscriptis
2542 5855 2591 5895 et
2614 5859 2639 5894 a
2663 5860 2821 5907 gnsco
2845 5853 2984 5895 textu
3012 5841 3234 5906 Apostoli.
