3998 6498
439 390 547 449 ιδε

438 518 543 572 est,
562 503 1012 563 eontentiosorum
1033 499 1262 558 maxime
1282 500 1674 570 impiorutnque
1693 498 2025 555 Graecorum.

442 599 517 656 Ibi
549 600 690 654 enim
719 596 1104 669 loquacissimae
1143 594 1579 663 philosophorum
1609 592 1844 648 haereses
1869 587 2033 645 exsti-

444 699 650 754 terunt,
679 705 898 761 quarum
929 686 1199 742 nonnulla!
1219 727 1234 752 ,
1262 685 1399 740 sicut
1427 685 1526 754 ipsi
1556 685 1644 755 qui
1681 683 1766 740 hic
1794 696 2032 738 comme-

444 782 638 838 morati
657 790 780 838 sunt
797 781 979 845 Stoici,
1003 778 1170 848 magis
1191 777 1257 833 de
1278 777 1558 833 verborum
1581 791 1738 847 quam
1761 775 1828 830 de
1851 787 2033 829 rerum

443 872 798 929 adversitate‘
826 870 1117 940 conﬂigunt
1140 886 1152 922 :
1176 867 1314 939 quod
1345 869 1632 938 Apostolus
1659 866 1926 936 prohibuit
1945 864 2035 918 'I‘i-

443 963 714 1020 mothcum
737 1004 749 1025 .
779 960 964 1015 dicens
991 959 1058 1014 ad
1086 959 1214 1013 nihil
1241 974 1361 1014 esse
1389 958 1514 1013 utile
1535 998 1548 1021 ,
1579 957 1677 1011 nisi
1707 956 1772 1010 ad
1805 955 2033 1010 subver-

435 1041 647 1113 ‘sionem
675 1053 1003 1109 audientium
1030 1051 1109 1121 (ll
1149 1051 1284 1105 Tim.
1324 1067 1388 1115 ll,
1425 1051 1544 1121 lt).
1576 1049 1705 1103 Nam
1733 1047 1800 1103 de
1830 1046 1945 1111 his,
1977 1052 2034 1098 ut

443 1148 606 1214 nosti,
631 1146 930 1201 Tulliustait
953 1163 966 1198 :
1003 1143 1148 1198 Verbi
1173 1143 1306 1196 enim
1332 1142 1664 1197 controversia
1683 1141 1795 1209 jam
1821 1139 1906 1192 diu
1934 1146 2037 1190 tor-

441 1246 556 1308 quet
595 1237 819 1290 homines
860 1234 1151 1298 (inventos,
1195 1233 1523 1288 contentionis
1565 1232 1848 1302 cupidiores
1883 1243 2036 1299 quant

444 1330 664 1384 ueritatis
687 1327 826 1402 (Lib.
853 1329 876 1382 I
905 1327 967 1380 de
995 1326 1225 1390 Oratore,
1253 1343 1365 1396 cap.
1395 1325 1478 1389 II,
1509 1341 1561 1377 n.
1585 1322 1698 1394 48).
1725 1321 1833 1376 llos
1859 1328 2034 1375 tamen

444 1421 643 1478 Paulus
678 1430 859 1477 noster
897 1419 1244 1490 alloquendos
1278 1417 1726 1489 corrigendosque
1755 1414 2031 1484 suscepit:

447 1527 546 1567 nec
579 1511 742 1582 ipsius
774 1511 873 1566 loci
907 1510 1121 1565 nomine
1149 1510 1433 1564 exterritus
1455 1549 1468 1572 ,
1496 1508 1638 1578 quod
1663 1522 1728 1562 ex
1755 1506 1922 1561 Marte
1950 1505 2035 1559 in-

444 1602 613 1658 ditum
641 1611 885 1664 resonat,
918 1616 1075 1672 quem
1102 1600 1260 1655 deum
1289 1600 1473 1655 dicunt
1496 1614 1619 1654 esse
1645 1598 1935 1664 bellorum,
1965 1596 2036 1652 ibi

445 1692 666 1764 pacifica
693 1692 974 1748 creditoris
996 1690 1299 1762 intrepidus
1327 1690 1661 1762 loquebatur,
1691 1690 1761 1744 ibi
1792 1689 2039 1759 spiritua-

445 1785 586 1840 libus
604 1784 870 1840 accinctus
891 1783 1055 1838 armis
1078 1783 1405 1854 perniciosos
1427 1783 1761 1853 expugnabat
1783 1797 2032 1848 errores;

446 1890 547 1931 nec
574 1876 935 1931 contentiosos
961 1883 1210 1945 tanquam
1242 1874 1574 1941 mitissimus,
1606 1887 1705 1928 nec
1733 1872 2038 1928 dialecticos

446 1977 696 2038 tanquam
723 1967 1150 2036 simplicissimus
1182 1965 1519 2020 formidabat.

515 2059 740 2117 CAPUT
765 2057 903 2114 XIII.
925 2089 994 2099 —
1017 2058 1103 2113 16.
1129 2057 1281 2112 Nosti
1303 2057 1442 2111 enim
1459 2073 1622 2126 quam
1647 2057 1877 2113 maxime
1899 2053 2039 2126 apud

447 2149 658 2205 Stoicos
697 2147 927 2219 viguisse
954 2148 1290 2203 dialecticam
1324 2165 1338 2200 :
1367 2149 1610 2217 quamvis
1635 2156 1691 2203 et
1721 2147 1817 2217 ipsi
1845 2147 2039 2216 Epicu-

447 2240 563 2307 rei,
591 2254 726 2310 quos
760 2239 1020 2309 imperitia
1061 2238 1357 2294 liberalium
1386 2238 1784 2308 disciplinarum
1816 2252 2038 2293 non-so-

447 2331 557 2388 lum
591 2346 696 2385 non
731 2329 993 2401 pudebat,
1020 2345 1204 2384 verum
1234 2330 1394 2384 etiam
1421 2328 1753 2394 delectabat,
1781 2328 2039 2399 quasdam

447 2423 750 2494 disputandi
782 2423 988 2494 regulas
1013 2423 1205 2494 quibus
1230 2422 1454 2492 quisque
1485 2437 1615 2477 usus
1641 2423 1859 2477 minime
1888 2420 2041 2477 falle-

446 2524 628 2578 retur,
659 2530 718 2569 se
751 2514 926 2584 potius
954 2522 1008 2568 et
1046 2522 1229 2568 tenere
1265 2523 1318 2568 et
1354 2513 1549 2569 docere
1583 2513 1872 2584 iactabant.
1901 2512 2041 2581 Quid

447 2615 532 2661 est
569 2605 710 2660 enim
747 2605 886 2660 aliud
926 2604 1235 2668 dialectica,
1275 2620 1431 2674 quam
1473 2605 1659 2674 peritia
1698 2603 2041 2674 disputandi?

449 2697 602 2764 Quod
629 2697 748 2752 ideo
774 2696 1117 2768 aperiendum
1144 2695 1350 2766 putavi,
1379 2697 1500 2766 quia
1528 2697 1687 2752 etiam
1715 2697 1882 2766 ipsam
1910 2695 2041 2751 mihi

447 2791 684 2860 obiicere
713 2789 945 2854 voluisti,
975 2788 1126 2860 quasi
1154 2789 1458 2844 christianze
1485 2803 1591 2843 non
1621 2797 1877 2858 congruat
1902 2787 2040 2844 veri-

449 2883 567 2946 tati,
596 2890 650 2937 et
679 2881 798 2936 idco
827 2897 911 2936 me
936 2881 1183 2936 doctores
1209 2881 1374 2935 vestri
1403 2879 1547 2934 velut
1571 2879 1840 2935 hominem
1869 2879 2041 2935 diale-

450 2971 645 3026 cticum
685 2970 874 3025 merito
910 2969 1213 3041 fugiendum
1244 2970 1418 3040 potius
1444 2980 1498 3026 et
1526 2970 1851 3035 cavendum,
1881 2986 2041 3041 quam

448 3061 798 3119 refellendum
839 3062 1325 3132 revincendumque
1362 3063 1687 3118 censuerint.
1727 3063 1880 3130 Quod
1918 3078 2040 3119 cum

452 3151 546 3208 tibi
569 3166 674 3206 non
699 3151 1088 3221 persuaserint;
1115 3167 1236 3207 nam
1261 3163 1312 3208 te
1331 3152 1586 3208 adversus
1611 3167 1709 3208 nos
1729 3153 1889 3209 etiam
1911 3154 2043 3208 scri-

451 3243 629 3300 bendo
650 3243 921 3314 disiiutare
948 3260 1053 3300 non
1085 3244 1276 3314 piguit;
1313 3252 1366 3299 tu
1399 3253 1574 3300 tamen
1602 3247 1654 3300 in
1683 3261 1768 3301 me
1793 3245 2039 3300 dialecti-

447 3350 567 3392 cam
605 3336 920 3392 criminatus
955 3353 1046 3403 es,
1087 3352 1192 3407 quo
1230 3335 1442 3392 falleres
1481 3337 1786 3407 imperitos,
1818 3338 2043 3408 illosque

449 3426 696 3482 laudares
724 3427 813 3497 qui
847 3427 1166 3496 disputando
1205 3443 1412 3483 mecum
1447 3429 1696 3500 congredi
1739 3430 2038 3485 noluerant.

448 3516 556 3572 Sed
583 3525 638 3570 tu
665 3517 908 3572 videlicet
931 3533 1034 3572 non
1061 3517 1334 3573 dialectica
1363 3519 1546 3583 uteris,
1579 3535 1698 3573 cum
1729 3532 1913 3574 contra
1942 3533 2042 3574 nos

450 3607 676 3662 scribis?
709 3607 903 3678 thuid
933 3618 983 3662 te
1012 3624 1138 3680 ergo
1167 3609 1218 3664 in
1251 3617 1452 3664 tantum
1489 3609 1795 3680 disputandi
1835 3611 2044 3680 pericu-

453 3698 563 3753 lum
588 3697 855 3769 projecisti
875 3739 892 3766 ,
919 3713 1037 3753 cum
1061 3699 1331 3771 disputare
1352 3715 1457 3755 non
1480 3699 1727 3756 noveris?
1750 3701 1856 3756 Aut
1877 3701 1924 3757 si
1947 3716 2044 3756 no-

450 3790 541 3856 sti,
570 3805 666 3845 cur
690 3789 998 3846 dialecticus
1026 3791 1356 3848 dialecticam
1386 3793 1715 3860 criminaris;
1753 3793 1824 3849 ita
1855 3794 1936 3849 vel
1967 3804 2042 3850 tc-

451 3884 734 3950 tnerarius,
757 3884 837 3939 vel
864 3884 1119 3954 ingratus,
1144 3893 1318 3940 utaut
1344 3886 1660 3958 imperitiam
1684 3902 1787 3958 qua
1815 3887 2042 3945 vinceris

453 3991 558 4036 non
583 3975 858 4042 refraenes,
886 3984 976 4029 aut
999 3974 1291 4031 doctrinam
1319 3992 1422 4046 qua
1447 3977 1650 4047 juvaris
1674 3977 1931 4033 accuses?
1958 3977 2042 4032 ln-

449 4069 619 4138 spicio
643 4082 944 4124 sermonem
971 4076 1136 4132 tuum,
1161 4067 1317 4122 istum
1341 4070 1511 4138 ipsum
1531 4084 1689 4138 quem
1711 4067 1777 4122 ad
1799 4083 1886 4124 me
1905 4069 2040 4124 scri-

451 4161 636 4231 psisti;
664 4160 820 4217 video
844 4169 896 4215 te
923 4160 1167 4230 quaedam
1194 4161 1410 4229 copiose
1435 4168 1725 4229 ornateque
1751 4160 2037 4230 explicare,

453 4251 554 4308 hoc
574 4261 677 4318 est,
697 4253 1038 4323 eloquenter;
1060 4252 1302 4323 quaedam
1322 4269 1448 4308 vero
1468 4251 1734 4308 subtiliter
1750 4262 2040 4324 arguteque

451 4343 717 4399 disserere
736 4385 752 4410 ,
780 4343 882 4398 hoc
910 4351 993 4399 est
1012 4386 1029 4411 ,
1055 4344 1334 4401 dialectice
1364 4363 1378 4399 :
1404 4354 1460 4400 et
1483 4352 1659 4399 tamen
1684 4343 2038 4414 eloquentiam

451 4432 890 4504 dialecticamque
917 4433 1285 4503 reprehendis.
1313 4434 1368 4490 Si
1397 4434 1554 4488 noxia
1579 4443 1722 4500 sunt,
1751 4450 1913 4504 quare
1938 4436 2040 4491 hoc

452 4526 622 4582 facis?
646 4525 690 4580 si
714 4540 820 4583 non
847 4534 992 4593 sunt,
1015 4541 1110 4581 cur
1126 4526 1347 4597 arguis?
1369 4525 1475 4581 Sed
1499 4541 1567 4581 ne
1587 4526 1745 4581 etiam
1770 4541 1869 4582 nos
1892 4527 2039 4584 verbi

450 4620 816 4675 controversia
845 4627 1122 4690 torqueat;
1154 4634 1274 4674 cum
1304 4634 1392 4675 res
1419 4618 1531 4688 ipsa
1563 4618 1906 4691 intelligatur,
1935 4621 2039 4675 mi-

452 4727 553 4767 nus
583 4711 929 4766 laborandum
957 4710 1190 4782 estquid
1217 4709 1523 4765 hominibus
1555 4726 1672 4766 eam
1699 4726 1892 4768 vocare
1922 4711 2038 4782 pla-

450 4803 640 4858 cuerit.
672 4802 902 4858 Proinde
939 4803 985 4859 si
1018 4803 1275 4874 eloquens
1309 4803 1399 4860 ille
1429 4803 1779 4874 appellandus
1804 4813 1918 4869 est,
1947 4805 2037 4875 qui

449 4909 555 4947 non
578 4893 750 4948 solum
773 4893 987 4964 copiose
1005 4902 1061 4948 et
1079 4903 1285 4961 ornate,
1309 4894 1401 4950 sed
1423 4895 1581 4950 etiam
1599 4897 1861 4952 veraciter
1878 4896 2034 4964 dicit;

449 4985 682 5055 itemque
702 4985 748 5040 si
769 4985 1076 5040 dialecticus
1101 4985 1187 5041 ille
1209 4986 1558 5056 appellandus
1576 4995 1676 5052 est,
1702 4986 1793 5057 qui
1817 5002 1923 5041 non
1945 5001 2036 5042 so-

447 5075 554 5129 lum
583 5075 865 5142 subtiliter,
897 5075 995 5131 sed
1029 5077 1289 5132 veraciter
1321 5076 1480 5133 etiam
1514 5076 1727 5132 disserit
1755 5094 1771 5132 :
1803 5092 1902 5133 nec
1926 5077 2038 5132 elo-

445 5183 616 5238 quens
637 5183 697 5223 es
717 5209 732 5234 ,
763 5183 861 5223 nec
886 5167 1231 5234 dialecticus;
1261 5185 1364 5223 non
1392 5169 1513 5238 quia
1537 5168 1719 5239 jejuna
1749 5178 1804 5224 et
1830 5168 2036 5224 inordio

446 5265 570 5312 nata
602 5267 685 5313 est
710 5258 872 5313 dictio
898 5267 1005 5323 tua,
1038 5273 1138 5314 nec
1161 5259 1284 5329 quia
1309 5259 1496 5314 obtusa
1521 5267 1578 5315 et
1604 5274 1782 5315 crassa
1812 5269 1896 5316 est
1920 5261 2036 5317 dis-

446 5351 648 5420 putatio
701 5358 827 5417 tua;
858 5350 951 5406 sed
977 5350 1098 5420 quia
1128 5352 1239 5420 ipsa
1270 5349 1513 5405 facundia
1539 5361 1698 5422 atque
1725 5352 1941 5408 solertia
1968 5353 2036 5410 ad

445 5443 812 5501 defensionem
837 5445 1073 5500 abuteris
1103 5444 1373 5509 falsitatis.
1405 5443 1462 5500 Si
1489 5455 1669 5502 autem
1708 5461 1814 5502 non
1845 5447 1896 5501 in
1922 5447 2038 5504 sola

445 5538 692 5599 veritate,
719 5535 813 5590 sed
838 5537 996 5591 etiam
1022 5552 1143 5592 cum
1169 5537 1306 5594 mala
1331 5553 1488 5594 causa
1512 5538 1791 5595 disseritur
1812 5541 1896 5595 vel
1923 5557 2039 5596 ner-

443 5643 574 5685 vose
602 5628 795 5697 agitur,
825 5637 968 5685 recte
995 5639 1170 5697 potest
1197 5632 1502 5702 eloquentia
1528 5634 1612 5689 vel
1637 5633 1912 5690 dialectica
1938 5651 2038 5689 no-

446 5720 638 5777 minari
663 5737 676 5772 :
700 5728 753 5774 et
772 5718 1026 5790 eloquens
1047 5738 1126 5786 es,
1150 5731 1204 5777 et
1225 5725 1564 5795 dialecticus;
1587 5726 1710 5798 quia
1735 5735 1791 5784 et
1815 5726 2038 5784 facunde

505 5833 524 5866 ⁸
557 5828 865 5882 lichaeliuus
888 5839 988 5896 δίδη
1008 5835 1293 5886 diversitate.

1202 384 1482 442 CONTRA
1523 379 1960 442 CBESCONIUM
1989 379 2450 449 DONATIS‘I‘AM,
2494 383 2552 439 S.
2595 383 2966 441 AUGUSTlNI

2139 493 2273 550 dicis
2299 511 2452 563 vana,
2479 507 2534 552 et
2557 507 2710 554 acute
2734 498 2972 568 disputas
2997 498 3144 552 falsa.
3175 499 3280 556 Sed
3306 501 3373 558 de
3403 513 3454 559 te
3483 499 3687 563 videro.

2209 585 2435 642 CAPUT
2464 587 2692 642 XIV.—
2712 590 2797 643 l7.
2829 589 2991 644 Stoici
3020 599 3168 646 certe
3195 594 3422 648 maxime
3462 594 3731 652 dialectici

2141 677 2354 733 fuerunt
2376 697 2388 736 :
2414 695 2509 734 cur
2531 682 2802 751 apostolus
2822 681 3014 736 Paulus
3040 698 3105 736 ne
3126 683 3427 740 conferrent
3450 703 3568 742 emn
3594 688 3686 742 illo
3712 731 3729 754 ,

2140 783 2246 824 non
2286 785 2380 825 eos
2424 771 2726 826 cautissime
2765 772 3047 839 devitavit;
3094 782 3148 828 et
3189 785 3393 831 vestros
3438 779 3733 848 episcopos

2143 862 2322 917 laudas
2347 905 2362 929 ,
2394 864 2534 934 quod
2567 864 2840 918 nobiseum
2867 866 3016 920 velut
3053 881 3173 919 cum
3217 867 3509 923 dialecticis
3555 871 3736 924 nolint

2143 951 2340 1006 habere
2365 955 2708 1008 sermonem?
2738 956 2844 1008 Aut
2873 956 2916 1008 si
2946 965 2998 1009 et
3028 956 3222 1010 Paulus
3249 958 3560 1013 dialecticus
3587 969 3732 1023 erat,

2141 1053 2195 1097 et
2238 1042 2358 1096 ideo
2397 1042 2643 1098 conferre
2684 1059 2802 1098 cum
2830 1044 3024 1100 Stoicis
3054 1061 3157 1099 non
3188 1039 3405 1101 tittiéhat
3426 1090 3439 1108 .
3468 1049 3587 1119 quia
3623 1065 3734 1103 non

2141 1133 2314 1187 solum
2344 1143 2498 1188 acutc
2529 1134 2833 1202 disputabat
2857 1135 2996 1190 sicut
3017 1149 3070 1191 et
3101 1137 3195 1202 illi,
3222 1137 3315 1192 sed
3335 1138 3497 1192 etiam
3523 1142 3738 1195 veraci-

2143 1231 2243 1288 ter,
2274 1225 2414 1296 quod
2443 1242 2545 1280 non
2573 1227 2680 1291 illi;
2706 1226 2815 1296 jam
2844 1242 2974 1282 cave
2999 1228 3245 1298 cuiquam
3275 1229 3605 1285 dialecticam
3635 1248 3737 1301 pro

2140 1317 2366 1372 crimine
2393 1317 2672 1388 objeceris,
2702 1335 2804 1390 qua
2832 1335 2956 1375 usos
2985 1323 3018 1373 Α
3030 1323 3266 1391 postules
3294 1324 3583 1379 confiteris.
3618 1325 3738 1380 Ne-

2141 1423 2245 1478 que
2287 1409 2429 1464 enim
2452 1449 2466 1474 ,
2497 1424 2617 1464 cum
2651 1410 2752 1465 hoc
2795 1411 2924 1465 mihi
2955 1411 3177 1482 objieis,
3212 1414 3474 1483 imperitia
3521 1423 3572 1470 te
3620 1415 3736 1470 falli

2143 1510 2306 1572 puto;
2339 1502 2435 1556 sed
2463 1502 2649 1558 fallere
2676 1505 2890 1558 astutia.
2928 1505 3130 1560 Nomen
3171 1507 3365 1576 quippe
3388 1524 3621 1578 gratcum
3651 1519 3743 1565 est

2138 1592 2442 1662 dialectica,
2469 1593 2651 1666 qutcsi
2679 1611 2804 1651 usus
2830 1596 3156 1663 admitteret,
3185 1599 3409 1653 fortasse
3433 1600 3595 1656 latine
3623 1601 3743 1656 dis-

2142 1687 2406 1757 putatoria
2455 1696 2769 1752 vocaretur;
2800 1687 2938 1743 Sicut
2957 1690 3354 1758 grammaticam
3378 1690 3738 1746 litteraturam

2143 1779 2341 1845 latine,
2395 1779 2586 1849 lingute
2637 1779 2911 1848 utriusque
2957 1779 3257 1836 doctissimi
3307 1782 3738 1850 appellaverunt.

2143 1869 2289 1924 Sicut
2309 1869 2449 1924 enim
2471 1886 2500 1924 a
2529 1870 2718 1924 litteris
2739 1869 3076 1926 denominata
3102 1881 3186 1926 est
3209 1874 3574 1942 grammatica,
3601 1891 3742 1945 quo-

2144 1959 2288 2014 niam
2315 1975 2489 2029 grtcce
2512 1968 2776 2032 γράμματα
2799 1961 2989 2016 littera:
3017 1962 3268 2016 dicuntur
3289 1980 3304 2017 :
3327 1965 3403 2018 sic
3438 1979 3469 2018 a
3495 1964 3744 2035 disputa-

2144 2053 2288 2108 tione
2325 2053 2600 2109 dialectica
2647 2069 2839 2110 nomen
2877 2057 3116 2126 accepit;
3154 2057 3400 2126 quoniam
3444 2059 3744 2131 disputatio

2143 2156 2318 2212 graece
2363 2147 2558 2211 διαλογή
2608 2145 2692 2200 vel
2738 2149 2943 2212 διά).εξις
2985 2148 3300 2216 appellatur.
3350 2148 3501 2205 Sicut
3553 2163 3742 2207 autem

2142 2235 2519 2303 grammaticus
2545 2251 2576 2290 a
2595 2236 2866 2292 veteribus
2897 2237 3056 2292 latine
3076 2238 3247 2293 dictus
3275 2250 3358 2295 est
3388 2241 3688 2296 litteratus'
3723 2261 3740 2296 :

2145 2323 2215 2378 ita
2245 2339 2420 2395 grtcce
2444 2326 2754 2382 dialecticus
2776 2370 2790 2392 ,
2823 2328 2993 2384 multo
3020 2329 3262 2385 usitatius
3306 2339 3360 2386 et
3403 2333 3745 2388 tolerabilius

2145 2415 2308 2472 latine
2352 2416 2546 2472 dicitur
2586 2417 2904 2490 disputator.
2941 2420 3074 2475 Puto
3110 2421 3219 2491 jam
3249 2423 3388 2492 quod
3418 2425 3744 2493 Apostolum

2145 2506 2526 2577 disputatorem
2559 2525 2663 2565 non
2701 2526 2894 2582 neges,
2923 2513 3129 2568 etiamsi
3172 2513 3505 2582 dialecticum
3551 2532 3743 2587 neges.

2147 2598 2452 2668 [inprobare
2489 2616 2617 2671 ergo
2663 2603 2714 2656 in
2755 2603 3016 2658 vocabulo
3042 2619 3236 2675 grmco,
3269 2607 3408 2676 quod
3437 2609 3747 2677 approbare

2144 2693 2354 2763 cogeris
2383 2692 2434 2747 in
2479 2693 2676 2759 latino,
2707 2696 2831 2767 quid
2862 2706 2943 2752 est
2969 2698 3110 2752 aliud
3143 2713 3298 2768 quam
3331 2699 3563 2754 indoctis
3596 2717 3745 2771 prte-

2146 2791 2356 2839 tentare
2396 2784 2654 2840 fallaciam
2681 2823 2708 2855 ,.
2740 2787 2910 2843 doctis
2952 2788 3128 2844 facere
3156 2789 3441 2860 injuriam?
3473 2791 3582 2846 Aut
3610 2792 3654 2846 si
3686 2803 3746 2847 et

2145 2874 2528 2945 disputatorem
2552 2878 2863 2947 Apostolum
2891 2895 3072 2950 negas,
3100 2881 3189 2952 qui
3220 2891 3323 2934 tam
3348 2883 3597 2948 assidue,
3629 2891 3744 2940 tam

2146 2967 2360 3036 egregie
2390 2965 2729 3036 disputabat;
2759 2985 2856 3024 nec
2879 2985 3055 3040 grmee
3084 2972 3242 3038 nosti,
3276 2987 3374 3027 nec
3403 2973 3602 3038 latine;
3633 2975 3739 3040 vel,

2144 3058 2285 3127 quod
2316 3067 2397 3112 est
2421 3058 2760 3124 credibilius,
2789 3071 2844 3116 et
2873 3063 2924 3116 in
2953 3063 3120 3118 verbo
3161 3078 3334 3134 gtmco
3363 3064 3496 3118 fallis
3522 3079 3621 3120 eos
3649 3067 3742 3135 qui

2144 3163 2318 3218 graece
2342 3149 2607 3216 nesciunt,
2629 3160 2682 3206 et
2703 3151 2753 3216 in
2776 3151 2943 3207 latino
2961 3154 3050 3223 qni
3074 3169 3172 3208 nec
3195 3154 3356 3209 latine
3377 3156 3573 3211 sciunt.
3597 3156 3742 3223 Quid

2145 3240 2286 3294 enim
2304 3249 2408 3306 est,
2432 3255 2537 3295 non
2557 3241 2680 3296 dico
2705 3242 3032 3312 imperitius;
3059 3259 3230 3315 neque
3251 3245 3390 3300 enim
3417 3255 3471 3299 tu
3499 3247 3601 3300 ista
3631 3263 3742 3303 non

2147 3334 2320 3400 nosti;
2345 3333 2436 3388 sed
2468 3336 2688 3390 omnino
2721 3335 2960 3392 fallacius
2980 3379 2994 3402 ,
3025 3353 3181 3404 quam
3212 3353 3333 3392 cum
3361 3338 3547 3394 audias
3573 3348 3625 3393 et
3659 3339 3743 3394 le-

2145 3439 2239 3494 gas
2283 3433 2388 3479 tam
2445 3426 2640 3480 multos
2687 3426 3114 3498 multiplicesque
3165 3443 3441 3484 sermones
3489 3430 3742 3499 Apostoli

2145 3525 2444 3571 asserentes
2469 3517 2773 3582 veritatem,
2795 3518 3170 3592 convincentes
3199 3517 3507 3584 falsitatem,
3537 3536 3743 3592 negare

2145 3606 2286 3674 quod
2313 3607 2484 3662 soleat
2508 3607 2812 3680 disputare,
2839 3624 2960 3665 cum
2990 3609 3090 3664 hoc
3122 3612 3234 3665 fieri
3265 3612 3370 3666 nisi
3410 3611 3742 3683 disputando

2147 3712 2251 3755 non
2281 3697 2483 3766 possit?

2219 3791 2307 3845 18.
2338 3789 2492 3858 Quod
2519 3790 2562 3845 si
2583 3789 2685 3846 hoc
2716 3790 2785 3845 ab
2812 3791 2903 3846 illo
2930 3790 3217 3846 factitatum
3251 3792 3431 3848 fateris
3456 3835 3470 3859 ,
3502 3795 3624 3864 quia
3658 3794 3740 3850 fa-

2147 3883 2248 3938 teri
2277 3883 2395 3954 ejus
2423 3882 2638 3939 Litteris
2668 3886 2874 3955 eogeris
2895 3926 2907 3948 ,
2943 3901 3050 3940 non
3081 3895 3256 3941 tamen
3285 3885 3382 3940 has
3410 3886 3740 3956 disputatio-

2145 3992 2277 4041 nes,
2326 3975 2419 4030 sed
2465 3991 2745 4032 sermones
2792 3977 2872 4031 vel
2916 3977 3167 4046 epistolas
3219 3976 3565 4047 appellandas
3610 3992 3742 4035 esse

2145 4069 2455 4134 contendis;
2481 4068 2624 4139 quid
2656 4085 2755 4140 ego
2781 4077 2954 4125 tecum
2991 4070 3070 4125 sic
3106 4070 3303 4126 diutius
3328 4087 3480 4143 agam
3500 4114 3516 4139 ,
3545 4082 3606 4128 ut
3641 4074 3739 4144 qui

2145 4158 2261 4215 hmc
2281 4160 2543 4230 ignorant,
2567 4175 2724 4230 quem
2752 4162 2935 4216 volunt
2965 4171 3201 4216 nostrum
3227 4163 3545 4234 approbent,
3569 4180 3737 4235 quem

2144 4250 2328 4304 Volunt
2352 4249 2684 4318 improbent?
2705 4249 2771 4305 de
2793 4250 2921 4320 ipsis
2938 4250 3132 4305 divinis
3156 4251 3390 4318 Litteris,
3421 4253 3614 4323 quibus
3640 4269 3740 4309 ne-

2143 4356 2294 4396 cesse
2340 4351 2425 4398 est
2469 4343 2661 4409 cedas,
2712 4343 2812 4398 hoc
2853 4343 3051 4409 doceo;
3100 4343 3210 4412 ipsa
3264 4359 3484 4414 prorsus
3536 4347 3732 4413 verba,

2143 4433 2255 4503 ipsa
2283 4450 2464 4488 rerum
2492 4434 2744 4489 vocabula
2775 4435 3008 4505 profero.
3034 4434 3209 4489 Habes
3237 4435 3286 4489 in
3311 4435 3413 4490 hoc
3436 4437 3623 4492 eodem
3653 4446 3735 4494 te-

2143 4524 2425 4591 stimonio,
2466 4523 2608 4595 quod
2636 4525 2705 4580 de
2738 4525 2960 4581 Actibus
2984 4526 3361 4596 Apostolorum
3392 4543 3730 4584 commemo-

2142 4617 2290 4684 ravi,
2333 4617 2401 4671 de
2446 4617 2562 4687 ipso
2600 4617 2764 4672 Paulo
2811 4618 2882 4672 ita
2930 4620 3158 4688 positum
3190 4636 3202 4672 :
3231 4618 3532 4690 Disptttaltat
3575 4621 3733 4691 igitur

2140 4706 2336 4762 Judxis
2364 4708 2418 4761 in
2445 4725 2724 4780 synagoga,
2758 4720 2804 4763 et
2827 4707 3066 4776 Gentibus
3085 4751 3099 4775 ,
3129 4718 3176 4763 et
3203 4711 3479 4764 colentibus
3507 4711 3560 4764 in
3591 4713 3726 4782 foro.

2141 4799 2318 4855 Habes
2345 4801 2451 4854 alio
2481 4801 2614 4866 loco,
2644 4801 2884 4871 quamvis
2909 4817 3029 4856 cum
3057 4803 3252 4872 populo
3274 4801 3568 4857 christiano
3592 4818 3726 4874 age-

2141 4901 2223 4945 ret
2264 4893 2596 4962 congregatis
2640 4894 2692 4946 in
2743 4893 2967 4948 ecclesia
3013 4891 3298 4959 fratribus,
3333 4895 3400 4948 ita
3429 4897 3730 4964 scriptum:

2143 4982 2338 5037 Sedens
2366 4998 2479 5036 vero
2503 4983 2709 5054 quidam
2734 4985 3028 5053 adolescens.
3051 4985 3254 5039 nomine
3274 4985 3538 5057 Eutychus
3563 4988 3614 5040 in
3647 4993 3726 5060 fe-

2141 5083 2329 5139 nestra,
2371 5073 2613 5128 deductus
2658 5091 2833 5128 somno
2864 5076 3004 5146 gravi
3023 5117 3038 5141 ,
3071 5076 3360 5146 disputante
3383 5076 3550 5131 Paulo
3587 5079 3724 5149 (Act.

2141 5177 2210 5220 xx
2235 5205 2251 5228 ,
2282 5164 2378 5235 9).
2403 5165 2575 5219 Habes
2603 5166 2760 5219 etiam
2793 5166 2846 5219 in
2879 5166 3013 5220 libro
3042 5161 3418 5222 Psalmorutn':
3449 5169 3638 5223 Suavis
3665 5171 3728 5224 sit

2139 5257 2186 5311 ei
2211 5256 2484 5326 disputatio
2507 5274 2616 5310 mea
2641 5257 2719 5328 (a)
2747 5258 2765 5328 (
2793 5257 2934 5313 Psat.
2957 5274 3066 5323 cm,
3099 5261 3168 5315 54
3190 5260 3230 5330 ).
3273 5261 3447 5316 Habes
3488 5270 3542 5317 et
3586 5263 3724 5333 apud

2142 5349 2330 5405 Isaiam
2351 5349 2662 5421 prophetam
2689 5351 2908 5419 :Venite,
2937 5354 3246 5424 disputemus
3271 5354 3367 5425 (ὑ),
3393 5355 3517 5409 dicit
3542 5355 3723 5410 Domi-

2142 5461 2237 5498 mts
2261 5441 2412 5513 (Isai.
2439 5460 2477 5509 t,
2506 5443 2594 5510 18,
2619 5461 2720 5499 see.
2753 5443 2941 5515 LXX).
2981 5447 3044 5499 Et
3075 5446 3254 5502 multis
3283 5447 3398 5500 aliis
3424 5447 3722 5504 divinarum

2141 5536 2533 5606 Scripturarum
2560 5536 2690 5591 locis
2717 5538 2830 5608 lege
2857 5538 2944 5592 ubi
2977 5537 3244 5594 inveneris
3272 5538 3371 5594 hoc
3398 5541 3641 5609 verbum,
3670 5547 3723 5596 et

2207 5719 2223 5750 ί
2259 5723 2366 5766 Lov.
2391 5723 2442 5766 et
2466 5717 2660 5778 quidam
2683 5721 2785 5778 ius,
2809 5713 3059 5777 litterator.

2223 5782 2280 5841 α)
2301 5777 2691 5841 (πωωέόξαιοῃέ
2714 5792 2837 5828 mon.

2204 5780 2282 5904 lt;
2301 5780 2711 5891 artatas;
