3998 6522
194 492 287 550 457

191 611 378 681 inspice
408 606 624 666 codices
654 622 856 679 graecos
884 609 936 665 in
968 610 1168 665 eisdem
1198 608 1520 665 testimoniis
1548 617 1763 664 sancta-

189 721 293 761 rum
322 703 741 773 Scripturarnm,
779 711 830 756 et
862 702 1062 755 videbis
1090 702 1232 757 unde
1258 702 1326 756 sit
1355 701 1618 771 appellata
1647 700 1765 754 dia-

187 796 360 853 lectica
390 813 403 849 :
435 811 504 850 ne
530 795 670 866 quod
694 810 882 848 onmes
904 794 1029 864 justi
1060 795 1218 847 etiam
1245 809 1365 849 cum
1392 793 1502 848 Deo
1532 792 1764 857 faciunt,

186 890 363 961 quibus
393 887 594 941 dictum
626 896 705 941 est
726 929 741 954 ,
782 885 971 953 Venite,
995 886 1325 957 disputemus,
1353 886 1473 938 dicit
1496 884 1763 947 Dominus,

183 997 277 1037 non
318 981 547 1035 imiteris
587 979 813 1050 sapienti
844 978 1039 1049 pietate
1061 1020 1076 1045 ,
1114 978 1210 1034 sed
1239 979 1439 1033 insulsa
1469 977 1765 1033 temeritate

182 1072 495 1129 crimineris.

242 1163 471 1220 CAPUT
503 1162 620 1218 XV.
644 1192 715 1203 —
735 1162 820 1219 l9.
859 1162 957 1232 Qui
978 1162 1119 1218 enim
1146 1163 1411 1232 disputat,
1436 1176 1618 1217 verum
1650 1160 1762 1215 disc

180 1255 339 1310 cernit
369 1270 398 1306 a
431 1254 585 1308 falso.
610 1253 761 1322 Quod
784 1255 871 1324 qui
906 1269 1008 1308 non
1042 1263 1299 1324 possunt,
1329 1262 1384 1309 et
1437 1262 1611 1308 tamen
1644 1252 1761 1306 dia-

179 1349 342 1405 lectici
376 1349 545 1403 videri
587 1349 808 1415 volunt,
851 1364 945 1419 per
989 1348 1270 1403 insidiosas
1316 1348 1761 1419 interrogationes

178 1449 384 1509 captant
412 1441 746 1493 incautorum
775 1440 1135 1502 assensiones,
1160 1450 1217 1493 ut
1240 1456 1306 1495 ex
1330 1455 1515 1495 eorum
1540 1455 1761 1510 respon-

178 1530 408 1584 sionibus
435 1529 775 1594 concludant,
809 1530 949 1585 unde
984 1531 1102 1584 illos
1129 1530 1211 1585 vel
1242 1531 1293 1584 in
1320 1540 1502 1599 aperta
1530 1530 1761 1586 falsitate

178 1622 420 1692 deceptos
463 1622 703 1690 rideant,
752 1623 835 1677 vel
877 1624 1137 1678 occultam
1190 1624 1476 1679 falsitatem
1522 1624 1759 1695 deceptis

178 1716 527 1787 persuadeant
548 1758 563 1783 ,
597 1732 754 1787 quam
784 1717 1099 1787 plerumque
1126 1718 1284 1772 etiam
1326 1717 1424 1787 ipsi
1455 1717 1760 1771 existimant

174 1809 467 1863 veritatem.
498 1808 597 1875 Qui
628 1818 805 1863 autem
849 1824 1007 1863 verus
1047 1809 1347 1879 disputator
1388 1816 1500 1877 est,
1549 1808 1601 1863 id
1640 1818 1754 1874 est,

175 1900 402 1952 veritatis
428 1914 457 1951 a
488 1899 715 1953 falsitate
737 1900 1021 1966 discretor,
1056 1902 1230 1971 primo
1254 1900 1305 1955 id
1332 1901 1469 1972 apud
1496 1917 1555 1957 se
1585 1901 1757 1971 ipsum

173 1991 287 2060 agit,
320 2007 393 2045 ne
421 2007 528 2045 non
560 2001 706 2047 recte
735 1993 1048 2048 discernens
1076 1994 1188 2064 ipse
1218 1994 1457 2060 fallatur;
1488 1994 1627 2065 quod
1655 1995 1756 2050 nisi

173 2083 415 2138 divinitus
443 2083 655 2151 adjutus
687 2100 944 2155 peragere
975 2100 1079 2139 non
1113 2095 1324 2155 potest:
1353 2086 1549 2141 deinde
1573 2128 1588 2153 ,
1635 2102 1756 2141 cum

173 2175 217 2231 id
241 2177 383 2247 quod
415 2178 553 2247 apud
600 2193 659 2233 se
698 2180 805 2249 egit
848 2178 913 2233 ad
956 2179 1090 2233 alios
1120 2180 1391 2235 docendos
1421 2181 1641 2251 profert,
1671 2182 1755 2236 in-

172 2277 339 2323 tuetur
366 2268 617 2338 primitus
639 2269 764 2339 quid
790 2268 899 2338 jam
926 2270 1058 2324 certi
1091 2272 1355 2339 noverint,
1378 2279 1437 2325 ut
1464 2288 1530 2327 ex
1560 2272 1642 2327 his
1662 2286 1756 2327 eos

171 2360 389 2415 adducat
417 2360 483 2415 ad
514 2376 577 2416 ea
606 2378 726 2432 qua:
756 2378 859 2415 non
904 2372 1163 2418 noverant
1204 2364 1286 2418 vel
1333 2363 1554 2419 credere
1598 2365 1753 2421 nole-

172 2451 306 2518 bant,
334 2454 628 2509 ostendens
655 2470 715 2509 ea
743 2456 1122 2524 consequentia
1150 2455 1230 2509 his
1256 2471 1374 2526 qum
1396 2456 1505 2526 jam
1534 2457 1755 2512 scientia

170 2544 245 2599 vel
275 2544 382 2601 ﬁde
412 2546 716 2601 retinebant
741 2566 753 2601 :
784 2556 839 2601 ut
868 2563 963 2617 per
990 2562 1050 2601 ea
1082 2562 1202 2602 vera
1234 2546 1299 2601 de
1328 2548 1518 2617 quibus
1546 2563 1603 2603 se
1628 2564 1754 2618 per-

169 2638 392 2707 Spiciunt
417 2641 723 2695 consentire
743 2683 757 2707 ,
786 2649 1044 2709 cogantur
1070 2640 1171 2694 alia
1199 2655 1321 2695 vera
1360 2656 1478 2710 qua:
1521 2657 1753 2712 negave-

167 2742 279 2788 rant
326 2735 660 2804 approbare;
712 2742 767 2789 et
811 2734 889 2788 sic
932 2750 1116 2788 verum
1165 2734 1303 2804 quod
1351 2734 1543 2789 falsum
1596 2744 1753 2791 antea

167 2825 464 2892 putabatur,
498 2826 833 2881 discernatur
862 2841 892 2880 a
924 2826 1093 2892 falso,
1137 2841 1259 2880 cum
1307 2826 1575 2881 invenitur
1621 2841 1753 2883 con-

166 2924 476 2972 sentaneum
508 2917 585 2971 illi
620 2932 749 2973 vero
779 2917 919 2988 quod
943 2919 1052 2987 jam
1084 2927 1239 2972 antea
1268 2917 1549 2972 tenebatur
1570 2919 1610 2974 ¹.

230 3010 459 3065 CAPUT
496 3011 837 3067 XVI—20.
872 3011 984 3065 Hoc
1028 3011 1119 3065 ille
1162 3028 1319 3067 verus
1368 3012 1666 3082 disputator
1708 3014 1755 3069 si

165 3098 267 3157 late
292 3102 593 3175 dilfuseque
636 3103 831 3169 faciat,
862 3104 1174 3173 eloquenter
1203 3104 1355 3170 facit,
1387 3103 1599 3175 alioque
1631 3114 1755 3161 tunc

170 3205 419 3251 censetur
446 3206 775 3268 augeturque
799 3196 1079 3261 vocabulo,
1111 3204 1167 3250 ut
1190 3196 1363 3251 dictor
1392 3199 1569 3267 potius
1595 3212 1754 3267 quam

164 3285 459 3357 disputator
486 3300 742 3355 vocetur;
773 3290 909 3344 sicut
936 3289 1086 3342 illum
1124 3288 1297 3342 locum
1330 3289 1621 3358 Apostolus
1658 3304 1755 3343 co-

162 3380 309 3449 piose
329 3381 521 3437 dilatat
544 3390 704 3452 atque
724 3381 969 3436 diffundit
997 3400 1010 3435 :
1036 3379 1104 3435 In
1124 3381 1375 3448 omnibus,
1400 3382 1586 3451 inquit,
1612 3398 1754 3435 com-

163 3474 458 3527 mendantes
515 3475 841 3545 nosmetipsos
894 3482 949 3527 ut
993 3474 1089 3528 Dei
1144 3475 1435 3541 ministros,
1487 3476 1539 3528 in
1592 3476 1755 3528 multa

165 3563 445 3631 patientia,
475 3564 529 3616 in
561 3564 982 3632 tribulationibus,
1009 3566 1061 3618 in
1092 3566 1338 3635 angustiis
1357 3607 1371 3631 ,
1404 3565 1457 3617 in
1489 3565 1673 3635 plagis,
1702 3566 1756 3619 in

163 3656 479 3721 carceribus,
515 3656 569 3709 in
592 3656 914 3711 seditionibus
937 3698 952 3723 ,
982 3659 1036 3710 in
1066 3655 1318 3711 laboribus
1338 3698 1351 3723 ,
1376 3657 1429 3710 in
1458 3656 1671 3726 vigiliis,
1702 3657 1757 3711 in

162 3746 389 3818 iejuniis,
423 3748 475 3801 in
506 3747 767 3816 castitate,
792 3749 845 3801 in
876 3749 1083 3802 scientia
1103 3790 1117 3814 ,
1150 3748 1202 3801 in
1235 3748 1614 3818 longanimitate
1633 3750 1675 3815 ⁸,
1702 3748 1756 3801 in

167 3837 492 3910 benignitate,
517 3841 573 3894 in
595 3840 795 3912 Spiritu
824 3851 998 3895 sancto
1015 3882 1029 3905 ,
1053 3842 1106 3894 in
1134 3840 1378 3895 charitate
1398 3857 1499 3895 non
1522 3842 1673 3909 ﬁcta,
1702 3840 1757 3893 in

162 3931 308 3985 verba
330 3932 575 3999 veritatis,
604 3933 657 3985 in
686 3934 869 3986 uirtute
897 3932 1014 3999 Dei,
1045 3948 1133 4002 per
1154 3949 1297 3985 arma
1320 3932 1541 4000 justitite
1579 3932 1758 3985 dextra

164 4030 206 4075 et
232 4023 475 4091 sinistra;
520 4040 611 4094 per
658 4026 905 4095 gloriam,
948 4034 995 4078 et
1033 4024 1429 4095 ignobilitatem;
1471 4040 1561 4094 per
1610 4024 1753 4093 infa—

162 4116 339 4185 miam,
362 4126 408 4171 et
431 4117 617 4172 bonam
647 4122 876 4189 famam;
899 4127 956 4170 ut
986 4118 1305 4183 seductorcs,
1334 4126 1383 4170 et
1421 4130 1621 4171 veraces
1645 4132 1665 4181 ;
1702 4123 1757 4168 ut

164 4209 247 4276 qui
275 4211 598 4282 ignoramur,
622 4220 669 4266 et
691 4212 1076 4283 cognoscimur;
1103 4211 1248 4282 quasi
1273 4212 1560 4277 morientes,
1584 4220 1628 4265 et
1648 4224 1758 4263 ecce

163 4302 373 4358 vivimus
389 4321 408 4369 ;
438 4314 494 4359 ut
522 4306 746 4372 coerciti,
780 4316 825 4359 et
853 4323 953 4360 non
981 4306 1311 4375 mortiﬁcati;
1338 4314 1391 4359 ut
1419 4306 1601 4369 tristes,
1628 4322 1760 4359 sem-

165 4410 251 4460 per
273 4406 437 4450 autem
468 4397 780 4467 gaudentes;
810 4398 938 4451 sicut
962 4398 1134 4469 egeni,
1165 4398 1350 4451 multos
1386 4405 1555 4450 autem
1580 4396 1754 4449 ditan-

163 4495 272 4553 tes;
331 4499 571 4560 tanquam
616 4491 746 4544 niltil
799 4492 1070 4557 habentes,
1125 4500 1172 4545 et
1226 4492 1395 4545 omnia
1448 4490 1757 4563 possidentes

165 4579 229 4651 (II
261 4580 363 4636 Cor
386 4598 458 4647 vt,
494 4583 666 4651 4-10).
699 4583 836 4649 Quid
867 4583 1010 4638 enim
1042 4584 1143 4638 hoc
1168 4584 1293 4638 stilo
1315 4584 1606 4654 apostolico
1626 4583 1759 4639 ube-

162 4670 273 4727 rius
299 4681 359 4727 et
377 4674 640 4740 ornatius,
673 4673 727 4729 id
755 4683 836 4729 est
861 4674 1197 4743 eloquentius
1218 4716 1232 4741 ,
1274 4674 1432 4731 facile
1472 4675 1677 4729 invenis
1700 4674 1760 4728 ’ἲ

161 4762 215 4819 Si
253 4774 432 4821 autem
467 4782 652 4836 presse
681 4776 837 4837 atque
878 4768 1193 4835 constricte,
1224 4769 1393 4839 magis
1423 4784 1543 4822 eum
1576 4766 1762 4836 dispu-

163 4861 393 4911 tatorem
420 4873 582 4928 quam
610 4857 871 4914 dictarem
903 4860 1172 4929 appellare
1192 4865 1605 4923 consueverunt,
1630 4873 1762 4927 qua-

162 4946 288 5004 liter
310 4951 417 5021 agit
444 4951 586 5006 idem
615 4952 889 5022 apostolus
911 4951 979 5006 de
998 4952 1407 5006 circumcisione
1427 4960 1479 5006 et
1502 4950 1761 5019 prmputio

161 5043 337 5108 patris
359 5042 650 5108 Abraham,
677 5043 755 5097 vel
784 5042 1128 5098 distinctione
1153 5043 1283 5112 legis
1309 5050 1364 5097 et
1387 5040 1586 5111 gratim.
1607 5039 1762 5106 Quod

162 5134 386 5203 quidam
432 5151 541 5190 non
589 5134 982 5205 intelligentes,
1032 5138 1139 5190 imo
1186 5150 1315 5189 vero
1356 5133 1760 5197 calumniantes,

162 5225 432 5280 criminati
462 5235 589 5282 sunt
617 5242 737 5281 eum
761 5226 961 5291 dicere,
982 5226 1259 5281 Faciamus
1280 5225 1435 5289 mala,
1458 5234 1512 5278 ut
1536 5224 1765 5278 eveniant

161 5314 299 5370 bona
333 5315 511 5385 (Rom.
543 5334 622 5384 ιιι,
654 5317 731 5390 8).
764 5317 889 5373 Sive
919 5328 1093 5373 autem
1124 5320 1194 5373 sit
1224 5318 1413 5382 dictor,
1441 5333 1556 5372 srve
1585 5317 1767 5386 diSpu-

159 5417 331 5474 lator,
366 5426 464 5467 nec
490 5411 655 5467 dictio
682 5426 797 5466 sme
829 5411 1188 5481 diSputatione
1210 5420 1311 5469 est.
1344 5427 1465 5465 cum
1489 5418 1543 5464 et
1572 5410 1623 5464 in
1653 5410 1765 5479 ipsa

157 5501 493 5573 eloquentiae
522 5503 804 5559 latitudine
836 5504 1033 5559 veritas
1072 5520 1103 5558 a
1141 5502 1371 5558 falsitate
1412 5503 1766 5567 discernitur;

222 5701 241 5733 ί
282 5709 396 5768 Αιῐιἶ
421 5710 473 5768 et
494 5709 593 5766 En,
616 5704 857 5756 tenebatur
879 5702 1073 5768 falswn.
1096 5702 1259 5761 Abest,
1279 5700 1472 5765 falsum,
1497 5713 1525 5749 a
1562 5708 1669 5751 Mss.
1719 5710 1771 5753 et

153 5764 352 5813 abesse
372 5765 536 5816 debet.
581 5764 587 5766 ⁷
879 5764 889 5768 ⁷
1282 5764 1285 5765 ⁷

221 5827 244 5858 ³
284 5835 397 5875 Am.
424 5837 476 5877 et
490 5836 565 5878 Er.
591 5830 669 5880 hic
691 5829 886 5887 addunt,
917 5824 969 5877 in
1009 5826 1228 5879 bonitate.
1253 5826 1370 5875 Huic
1393 5826 1546 5875 verbo
1569 5825 1685 5875 nihil
1721 5827 1771 5876 in

150 5901 336 5952 greco
355 5892 619 5952 restcndet
645 5894 755 5951 nisi,
779 5906 837 5942 en
862 5890 1128 5941 cltréstotéti
1157 5901 1173 5939 :
1198 5889 1323 5952 quod
1344 5889 1461 5938 satis
1485 5889 1773 5952 exprimitur

100 5971 109 5977 ν
153 5949 275 6012 ᾖεν,
298 5950 361 6000 in
385 5949 684 6013 benignitate.
743 5949 779 5977 “·

224 6013 251 6047 ⁸
285 6020 378 6061 Er.
401 6011 541 6076 Iug-il.
568 6023 683 6064 Ven.
714 6022 765 6065 et
797 6022 903 6067 Lor.
932 6016 1157 6065 omittunt
1181 6013 1401 6075 verbum,
1425 6011 1582 6077 facile.
1653 6021 1705 6063 tu.

463 6100 684 6161 Sacr.
732 6112 1009 6162 Accusr.
1046 6100 1159 6161 IX.

1567 488 1770 546 LIBER
1810 489 2087 552 PRIMUS.

3358 514 3466 573 458

1878 624 1976 665 nec
2002 610 2295 681 disputatio
2324 622 2497 684 potest
2521 626 2639 672 esse
2668 615 2784 673 sine
2809 616 3075 683 dictione,
3106 620 3320 690 quando
3346 626 3457 680 uti-

1874 715 1980 769 que
2011 702 2187 758 verbis
2213 712 2265 759 et
2295 704 2475 776 lingua
2502 707 2615 777 ipsa
2643 710 2952 765 constrictio
2986 714 3250 769 sermonis
3276 717 3457 784 expri-

1874 791 2038 846 mitur
2067 810 2079 847 :
2113 794 2224 849 sive
2253 795 2345 850 illo
2373 805 2549 853 utatur
2591 809 2847 871 perpetuo
2867 844 2879 865 ,
2928 803 3042 859 sive
3084 805 3462 876 interrogando

1871 895 1995 935 cum
2025 898 2146 938 cum
2172 901 2276 955 quo
2298 888 2425 956 agit,
2450 898 2603 960 cogat
2630 892 2958 962 respondere
2978 895 3122 965 quod
3145 912 3329 951 verum
3351 908 3455 966 est,

1870 982 1924 1026 ct
1950 988 2021 1028 ex
2053 974 2156 1031 hoc
2185 976 2251 1031 ad
2274 979 2417 1033 aliud
2444 996 2625 1036 verum
2654 983 2794 1053 quod
2833 986 3169 1054 quaerebatur
3192 987 3462 1059 adducat,

1872 1064 1961 1119 ubi
1990 1068 2225 1124 maxime
2256 1086 2478 1139 regnare
2499 1072 2775 1130 dialectica
2801 1075 3017 1132 dicitur.

1942 1156 2172 1215 CAPUT
2199 1160 2361 1216 XVII.
2388 1164 2567 1220 -ἳ1.
2601 1166 2734 1221 Cum
2776 1169 2917 1222 enim
2966 1172 3190 1241 quisque
3222 1173 3332 1229 suis
3370 1189 3462 1230 re-

1871 1251 2250 1320 Sponsionibus
2275 1254 2523 1323 vincitur,
2542 1258 2658 1313 etsi
2680 1258 2819 1313 male
2847 1261 3141 1329 reSpondit,
3167 1277 3272 1317 non
3302 1263 3462 1321 habet

1869 1342 2010 1412 quod
2042 1343 2265 1414 imputet
2286 1346 2625 1417 disputatori,
2649 1350 2741 1404 sed
2770 1351 2897 1417 sibi;
2929 1361 2982 1407 et
3009 1354 3053 1406 si
3082 1354 3217 1409 bene
3237 1369 3463 1426 respon-

1866 1434 1963 1501 dit,
1982 1437 2249 1494 erubescit
2278 1440 2497 1496 ulterius
2532 1441 2806 1509 resistere,
2852 1459 2955 1498 non
2979 1446 3086 1514 jam
3119 1446 3458 1519 disputatori,

1865 1527 1960 1582 sed
2005 1529 2123 1585 sibi.
2166 1530 2220 1585 In
2260 1546 2366 1603 quo
2406 1547 2605 1603 genere
2635 1534 2890 1590 Dominus
2929 1551 3051 1589 cum
3080 1536 3339 1593 adversus
3367 1540 3459 1595 Ju-

1866 1618 2012 1675 dzcos
2052 1623 2242 1677 crebro
2273 1634 2483 1694 ageret,
2518 1640 2718 1696 eosque
2761 1626 2978 1681 illorum
3023 1631 3459 1699 responsionibus

1867 1720 2054 1780 captos
2084 1714 2470 1785 conclusosque
2499 1718 2863 1786 convinceret,
2894 1735 2998 1775 non
3027 1734 3122 1775 vos
3142 1722 3457 1789 audierant,

1862 1818 1964 1859 nec
1989 1819 2019 1858 a
2050 1806 2201 1861 vobis
2228 1808 2516 1862 conviciari
2563 1808 2863 1865 didicerant
2891 1828 2903 1864 :
2933 1826 3057 1866 nam
3108 1812 3359 1868 libentius
3407 1822 3463 1869 et

1862 1895 2179 1954 invidiosius
2210 1915 2333 1954 eum
2366 1900 2590 1957 fortasse
2613 1902 2947 1960 dialecticum
2981 1920 3139 1974 quam
3169 1904 3462 1961 Samarita-

1862 2006 1989 2046 num
2017 1992 2373 2063 appellarent.
2395 1994 2674 2061 Quomodo
2700 1997 2843 2051 enim
2875 2006 3030 2067 putas
3060 2013 3154 2053 eos
3186 2007 3461 2055 contortos

1863 2090 2027 2153 atque
2048 2083 2325 2153 confusos,
2359 2100 2481 2140 cum
2507 2086 2748 2142 volentes
2775 2103 2897 2142 eum
2938 2104 3133 2158 capere
3172 2088 3228 2144 in
3261 2091 3460 2160 verbo,

1861 2179 2073 2247 priores
2102 2178 2602 2251 interrogaverunt,
2631 2191 2809 2235 utrum
2838 2182 3023 2236 liceret
3047 2182 3304 2237 tributum
3329 2183 3459 2238 red-

1863 2271 1993 2327 dere
2023 2272 2258 2335 Caesari;
2294 2273 2493 2343 bicipiti
2522 2273 2767 2328 videlicet
2794 2274 3165 2344 complexione
3208 2274 3464 2332 insidian-

1860 2372 1962 2430 tes,
1997 2374 2056 2419 ut
2084 2365 2358 2435 quodlibet
2386 2366 2587 2434 eligens
2612 2366 2933 2434 caperetur?
2956 2366 3011 2421 Si
3044 2368 3207 2421 licere
3231 2382 3459 2437 respon-

1862 2454 2035 2518 deret,
2067 2464 2317 2525 tanquam
2348 2470 2472 2511 reus
2511 2465 2651 2510 esset
2677 2455 2936 2510 adversus
2968 2456 3219 2525 populum
3249 2457 3340 2511 Dei
3370 2474 3384 2511 :
3413 2457 3462 2511 si
3486 2491 3501 2495 -

1860 2558 2036 2602 autem
2065 2547 2291 2614 diceret,
2320 2563 2426 2602 non
2455 2548 2638 2612 licere,
2670 2556 2917 2616 tanquam
2942 2544 3172 2602 Caesaris
3198 2546 3457 2602 adversa-

1858 2639 1973 2694 rius
2032 2639 2372 2708 puniretur‘.
2431 2638 2528 2693 Ubi
2580 2637 2669 2692 ille
2725 2653 3000 2693 nummum
3056 2637 3159 2693 sibi
3214 2636 3460 2707 poposcit

1859 2730 2106 2799 ostendi,
2138 2739 2194 2787 et
2222 2730 2565 2800 interrogavit
2607 2730 2759 2800 cujus
2806 2730 3028 2786 haberet
3074 2730 3359 2802 imaginem
3399 2740 3457 2788 et

1859 2822 2263 2894 inscriptionem
2295 2841 2308 2877 :
2340 2830 2396 2877 at
2424 2822 2500 2876 illi
2544 2836 2665 2877 cum
2713 2822 3154 2893 respondissent,
3206 2822 3461 2888 Cesaris;

1859 2926 2043 2988 aperta
2094 2917 2237 2972 enim
2288 2917 2486 2972 veritas
2534 2915 2637 2971 hoc
2684 2931 2778 2971 eos
2826 2917 3153 2986 respondere
3195 2917 3454 2988 cogebat;

1860 3012 2115 3064 continuo
2160 3003 2417 3063 Dominus
2464 3023 2650 3063 eorum
2690 3008 3041 3077 reSponsione
3080 3008 3357 3079 colligatos
3397 3023 3463 3065 ac

1860 3108 2045 3168 captos
2083 3098 2334 3163 trahens,
2381 3098 2632 3164 Reddite,
2663 3100 2869 3167 inquit,
2895 3097 3087 3155 Caesari
3110 3115 3224 3171 qua:
3247 3099 3462 3154 Caesaris

1860 3201 1998 3259 sunt,
2037 3202 2083 3245 et
2116 3192 2223 3246 Deo
2252 3206 2367 3261 quia
2394 3190 2486 3244 Dei
2512 3200 2648 3245 sunt.
2672 3191 2908 3246 Obsecro
2937 3201 2987 3246 te
3006 3233 3022 3259 ,
3056 3192 3201 3247 illine
3241 3191 3463 3247 fuerunt

1860 3283 2127 3338 dialectici
2154 3282 2243 3353 qui
2275 3283 2555 3352 praetensis
2592 3284 3022 3353 interrogationis
3058 3283 3265 3338 insidiis
3311 3283 3461 3340 deci-

1860 3376 2055 3445 piendo
2086 3391 2339 3445 superare
2366 3376 2536 3429 moliti
2568 3384 2725 3441 sunt;
2768 3390 2835 3430 an
2881 3375 2971 3430 ille
3012 3376 3206 3444 potius,
3252 3376 3343 3445 qui
3393 3391 3459 3430 ex

1860 3391 2055 3445 plt‘lltlo
2086 3392 2245 3445 super
2310 3391 2339 3430 e
2366 3391 2536 3429 manu
2568 3391 2725 3441 sunt;
2768 3391 2835 3430 an
2881 3391 2971 3430 nte
3012 3391 3206 3444 ponus,
3252 3391 3343 3445 qut
3393 3391 3459 3430 ex

1860 3467 1965 3522 hoc
1995 3468 2112 3537 ipso
2135 3391 2787 3537 quaginterrogaverunt,
2817 3482 3000 3522 veram
3027 3483 3211 3521 eorum
3234 3482 3461 3537 respon-

1862 3558 2068 3613 sionem
2097 3557 2375 3627 prudentia
2422 3558 2853 3628 interrogationis
2881 3560 2902 3591 ⁸
2934 3559 3181 3624 eliciens,
3210 3560 3337 3613 illud
3365 3575 3461 3614 ve-

1860 3664 1980 3703 rum
2006 3648 2147 3719 quod
2172 3649 2239 3703 ab
2269 3663 2335 3704 eo
2366 3650 2623 3719 putabant
2650 3648 2954 3719 periculose
2982 3648 3106 3716 dici,
3139 3651 3286 3719 ipsos
3306 3664 3457 3704 com-

1860 3741 1999 3811 pulit
2028 3740 2306 3794 confiteri?

1931 3832 2157 3888 CAPUT
2172 3831 2522 3886 XVIII.—22.
2536 3832 2591 3887 Si
2610 3832 2727 3886 illos
2742 3832 2940 3887 dixeris
2958 3832 3121 3888 fuisse
3133 3831 3459 3901 dialecticos,

1862 3923 1987 3993 quia
2016 3923 2220 3987 dolose,
2254 3922 2376 3991 quia
2406 3923 2757 3989 calumniose,
2781 3924 2906 3992 quia
2930 3924 3197 3978 malitiose
3227 3924 3463 3978 interro-

1863 4014 2037 4084 gando
2058 4014 2110 4067 in
2130 4013 2294 4068 verbo
2315 4028 2507 4082 capere
2525 4013 2809 4083 cupiebant
2826 4014 2985 4083 (tales
3007 4015 3149 4070 enim
3177 4016 3336 4069 etiam
3358 4030 3462 4071 nos

1863 4106 2028 4161 vultis
2052 4104 2248 4175 videri)
2271 4121 2286 4171 ;
2316 4120 2414 4159 cur
2441 4106 2521 4161 eis
2549 4114 2723 4160 tamen
2750 4105 3007 4160 Dominus
3029 4106 3464 4176 rcspondit?Cur

1865 4212 1959 4252 eos
1989 4211 2157 4266 usque
2187 4195 2251 4249 ad
2295 4196 2537 4252 veritatis
2577 4195 2971 4253 confessionem
3010 4197 3217 4253 reddita
3257 4199 3465 4254 ratione

1864 4290 2148 4361 perduxit?
2173 4289 2284 4344 Cur
2313 4290 2391 4345 eis
2420 4290 2586 4357 dixit,
2620 4290 2757 4357 Quid
2797 4307 2875 4344 me
2914 4292 3113 4344 tentalis
3134 4332 3148 4358 ,
3187 4291 3467 4361 hypocrita:

1867 4383 2080 4454 (Matth.
2110 4399 2237 4450 χιιι,
2268 4384 2501 4455 15-21)?
2523 4393 2575 4439 et
2602 4398 2707 4439 non
2738 4384 2976 4452 addidit,
3018 4386 3326 4441 Dialectici?
3354 4385 3466 4442 Cur

1866 4474 1969 4530 sibi
2015 4490 2289 4530 nummum
2321 4475 2679 4531 demonstrari
2720 4475 3010 4546 ﬂagitavit,
3044 4484 3101 4529 ut
3141 4478 3462 4532 sententiam

1868 4584 2021 4625 suam
2051 4586 2299 4626 veracem
2324 4572 2652 4639 exprimeret
2677 4571 2836 4624 etiam
2866 4570 2932 4624 de
2954 4585 3047 4623 ore
3078 4568 3371 4635 fallacium,
3398 4585 3464 4625 ac

1868 4678 1977 4718 non
2004 4663 2181 4733 potius
2204 4663 2298 4729 ait,
2330 4662 2647 4727 Abscedite;
2678 4678 2853 4731 neque
2874 4663 3014 4717 enim
3038 4662 3360 4733 loquendum
3384 4669 3465 4717 est

1869 4756 2171 4820 vobiscum,
2190 4755 2279 4824 qui
2297 4756 2560 4824 captiosas
2576 4754 3015 4824 interrogationes
3034 4756 3352 4824 proponitis,
3370 4754 3461 4825 qui

1870 4847 2151 4903 dialectice
2191 4862 2404 4901 mecum
2445 4861 2605 4917 agere
2631 4846 2829 4900 vultis?
2858 4846 2999 4901 Nihil
3030 4847 3131 4900 tale
3162 4846 3329 4914 dixit,
3368 4861 3468 4900 nec

1871 4938 2129 4993 adversus
2172 4938 2440 5006 captiosos
2478 4938 2927 5007 interrogatores,
2972 4948 3026 4993 et
3056 4940 3341 4994 verborum
3371 4952 3467 4992 no-

1871 5038 2103 5084 strorum
2126 5029 2348 5083 callidos
2373 5038 2673 5098 captatores
2695 5032 2996 5100 exemplum
3027 5031 3132 5085 tale
3158 5033 3311 5087 nobis
3330 5044 3462 5101 pro-

1874 5121 2093 5191 posuit:
2124 5120 2219 5175 sed
2268 5128 2326 5173 ut
2369 5135 2462 5174 eos
2516 5121 2689 5189 potius
2732 5121 2892 5176 etiam
2942 5122 3180 5176 veritatis
3220 5122 3465 5176 inimicos

1872 5214 2111 5283 vigilanti
2130 5212 2546 5282 interrogatione
2571 5223 2623 5267 et
2646 5213 2844 5267 invicta
2864 5215 3069 5267 ratione
3098 5212 3458 5267 testimonium

1872 5305 2083 5360 veritati
2118 5305 2400 5374 perhibere
2434 5319 2705 5375 cogamus.
2732 5306 2844 5361 Hoc
2873 5307 3026 5360 nobis
3052 5305 3245 5358 faciant
3274 5304 3462 5370 vestri,

1874 5398 1919 5452 si
1950 5413 2047 5451 nos
2073 5397 2323 5451 malitiosi
2352 5405 2407 5451 et
2432 5396 2693 5451 dialectici
2726 5412 2930 5451 sumus.
2962 5397 3043 5449 An
3076 5409 3131 5447 se
3163 5395 3350 5450 timere
3380 5396 3462 5449 in—

1880 5488 2100 5555 dicant,
2132 5504 2199 5543 ne
2230 5490 2330 5543 hoc
2370 5489 2448 5543 eis
2496 5504 2593 5543 nos
2635 5488 2811 5557 potius
2856 5485 3139 5539 faciamus?
3182 5485 3239 5539 Si
3283 5495 3462 5541 autem

1878 5580 2150 5636 Christum
2191 5579 2389 5635 dixeris
2416 5580 2749 5634 dialecticum
2773 5620 2786 5642 ,
2826 5576 3063 5631 laudabis
3088 5576 3461 5647 dialecticam,

1878 5689 2037 5744 quam
2067 5675 2194 5728 mihi
2228 5689 2324 5743 pro
2351 5674 2572 5728 crimine
2600 5672 2893 5739 ohjeceras.

1951 5765 2177 5823 CAPUT
2222 5762 2360 5820 XIX.
2388 5765 2569 5819 —25.
2599 5763 2751 5829 Quod
2796 5778 2864 5817 ne
2911 5763 3089 5827 facias,
3132 5766 3290 5822 video
3336 5765 3459 5837 quid

1946 5949 1964 5981 ί
2002 5949 2073 5997 sic
2089 5960 2260 5997 omnes
2276 5945 2601 6007 manuscripti.
2623 5949 2679 5991 At
2713 5943 2849 6007 editi,
2870 5941 3201 6007 perimantur.

1948 6014 1969 6042 ⁸
2002 6017 2103 6061 Duo
2125 6018 2249 6069 Mss,
2279 6006 2506 6071 prudenti
2530 6005 2920 6072 interrogatione.

2740 6092 3071 6174 (QuinzeJ
