3998 6462
390 564 395 570 ’
451 580 680 636 fortasse
698 567 938 626 dicturus
958 560 1064 626 sis,
1081 569 1181 612 nec
1204 554 1348 616 illos,
1368 564 1470 605 nec
1497 547 1644 602 illum
1668 544 1720 602 in
1743 556 1806 602 ea
1827 548 2035 594 sermo-

453 624 946 729 cinatione—aliquid
971 624 1146 722 egisse
1171 644 1468 704 dialectice.
1495 639 1550 695 Si
1579 650 1715 708 ergo.
1730 646 1830 689 nec
1854 629 1928 685 illi
1947 624 2038 697 qui

455 759 698 833 captiose
724 720 882 824 atque
905 720 1161 804 insidiose
1195 737 1619 797 sermocinautur
1642 772 1658 799 ,
1694 735 1756 785 ut
1792 727 1845 782 in
1875 720 2040 778 verbo

459 815 730 923 decipiant
751 815 846 900 eos
868 853 992 896 cum
1015 833 1210 907 quibus
1227 836 1409 902 agunt,
1440 840 1540 882 nec
1567 822 1640 878 illi
1669 820 1760 890 qui
1792 815 1925 870 tales
1945 826 2042 868 eo-

460 902 972 1007 rumrresmusione
1013 902 1361 986 convincunt,
1406 913 1681 972 dialectice
1723 914 1927 980 agunt:
1959 902 2046 958 dic

461 1035 618 1093 nobis
638 994 852 1086 tandem
876 1020 1005 1094 quid
1027 1017 1100 1075 sit
1119 1012 1427 1075 dialectica;
1453 1016 1508 1064 et
1528 1012 1784 1076 quantum
1804 996 1928 1054 ntali
1954 994 2049 1049 ba-

462 1129 628 1193 beat,
662 1085 928 1193 quantum.
947 1117 1158 1176 noceat,
1183 1119 1344 1178 quam
1373 1097 1620 1172 fugienda
1648 1094 1738 1159 sit,
1765 1090 1919 1148 doce.
1944 1085 2052 1144 Cu-

462 1221 558 1292 jus
597 1227 794 1272 nomen
837 1204 1102 1263 invidiose
1139 1195 1361 1268 subjicis
1402 1186 1768 1263 ignorantibus
1789 1225 1804 1249 ,
1847 1180 2051 1236 crimen

467 1274 696 1372 ostende
735 1298 1118 1376 quaerentibus.
1167 1292 1284 1348 Non
1310 1290 1392 1344 vis
1429 1284 1583 1341 fateri
1611 1279 1753 1352 quod
1779 1274 2055 1334 dialectice

467 1413 624 1480 agat,
655 1399 745 1471 qui
771 1389 1016 1452 homines
1042 1399 1260 1444 aversos
1285 1397 1315 1437 a
1338 1394 1466 1436 vero
1493 1376 1661 1449 perite
1689 1380 1940 1440 recteque
1967 1367 2054 1421 in~

467 1463 766 1566 tet-rogans,
798 1479 1239 1557 responsionibus
1276 1488 1466 1533 eorum
1508 1467 1722 1525 adducit.
1754 1463 1822 1520 ad
1848 1474 2056 1527 verum,

466 1607 540 1650 ne
576 1555 853 1648 dialectice
889 1555 1014 1635 cum
1048 1572 1246 1631 Judmis
1283 1569 1444 1626 etiam
1470 1563 1740 1622 Christum
1769 1557 1943 1629 egisse
1978 1555 2058 1610 fa-

469 1683 655 1750 tearis.
685 1678 818 1734 Item
842 1687 950 1728 non
979 1668 1062 1724 vis
1089 1665 1210 1724 illos
1235 1675 1394 1732 agere
1413 1656 1707 1718 dialectice,
1739 1650 1829 1721 qui
1858 1647 2062 1718 captio-

472 1745 552 1836 sis
589 1761 1096 1839 interrogationibus
1125 1754 1436 1813 insidiantes
1465 1745 1877 1818 respondentem
1913 1738 2062 1796 deci-

473 1887 606 1944 pere
633 1867 946 1930 moliuntur,
976 1874 1045 1914 ne
1083 1855 1179 1913 tibi
1222 1850 1537 1908 ostendatur
1579 1847 1650 1902 ita
1690 1860 1813 1902 cum
1853 1841 2067 1898 Christo

477 1933 654 2037 egisse
693 1957 932 2021 Iudaeos,
977 1963 1113 2022 quos
1159 1955 1339 2002 tamen
1383 1942 1472 1998 ille
1511 1955 1616 1994 non
1661 1933 1947 1994 declinavit
1983 1939 2068 1986 ta.

481 2022 656 2120 celtdo
674 2092 690 2119 ,
722 2048 817 2108 sed
843 2044 1018 2117 potius
1043 2037 1312 2110 loquendo
1347 2032 1644 2103 superavit;
1673 2042 1736 2083 ac
1759 2027 1836 2082 sic
1864 2022 2078 2095 cogaris.

479 2151 640 2208 fateri
664 2162 774 2204 non
801 2151 948 2200 recte
967 2139 1246 2212 episcopos
1271 2140 1478 2188 vestros
1503 2167 1516 2191 ,
1547 2139 1682 2195 quos
1707 2121 1893 2177 doctos
1913 2125 2074 2186 atque

482 2243 756 2314 sapientes
795 2245 951 2308 putas
974 2210 1194 2303 {etiam
1235 2238 1356 2282 cum
1387 2217 1682 2302 dialecticis
1708 2213 1853 2269 nolle
1877 2210 2076 2266 habere

481 2304 823 2398 sermonem,
850 2340 956 2400 quo
995 2323 1246 2380 invictam
1271 2317 1500 2374 doceant
1524 2312 1821 2368 veritatem.
1865 2304 2033 2360 Video
2053 2341 2074 2372 ,

481 2439 714 2498 magnos
734 2397 896 2478 astus
924 2415 1145 2489 pateris,
1175 2407 1443 2482 quomodo
1469 2403 1695 2461 definias
1714 2397 2074 2462 dialecticum,

483 2529 552 2577 ut
576 2490 684 2575 nec
726 2515 928 2588 peritus
970 2509 1270 2579 disputator
1315 2502 1401 2566 sit,
1452 2514 1519 2554 ne
1560 2494 1703 2567 quod
1745 2490 2078 2563 vituperasti,

483 2613 710 2674 laudare
735 2606 978 2680 cogaris;
1024 2616 1128 2658 nec
1171 2596 1456 2654 insidiosus
1495 2591 1778 2647 verborum
1809 2592 2078 2656 captator,

485 2723 560 2768 ne
587 2706 682 2763 tibi
707 2677 951 2766 dicatur,
977 2697 1128 2754 Sicut
1164 2692 1279 2764 egit
1299 2703 1422 2746 cum
1449 2685 1644 2742 talibus
1681 2681 1958 2744 Christus,
2006 2677 2085 2733 sic

488 2806 618 2872 agat
636 2811 758 2853 cum
784 2794 890 2850 isto
915 2787 1256 2846 christianus.
1299 2777 1529 2836 Proinde
1555 2776 1600 2832 si
1632 2775 1806 2846 placet
1831 2772 1928 2826 ista
1957 2783 2090 2825 cura

490 2862 748 2956 liberari,
773 2901 898 2944 eum
928 2881 1088 2940 defini
1117 2893 1240 2936 esse
1262 2873 1635 2936 dialecticum,
1672 2883 1795 2922 cum
1822 2879 1927 2936 quo
1952 2862 2088 2932 legis

491 2983 658 3057 periti
703 2980 776 3038 de
818 2985 972 3050 parte
1017 2971 1206 3029 Donati
1255 2968 1444 3024 nolunt
1498 2963 1694 3017 habere
1737 2956 2086 3027 colloquium.

493 3045 636 3148 δυῘύ
674 3045 838 3130 enim‘
856 3069 949 3126 tibi
989 3064 1132 3120 aliud
1178 3056 1568 3132 suggerondum
1595 3062 1696 3120 est,
1726 3049 1929 3105 homini
1955 3045 2094 3117 obji-
2144 3108 2146 3111 I

495 3171 659 3228 cienti
707 3167 859 3224 nobis
909 3159 1242 3218 dialecticam
1267 3195 1283 3222 ,
1339 3160 1393 3207 et
1441 3149 1562 3204 ideo
1609 3143 1919 3216 praedicanti
1974 3140 2092 3208 epi-

497 3275 691 3333 scopos
715 3272 861 3323 suos,
885 3251 1027 3326 quod
1042 3248 1320 3305 nobiscum
1344 3241 1517 3298 nolint
1534 3238 1732 3293 habere
1753 3232 2096 3291 sermonem?

568 3327 658 3409 2-4.
677 3350 782 3408 Sed
797 3348 865 3405 de
878 3343 1078 3404 Judaais
1095 3341 1328 3396 fortasse
1347 3333 1554 3390 invenis
1575 3329 1702 3401 quid
1723 3327 1892 3393 dicas,
1912 3339 2069 3395 quam
2085 3350 2099 3366 -
2145 3348 2156 3402 ὲ

500 3449 585 3504 vis
597 3443 786 3502 callide
803 3450 964 3510 atque
981 3443 1192 3492 versute
1209 3431 1362 3486 dolos
1376 3423 1846 3494 interrogationum
1862 3426 2098 3489 praeten-
2151 3420 2155 3487 ξ

504 3536 702 3602 derint,
719 3547 830 3588 non
853 3507 947 3586 eos
971 3526 1135 3582 fuisse
1155 3519 1480 3578 dialecticos.
1513 3517 1588 3570 De
1611 3513 1808 3568 Stoicis
1827 3519 1974 3565 certe
1994 3507 2100 3564 dici

503 3598 698 3700 potest
728 3622 879 3689 nihil,
920 3619 1012 3692 qui
1047 3631 1155 3673 non
1193 3613 1369 3674 solum
1408 3605 1672 3664 dialectici
1720 3603 1969 3666 fuerunt,
2005 3598 2103 3654 sed

505 3722 667 3779 etiam
693 3728 916 3774 caeteras
955 3706 1394 3783 philosophorum
1435 3708 1610 3756 sectas
1649 3697 1703 3751 in
1743 3694 1844 3750 bac
1873 3692 1954 3747 vel
1985 3700 2106 3748 arte
2150 3684 2156 3712 ⁵

506 3815 594 3871 vel
624 3810 875 3867 facultate
896 3806 1161 3861 vicerunt.
1207 3796 1420 3854 Stoicus
1450 3791 1667 3864 quippe,
1701 3798 1758 3844 ut
1787 3798 1995 3841 mecum
2019 3797 2106 3838 re-
2159 3856 2163 3858 _

508 3908 643 3966 colis
663 3949 678 3974 ,
706 3903 806 3960 fuit
831 3901 924 3958 ille
949 3896 1299 3969 Chrysippus,
1329 3890 1397 3947 de
1430 3900 1536 3958 quo
1577 3880 1929 3939 Academicus
1966 3876 2105 3931 Car-
2133 3880 2138 3885 ‘

511 3970 711 4066 neades
735 3998 875 4052 hanc
897 3992 1128 4050 habebat
1150 3985 1492 4049 sententiam,
1522 3988 1584 4035 ut
1616 3974 1828 4048 quando
1855 3987 1984 4028 cum
2013 3970 2109 4024 illo

515 4098 618 4157 sibi
645 4103 789 4151 esset
811 4085 1188 4161 disputandum
1215 4122 1230 4148 ,
1257 4078 1496 4136 elleboro
1519 4069 1853 4146 purgandum
1875 4081 1968 4122 cor
1989 4077 2111 4120 esse

517 4195 797 4252 censeret;
840 4191 1066 4242 caeteros
1099 4185 1276 4232 autem
1309 4171 1396 4227 vel
1423 4180 1651 4240 pransus
1692 4163 1849 4219 facile
1887 4172 2111 4230 supera-

518 4289 607 4339 ret
633 4280 736 4351 (a).
777 4276 835 4333 Si
864 4289 991 4345 ergo
1017 4285 1115 4326 nos
1143 4267 1263 4323 libri
1290 4263 1592 4320 Stoicorum
1623 4254 1902 4313 dialectice
1927 4252 2113 4322 dispu-
2150 4330 2152 4332 ν

521 4343 978 4432 tat-edocuerunt,
1005 4359 1305 4417 doctrinam
1334 4353 1485 4409 Pauli
1505 4357 1688 4405 contra
1712 4361 1812 4402 nos
1837 4343 2115 4416 proferant

525 4464 765 4541 episcopi
790 4459 990 4518 vestri:
1019 4468 1200 4511 secum
1223 4458 1402 4505 tamen
1428 4458 1527 4500 nos
1552 4440 1799 4498 conferre
1825 4438 2115 4509 patiantur,
2161 4436 2172 4490 ’ρ

525 4534 668 4622 sicut
694 4534 838 4630 ipsos
862 4562 988 4609 tunc
1011 4547 1221 4608 Stoicos
1249 4543 1338 4598 ille
1364 4554 1471 4595 non
1498 4534 1710 4606 repulit.

528 4747 722 4806 cticam
753 4747 982 4804 vocant,
1025 4749 1146 4807 qua:
1182 4730 1314 4787 nihil
1357 4724 1500 4782 aliud
1536 4722 1694 4778 docet
1731 4731 1889 4789 quam
1930 4728 2122 4770 consev

533 4839 750 4917 quentia
773 4836 1162 4895 demonstrare,
1190 4839 1285 4882 seu
1312 4835 1438 4877 vera
1462 4817 1626 4881 veris,
1660 4827 1756 4868 seu
1783 4809 1912 4864 falsa
1939 4806 2084 4862 falsis
2103 4847 2121 4874 ,
2162 4822 2164 4824 ν

534 4897 806 5005 nunquam
832 4925 1070 4983 doctrina
1098 4916 1385 4975 christiana
1411 4906 1692 4970 formidat;
1733 4903 1872 4957 sicut
1911 4912 2029 4954 eam
2070 4897 2126 4951 in
2174 4903 2175 4906 ‘

537 4989 738 5086 Stoicis
765 5036 874 5078 non
897 5012 1200 5073 formidavit
1229 5003 1535 5078 Apostolus,
1567 5013 1702 5067 quos
1729 5007 1910 5050 secum
1938 4989 2128 5045 volen-

642 5081 896 5173 conferre
923 5123 1030 5164 non
1061 5102 1263 5173 respuit
1291 5098 1442 5171 (Act.
1473 5107 1604 5158 xvn,
1638 5087 1797 5144 16-31
1824 5083 1869 5156 ).
1909 5083 1977 5138 Et
2014 5081 2129 5151 ipsa

547 5211 686 5269 enim
713 5206 931 5270 fatetur,
961 5208 1016 5256 et
1041 5171 1226 5252 verum
1256 5197 1355 5252 est,
1388 5186 1657 5242 neminem
1681 5173 2002 5249 disputando
2023 5173 2042 5204 ί
2062 5171 2131 5227 ad

545 5301 942 5360 conclusionem
971 5291 1157 5347 falsam
1184 5288 1581 5353 consequenter
1605 5271 1828 5344 impelli,
1851 5256 1959 5324 nisi
1985 5263 2133 5337 prius

546 5391 882 5454 consenserit
911 5385 1055 5443 falsis
1081 5426 1096 5452 ,
1125 5379 1317 5452 quibus
1343 5373 1528 5431 eadem
1554 5365 1828 5426 conclusio
1850 5361 1980 5417 velit
2001 5357 2138 5415 nolit

546 5488 797 5547 efficitur.
829 5484 907 5538 Ac
931 5493 1028 5552 per
1055 5476 1159 5532 hoc
1181 5471 1274 5545 qui
1305 5474 1458 5525 cavet
1481 5478 1548 5519 ne
1576 5476 1633 5517 se
1663 5459 1914 5529 loquente
1941 5464 2136 5507 conse-

553 5588 782 5652 quantur
813 5551 949 5630 falsa
987 5585 1106 5642 quae
1144 5581 1248 5622 non
1280 5561 1411 5627 vult,
1441 5557 1628 5613 volens
1651 5551 1780 5606 falsa
1807 5552 1992 5602 caveat
2019 5555 2140 5612 qua:

547 5633 879 5747 praecedunt.
906 5663 964 5720 Si
998 5633 1176 5718 autem
1212 5648 1634 5728 praecedentibus
1658 5643 1800 5699 veris
1828 5633 2140 5699 inhaeserit,

554 5724 904 5839 Quaecumque
941 5724 1322 5824 consequentia
1360 5739 1694 5817 perspexerit
1719 5748 1838 5806 qua:
1873 5727 2004 5785 falsa
2028 5724 2144 5782 exi-

1237 432 1509 496 CONTRA
1551 417 1986 488 CRESCONIUM
2027 405 2483 478 DONATISTAM,
2522 404 2582 464 s.
2611 395 2981 461 AUGUSTINI

2145 529 2418 596 stimabat,
2447 524 2540 583 vel
2559 523 2628 580 de
2653 521 2848 593 quibus
2875 511 3170 578 dubitabat,
3200 507 3505 572 admonitus
3533 502 3734 574 ample-

2145 633 2341 690 ctatur,
2369 621 2418 676 si
2435 616 2644 691 veritati
2670 623 2754 670 est
2777 607 3134 685 pacatissima:
3152 603 3400 672 amicior,
3421 614 3582 672 quam
3611 613 3741 658 con-

3619 381 3729 442 ιω

2149 716 2545 777 tentiosissimze
2575 709 2817 768 vanitati.

2220 810 2447 870 CAPUT
2494 804 2637 862 XXI.
2665 832 2737 845 ——
2758 799 2850 856 26.
2882 798 3078 871 Parum
3106 788 3448 864 egerim,nisi
3479 788 3580 848 hoc
3601 785 3742 868 quod

2154 906 2275 962 dico
2303 904 2359 959 in
2387 901 2486 958 hac
2513 897 2700 954 eadem
2725 908 2846 964 qua:
2875 891 3014 945 inter
3043 901 3140 942 nos
3164 883 3388 942 vertitur
3414 887 3598 936 nostra
3629 893 3747 932 ser-

2157 995 2516 1053 mocinatione
2545 995 2932 1045 monstravero.
2977 981 3116 1037 Ecce
3139 981 3191 1034 in
3223 992 3285 1033 ea
3314 975 3426 1046 ipsa
3453 973 3753 1044 quastione

2157 1090 2226 1147 de
2254 1087 2532 1158 Baptismo
2573 1089 2631 1137 tu
2668 1075 2991 1152 proposuisti
3027 1089 3064 1130 a
3098 1087 3188 1128 me
3225 1070 3521 1140 requirens.
3565 1063 3656 1122 ubi
3703 1071 3752 1115 te

2156 1180 2419 1252 baptizari
2462 1173 2780 1239 conveniat,
2826 1178 3004 1224 utrum
3045 1163 3187 1236 apud
3224 1177 3321 1218 nos
3343 1201 3360 1228 ,
3399 1175 3468 1216 an
3506 1158 3562 1212 in
3606 1164 3757 1224 parte

2160 1273 2373 1330 Donati.
2440 1271 2508 1326 Et
2547 1268 2671 1339 quia
2719 1263 2941 1320 intentio
2992 1269 3084 1314 tua
3135 1264 3221 1313 est
3264 1256 3319 1310 in
3369 1261 3520 1324 parte
3562 1245 3760 1304 Donati

2164 1367 2436 1426 hominem
2474 1363 2648 1434 potius
2692 1355 2948 1429 baptizari
2987 1361 3278 1424 oportere,
3321 1347 3458 1402 hanc
3502 1342 3758 1399 intentio-

2165 1478 2286 1518 nem
2317 1460 2441 1516 binc
2463 1455 2689 1526 probare
2726 1460 2952 1507 conatus
2993 1460 3070 1510 cs,
3111 1440 3258 1514 quod
3298 1440 3459 1496 etiam
3498 1451 3597 1492 nos
3641 1447 3762 1488 esse

2166 1555 2277 1612 illic
2299 1551 2628 1622 Baptismum
2651 1560 2758 1601 non
2782 1553 3062 1613 negamus.
3090 1535 3251 1590 Vides
3277 1541 3427 1588 certe
3452 1528 3506 1584 id
3530 1536 3582 1582 te
3601 1539 3762 1596 agere

2166 1620 2401 1704 voluisse
2420 1686 2434 1711 ,
2463 1651 2522 1698 ut
2547 1656 2618 1698 ex
2647 1654 2712 1695 eo
2740 1635 2882 1708 quod
2907 1630 3280 1695 concedimus,
3307 1625 3374 1680 ad
3403 1623 3454 1678 id
3485 1620 3628 1693 quod
3657 1634 3766 1675 non

2169 1736 2594 1796 concedebamus
2615 1730 2977 1790 attrahamur;
3003 1723 3056 1779 id
3079 1729 3258 1787 est,_ut
3277 1718 3398 1789 quia
3419 1712 3766 1770 concedimus

2172 1847 2292 1889 esse
2315 1830 2423 1886 illic
2451 1827 2800 1898 Baptismum,
2828 1821 2988 1876 etiam
3015 1816 3120 1871 illic
3142 1827 3262 1893 esse
3287 1808 3560 1866 hominem
3586 1801 3766 1874 bapti-

2175 1926 2402 1983 zandum
2430 1920 2729 1979 concedere
2754 1913 3160 1984 compelluntur.
3239 1889 3242 1893 ’

2247 2016 2472 2076 CAPUT
2508 2013 2674 2070 XXII.
2703 2009 2887 2063 -27.
2930 2001 3224 2062 Considera
3271 1997 3551 2066 diligenter
3598 1989 3647 2045 si
3690 1993 3778 2044 est

2182 2113 2288 2169 hoc
2315 2121 2669 2178 consequens,
2695 2112 2750 2159 et
2773 2101 2866 2157 tibi
2889 2100 3002 2169 ipse
3021 2092 3304 2164 restionde.
3334 2083 3638 2144 Putoenim
3660 2081 3782 2152 iam.

2181 2206 2286 2264 hoc
2311 2211 2432 2259 ante
2461 2200 2646 2257 oculos
2670 2193 2989 2256 constituto,
3029 2187 3206 2244 cernis
3243 2197 3340 2254 pro
3366 2177 3561 2251 ingenii
3589 2177 3667 2230 tui
3694 2174 3778 2228 vi-

2182 2297 2410 2352 vacitate
2428 2334 2444 2361 ,
2481 2305 2642 2362 quam
2671 2303 2776 2343 non
2803 2280 3181 2351 consequentia
3208 2291 3304 2347 pro
3325 2266 3782 2341 consequentibus

2186 2391 2426 2461 colligas.
2458 2387 2590 2441 Nam
2612 2397 2798 2438 revera
2818 2379 3046 2434 dicimus
3065 2372 3467 2442 Baptismuntet
3487 2364 3596 2418 illic
3615 2375 3744 2417 esse
3765 2379 3781 2413 :

2189 2484 2286 2540 sed
2317 2498 2420 2538 non
2452 2478 2678 2534 dicimus
2701 2481 2758 2530 et
2786 2470 3059 2543 prodesse,
3083 2466 3192 2521 imo
3212 2476 3340 2516 vero
3359 2458 3586 2514 dicimus
3609 2464 3668 2517 et
3688 2453 3788 2508 ob-

2190 2593 2332 2634 esse.
2364 2572 2498 2631 Cum
2523 2580 2699 2627 autem
2725 2566 2981 2638 quaeritur
3007 2561 3094 2618 ubi
3124 2557 3349 2629 quisque
3379 2552 3575 2608 debeat
3601 2548 3785 2618 bapti-

2192 2672 2342 2739 zari,
2385 2666 2549 2725 credo
2586 2670 2804 2735 propter
2840 2657 2972 2715 illud
3010 2653 3178 2726 quaeri
3218 2648 3359 2722 quod
3399 2645 3664 2704 Dominus
3691 2641 3792 2706 ait.

2196 2767 2318 2823 Nisi
2344 2764 2456 2835 quis
2481 2769 2687 2816 renatus
2710 2755 2860 2828 fuerit
2885 2767 2948 2808 ea:
2971 2766 3108 2823 aqua
3133 2757 3180 2801 et
3208 2744 3422 2815 spiritu,
3450 2757 3550 2794 non
3579 2735 3796 2792 intrabit

2195 2863 2252 2916 in
2279 2872 2497 2938 regnant
2514 2853 2753 2908 caelorum
2783 2847 2979 2918 (Joan.
3009 2859 3088 2910 tn,
3117 2840 3207 2912 ὅ).
3253 2837 3386 2906 Quia
3411 2847 3540 2904 ergo
3569 2837 3794 2901 propter

2198 2957 2340 3013 hanc
2362 2932 2645 3008 utilitatem
2671 2939 3014 3014 accipiendus
3035 2946 3118 2993 est
3141 2932 3464 3003 Baptismus,
3498 2941 3621 2981 cum
3648 2937 3796 2994 qua:-

2199 3049 2336 3105 ritur
2362 3012 2818 3110 ubiaecipiendus
2846 3035 2946 3097 sit,
2980 3045 3087 3087 non
3131 3025 3387 3098 quaeritur
3429 3019 3520 3076 ubi
3563 3017 3666 3083 sit,
3698 3012 3800 3070 sed

2205 3141 2293 3195 ubi
2318 3138 2388 3193 ad
2412 3105 2634 3206 regnum
2667 3130 2928 3186 ctelorum
2964 3116 3362 3192 adipiscendum
3395 3112 3541 3168 utilis
3571 3110 3665 3164 sit.
3691 3105 3798 3162 Se-

2203 3197 2688 3302 quereturvautem
2731 3221 2891 3276 etiam
2934 3215 3042 3276 illic
3078 3205 3446 3280 accipiendum
3492 3216 3636 3268 esse,
3674 3197 3802 3253 ubi-

2206 3337 2435 3394 cumque
2460 3335 2584 3376 eum
2612 3322 2822 3372 constat
2844 3325 2986 3377 esse,
3024 3308 3066 3363 si
3105 3316 3291 3360 omnes
3328 3299 3419 3370 qui
3459 3295 3664 3352 habent
3703 3291 3806 3346 ali-

2208 3384 2505 3489 quid-boni
2527 3454 2546 3481 ,
2583 3411 2746 3466 etiam
2782 3407 2924 3463 bono
2951 3416 3050 3458 suo
3074 3397 3278 3472 habere
3295 3393 3579 3449 doceretur
3597 3389 3638 3440 ί.
3667 3384 3806 3441 Cum

2210 3526 2342 3568 vero
2383 3518 2490 3564 tam
2530 3480 2686 3560 multi
2726 3509 2834 3556 tam
2877 3495 3042 3552 multa
3080 3492 3220 3548 bona
3256 3487 3487 3542 habeant
3513 3480 3661 3536 malo
3686 3493 3806 3544 suo,

2212 3605 2330 3678 quis
2359 3618 2466 3659 non
2492 3599 2672 3654 videat
2689 3609 2812 3650 cum
2834 3589 3088 3663 quaeritur
3108 3585 3198 3641 ubi
3216 3579 3414 3652 aliquid
3433 3571 3810 3646 accipiendum

2215 3701 2304 3766 sit,
2331 3713 2437 3752 non
2467 3692 2633 3765 qumri
2660 3688 2748 3745 ubi
2775 3689 2862 3752 sit,
2893 3682 2990 3740 sed
3013 3682 3108 3737 ubi
3130 3676 3328 3750 prosit?
3350 3669 3632 3742 Quomodo
3665 3667 3812 3723 enim

2215 3794 2259 3850 si
2289 3791 2419 3847 mihi
2449 3785 2773 3844 concederes
2815 3781 3012 3834 bonum
3052 3787 3172 3829 esse
3210 3783 3395 3824 aurum
3419 3807 3434 3832 ,
3483 3760 3814 3819 concederes

2181 3894 2183 3896 ’
2217 3889 2376 3944 etiam
2423 3883 2658 3938 latrones
2698 3887 2910 3948 quoque
2952 3869 3152 3925 habere
3189 3877 3400 3928 aurum,
3433 3873 3566 3924 non,
3597 3854 3810 3925 opinor,

2173 4008 2178 4024 λ
2219 3982 2389 4038 velles
2418 3986 2477 4033 ut
2508 3991 2573 4030 ex
2601 3974 2686 4029 his
2712 3970 2920 4025 duobus
2944 3961 3216 4021 concessis
3243 3952 3622 4014 concluderem
3647 3992 3661 4013 ,
3695 3960 3814 4004 eum

2220 4075 2312 4147 qui
2341 4072 2542 4127 habere
2566 4080 2754 4122 aurum
2784 4060 2946 4125 velit,
2993 4057 3046 4110 in
3097 4055 3361 4107 latronum
3399 4045 3664 4101 societate
3701 4050 3817 4094 esse

2223 4178 2472 4241 oportere
2504 4183 2515 4217 :
2547 4164 2639 4227 ita,
2668 4173 2787 4215 cum
2814 4164 2870 4210 et
2895 4167 2996 4223 ego
3015 4146 3253 4206 concedo
3275 4145 3470 4199 bonum
3494 4153 3618 4194 esse
3637 4133 3819 4203 Bapti-

2225 4227 2401 4321 sinum
2423 4303 2437 4328 ,
2469 4254 2704 4315 concedo
2733 4251 2894 4307 etiam
2923 4241 3230 4302 Donatistas
3252 4249 3465 4309 quoque
3491 4227 3818 4288 habere‘Ba-

2226 4359 2502 4430 ptismum,
2545 4364 2653 4406 non
2691 4344 2857 4402 debes
2903 4355 2970 4396 ex
3009 4336 3094 4392 his
3132 4329 3342 4388 duobus
3370 4323 3647 4383 concessis
3672 4315 3820 4390 quasi

2227 4410 2833 4520 seqﬁuaturconcludere,
2857 4448 2978 4490 eum
2993 4429 3086 4501 qui
3108 4427 3305 4481 habere
3323 4410 3818 4490 Baptismumvelit,

2229 4548 2282 4603 in
2314 4544 2569 4601 societate
2594 4533 2987 4592 Donatistarum
3013 4537 3134 4580 esse
3157 4518 3370 4576 debere.

599 4621 826 4711 οΑιίυΤ
865 4646 984 4704 XX.
1012 4673 1085 4686 —-
1109 4641 1200 4697 25.
1231 4637 1384 4694 Hanc
1406 4633 1548 4690 enim
1571 4637 1740 4683 artem
1765 4637 1922 4696 quam
1947 4621 2117 4678 diale-
2165 4629 2174 4704 ς
2203 4635 2210 4654 ι

2303 4592 3118 4694 «Exsistunt—23.1.".
3156 4627 3228 4668 ex
3268 4610 3366 4663 hoc
3406 4603 3569 4661 etiam
3599 4598 3698 4655 tibi
3726 4592 3823 4665 ipsi

2233 4742 2517 4790 occurrere
2543 4724 2708 4780 multa
2739 4733 2845 4774 non
2873 4713 3078 4773 dubito,
3101 4720 3221 4779 qua:
3249 4697 3494 4775 quamvis
3522 4695 3666 4750 bona
3695 4690 3820 4753 sint,

2235 4834 2291 4882 et
2316 4823 2382 4878 ad
2411 4819 2539 4875 utile
2569 4812 2761 4885 aliquid
2793 4808 3030 4865 instituta
3055 4845 3069 4869 ,
3111 4814 3217 4854 non
3246 4793 3495 4851 omnibus
3524 4799 3704 4843 tamen
3737 4782 3827 4836 has-

2237 4913 2488 4973 bentibus
2515 4910 2623 4965 sint
2649 4877 2817 4969 utilia,
2851 4898 2944 4956 sed
2977 4888 3343 4952 tantummodo
3370 4885 3509 4941 bene
3537 4877 3828 4935 utentibus.

2239 5010 2372 5066 Nam
2411 5017 2534 5061 cum
2569 4999 2756 5058 eadem
2790 4995 2908 5049 luce
2946 4995 3002 5045 et
3038 4985 3152 5042 sani
3177 4980 3321 5060 oculi
3350 4973 3746 5050 perfunduntur
3783 4975 3836 5020 et

2243 5099 2430 5164 saucii,
2455 5098 2570 5152 istis
2598 5090 2962 5162 adiumentum
2997 5087 3100 5146 est,
3142 5075 3247 5132 illis
3291 5058 3638 5127 termentum.
3689 5059 3835 5116 Idem

2245 5151 2573 5252 cibus'alias
2610 5151 2944 5238 valetudines
2971 5172 3087 5239 alit,
3115 5169 3249 5224 alias
3276 5163 3424 5220 laedit
3452 5177 3466 5215 ε
3496 5158 3650 5214 idem.
3668 5151 3838 5210 medi-

2247 5293 2550 5346 camentum
2602 5278 2704 5334 hos
2744 5281 2933 5340 curat,
2980 5267 3100 5322 illos
3140 5259 3380 5319 debilitat
3411 5274 3425 5310 :
3456 5253 3646 5311 eadem
3691 5258 3838 5302 arma

2248 5383 2384 5438 alios
2431 5375 2714 5437 muniunt,
2758 5368 2890 5423 alios
2936 5350 3479 5433 impediuntzeadem
3521 5344 3686 5400 vestis
3725 5339 3842 5393 aliis

2251 5476 2560 5544 tegumento
2602 5433 2710 5530 est,
2751 5452 3327 5523 aliis-implicamento.
3355 5441 3442 5497 Sic
3467 5445 3522 5493 et
3541 5433 3844 5504 Baptismus

2253 5535 2373 5621 aliis
2394 5559 2536 5616 valet
2559 5554 2625 5610 ad
2651 5563 2894 5622 regnum,
2923 5543 3041 5598 aliis
3067 5539 3132 5595 ad
3153 5535 3435 5609 judicium.

2327 5614 2556 5714 CAPUT
2590 5614 2782 5704 xva.
2810 5670 2884 5685 .-
2901 5637 2996 5694 29.
3025 5633 3122 5689 Hic
3147 5629 3304 5684 video
3323 5622 3448 5696 quid
3476 5629 3528 5677 te
3549 5614 3724 5690 possit
3739 5625 3848 5666 mo»

2255 5769 2408 5815 vere.
2452 5749 2703 5810 Fortasse
2740 5740 2882 5798 enim
2909 5732 3044 5792 dicis
3073 5727 3215 5806 quod
3249 5726 3305 5782 in
3332 5723 3417 5778 his
3441 5716 3687 5776 omnibus
3719 5703 3858 5766 nihif'

2336 5942 2353 5976 ί
2387 5940 2524 5997 miti,
2553 5931 2853 5983 docerentur.
2891 5927 2948 5972 Αι
2968 5926 3096 5980 tam,
3124 5902 3396 5964 docerent.

2145 6043 2164 6079 ,Α
2180 6029 2226 6086 ν..)
