  <div class='ocr_page' id='page_1' title='image "/cluster/home/n/w/nwhite01/storage/ocr_20150623/43/hvd.32044012717385/236.png"; bbox 0 0 3998 6536; ppageno 0'>
   <div class='ocr_carea' id='block_1_1' title="bbox 270 446 368 512">
    <p class='ocr_par' dir='ltr' id='par_1_1' title="bbox 270 446 368 512">
     <span class='ocr_line' id='line_1_1' title="bbox 270 446 368 512; baseline 0 0"><span class='ocrx_word' id='word_1_1' title='bbox 270 446 368 512; x_wconf 78' lang='lat' dir='ltr'><strong>tet</strong></span> 
     </span>
    </p>
   </div>
   <div class='ocr_carea' id='block_1_2' title="bbox 267 559 1264 625">
    <p class='ocr_par' dir='ltr' id='par_1_2' title="bbox 267 559 1264 625">
     <span class='ocr_line' id='line_1_2' title="bbox 267 559 1264 625; baseline -0.012 0"><span class='ocrx_word' id='word_1_2' title='bbox 267 564 610 625; x_wconf 74' lang='lat' dir='ltr'><strong>Sacrameti.</strong></span> <span class='ocrx_word' id='word_1_3' title='bbox 669 559 1196 619; x_wconf 82' lang='lat' dir='ltr'><strong>eommemoraverim</strong></span> <span class='ocrx_word' id='word_1_4' title='bbox 1253 577 1264 613; x_wconf 94' lang='lat'><strong>:</strong></span> 
     </span>
    </p>
   </div>
   <div class='ocr_carea' id='block_1_3' title="bbox 268 652 1850 722">
    <p class='ocr_par' dir='ltr' id='par_1_3' title="bbox 268 652 1850 722">
     <span class='ocr_line' id='line_1_3' title="bbox 268 652 1850 722; baseline -0.006 -6"><span class='ocrx_word' id='word_1_5' title='bbox 268 667 514 718; x_wconf 84' lang='lat' dir='ltr'><strong>sanctum</strong></span> <span class='ocrx_word' id='word_1_6' title='bbox 539 657 941 716; x_wconf 82' lang='lat' dir='ltr'><strong>Sacramentum</strong></span> <span class='ocrx_word' id='word_1_7' title='bbox 968 664 1074 722; x_wconf 89' lang='lat' dir='ltr'><strong>est,</strong></span> <span class='ocrx_word' id='word_1_8' title='bbox 1100 663 1156 710; x_wconf 78' lang='lat' dir='ltr'><strong>et</strong></span> <span class='ocrx_word' id='word_1_9' title='bbox 1193 652 1316 708; x_wconf 90' lang='lat' dir='ltr'><strong>ideo</strong></span> <span class='ocrx_word' id='word_1_10' title='bbox 1353 667 1458 708; x_wconf 91' lang='lat' dir='ltr'><strong>non</strong></span> <span class='ocrx_word' id='word_1_11' title='bbox 1498 665 1618 712; x_wconf 86' lang='lat' dir='ltr'><strong>esse</strong></span> <span class='ocrx_word' id='word_1_12' title='bbox 1658 665 1850 707; x_wconf 83' lang='lat' dir='ltr'><strong>conse-</strong></span> 
     </span>
    </p>
   </div>
   <div class='ocr_carea' id='block_1_4' title="bbox 267 744 1853 823">
    <p class='ocr_par' dir='ltr' id='par_1_4' title="bbox 267 744 1853 823">
     <span class='ocr_line' id='line_1_4' title="bbox 267 744 1853 823; baseline -0.007 -15"><span class='ocrx_word' id='word_1_13' title='bbox 267 767 461 823; x_wconf 80' lang='lat' dir='ltr'><strong>quens,</strong></span> <span class='ocrx_word' id='word_1_14' title='bbox 499 759 560 806; x_wconf 86' lang='lat' dir='ltr'><strong>ut</strong></span> <span class='ocrx_word' id='word_1_15' title='bbox 602 752 654 807; x_wconf 82' lang='lat' dir='ltr'><strong>si</strong></span> <span class='ocrx_word' id='word_1_16' title='bbox 688 749 754 807; x_wconf 90' lang='lat' dir='ltr'><strong>de</strong></span> <span class='ocrx_word' id='word_1_17' title='bbox 792 763 942 814; x_wconf 85' lang='lat' dir='ltr'><strong>auro,</strong></span> <span class='ocrx_word' id='word_1_18' title='bbox 971 747 1040 802; x_wconf 90' lang='lat' dir='ltr'><strong>de</strong></span> <span class='ocrx_word' id='word_1_19' title='bbox 1080 747 1216 812; x_wconf 89' lang='lat' dir='ltr'><strong>luce,</strong></span> <span class='ocrx_word' id='word_1_20' title='bbox 1253 745 1321 802; x_wconf 91' lang='lat' dir='ltr'><strong>de</strong></span> <span class='ocrx_word' id='word_1_21' title='bbox 1360 744 1650 811; x_wconf 79' lang='lat' dir='ltr'><strong>alimentis,</strong></span> <span class='ocrx_word' id='word_1_22' title='bbox 1676 757 1853 798; x_wconf 85' lang='lat' dir='ltr'><strong>arma-</strong></span> 
     </span>
    </p>
   </div>
   <div class='ocr_carea' id='block_1_5' title="bbox 266 835 1852 911">
    <p class='ocr_par' dir='ltr' id='par_1_5' title="bbox 266 835 1852 911">
     <span class='ocr_line' id='line_1_5' title="bbox 266 835 1852 911; baseline -0.008 -11"><span class='ocrx_word' id='word_1_23' title='bbox 266 843 485 911; x_wconf 77' lang='lat' dir='ltr'><strong>mentis,</strong></span> <span class='ocrx_word' id='word_1_24' title='bbox 515 841 846 902; x_wconf 74' lang='lat' dir='ltr'><strong>indumentis</strong></span> <span class='ocrx_word' id='word_1_25' title='bbox 884 839 1097 911; x_wconf 78' lang='lat' dir='ltr'><strong>probari</strong></span> <span class='ocrx_word' id='word_1_26' title='bbox 1122 838 1292 909; x_wconf 84' lang='lat' dir='ltr'><strong>potuit</strong></span> <span class='ocrx_word' id='word_1_27' title='bbox 1319 836 1465 908; x_wconf 76' lang='lat' dir='ltr'><strong>quod</strong></span> <span class='ocrx_word' id='word_1_28' title='bbox 1495 836 1611 890; x_wconf 88' lang='lat' dir='ltr'><strong>aliis</strong></span> <span class='ocrx_word' id='word_1_29' title='bbox 1646 835 1852 890; x_wconf 85' lang='lat' dir='ltr'><strong>haben-</strong></span> 
     </span>
    </p>
   </div>
   <div class='ocr_carea' id='block_1_6' title="bbox 269 928 1854 1007">
    <p class='ocr_par' dir='ltr' id='par_1_6' title="bbox 269 928 1854 1007">
     <span class='ocr_line' id='line_1_6' title="bbox 269 928 1854 1007; baseline -0.006 -15"><span class='ocrx_word' id='word_1_30' title='bbox 269 937 409 996; x_wconf 90' lang='lat' dir='ltr'><strong>tibus</strong></span> <span class='ocrx_word' id='word_1_31' title='bbox 447 944 570 1007; x_wconf 80' lang='lat' dir='ltr'><strong>apta</strong></span> <span class='ocrx_word' id='word_1_32' title='bbox 615 936 754 1001; x_wconf 78' lang='lat' dir='ltr'><strong>sint,</strong></span> <span class='ocrx_word' id='word_1_33' title='bbox 809 934 928 992; x_wconf 82' lang='lat' dir='ltr'><strong>aliis</strong></span> <span class='ocrx_word' id='word_1_34' title='bbox 970 931 1422 997; x_wconf 82' lang='lat' dir='ltr'><strong>inconvenientia,</strong></span> <span class='ocrx_word' id='word_1_35' title='bbox 1459 928 1704 1000; x_wconf 77' lang='lat' dir='ltr'><strong>quamvis</strong></span> <span class='ocrx_word' id='word_1_36' title='bbox 1745 929 1854 984; x_wconf 82' lang='lat' dir='ltr'><strong>sint</strong></span> 
     </span>
    </p>
   </div>
   <div class='ocr_carea' id='block_1_7' title="bbox 267 1021 1853 1098">
    <p class='ocr_par' dir='ltr' id='par_1_7' title="bbox 267 1021 1853 1098">
     <span class='ocr_line' id='line_1_7' title="bbox 267 1021 1853 1098; baseline -0.007 -11"><span class='ocrx_word' id='word_1_37' title='bbox 267 1030 404 1087; x_wconf 79' lang='lat' dir='ltr'><strong>bona</strong></span> <span class='ocrx_word' id='word_1_38' title='bbox 430 1038 486 1085; x_wconf 90' lang='lat' dir='ltr'><strong>et</strong></span> <span class='ocrx_word' id='word_1_39' title='bbox 507 1029 576 1086; x_wconf 89' lang='lat' dir='ltr'><strong>ad</strong></span> <span class='ocrx_word' id='word_1_40' title='bbox 604 1028 742 1086; x_wconf 74' lang='lat' dir='ltr'><strong>uile</strong></span> <span class='ocrx_word' id='word_1_41' title='bbox 759 1027 962 1098; x_wconf 74' lang='lat' dir='ltr'><strong>aliquid</strong></span> <span class='ocrx_word' id='word_1_42' title='bbox 982 1026 1220 1081; x_wconf 87' lang='lat' dir='ltr'><strong>instituta</strong></span> <span class='ocrx_word' id='word_1_43' title='bbox 1241 1064 1256 1089; x_wconf 93' lang='lat'><strong>,</strong></span> <span class='ocrx_word' id='word_1_44' title='bbox 1286 1023 1540 1082; x_wconf 80' lang='lat' dir='ltr'><strong>continuo</strong></span> <span class='ocrx_word' id='word_1_45' title='bbox 1563 1023 1722 1078; x_wconf 90' lang='lat' dir='ltr'><strong>etiam</strong></span> <span class='ocrx_word' id='word_1_46' title='bbox 1751 1021 1853 1076; x_wconf 79' lang='lat' dir='ltr'><strong>Ba-</strong></span> 
     </span>
    </p>
   </div>
   <div class='ocr_carea' id='block_1_8' title="bbox 269 1113 1856 1192">
    <p class='ocr_par' dir='ltr' id='par_1_8' title="bbox 269 1113 1856 1192">
     <span class='ocr_line' id='line_1_8' title="bbox 269 1113 1856 1192; baseline -0.005 -16"><span class='ocrx_word' id='word_1_47' title='bbox 269 1123 495 1192; x_wconf 88' lang='lat' dir='ltr'><strong>ptismus</strong></span> <span class='ocrx_word' id='word_1_48' title='bbox 542 1120 668 1177; x_wconf 82' lang='lat' dir='ltr'><strong>aliis</strong></span> <span class='ocrx_word' id='word_1_49' title='bbox 706 1118 907 1189; x_wconf 75' lang='lat' dir='ltr'><strong>prosit,</strong></span> <span class='ocrx_word' id='word_1_50' title='bbox 951 1118 1072 1176; x_wconf 82' lang='lat' dir='ltr'><strong>aliis</strong></span> <span class='ocrx_word' id='word_1_51' title='bbox 1108 1116 1249 1176; x_wconf 73' lang='lat' dir='ltr'><strong>obsit.</strong></span> <span class='ocrx_word' id='word_1_52' title='bbox 1288 1114 1624 1174; x_wconf 76' lang='lat' dir='ltr'><strong>habentibus.</strong></span> <span class='ocrx_word' id='word_1_53' title='bbox 1668 1113 1856 1168; x_wconf 79' lang='lat' dir='ltr'><strong>Restat</strong></span> 
     </span>
    </p>
   </div>
   <div class='ocr_carea' id='block_1_9' title="bbox 267 1204 1854 1282">
    <p class='ocr_par' dir='ltr' id='par_1_9' title="bbox 267 1204 1854 1282">
     <span class='ocr_line' id='line_1_9' title="bbox 267 1204 1854 1282; baseline -0.005 -16"><span class='ocrx_word' id='word_1_54' title='bbox 267 1225 392 1282; x_wconf 84' lang='lat' dir='ltr'><strong>ergo</strong></span> <span class='ocrx_word' id='word_1_55' title='bbox 421 1210 598 1268; x_wconf 80' lang='lat' dir='ltr'><strong>adhuc</strong></span> <span class='ocrx_word' id='word_1_56' title='bbox 622 1209 917 1281; x_wconf 75' lang='lat' dir='ltr'><strong>requirere,</strong></span> <span class='ocrx_word' id='word_1_57' title='bbox 945 1217 1124 1264; x_wconf 72' lang='lat' dir='ltr'><strong>utrum</strong></span> <span class='ocrx_word' id='word_1_58' title='bbox 1144 1208 1310 1264; x_wconf 86' lang='lat' dir='ltr'><strong>etiam.</strong></span> <span class='ocrx_word' id='word_1_59' title='bbox 1341 1207 1429 1264; x_wconf 87' lang='lat' dir='ltr'><strong>illa</strong></span> <span class='ocrx_word' id='word_1_60' title='bbox 1467 1205 1606 1261; x_wconf 86' lang='lat' dir='ltr'><strong>bona</strong></span> <span class='ocrx_word' id='word_1_61' title='bbox 1640 1220 1759 1275; x_wconf 82' lang='lat' dir='ltr'><strong>quae</strong></span> <span class='ocrx_word' id='word_1_62' title='bbox 1785 1204 1854 1259; x_wconf 89' lang='lat' dir='ltr'><strong>ad</strong></span> 
     </span>
    </p>
   </div>
   <div class='ocr_carea' id='block_1_10' title="bbox 268 1296 1857 1374">
    <p class='ocr_par' dir='ltr' id='par_1_10' title="bbox 268 1296 1857 1374">
     <span class='ocr_line' id='line_1_10' title="bbox 268 1296 1857 1374; baseline -0.004 -18"><span class='ocrx_word' id='word_1_63' title='bbox 268 1303 438 1374; x_wconf 81' lang='lat' dir='ltr'><strong>legent</strong></span> <span class='ocrx_word' id='word_1_64' title='bbox 464 1302 557 1358; x_wconf 89' lang='lat' dir='ltr'><strong>Dei</strong></span> <span class='ocrx_word' id='word_1_65' title='bbox 589 1300 1076 1372; x_wconf 81' lang='lat' dir='ltr'><strong>pertinent,.omnia</strong></span> <span class='ocrx_word' id='word_1_66' title='bbox 1101 1299 1347 1357; x_wconf 87' lang='lat' dir='ltr'><strong>omnibus</strong></span> <span class='ocrx_word' id='word_1_67' title='bbox 1379 1296 1697 1354; x_wconf 75' lang='lat' dir='ltr'><strong>habentibus</strong></span> <span class='ocrx_word' id='word_1_68' title='bbox 1734 1309 1857 1364; x_wconf 40' lang='lat' dir='ltr'><strong>pro-ﬁ</strong></span> 
     </span>
    </p>
   </div>
   <div class='ocr_carea' id='block_1_11' title="bbox 266 1378 1862 1464">
    <p class='ocr_par' dir='ltr' id='par_1_11' title="bbox 266 1378 1862 1464">
     <span class='ocr_line' id='line_1_11' title="bbox 266 1378 1862 1464; baseline -0.006 -14"><span class='ocrx_word' id='word_1_69' title='bbox 266 1393 388 1450; x_wconf 88' lang='lat' dir='ltr'><strong>siut.</strong></span> <span class='ocrx_word' id='word_1_70' title='bbox 415 1394 526 1449; x_wconf 84' lang='lat' dir='ltr'><strong>Hac</strong></span> <span class='ocrx_word' id='word_1_71' title='bbox 546 1392 838 1464; x_wconf 63' lang='lat' dir='ltr'><strong>quastione</strong></span> <span class='ocrx_word' id='word_1_72' title='bbox 858 1393 1148 1463; x_wconf 80' lang='lat' dir='ltr'><strong>proposita,</strong></span> <span class='ocrx_word' id='word_1_73' title='bbox 1171 1391 1396 1448; x_wconf 83' lang='lat' dir='ltr'><strong>intentio</strong></span> <span class='ocrx_word' id='word_1_74' title='bbox 1413 1398 1594 1445; x_wconf 89' lang='lat' dir='ltr'><strong>nostra</strong></span> <span class='ocrx_word' id='word_1_75' title='bbox 1613 1378 1862 1457; x_wconf 79' lang='lat' dir='ltr'><strong>estquod</strong></span> 
     </span>
    </p>
   </div>
   <div class='ocr_carea' id='block_1_12' title="bbox 267 1479 1857 1557">
    <p class='ocr_par' dir='ltr' id='par_1_12' title="bbox 267 1479 1857 1557">
     <span class='ocr_line' id='line_1_12' title="bbox 267 1479 1857 1557; baseline -0.004 -15"><span class='ocrx_word' id='word_1_76' title='bbox 267 1501 363 1546; x_wconf 73' lang='lat' dir='ltr'><strong>nec</strong></span> <span class='ocrx_word' id='word_1_77' title='bbox 386 1486 503 1557; x_wconf 78' lang='lat' dir='ltr'><strong>ipsa</strong></span> <span class='ocrx_word' id='word_1_78' title='bbox 528 1486 707 1544; x_wconf 83' lang='lat' dir='ltr'><strong>omnia</strong></span> <span class='ocrx_word' id='word_1_79' title='bbox 727 1485 972 1557; x_wconf 80' lang='lat' dir='ltr'><strong>omnibus</strong></span> <span class='ocrx_word' id='word_1_80' title='bbox 996 1484 1310 1540; x_wconf 79' lang='lat' dir='ltr'><strong>habentibus</strong></span> <span class='ocrx_word' id='word_1_81' title='bbox 1334 1484 1558 1554; x_wconf 85' lang='lat' dir='ltr'><strong>prosint.</strong></span> <span class='ocrx_word' id='word_1_82' title='bbox 1594 1481 1744 1539; x_wconf 77' lang='lat' dir='ltr'><strong>Hane</strong></span> <span class='ocrx_word' id='word_1_83' title='bbox 1771 1479 1857 1536; x_wconf 88' lang='lat' dir='ltr'><strong>in-</strong></span> 
     </span>
    </p>
   </div>
   <div class='ocr_carea' id='block_1_13' title="bbox 270 1573 1855 1648">
    <p class='ocr_par' dir='ltr' id='par_1_13' title="bbox 270 1573 1855 1648">
     <span class='ocr_line' id='line_1_13' title="bbox 270 1573 1855 1648; baseline -0.003 -16"><span class='ocrx_word' id='word_1_84' title='bbox 270 1580 562 1634; x_wconf 82' lang='lat' dir='ltr'><strong>tentionem</strong></span> <span class='ocrx_word' id='word_1_85' title='bbox 589 1588 828 1636; x_wconf 83' lang='lat' dir='ltr'><strong>nostram</strong></span> <span class='ocrx_word' id='word_1_86' title='bbox 852 1576 977 1635; x_wconf 90' lang='lat' dir='ltr'><strong>vide</strong></span> <span class='ocrx_word' id='word_1_87' title='bbox 1004 1575 1454 1647; x_wconf 83' lang='lat' dir='ltr'><strong>quemadmodum</strong></span> <span class='ocrx_word' id='word_1_88' title='bbox 1479 1573 1770 1648; x_wconf 78' lang='lat' dir='ltr'><strong>probemus</strong></span> <span class='ocrx_word' id='word_1_89' title='bbox 1787 1586 1855 1628; x_wconf 77' lang='lat' dir='ltr'><strong>ex.</strong></span> 
     </span>
    </p>
   </div>
   <div class='ocr_carea' id='block_1_14' title="bbox 268 1665 1855 1731">
    <p class='ocr_par' dir='ltr' id='par_1_14' title="bbox 268 1665 1855 1731">
     <span class='ocr_line' id='line_1_14' title="bbox 268 1665 1855 1731; baseline -0.005 -3"><span class='ocrx_word' id='word_1_90' title='bbox 268 1671 710 1731; x_wconf 85' lang='lat' dir='ltr'><strong>concessionibus</strong></span> <span class='ocrx_word' id='word_1_91' title='bbox 746 1670 961 1728; x_wconf 85' lang='lat' dir='ltr'><strong>vestris.</strong></span> <span class='ocrx_word' id='word_1_92' title='bbox 1006 1668 1314 1724; x_wconf 87' lang='lat' dir='ltr'><strong>Conceditis</strong></span> <span class='ocrx_word' id='word_1_93' title='bbox 1353 1667 1494 1723; x_wconf 88' lang='lat' dir='ltr'><strong>enim</strong></span> <span class='ocrx_word' id='word_1_94' title='bbox 1525 1666 1580 1721; x_wconf 91' lang='lat' dir='ltr'><strong>in</strong></span> <span class='ocrx_word' id='word_1_95' title='bbox 1606 1665 1855 1721; x_wconf 83' lang='lat' dir='ltr'><strong>omnibus</strong></span> 
     </span>
    </p>
   </div>
   <div class='ocr_carea' id='block_1_15' title="bbox 267 1755 1858 1834">
    <p class='ocr_par' dir='ltr' id='par_1_15' title="bbox 267 1755 1858 1834">
     <span class='ocr_line' id='line_1_15' title="bbox 267 1755 1858 1834; baseline -0.006 -13"><span class='ocrx_word' id='word_1_96' title='bbox 267 1762 600 1821; x_wconf 70' lang='lat' dir='ltr'><strong>credendum</strong></span> <span class='ocrx_word' id='word_1_97' title='bbox 637 1777 758 1818; x_wconf 84' lang='lat' dir='ltr'><strong>esse</strong></span> <span class='ocrx_word' id='word_1_98' title='bbox 795 1761 1040 1834; x_wconf 87' lang='lat' dir='ltr'><strong>apostolo</strong></span> <span class='ocrx_word' id='word_1_99' title='bbox 1084 1760 1268 1816; x_wconf 86' lang='lat' dir='ltr'><strong>Paulo.</strong></span> <span class='ocrx_word' id='word_1_100' title='bbox 1296 1759 1476 1814; x_wconf 85' lang='lat' dir='ltr'><strong>Teneo</strong></span> <span class='ocrx_word' id='word_1_101' title='bbox 1507 1773 1687 1813; x_wconf 83' lang='lat' dir='ltr'><strong>unum.</strong></span> <span class='ocrx_word' id='word_1_102' title='bbox 1714 1755 1858 1812; x_wconf 82' lang='lat' dir='ltr'><strong>Con-</strong></span> 
     </span>
    </p>
   </div>
   <div class='ocr_carea' id='block_1_16' title="bbox 267 1846 1853 1922">
    <p class='ocr_par' dir='ltr' id='par_1_16' title="bbox 267 1846 1853 1922">
     <span class='ocr_line' id='line_1_16' title="bbox 267 1846 1853 1922; baseline -0.006 -11"><span class='ocrx_word' id='word_1_103' title='bbox 267 1855 456 1914; x_wconf 79' lang='lat' dir='ltr'><strong>ceditis</strong></span> <span class='ocrx_word' id='word_1_104' title='bbox 476 1855 635 1911; x_wconf 88' lang='lat' dir='ltr'><strong>etiam</strong></span> <span class='ocrx_word' id='word_1_105' title='bbox 665 1852 914 1912; x_wconf 78' lang='lat' dir='ltr'><strong>eumdem</strong></span> <span class='ocrx_word' id='word_1_106' title='bbox 933 1850 1230 1922; x_wconf 87' lang='lat' dir='ltr'><strong>apostolum</strong></span> <span class='ocrx_word' id='word_1_107' title='bbox 1257 1849 1478 1916; x_wconf 77' lang='lat' dir='ltr'><strong>dixisse,</strong></span> <span class='ocrx_word' id='word_1_108' title='bbox 1497 1847 1644 1902; x_wconf 86' lang='lat' dir='ltr'><strong>Bona</strong></span> <span class='ocrx_word' id='word_1_109' title='bbox 1662 1855 1733 1903; x_wconf 83' lang='lat' dir='ltr'><strong>est</strong></span> <span class='ocrx_word' id='word_1_110' title='bbox 1751 1846 1853 1903; x_wconf 67' lang='lat' dir='ltr'><strong>lem.</strong></span> 
     </span>
    </p>
   </div>
   <div class='ocr_carea' id='block_1_17' title="bbox 268 1938 1856 2012">
    <p class='ocr_par' dir='ltr' id='par_1_17' title="bbox 268 1938 1856 2012">
     <span class='ocr_line' id='line_1_17' title="bbox 268 1938 1856 2012; baseline -0.004 -11"><span class='ocrx_word' id='word_1_111' title='bbox 268 1945 362 2002; x_wconf 79' lang='lat' dir='ltr'><strong>liis</strong></span> <span class='ocrx_word' id='word_1_112' title='bbox 377 1945 589 2002; x_wconf 83' lang='lat' dir='ltr'><strong>duobus</strong></span> <span class='ocrx_word' id='word_1_113' title='bbox 609 1944 907 2008; x_wconf 70' lang='lat' dir='ltr'><strong>coniicitur,</strong></span> <span class='ocrx_word' id='word_1_114' title='bbox 934 1943 1127 2000; x_wconf 84' lang='lat' dir='ltr'><strong>bonam</strong></span> <span class='ocrx_word' id='word_1_115' title='bbox 1155 1957 1273 1998; x_wconf 90' lang='lat' dir='ltr'><strong>esse</strong></span> <span class='ocrx_word' id='word_1_116' title='bbox 1294 1942 1487 2012; x_wconf 88' lang='lat' dir='ltr'><strong>legem,</strong></span> <span class='ocrx_word' id='word_1_117' title='bbox 1505 1939 1600 1996; x_wconf 89' lang='lat' dir='ltr'><strong>sed</strong></span> <span class='ocrx_word' id='word_1_118' title='bbox 1621 1938 1856 2009; x_wconf 82' lang='lat' dir='ltr'><strong>legitime</strong></span> 
     </span>
    </p>
   </div>
   <div class='ocr_carea' id='block_1_18' title="bbox 268 2032 1856 2107">
    <p class='ocr_par' dir='ltr' id='par_1_18' title="bbox 268 2032 1856 2107">
     <span class='ocr_line' id='line_1_18' title="bbox 268 2032 1856 2107; baseline -0.003 -15"><span class='ocrx_word' id='word_1_119' title='bbox 268 2038 538 2094; x_wconf 80' lang='lat' dir='ltr'><strong>utentibus</strong></span> <span class='ocrx_word' id='word_1_120' title='bbox 563 2037 627 2107; x_wconf 67' lang='grc' dir='ltr'>(ι</span> <span class='ocrx_word' id='word_1_121' title='bbox 648 2035 782 2092; x_wconf 81' lang='lat' dir='ltr'><strong>Tim.</strong></span> <span class='ocrx_word' id='word_1_122' title='bbox 816 2052 854 2103; x_wconf 82' lang='grc' dir='ltr'><strong>ι,</strong></span> <span class='ocrx_word' id='word_1_123' title='bbox 883 2035 975 2105; x_wconf 87' lang='lat'><strong>8).</strong></span> <span class='ocrx_word' id='word_1_124' title='bbox 1003 2034 1059 2091; x_wconf 90' lang='lat' dir='ltr'><strong>Si</strong></span> <span class='ocrx_word' id='word_1_125' title='bbox 1085 2048 1214 2104; x_wconf 82' lang='lat' dir='ltr'><strong>ergo</strong></span> <span class='ocrx_word' id='word_1_126' title='bbox 1240 2049 1303 2090; x_wconf 88' lang='lat' dir='ltr'><strong>ea</strong></span> <span class='ocrx_word' id='word_1_127' title='bbox 1329 2048 1436 2088; x_wconf 91' lang='lat' dir='ltr'><strong>non</strong></span> <span class='ocrx_word' id='word_1_128' title='bbox 1462 2032 1700 2103; x_wconf 73' lang='lat' dir='ltr'><strong>legitime</strong></span> <span class='ocrx_word' id='word_1_129' title='bbox 1723 2045 1856 2088; x_wconf 88' lang='lat' dir='ltr'><strong>usus</strong></span> 
     </span>
    </p>
   </div>
   <div class='ocr_carea' id='block_1_19' title="bbox 267 2127 1859 2204">
    <p class='ocr_par' dir='ltr' id='par_1_19' title="bbox 267 2127 1859 2204">
     <span class='ocr_line' id='line_1_19' title="bbox 267 2127 1859 2204; baseline -0.003 -17"><span class='ocrx_word' id='word_1_130' title='bbox 267 2133 492 2204; x_wconf 88' lang='lat' dir='ltr'><strong>quisque</strong></span> <span class='ocrx_word' id='word_1_131' title='bbox 539 2131 722 2198; x_wconf 74' lang='lat' dir='ltr'><strong>fuerit,</strong></span> <span class='ocrx_word' id='word_1_132' title='bbox 756 2146 866 2188; x_wconf 88' lang='lat' dir='ltr'><strong>non</strong></span> <span class='ocrx_word' id='word_1_133' title='bbox 907 2130 1019 2201; x_wconf 87' lang='lat' dir='ltr'><strong>ipsa</strong></span> <span class='ocrx_word' id='word_1_134' title='bbox 1059 2129 1118 2187; x_wconf 82' lang='lat' dir='ltr'><strong>ﬁt</strong></span> <span class='ocrx_word' id='word_1_135' title='bbox 1158 2130 1318 2196; x_wconf 88' lang='lat' dir='ltr'><strong>mala,</strong></span> <span class='ocrx_word' id='word_1_136' title='bbox 1363 2129 1460 2186; x_wconf 86' lang='lat' dir='ltr'><strong>sed</strong></span> <span class='ocrx_word' id='word_1_137' title='bbox 1496 2137 1642 2184; x_wconf 86' lang='lat' dir='ltr'><strong>certe</strong></span> <span class='ocrx_word' id='word_1_138' title='bbox 1684 2127 1859 2186; x_wconf 84' lang='lat' dir='ltr'><strong>oberit</strong></span> 
     </span>
    </p>
   </div>
   <div class='ocr_carea' id='block_1_20' title="bbox 332 2313 1857 2382">
    <p class='ocr_par' dir='ltr' id='par_1_20' title="bbox 332 2313 1857 2382">
     <span class='ocr_line' id='line_1_20' title="bbox 332 2313 1857 2382; baseline -0.001 -9"><span class='ocrx_word' id='word_1_139' title='bbox 332 2317 563 2374; x_wconf 85' lang='lat' dir='ltr'><strong>CAPUT</strong></span> <span class='ocrx_word' id='word_1_140' title='bbox 601 2316 769 2374; x_wconf 77' lang='lat' dir='ltr'><strong>XXV.</strong></span> <span class='ocrx_word' id='word_1_141' title='bbox 798 2347 872 2360; x_wconf 84' lang='lat'><strong>-—</strong></span> <span class='ocrx_word' id='word_1_142' title='bbox 906 2316 996 2373; x_wconf 74' lang='lat'><strong>30.</strong></span> <span class='ocrx_word' id='word_1_143' title='bbox 1044 2313 1308 2372; x_wconf 82' lang='lat' dir='ltr'><strong>Fortassis</strong></span> <span class='ocrx_word' id='word_1_144' title='bbox 1351 2315 1498 2372; x_wconf 86' lang='lat' dir='ltr'><strong>dices</strong></span> <span class='ocrx_word' id='word_1_145' title='bbox 1522 2356 1536 2382; x_wconf 86' lang='lat'><strong>,</strong></span> <span class='ocrx_word' id='word_1_146' title='bbox 1585 2315 1857 2372; x_wconf 77' lang='lat' dir='ltr'><strong>neminem</strong></span> 
     </span>
    </p>
   </div>
   <div class='ocr_carea' id='block_1_21' title="bbox 267 2409 1856 2482">
    <p class='ocr_par' dir='ltr' id='par_1_21' title="bbox 267 2409 1856 2482">
     <span class='ocr_line' id='line_1_21' title="bbox 267 2409 1856 2482; baseline -0.004 -14"><span class='ocrx_word' id='word_1_147' title='bbox 267 2424 422 2482; x_wconf 85' lang='lat' dir='ltr'><strong>posse</strong></span> <span class='ocrx_word' id='word_1_148' title='bbox 447 2419 506 2468; x_wconf 84' lang='lat' dir='ltr'><strong>et</strong></span> <span class='ocrx_word' id='word_1_149' title='bbox 526 2411 579 2466; x_wconf 82' lang='lat' dir='ltr'><strong>in</strong></span> <span class='ocrx_word' id='word_1_150' title='bbox 604 2411 726 2480; x_wconf 64' lang='lat' dir='ltr'><strong>lege</strong></span> <span class='ocrx_word' id='word_1_151' title='bbox 742 2425 888 2476; x_wconf 82' lang='lat' dir='ltr'><strong>esse,</strong></span> <span class='ocrx_word' id='word_1_152' title='bbox 907 2417 962 2465; x_wconf 91' lang='lat' dir='ltr'><strong>et</strong></span> <span class='ocrx_word' id='word_1_153' title='bbox 989 2409 1105 2480; x_wconf 83' lang='lat' dir='ltr'><strong>lege</strong></span> <span class='ocrx_word' id='word_1_154' title='bbox 1132 2410 1270 2464; x_wconf 86' lang='lat' dir='ltr'><strong>male</strong></span> <span class='ocrx_word' id='word_1_155' title='bbox 1292 2409 1372 2464; x_wconf 84' lang='lat' dir='ltr'><strong>uti</strong></span> <span class='ocrx_word' id='word_1_156' title='bbox 1399 2426 1412 2462; x_wconf 91' lang='lat'><strong>:</strong></span> <span class='ocrx_word' id='word_1_157' title='bbox 1439 2409 1542 2463; x_wconf 85' lang='lat' dir='ltr'><strong>hoc</strong></span> <span class='ocrx_word' id='word_1_158' title='bbox 1571 2409 1688 2478; x_wconf 89' lang='lat' dir='ltr'><strong>ipso</strong></span> <span class='ocrx_word' id='word_1_159' title='bbox 1713 2409 1856 2464; x_wconf 89' lang='lat' dir='ltr'><strong>enim</strong></span> 
     </span>
    </p>
   </div>
   <div class='ocr_carea' id='block_1_22' title="bbox 267 2501 1854 2575">
    <p class='ocr_par' dir='ltr' id='par_1_22' title="bbox 267 2501 1854 2575">
     <span class='ocr_line' id='line_1_22' title="bbox 267 2501 1854 2575; baseline -0.003 -15"><span class='ocrx_word' id='word_1_160' title='bbox 267 2503 406 2575; x_wconf 88' lang='lat' dir='ltr'><strong>quod</strong></span> <span class='ocrx_word' id='word_1_161' title='bbox 425 2513 612 2560; x_wconf 74' lang='lat' dir='ltr'><strong>conttu</strong></span> <span class='ocrx_word' id='word_1_162' title='bbox 636 2504 810 2573; x_wconf 74' lang='lat' dir='ltr'><strong>legem</strong></span> <span class='ocrx_word' id='word_1_163' title='bbox 832 2502 982 2567; x_wconf 82' lang='lat' dir='ltr'><strong>vivit,</strong></span> <span class='ocrx_word' id='word_1_164' title='bbox 1009 2515 1122 2556; x_wconf 87' lang='lat' dir='ltr'><strong>non.</strong></span> <span class='ocrx_word' id='word_1_165' title='bbox 1140 2515 1260 2556; x_wconf 89' lang='lat' dir='ltr'><strong>esse</strong></span> <span class='ocrx_word' id='word_1_166' title='bbox 1291 2501 1346 2556; x_wconf 91' lang='lat' dir='ltr'><strong>in</strong></span> <span class='ocrx_word' id='word_1_167' title='bbox 1374 2501 1490 2571; x_wconf 68' lang='lat' dir='ltr'><strong>lege</strong></span> <span class='ocrx_word' id='word_1_168' title='bbox 1511 2509 1854 2556; x_wconf 79' lang='lat' dir='ltr'><strong>monstratur.</strong></span> 
     </span>
    </p>
   </div>
   <div class='ocr_carea' id='block_1_23' title="bbox 266 2593 1854 2666">
    <p class='ocr_par' dir='ltr' id='par_1_23' title="bbox 266 2593 1854 2666">
     <span class='ocr_line' id='line_1_23' title="bbox 266 2593 1854 2666; baseline -0.003 -14"><span class='ocrx_word' id='word_1_169' title='bbox 266 2594 464 2652; x_wconf 87' lang='lat' dir='ltr'><strong>Contra</strong></span> <span class='ocrx_word' id='word_1_170' title='bbox 494 2611 594 2666; x_wconf 76' lang='lat' dir='ltr'><strong>ego</strong></span> <span class='ocrx_word' id='word_1_171' title='bbox 624 2594 764 2660; x_wconf 79' lang='lat' dir='ltr'><strong>dico,</strong></span> <span class='ocrx_word' id='word_1_172' title='bbox 797 2593 912 2650; x_wconf 83' lang='lat' dir='ltr'><strong>ﬁeri</strong></span> <span class='ocrx_word' id='word_1_173' title='bbox 937 2607 1094 2664; x_wconf 84' lang='lat' dir='ltr'><strong>posse</strong></span> <span class='ocrx_word' id='word_1_174' title='bbox 1115 2601 1172 2648; x_wconf 92' lang='lat' dir='ltr'><strong>ut</strong></span> <span class='ocrx_word' id='word_1_175' title='bbox 1199 2593 1424 2663; x_wconf 86' lang='lat' dir='ltr'><strong>quisque</strong></span> <span class='ocrx_word' id='word_1_176' title='bbox 1445 2603 1502 2648; x_wconf 83' lang='lat' dir='ltr'><strong>et</strong></span> <span class='ocrx_word' id='word_1_177' title='bbox 1530 2593 1582 2647; x_wconf 92' lang='lat' dir='ltr'><strong>in</strong></span> <span class='ocrx_word' id='word_1_178' title='bbox 1609 2593 1726 2664; x_wconf 87' lang='lat' dir='ltr'><strong>lege</strong></span> <span class='ocrx_word' id='word_1_179' title='bbox 1751 2593 1854 2660; x_wconf 87' lang='lat' dir='ltr'><strong>sit,</strong></span> 
     </span>
    </p>
   </div>
   <div class='ocr_carea' id='block_1_24' title="bbox 266 2685 1856 2759">
    <p class='ocr_par' dir='ltr' id='par_1_24' title="bbox 266 2685 1856 2759">
     <span class='ocr_line' id='line_1_24' title="bbox 266 2685 1856 2759; baseline -0.004 -13"><span class='ocrx_word' id='word_1_180' title='bbox 266 2698 462 2746; x_wconf 84' lang='lat' dir='ltr'><strong>etnon</strong></span> <span class='ocrx_word' id='word_1_181' title='bbox 495 2687 734 2759; x_wconf 78' lang='lat' dir='ltr'><strong>legitime</strong></span> <span class='ocrx_word' id='word_1_182' title='bbox 766 2696 962 2743; x_wconf 87' lang='lat' dir='ltr'><strong>utatur.</strong></span> <span class='ocrx_word' id='word_1_183' title='bbox 1001 2686 1154 2752; x_wconf 85' lang='lat' dir='ltr'><strong>Quod</strong></span> <span class='ocrx_word' id='word_1_184' title='bbox 1181 2686 1315 2741; x_wconf 85' lang='lat' dir='ltr'><strong>item</strong></span> <span class='ocrx_word' id='word_1_185' title='bbox 1334 2685 1533 2742; x_wconf 84' lang='lat' dir='ltr'><strong>vestnis</strong></span> <span class='ocrx_word' id='word_1_186' title='bbox 1549 2686 1856 2741; x_wconf 81' lang='lat' dir='ltr'><strong>concessio-</strong></span> 
     </span>
    </p>
   </div>
   <div class='ocr_carea' id='block_1_25' title="bbox 265 2778 1858 2852">
    <p class='ocr_par' dir='ltr' id='par_1_25' title="bbox 265 2778 1858 2852">
     <span class='ocr_line' id='line_1_25' title="bbox 265 2778 1858 2852; baseline -0.004 -13"><span class='ocrx_word' id='word_1_187' title='bbox 265 2783 426 2839; x_wconf 85' lang='lat' dir='ltr'><strong>nibus</strong></span> <span class='ocrx_word' id='word_1_188' title='bbox 448 2782 636 2852; x_wconf 79' lang='lat' dir='ltr'><strong>probo.</strong></span> <span class='ocrx_word' id='word_1_189' title='bbox 672 2778 974 2836; x_wconf 88' lang='lat' dir='ltr'><strong>Conceditis</strong></span> <span class='ocrx_word' id='word_1_190' title='bbox 1005 2778 1150 2834; x_wconf 87' lang='lat' dir='ltr'><strong>enim</strong></span> <span class='ocrx_word' id='word_1_191' title='bbox 1183 2785 1540 2835; x_wconf 80' lang='lat' dir='ltr'><strong>memoratum</strong></span> <span class='ocrx_word' id='word_1_192' title='bbox 1558 2778 1858 2850; x_wconf 82' lang='lat' dir='ltr'><strong>apostolum</strong></span> 
     </span>
    </p>
   </div>
   <div class='ocr_carea' id='block_1_26' title="bbox 269 2871 1860 2946">
    <p class='ocr_par' dir='ltr' id='par_1_26' title="bbox 269 2871 1860 2946">
     <span class='ocr_line' id='line_1_26' title="bbox 269 2871 1860 2946; baseline -0.005 -11"><span class='ocrx_word' id='word_1_193' title='bbox 269 2875 636 2934; x_wconf 76' lang='lat' dir='ltr'><strong>testimonium</strong></span> <span class='ocrx_word' id='word_1_194' title='bbox 675 2874 916 2946; x_wconf 82' lang='lat' dir='ltr'><strong>posuisse</strong></span> <span class='ocrx_word' id='word_1_195' title='bbox 961 2871 1036 2928; x_wconf 81' lang='lat' dir='ltr'><strong>de</strong></span> <span class='ocrx_word' id='word_1_196' title='bbox 1067 2872 1294 2928; x_wconf 84' lang='lat' dir='ltr'><strong>Psalmis</strong></span> <span class='ocrx_word' id='word_1_197' title='bbox 1335 2871 1591 2927; x_wconf 81' lang='lat' dir='ltr'><strong>adversus</strong></span> <span class='ocrx_word' id='word_1_198' title='bbox 1632 2887 1726 2927; x_wconf 91' lang='lat' dir='ltr'><strong>eos</strong></span> <span class='ocrx_word' id='word_1_199' title='bbox 1767 2871 1860 2942; x_wconf 86' lang='lat' dir='ltr'><strong>qui</strong></span> 
     </span>
    </p>
   </div>
   <div class='ocr_carea' id='block_1_27' title="bbox 268 2962 1858 3039">
    <p class='ocr_par' dir='ltr' id='par_1_27' title="bbox 268 2962 1858 3039">
     <span class='ocr_line' id='line_1_27' title="bbox 268 2962 1858 3039; baseline -0.003 -16"><span class='ocrx_word' id='word_1_200' title='bbox 268 2968 630 3039; x_wconf 81' lang='lat' dir='ltr'><strong>gloriabantur</strong></span> <span class='ocrx_word' id='word_1_201' title='bbox 656 2968 718 3021; x_wconf 68' lang='lat' dir='ltr'><strong>in:</strong></span> <span class='ocrx_word' id='word_1_202' title='bbox 740 2966 856 3036; x_wconf 81' lang='lat' dir='ltr'><strong>lege</strong></span> <span class='ocrx_word' id='word_1_203' title='bbox 874 3005 894 3031; x_wconf 90' lang='lat'><strong>,</strong></span> <span class='ocrx_word' id='word_1_204' title='bbox 919 2973 974 3020; x_wconf 91' lang='lat' dir='ltr'><strong>et</strong></span> <span class='ocrx_word' id='word_1_205' title='bbox 1000 2962 1256 3021; x_wconf 82' lang='lat' dir='ltr'><strong>vivebant</strong></span> <span class='ocrx_word' id='word_1_206' title='bbox 1277 2971 1460 3018; x_wconf 86' lang='lat' dir='ltr'><strong>contra</strong></span> <span class='ocrx_word' id='word_1_207' title='bbox 1488 2963 1680 3034; x_wconf 79' lang='lat' dir='ltr'><strong>legem.</strong></span> <span class='ocrx_word' id='word_1_208' title='bbox 1711 2963 1858 3019; x_wconf 91' lang='lat' dir='ltr'><strong>Sicut</strong></span> 
     </span>
    </p>
   </div>
   <div class='ocr_carea' id='block_1_28' title="bbox 267 3054 1858 3130">
    <p class='ocr_par' dir='ltr' id='par_1_28' title="bbox 267 3054 1858 3130">
     <span class='ocr_line' id='line_1_28' title="bbox 267 3054 1858 3130; baseline -0.004 -14"><span class='ocrx_word' id='word_1_209' title='bbox 267 3061 510 3130; x_wconf 56' lang='lat' dir='ltr'><strong>animum</strong></span> <span class='ocrx_word' id='word_1_210' title='bbox 537 3067 632 3125; x_wconf 74' lang='lat' dir='ltr'><strong>est,</strong></span> <span class='ocrx_word' id='word_1_211' title='bbox 665 3057 854 3127; x_wconf 79' lang='lat' dir='ltr'><strong>inquit,</strong></span> <span class='ocrx_word' id='word_1_212' title='bbox 880 3057 1128 3128; x_wconf 76' lang='lat' dir='ltr'><strong>quianon</strong></span> <span class='ocrx_word' id='word_1_213' title='bbox 1155 3064 1238 3110; x_wconf 84' lang='lat' dir='ltr'><strong>est</strong></span> <span class='ocrx_word' id='word_1_214' title='bbox 1251 3056 1416 3124; x_wconf 80' lang='lat' dir='ltr'><strong>iustus</strong></span> <span class='ocrx_word' id='word_1_215' title='bbox 1441 3054 1726 3125; x_wconf 85' lang='lat' dir='ltr'><strong>quisquam,</strong></span> <span class='ocrx_word' id='word_1_216' title='bbox 1757 3070 1858 3110; x_wconf 86' lang='lat' dir='ltr'><strong>non</strong></span> 
     </span>
    </p>
   </div>
   <div class='ocr_carea' id='block_1_29' title="bbox 266 3143 1857 3222">
    <p class='ocr_par' dir='ltr' id='par_1_29' title="bbox 266 3143 1857 3222">
     <span class='ocr_line' id='line_1_29' title="bbox 266 3143 1857 3222; baseline -0.005 -16"><span class='ocrx_word' id='word_1_217' title='bbox 266 3160 339 3206; x_wconf 76' lang='lat' dir='ltr'><strong>est</strong></span> <span class='ocrx_word' id='word_1_218' title='bbox 361 3152 665 3222; x_wconf 71' lang='lat' dir='ltr'><strong>intelligam,</strong></span> <span class='ocrx_word' id='word_1_219' title='bbox 697 3164 808 3202; x_wconf 80' lang='lat' dir='ltr'><strong>non</strong></span> <span class='ocrx_word' id='word_1_220' title='bbox 825 3156 898 3202; x_wconf 80' lang='lat' dir='ltr'><strong>est</strong></span> <span class='ocrx_word' id='word_1_221' title='bbox 923 3149 1175 3217; x_wconf 77' lang='lat' dir='ltr'><strong>inquirens</strong></span> <span class='ocrx_word' id='word_1_222' title='bbox 1201 3143 1366 3200; x_wconf 87' lang='lat' dir='ltr'><strong>Deum</strong></span> <span class='ocrx_word' id='word_1_223' title='bbox 1390 3161 1409 3199; x_wconf 87' lang='lat'><strong><em>:</em></strong></span> <span class='ocrx_word' id='word_1_224' title='bbox 1439 3160 1607 3200; x_wconf 82' lang='lat' dir='ltr'><strong>omnes</strong></span> <span class='ocrx_word' id='word_1_225' title='bbox 1630 3145 1857 3199; x_wconf 87' lang='lat' dir='ltr'><strong>declina-</strong></span> 
     </span>
    </p>
   </div>
   <div class='ocr_carea' id='block_1_30' title="bbox 266 3239 1856 3311">
    <p class='ocr_par' dir='ltr' id='par_1_30' title="bbox 266 3239 1856 3311">
     <span class='ocr_line' id='line_1_30' title="bbox 266 3239 1856 3311; baseline -0.004 -13"><span class='ocrx_word' id='word_1_226' title='bbox 266 3253 444 3298; x_wconf 72' lang='lat' dir='ltr'><strong>verunt</strong></span> <span class='ocrx_word' id='word_1_227' title='bbox 465 3284 479 3308; x_wconf 94' lang='lat'><strong>,</strong></span> <span class='ocrx_word' id='word_1_228' title='bbox 517 3241 678 3298; x_wconf 79' lang='lat' dir='ltr'><strong>simul</strong></span> <span class='ocrx_word' id='word_1_229' title='bbox 701 3240 904 3295; x_wconf 59' lang='lat' dir='ltr'><strong>inutile</strong></span> <span class='ocrx_word' id='word_1_230' title='bbox 925 3240 1048 3311; x_wconf 87' lang='lat' dir='ltr'><strong>facti</strong></span> <span class='ocrx_word' id='word_1_231' title='bbox 1067 3249 1214 3305; x_wconf 77' lang='lat' dir='ltr'><strong>sum;</strong></span> <span class='ocrx_word' id='word_1_232' title='bbox 1248 3256 1353 3292; x_wconf 87' lang='lat' dir='ltr'><strong>non</strong></span> <span class='ocrx_word' id='word_1_233' title='bbox 1374 3248 1448 3292; x_wconf 86' lang='lat' dir='ltr'><strong>est</strong></span> <span class='ocrx_word' id='word_1_234' title='bbox 1468 3239 1554 3309; x_wconf 84' lang='lat' dir='ltr'><strong>qui</strong></span> <span class='ocrx_word' id='word_1_235' title='bbox 1583 3239 1736 3310; x_wconf 84' lang='lat' dir='ltr'><strong>faciat</strong></span> <span class='ocrx_word' id='word_1_236' title='bbox 1765 3239 1856 3292; x_wconf 81' lang='lat' dir='ltr'><strong>bo-</strong></span> 
     </span>
    </p>
   </div>
   <div class='ocr_carea' id='block_1_31' title="bbox 264 3334 1860 3405">
    <p class='ocr_par' dir='ltr' id='par_1_31' title="bbox 264 3334 1860 3405">
     <span class='ocr_line' id='line_1_31' title="bbox 264 3334 1860 3405; baseline -0.002 -16"><span class='ocrx_word' id='word_1_237' title='bbox 264 3353 426 3404; x_wconf 77' lang='lat' dir='ltr'><strong>num,</strong></span> <span class='ocrx_word' id='word_1_238' title='bbox 470 3353 576 3391; x_wconf 83' lang='lat' dir='ltr'><strong>non</strong></span> <span class='ocrx_word' id='word_1_239' title='bbox 609 3345 681 3391; x_wconf 86' lang='lat' dir='ltr'><strong>est</strong></span> <span class='ocrx_word' id='word_1_240' title='bbox 714 3349 872 3405; x_wconf 72' lang='lat' dir='ltr'><strong>usque</strong></span> <span class='ocrx_word' id='word_1_241' title='bbox 903 3335 974 3387; x_wconf 86' lang='lat' dir='ltr'><strong>ad</strong></span> <span class='ocrx_word' id='word_1_242' title='bbox 1011 3350 1186 3388; x_wconf 85' lang='lat' dir='ltr'><strong>unum.</strong></span> <span class='ocrx_word' id='word_1_243' title='bbox 1231 3334 1536 3403; x_wconf 81' lang='lat' dir='ltr'><strong>Sepulcrum</strong></span> <span class='ocrx_word' id='word_1_244' title='bbox 1577 3342 1751 3402; x_wconf 87' lang='lat' dir='ltr'><strong>patens</strong></span> <span class='ocrx_word' id='word_1_245' title='bbox 1788 3341 1860 3388; x_wconf 87' lang='lat' dir='ltr'><strong>est</strong></span> 
     </span>
    </p>
   </div>
   <div class='ocr_carea' id='block_1_32' title="bbox 1321 557 1850 627">
    <p class='ocr_par' dir='ltr' id='par_1_32' title="bbox 1321 557 1850 627">
     <span class='ocr_line' id='line_1_32' title="bbox 1321 557 1850 627; baseline 0.006 -17"><span class='ocrx_word' id='word_1_246' title='bbox 1321 557 1622 627; x_wconf 80' lang='lat' dir='ltr'><strong>Baptismus</strong></span> <span class='ocrx_word' id='word_1_247' title='bbox 1671 566 1850 613; x_wconf 81' lang='lat' dir='ltr'><strong>autem</strong></span> 
     </span>
    </p>
   </div>
   <div class='ocr_carea' id='block_1_33' title="bbox 262 3423 1864 3498">
    <p class='ocr_par' dir='ltr' id='par_1_33' title="bbox 262 3423 1864 3498">
     <span class='ocr_line' id='line_1_33' title="bbox 262 3423 1864 3498; baseline -0.004 -16"><span class='ocrx_word' id='word_1_248' title='bbox 262 3437 444 3498; x_wconf 71' lang='lat' dir='ltr'><strong>guttur</strong></span> <span class='ocrx_word' id='word_1_249' title='bbox 462 3443 654 3492; x_wconf 73' lang='lat' dir='ltr'><strong>comm,</strong></span> <span class='ocrx_word' id='word_1_250' title='bbox 677 3426 862 3497; x_wconf 83' lang='lat' dir='ltr'><strong>linguis</strong></span> <span class='ocrx_word' id='word_1_251' title='bbox 878 3425 992 3480; x_wconf 86' lang='lat' dir='ltr'><strong>suis</strong></span> <span class='ocrx_word' id='word_1_252' title='bbox 1010 3425 1182 3480; x_wconf 84' lang='lat' dir='ltr'><strong>dolose</strong></span> <span class='ocrx_word' id='word_1_253' title='bbox 1205 3425 1438 3496; x_wconf 80' lang='lat' dir='ltr'><strong>agebant,</strong></span> <span class='ocrx_word' id='word_1_254' title='bbox 1461 3439 1704 3478; x_wconf 65' lang='lat' dir='ltr'><strong>terrenum</strong></span> <span class='ocrx_word' id='word_1_255' title='bbox 1721 3423 1864 3493; x_wconf 81' lang='lat' dir='ltr'><strong>aspi-</strong></span> 
     </span>
    </p>
   </div>
   <div class='ocr_carea' id='block_1_34' title="bbox 262 3516 1861 3589">
    <p class='ocr_par' dir='ltr' id='par_1_34' title="bbox 262 3516 1861 3589">
     <span class='ocr_line' id='line_1_34' title="bbox 262 3516 1861 3589; baseline -0.004 -15"><span class='ocrx_word' id='word_1_256' title='bbox 262 3521 396 3574; x_wconf 83' lang='lat' dir='ltr'><strong>dum</strong></span> <span class='ocrx_word' id='word_1_257' title='bbox 418 3519 514 3574; x_wconf 86' lang='lat' dir='ltr'><strong>sub</strong></span> <span class='ocrx_word' id='word_1_258' title='bbox 540 3519 688 3574; x_wconf 81' lang='lat' dir='ltr'><strong>labiis</strong></span> <span class='ocrx_word' id='word_1_259' title='bbox 707 3534 912 3584; x_wconf 82' lang='lat' dir='ltr'><strong>eorum;</strong></span> <span class='ocrx_word' id='word_1_260' title='bbox 940 3533 1156 3589; x_wconf 89' lang='lat' dir='ltr'><strong>quorum</strong></span> <span class='ocrx_word' id='word_1_261' title='bbox 1191 3533 1248 3570; x_wconf 89' lang='lat' dir='ltr'><strong>os</strong></span> <span class='ocrx_word' id='word_1_262' title='bbox 1283 3516 1632 3569; x_wconf 85' lang='lat' dir='ltr'><strong>maledictione</strong></span> <span class='ocrx_word' id='word_1_263' title='bbox 1648 3525 1695 3568; x_wconf 86' lang='lat' dir='ltr'><strong>et</strong></span> <span class='ocrx_word' id='word_1_264' title='bbox 1718 3531 1861 3568; x_wconf 85' lang='lat' dir='ltr'><strong>ama-</strong></span> 
     </span>
    </p>
   </div>
   <div class='ocr_carea' id='block_1_35' title="bbox 261 3606 1862 3682">
    <p class='ocr_par' dir='ltr' id='par_1_35' title="bbox 261 3606 1862 3682">
     <span class='ocr_line' id='line_1_35' title="bbox 261 3606 1862 3682; baseline -0.004 -17"><span class='ocrx_word' id='word_1_265' title='bbox 261 3610 498 3665; x_wconf 72' lang='lat' dir='ltr'><strong>ritudin</strong></span> <span class='ocrx_word' id='word_1_266' title='bbox 513 3610 720 3682; x_wconf 74' lang='lat' dir='ltr'><strong>plenum</strong></span> <span class='ocrx_word' id='word_1_267' title='bbox 731 3619 800 3664; x_wconf 85' lang='lat' dir='ltr'><strong>est</strong></span> <span class='ocrx_word' id='word_1_268' title='bbox 819 3626 838 3665; x_wconf 91' lang='lat'><strong><em>:</em></strong></span> <span class='ocrx_word' id='word_1_269' title='bbox 858 3609 1048 3664; x_wconf 83' lang='lat' dir='ltr'><strong>veloces</strong></span> <span class='ocrx_word' id='word_1_270' title='bbox 1065 3609 1213 3679; x_wconf 84' lang='lat' dir='ltr'><strong>pedes</strong></span> <span class='ocrx_word' id='word_1_271' title='bbox 1233 3607 1488 3662; x_wconf 85' lang='lat' dir='ltr'><strong>eorum-ad</strong></span> <span class='ocrx_word' id='word_1_272' title='bbox 1501 3606 1862 3674; x_wconf 72' lang='lat' dir='ltr'><strong>effundendum</strong></span> 
     </span>
    </p>
   </div>
   <div class='ocr_carea' id='block_1_36' title="bbox 262 3697 1860 3773">
    <p class='ocr_par' dir='ltr' id='par_1_36' title="bbox 262 3697 1860 3773">
     <span class='ocr_line' id='line_1_36' title="bbox 262 3697 1860 3773; baseline -0.003 -17"><span class='ocrx_word' id='word_1_273' title='bbox 262 3702 590 3773; x_wconf 59' lang='lat' dir='ltr'><strong>sanguinem,</strong></span> <span class='ocrx_word' id='word_1_274' title='bbox 613 3701 844 3756; x_wconf 80' lang='lat' dir='ltr'><strong>contritio</strong></span> <span class='ocrx_word' id='word_1_275' title='bbox 867 3711 914 3756; x_wconf 89' lang='lat' dir='ltr'><strong>et</strong></span> <span class='ocrx_word' id='word_1_276' title='bbox 941 3700 1212 3771; x_wconf 76' lang='lat' dir='ltr'><strong>infelicitas</strong></span> <span class='ocrx_word' id='word_1_277' title='bbox 1235 3701 1289 3754; x_wconf 88' lang='lat' dir='ltr'><strong>in</strong></span> <span class='ocrx_word' id='word_1_278' title='bbox 1315 3699 1416 3753; x_wconf 73' lang='lat' dir='ltr'><strong>niis.</strong></span> <span class='ocrx_word' id='word_1_279' title='bbox 1430 3714 1624 3764; x_wconf 84' lang='lat' dir='ltr'><strong>eorum,</strong></span> <span class='ocrx_word' id='word_1_280' title='bbox 1653 3708 1702 3752; x_wconf 90' lang='lat' dir='ltr'><strong>et</strong></span> <span class='ocrx_word' id='word_1_281' title='bbox 1726 3697 1860 3752; x_wconf 78' lang='lat' dir='ltr'><strong>uiam</strong></span> 
     </span>
    </p>
   </div>
   <div class='ocr_carea' id='block_1_37' title="bbox 263 3789 1861 3866">
    <p class='ocr_par' dir='ltr' id='par_1_37' title="bbox 263 3789 1861 3866">
     <span class='ocr_line' id='line_1_37' title="bbox 263 3789 1861 3866; baseline -0.004 -16"><span class='ocrx_word' id='word_1_282' title='bbox 263 3796 418 3866; x_wconf 73' lang='lat' dir='ltr'><strong>pacis</strong></span> <span class='ocrx_word' id='word_1_283' title='bbox 437 3811 544 3849; x_wconf 83' lang='lat' dir='ltr'><strong>non</strong></span> <span class='ocrx_word' id='word_1_284' title='bbox 566 3802 899 3866; x_wconf 71' lang='lat' dir='ltr'><strong>cognouerunt</strong></span> <span class='ocrx_word' id='word_1_285' title='bbox 917 3811 938 3858; x_wconf 87' lang='lat'><em>;</em></span> <span class='ocrx_word' id='word_1_286' title='bbox 976 3809 1077 3846; x_wconf 87' lang='lat' dir='ltr'><strong>non</strong></span> <span class='ocrx_word' id='word_1_287' title='bbox 1113 3801 1192 3846; x_wconf 82' lang='lat' dir='ltr'><strong>est</strong></span> <span class='ocrx_word' id='word_1_288' title='bbox 1217 3791 1365 3845; x_wconf 86' lang='lat' dir='ltr'><strong>timor</strong></span> <span class='ocrx_word' id='word_1_289' title='bbox 1398 3789 1496 3845; x_wconf 82' lang='lat' dir='ltr'><strong>Dei</strong></span> <span class='ocrx_word' id='word_1_290' title='bbox 1533 3799 1648 3844; x_wconf 81' lang='lat' dir='ltr'><strong>ante</strong></span> <span class='ocrx_word' id='word_1_291' title='bbox 1688 3790 1861 3844; x_wconf 84' lang='lat' dir='ltr'><strong>oculos</strong></span> 
     </span>
    </p>
   </div>
   <div class='ocr_carea' id='block_1_38' title="bbox 265 3882 1860 3956">
    <p class='ocr_par' dir='ltr' id='par_1_38' title="bbox 265 3882 1860 3956">
     <span class='ocr_line' id='line_1_38' title="bbox 265 3882 1860 3956; baseline -0.004 -14"><span class='ocrx_word' id='word_1_292' title='bbox 265 3903 462 3942; x_wconf 78' lang='lat' dir='ltr'><strong>eorum.</strong></span> <span class='ocrx_word' id='word_1_293' title='bbox 491 3887 556 3940; x_wconf 83' lang='lat' dir='ltr'><strong>Et</strong></span> <span class='ocrx_word' id='word_1_294' title='bbox 583 3895 920 3956; x_wconf 59' lang='lat' dir='ltr'><strong>lupum-ent</strong></span> <span class='ocrx_word' id='word_1_295' title='bbox 945 3885 1060 3940; x_wconf 71' lang='lat' dir='ltr'><strong>haec</strong></span> <span class='ocrx_word' id='word_1_296' title='bbox 1087 3885 1260 3939; x_wconf 81' lang='lat' dir='ltr'><strong>ineos</strong></span> <span class='ocrx_word' id='word_1_297' title='bbox 1288 3882 1428 3938; x_wconf 87' lang='lat' dir='ltr'><strong>dicta</strong></span> <span class='ocrx_word' id='word_1_298' title='bbox 1457 3882 1548 3952; x_wconf 83' lang='lat' dir='ltr'><strong>qui</strong></span> <span class='ocrx_word' id='word_1_299' title='bbox 1576 3897 1682 3936; x_wconf 92' lang='lat' dir='ltr'><strong>non</strong></span> <span class='ocrx_word' id='word_1_300' title='bbox 1707 3890 1860 3936; x_wconf 89' lang='lat' dir='ltr'><strong>erant</strong></span> 
     </span>
    </p>
   </div>
   <div class='ocr_carea' id='block_1_39' title="bbox 263 3973 1861 4049">
    <p class='ocr_par' dir='ltr' id='par_1_39' title="bbox 263 3973 1861 4049">
     <span class='ocr_line' id='line_1_39' title="bbox 263 3973 1861 4049; baseline -0.004 -17"><span class='ocrx_word' id='word_1_301' title='bbox 263 3977 316 4032; x_wconf 88' lang='lat' dir='ltr'><strong>in</strong></span> <span class='ocrx_word' id='word_1_302' title='bbox 357 3978 512 4049; x_wconf 77' lang='lat' dir='ltr'><strong>lege,</strong></span> <span class='ocrx_word' id='word_1_303' title='bbox 551 3977 806 4034; x_wconf 77' lang='lat' dir='ltr'><strong>cmtinuo</strong></span> <span class='ocrx_word' id='word_1_304' title='bbox 844 3977 1070 4047; x_wconf 80' lang='lat' dir='ltr'><strong>subjecit</strong></span> <span class='ocrx_word' id='word_1_305' title='bbox 1113 3992 1133 4030; x_wconf 90' lang='lat'><strong><em>:</em></strong></span> <span class='ocrx_word' id='word_1_306' title='bbox 1173 3974 1374 4030; x_wconf 84' lang='lat' dir='ltr'><strong>Scimus</strong></span> <span class='ocrx_word' id='word_1_307' title='bbox 1413 3983 1582 4028; x_wconf 84' lang='lat' dir='ltr'><strong>autem</strong></span> <span class='ocrx_word' id='word_1_308' title='bbox 1621 3973 1861 4044; x_wconf 87' lang='lat' dir='ltr'><strong>quoniam</strong></span> 
     </span>
    </p>
   </div>
   <div class='ocr_carea' id='block_1_40' title="bbox 263 4068 1860 4142">
    <p class='ocr_par' dir='ltr' id='par_1_40' title="bbox 263 4068 1860 4142">
     <span class='ocr_line' id='line_1_40' title="bbox 263 4068 1860 4142; baseline -0.004 -16"><span class='ocrx_word' id='word_1_309' title='bbox 263 4087 590 4142; x_wconf 65' lang='lat' dir='ltr'><strong>quacumque</strong></span> <span class='ocrx_word' id='word_1_310' title='bbox 623 4072 706 4126; x_wconf 66' lang='lat' dir='ltr'><strong>lem</strong></span> <span class='ocrx_word' id='word_1_311' title='bbox 729 4070 886 4138; x_wconf 82' lang='lat' dir='ltr'><strong>dicit,</strong></span> <span class='ocrx_word' id='word_1_312' title='bbox 919 4071 996 4125; x_wconf 85' lang='lat' dir='ltr'><strong>Itis</strong></span> <span class='ocrx_word' id='word_1_313' title='bbox 1019 4070 1103 4140; x_wconf 86' lang='lat' dir='ltr'><strong>qui</strong></span> <span class='ocrx_word' id='word_1_314' title='bbox 1138 4069 1188 4122; x_wconf 87' lang='lat' dir='ltr'><strong>in</strong></span> <span class='ocrx_word' id='word_1_315' title='bbox 1221 4069 1326 4138; x_wconf 87' lang='lat' dir='ltr'><strong>lege</strong></span> <span class='ocrx_word' id='word_1_316' title='bbox 1365 4076 1482 4122; x_wconf 87' lang='lat' dir='ltr'><strong>sunt</strong></span> <span class='ocrx_word' id='word_1_317' title='bbox 1519 4068 1775 4137; x_wconf 80' lang='lat' dir='ltr'><strong>loquitur;</strong></span> <span class='ocrx_word' id='word_1_318' title='bbox 1804 4076 1860 4120; x_wconf 83' lang='lat' dir='ltr'><strong>ut</strong></span> 
     </span>
    </p>
   </div>
   <div class='ocr_carea' id='block_1_41' title="bbox 264 4155 1858 4230">
    <p class='ocr_par' dir='ltr' id='par_1_41' title="bbox 264 4155 1858 4230">
     <span class='ocr_line' id='line_1_41' title="bbox 264 4155 1858 4230; baseline -0.006 -11"><span class='ocrx_word' id='word_1_319' title='bbox 264 4178 414 4218; x_wconf 73' lang='lat' dir='ltr'><strong>om</strong></span> <span class='ocrx_word' id='word_1_320' title='bbox 447 4180 504 4219; x_wconf 90' lang='lat' dir='ltr'><strong>os</strong></span> <span class='ocrx_word' id='word_1_321' title='bbox 536 4164 851 4229; x_wconf 75' lang='lat' dir='ltr'><strong>obstruetur,</strong></span> <span class='ocrx_word' id='word_1_322' title='bbox 890 4170 940 4216; x_wconf 89' lang='lat' dir='ltr'><strong>et</strong></span> <span class='ocrx_word' id='word_1_323' title='bbox 984 4178 1102 4216; x_wconf 89' lang='lat' dir='ltr'><strong>reus</strong></span> <span class='ocrx_word' id='word_1_324' title='bbox 1150 4161 1240 4230; x_wconf 81' lang='lat' dir='ltr'><strong>ﬁat</strong></span> <span class='ocrx_word' id='word_1_325' title='bbox 1281 4160 1442 4214; x_wconf 89' lang='lat' dir='ltr'><strong>omnis</strong></span> <span class='ocrx_word' id='word_1_326' title='bbox 1485 4158 1705 4213; x_wconf 88' lang='lat' dir='ltr'><strong>mundus</strong></span> <span class='ocrx_word' id='word_1_327' title='bbox 1748 4155 1858 4211; x_wconf 75' lang='grc' dir='ltr'><strong>Βεο</strong></span> 
     </span>
    </p>
   </div>
   <div class='ocr_carea' id='block_1_42' title="bbox 263 4249 1856 4328">
    <p class='ocr_par' dir='ltr' id='par_1_42' title="bbox 263 4249 1856 4328">
     <span class='ocr_line' id='line_1_42' title="bbox 263 4249 1856 4328; baseline -0.004 -18"><span class='ocrx_word' id='word_1_328' title='bbox 263 4256 442 4326; x_wconf 80' lang='lat' dir='ltr'><strong>(Rom.</strong></span> <span class='ocrx_word' id='word_1_329' title='bbox 473 4271 552 4320; x_wconf 78' lang='lat' dir='ltr'><strong>ut,</strong></span> <span class='ocrx_word' id='word_1_330' title='bbox 581 4254 788 4328; x_wconf 77' lang='grc'><strong>10-19).</strong></span> <span class='ocrx_word' id='word_1_331' title='bbox 820 4255 950 4309; x_wconf 90' lang='lat' dir='ltr'><strong>Item</strong></span> <span class='ocrx_word' id='word_1_332' title='bbox 982 4253 1087 4307; x_wconf 91' lang='lat' dir='ltr'><strong>alio</strong></span> <span class='ocrx_word' id='word_1_333' title='bbox 1110 4252 1227 4308; x_wconf 86' lang='lat' dir='ltr'><strong>loco</strong></span> <span class='ocrx_word' id='word_1_334' title='bbox 1255 4251 1384 4306; x_wconf 89' lang='lat' dir='ltr'><strong>dicit</strong></span> <span class='ocrx_word' id='word_1_335' title='bbox 1416 4269 1428 4305; x_wconf 90' lang='lat'><strong>:</strong></span> <span class='ocrx_word' id='word_1_336' title='bbox 1467 4250 1602 4317; x_wconf 82' lang='lat' dir='ltr'><strong>Quid</strong></span> <span class='ocrx_word' id='word_1_337' title='bbox 1626 4265 1744 4321; x_wconf 84' lang='lat' dir='ltr'><strong>ergo</strong></span> <span class='ocrx_word' id='word_1_338' title='bbox 1773 4249 1856 4303; x_wconf 87' lang='lat' dir='ltr'><strong>di-</strong></span> 
     </span>
    </p>
   </div>
   <div class='ocr_carea' id='block_1_43' title="bbox 262 4346 1858 4421">
    <p class='ocr_par' dir='ltr' id='par_1_43' title="bbox 262 4346 1858 4421">
     <span class='ocr_line' id='line_1_43' title="bbox 262 4346 1858 4421; baseline -0.003 -18"><span class='ocrx_word' id='word_1_339' title='bbox 262 4351 464 4405; x_wconf 78' lang='lat' dir='ltr'><strong>cimus?</strong></span> <span class='ocrx_word' id='word_1_340' title='bbox 502 4349 610 4405; x_wconf 72' lang='lat' dir='ltr'><strong>Lex</strong></span> <span class='ocrx_word' id='word_1_341' title='bbox 636 4358 896 4421; x_wconf 83' lang='lat' dir='ltr'><strong>peccatum</strong></span> <span class='ocrx_word' id='word_1_342' title='bbox 918 4348 1026 4404; x_wconf 83' lang='lat' dir='ltr'><strong>est?</strong></span> <span class='ocrx_word' id='word_1_343' title='bbox 1043 4347 1201 4402; x_wconf 78' lang='lat' dir='ltr'><strong>Absit.</strong></span> <span class='ocrx_word' id='word_1_344' title='bbox 1230 4346 1336 4402; x_wconf 85' lang='lat' dir='ltr'><strong>Sed</strong></span> <span class='ocrx_word' id='word_1_345' title='bbox 1361 4354 1628 4416; x_wconf 83' lang='lat' dir='ltr'><strong>peccatum</strong></span> <span class='ocrx_word' id='word_1_346' title='bbox 1643 4360 1755 4398; x_wconf 81' lang='lat' dir='ltr'><strong>non</strong></span> <span class='ocrx_word' id='word_1_347' title='bbox 1771 4361 1858 4398; x_wconf 82' lang='lat' dir='ltr'><strong>co-</strong></span> 
     </span>
    </p>
   </div>
   <div class='ocr_carea' id='block_1_44' title="bbox 259 4436 1852 4513">
    <p class='ocr_par' dir='ltr' id='par_1_44' title="bbox 259 4436 1852 4513">
     <span class='ocr_line' id='line_1_44' title="bbox 259 4436 1852 4513; baseline -0.003 -17"><span class='ocrx_word' id='word_1_348' title='bbox 259 4442 432 4512; x_wconf 73' lang='lat' dir='ltr'><strong>gnovi,</strong></span> <span class='ocrx_word' id='word_1_349' title='bbox 467 4443 563 4496; x_wconf 88' lang='lat' dir='ltr'><strong>nisi</strong></span> <span class='ocrx_word' id='word_1_350' title='bbox 593 4459 683 4512; x_wconf 90' lang='lat' dir='ltr'><strong>per</strong></span> <span class='ocrx_word' id='word_1_351' title='bbox 707 4441 865 4513; x_wconf 75' lang='lat' dir='ltr'><strong>legem</strong></span> <span class='ocrx_word' id='word_1_352' title='bbox 893 4457 911 4496; x_wconf 88' lang='lat'><strong><em>:</em></strong></span> <span class='ocrx_word' id='word_1_353' title='bbox 937 4457 1056 4495; x_wconf 88' lang='lat' dir='ltr'><strong>nam</strong></span> <span class='ocrx_word' id='word_1_354' title='bbox 1076 4437 1530 4508; x_wconf 73' lang='lat' dir='ltr'><strong>concupiscentiam</strong></span> <span class='ocrx_word' id='word_1_355' title='bbox 1553 4436 1852 4505; x_wconf 72' lang='lat' dir='ltr'><strong>nesciebam,</strong></span> 
     </span>
    </p>
   </div>
   <div class='ocr_carea' id='block_1_45' title="bbox 259 4530 1857 4604">
    <p class='ocr_par' dir='ltr' id='par_1_45' title="bbox 259 4530 1857 4604">
     <span class='ocr_line' id='line_1_45' title="bbox 259 4530 1857 4604; baseline -0.004 -16"><span class='ocrx_word' id='word_1_356' title='bbox 259 4535 363 4588; x_wconf 83' lang='lat' dir='ltr'><strong>nisi</strong></span> <span class='ocrx_word' id='word_1_357' title='bbox 389 4535 474 4588; x_wconf 75' lang='lat' dir='ltr'><strong>les;</strong></span> <span class='ocrx_word' id='word_1_358' title='bbox 497 4535 714 4599; x_wconf 72' lang='lat' dir='ltr'><strong>diceret&quot;,</strong></span> <span class='ocrx_word' id='word_1_359' title='bbox 743 4533 867 4588; x_wconf 88' lang='lat' dir='ltr'><strong>Non</strong></span> <span class='ocrx_word' id='word_1_360' title='bbox 899 4533 1235 4604; x_wconf 74' lang='lat' dir='ltr'><strong>concupisces.</strong></span> <span class='ocrx_word' id='word_1_361' title='bbox 1276 4530 1553 4584; x_wconf 84' lang='lat' dir='ltr'><strong>Occasione</strong></span> <span class='ocrx_word' id='word_1_362' title='bbox 1577 4539 1743 4583; x_wconf 87' lang='lat' dir='ltr'><strong>autem</strong></span> <span class='ocrx_word' id='word_1_363' title='bbox 1771 4546 1857 4583; x_wconf 83' lang='lat' dir='ltr'><strong>ac-</strong></span> 
     </span>
    </p>
   </div>
   <div class='ocr_carea' id='block_1_46' title="bbox 257 4621 1859 4696">
    <p class='ocr_par' dir='ltr' id='par_1_46' title="bbox 257 4621 1859 4696">
     <span class='ocr_line' id='line_1_46' title="bbox 257 4621 1859 4696; baseline -0.003 -18"><span class='ocrx_word' id='word_1_364' title='bbox 257 4627 440 4696; x_wconf 83' lang='lat' dir='ltr'><strong>cepta,</strong></span> <span class='ocrx_word' id='word_1_365' title='bbox 486 4633 746 4695; x_wconf 83' lang='lat' dir='ltr'><strong>peccatum</strong></span> <span class='ocrx_word' id='word_1_366' title='bbox 792 4641 882 4695; x_wconf 87' lang='lat' dir='ltr'><strong>per</strong></span> <span class='ocrx_word' id='word_1_367' title='bbox 923 4623 1217 4678; x_wconf 85' lang='lat' dir='ltr'><strong>mandatum</strong></span> <span class='ocrx_word' id='word_1_368' title='bbox 1266 4631 1526 4691; x_wconf 87' lang='lat' dir='ltr'><strong>operatum</strong></span> <span class='ocrx_word' id='word_1_369' title='bbox 1562 4632 1634 4675; x_wconf 85' lang='lat' dir='ltr'><strong>est</strong></span> <span class='ocrx_word' id='word_1_370' title='bbox 1682 4621 1736 4674; x_wconf 85' lang='lat' dir='ltr'><strong>in</strong></span> <span class='ocrx_word' id='word_1_371' title='bbox 1780 4636 1859 4674; x_wconf 85' lang='lat' dir='ltr'><strong>me</strong></span> 
     </span>
    </p>
   </div>
   <div class='ocr_carea' id='block_1_47' title="bbox 255 4713 1856 4789">
    <p class='ocr_par' dir='ltr' id='par_1_47' title="bbox 255 4713 1856 4789">
     <span class='ocr_line' id='line_1_47' title="bbox 255 4713 1856 4789; baseline -0.004 -17"><span class='ocrx_word' id='word_1_372' title='bbox 255 4734 465 4773; x_wconf 77' lang='lat' dir='ltr'><strong>ornnem</strong></span> <span class='ocrx_word' id='word_1_373' title='bbox 491 4720 958 4789; x_wconf 82' lang='lat' dir='ltr'><strong>concupiscentiam.</strong></span> <span class='ocrx_word' id='word_1_374' title='bbox 990 4717 1120 4772; x_wconf 90' lang='lat' dir='ltr'><strong>Item</strong></span> <span class='ocrx_word' id='word_1_375' title='bbox 1149 4717 1307 4786; x_wconf 84' lang='lat' dir='ltr'><strong>paulo</strong></span> <span class='ocrx_word' id='word_1_376' title='bbox 1337 4724 1457 4786; x_wconf 88' lang='lat' dir='ltr'><strong>post</strong></span> <span class='ocrx_word' id='word_1_377' title='bbox 1499 4733 1512 4769; x_wconf 91' lang='lat'>:</span> <span class='ocrx_word' id='word_1_378' title='bbox 1552 4713 1856 4780; x_wconf 82' lang='lat' dir='ltr'><strong>Peccatum,</strong></span> 
     </span>
    </p>
   </div>
   <div class='ocr_carea' id='block_1_48' title="bbox 254 4809 1858 4883">
    <p class='ocr_par' dir='ltr' id='par_1_48' title="bbox 254 4809 1858 4883">
     <span class='ocr_line' id='line_1_48' title="bbox 254 4809 1858 4883; baseline -0.004 -17"><span class='ocrx_word' id='word_1_379' title='bbox 254 4813 458 4883; x_wconf 76' lang='lat' dir='ltr'><strong>inquit,</strong></span> <span class='ocrx_word' id='word_1_380' title='bbox 491 4821 696 4881; x_wconf 78' lang='lat' dir='ltr'><strong>accepta</strong></span> <span class='ocrx_word' id='word_1_381' title='bbox 717 4813 979 4866; x_wconf 82' lang='lat' dir='ltr'><strong>occasione</strong></span> <span class='ocrx_word' id='word_1_382' title='bbox 1008 4827 1096 4882; x_wconf 88' lang='lat' dir='ltr'><strong>per</strong></span> <span class='ocrx_word' id='word_1_383' title='bbox 1115 4811 1409 4863; x_wconf 87' lang='lat' dir='ltr'><strong>mandatunt</strong></span> <span class='ocrx_word' id='word_1_384' title='bbox 1431 4849 1446 4874; x_wconf 93' lang='lat'><strong>,</strong></span> <span class='ocrx_word' id='word_1_385' title='bbox 1481 4809 1659 4879; x_wconf 74' lang='lat' dir='ltr'><strong>fefellit</strong></span> <span class='ocrx_word' id='word_1_386' title='bbox 1687 4823 1782 4872; x_wconf 76' lang='lat' dir='ltr'><strong>me,</strong></span> <span class='ocrx_word' id='word_1_387' title='bbox 1812 4817 1858 4860; x_wconf 88' lang='lat' dir='ltr'><strong>et</strong></span> 
     </span>
    </p>
   </div>
   <div class='ocr_carea' id='block_1_49' title="bbox 254 4900 1855 4976">
    <p class='ocr_par' dir='ltr' id='par_1_49' title="bbox 254 4900 1855 4976">
     <span class='ocr_line' id='line_1_49' title="bbox 254 4900 1855 4976; baseline -0.004 -17"><span class='ocrx_word' id='word_1_388' title='bbox 254 4923 349 4976; x_wconf 81' lang='lat' dir='ltr'><strong>per</strong></span> <span class='ocrx_word' id='word_1_389' title='bbox 389 4905 524 4959; x_wconf 85' lang='lat' dir='ltr'><strong>illud</strong></span> <span class='ocrx_word' id='word_1_390' title='bbox 562 4905 760 4959; x_wconf 87' lang='lat' dir='ltr'><strong>occidit.</strong></span> <span class='ocrx_word' id='word_1_391' title='bbox 809 4902 989 4975; x_wconf 86' lang='lat' dir='ltr'><strong>Itaque</strong></span> <span class='ocrx_word' id='word_1_392' title='bbox 1015 4904 1096 4956; x_wconf 77' lang='lat' dir='ltr'><strong>lea:</strong></span> <span class='ocrx_word' id='word_1_393' title='bbox 1123 4901 1320 4971; x_wconf 79' lang='lat' dir='ltr'><strong>quidem</strong></span> <span class='ocrx_word' id='word_1_394' title='bbox 1344 4909 1538 4966; x_wconf 85' lang='lat' dir='ltr'><strong>sancta,</strong></span> <span class='ocrx_word' id='word_1_395' title='bbox 1567 4909 1614 4953; x_wconf 83' lang='lat' dir='ltr'><strong>et</strong></span> <span class='ocrx_word' id='word_1_396' title='bbox 1640 4900 1855 4953; x_wconf 85' lang='lat' dir='ltr'><strong>manda-</strong></span> 
     </span>
    </p>
   </div>
   <div class='ocr_carea' id='block_1_50' title="bbox 253 4991 1852 5069">
    <p class='ocr_par' dir='ltr' id='par_1_50' title="bbox 253 4991 1852 5069">
     <span class='ocr_line' id='line_1_50' title="bbox 253 4991 1852 5069; baseline -0.005 -17"><span class='ocrx_word' id='word_1_397' title='bbox 253 5008 370 5052; x_wconf 82' lang='lat' dir='ltr'><strong>tum</strong></span> <span class='ocrx_word' id='word_1_398' title='bbox 394 5007 630 5053; x_wconf 82' lang='lat' dir='ltr'><strong>sanctum</strong></span> <span class='ocrx_word' id='word_1_399' title='bbox 649 5006 700 5052; x_wconf 79' lang='lat' dir='ltr'><strong>at</strong></span> <span class='ocrx_word' id='word_1_400' title='bbox 711 4999 912 5069; x_wconf 84' lang='lat' dir='ltr'><strong>justum</strong></span> <span class='ocrx_word' id='word_1_401' title='bbox 936 5004 983 5050; x_wconf 89' lang='lat' dir='ltr'><strong>et</strong></span> <span class='ocrx_word' id='word_1_402' title='bbox 1011 4995 1216 5050; x_wconf 87' lang='lat' dir='ltr'><strong>bonum.</strong></span> <span class='ocrx_word' id='word_1_403' title='bbox 1247 4993 1394 5060; x_wconf 80' lang='lat' dir='ltr'><strong>Quod</strong></span> <span class='ocrx_word' id='word_1_404' title='bbox 1419 5009 1536 5064; x_wconf 86' lang='lat' dir='ltr'><strong>ergo</strong></span> <span class='ocrx_word' id='word_1_405' title='bbox 1560 4991 1745 5046; x_wconf 85' lang='lat' dir='ltr'><strong>bonum</strong></span> <span class='ocrx_word' id='word_1_406' title='bbox 1761 5001 1852 5057; x_wconf 85' lang='lat' dir='ltr'><strong>est,</strong></span> 
     </span>
    </p>
   </div>
   <div class='ocr_carea' id='block_1_51' title="bbox 252 5086 1860 5162">
    <p class='ocr_par' dir='ltr' id='par_1_51' title="bbox 252 5086 1860 5162">
     <span class='ocr_line' id='line_1_51' title="bbox 252 5086 1860 5162; baseline -0.004 -17"><span class='ocrx_word' id='word_1_407' title='bbox 410 5092 614 5162; x_wconf 78' lang='lat' dir='ltr'><strong>factum.</strong></span> <span class='ocrx_word' id='word_1_408' title='bbox 629 5100 860 5144; x_wconf 77' lang='lat' dir='ltr'><strong>estmors</strong></span> <span class='ocrx_word' id='word_1_409' title='bbox 875 5090 901 5143; x_wconf 83' lang='lat'><strong>?-</strong></span> <span class='ocrx_word' id='word_1_410' title='bbox 926 5088 1066 5142; x_wconf 85' lang='lat' dir='ltr'><strong>Absit</strong></span> <span class='ocrx_word' id='word_1_411' title='bbox 1089 5103 1107 5141; x_wconf 90' lang='lat'><strong><em>:</em></strong></span> <span class='ocrx_word' id='word_1_412' title='bbox 1132 5086 1220 5140; x_wconf 84' lang='lat' dir='ltr'><strong>sed</strong></span> <span class='ocrx_word' id='word_1_413' title='bbox 1244 5092 1520 5156; x_wconf 85' lang='lat' dir='ltr'><strong>peccatum,</strong></span> <span class='ocrx_word' id='word_1_414' title='bbox 1545 5093 1600 5137; x_wconf 87' lang='lat' dir='ltr'><strong>ut</strong></span> <span class='ocrx_word' id='word_1_415' title='bbox 1617 5093 1860 5156; x_wconf 85' lang='lat' dir='ltr'><strong>appareat</strong></span> 
     </span>
    </p>
   </div>
   <div class='ocr_carea' id='block_1_52' title="bbox 252 5174 1856 5254">
    <p class='ocr_par' dir='ltr' id='par_1_52' title="bbox 252 5174 1856 5254">
     <span class='ocr_line' id='line_1_52' title="bbox 252 5174 1856 5254; baseline -0.004 -17"><span class='ocrx_word' id='word_1_416' title='bbox 252 5191 576 5254; x_wconf 56' lang='lat' dir='ltr'><strong>peccatum,</strong></span> <span class='ocrx_word' id='word_1_417' title='bbox 598 5198 687 5253; x_wconf 83' lang='lat' dir='ltr'><strong>per</strong></span> <span class='ocrx_word' id='word_1_418' title='bbox 712 5182 896 5236; x_wconf 86' lang='lat' dir='ltr'><strong>bonum</strong></span> <span class='ocrx_word' id='word_1_419' title='bbox 922 5181 1046 5234; x_wconf 86' lang='lat' dir='ltr'><strong>mihi</strong></span> <span class='ocrx_word' id='word_1_420' title='bbox 1069 5187 1332 5250; x_wconf 83' lang='lat' dir='ltr'><strong>operatum</strong></span> <span class='ocrx_word' id='word_1_421' title='bbox 1369 5185 1438 5231; x_wconf 85' lang='lat' dir='ltr'><strong>est</strong></span> <span class='ocrx_word' id='word_1_422' title='bbox 1473 5187 1680 5231; x_wconf 87' lang='lat' dir='ltr'><strong>mortem</strong></span> <span class='ocrx_word' id='word_1_423' title='bbox 1729 5174 1856 5249; x_wconf 90' lang='lat' dir='ltr'><strong>(Id.</strong></span> 
     </span>
    </p>
   </div>
   <div class='ocr_carea' id='block_1_53' title="bbox 252 5270 1860 5346">
    <p class='ocr_par' dir='ltr' id='par_1_53' title="bbox 252 5270 1860 5346">
     <span class='ocr_line' id='line_1_53' title="bbox 252 5270 1860 5346; baseline -0.002 -16"><span class='ocrx_word' id='word_1_424' title='bbox 252 5284 348 5344; x_wconf 79' lang='lat' dir='ltr'><strong>vlt,</strong></span> <span class='ocrx_word' id='word_1_425' title='bbox 376 5277 522 5332; x_wconf 59' lang='lat'><strong>7.43</strong></span> <span class='ocrx_word' id='word_1_426' title='bbox 539 5276 590 5346; x_wconf 90' lang='lat'><strong>)..</strong></span> <span class='ocrx_word' id='word_1_427' title='bbox 619 5275 863 5332; x_wconf 84' lang='lat' dir='ltr'><strong>Attendis</strong></span> <span class='ocrx_word' id='word_1_428' title='bbox 887 5273 1343 5346; x_wconf 81' lang='lat' dir='ltr'><strong>quemadmodum</strong></span> <span class='ocrx_word' id='word_1_429' title='bbox 1362 5271 1479 5342; x_wconf 77' lang='lat' dir='ltr'><strong>lege</strong></span> <span class='ocrx_word' id='word_1_430' title='bbox 1507 5270 1738 5340; x_wconf 84' lang='lat' dir='ltr'><strong>laudata,</strong></span> <span class='ocrx_word' id='word_1_431' title='bbox 1766 5285 1860 5326; x_wconf 90' lang='lat' dir='ltr'><strong>eos</strong></span> 
     </span>
    </p>
   </div>
   <div class='ocr_carea' id='block_1_54' title="bbox 253 5363 1859 5441">
    <p class='ocr_par' dir='ltr' id='par_1_54' title="bbox 253 5363 1859 5441">
     <span class='ocr_line' id='line_1_54' title="bbox 253 5363 1859 5441; baseline -0.004 -17"><span class='ocrx_word' id='word_1_432' title='bbox 253 5370 348 5441; x_wconf 82' lang='lat' dir='ltr'><strong>qui</strong></span> <span class='ocrx_word' id='word_1_433' title='bbox 379 5369 434 5423; x_wconf 89' lang='lat' dir='ltr'><strong>in</strong></span> <span class='ocrx_word' id='word_1_434' title='bbox 470 5367 587 5438; x_wconf 82' lang='lat' dir='ltr'><strong>lege</strong></span> <span class='ocrx_word' id='word_1_435' title='bbox 609 5378 736 5424; x_wconf 89' lang='lat' dir='ltr'><strong>sunt</strong></span> <span class='ocrx_word' id='word_1_436' title='bbox 760 5367 938 5438; x_wconf 89' lang='lat' dir='ltr'><strong>arguit</strong></span> <span class='ocrx_word' id='word_1_437' title='bbox 959 5408 986 5434; x_wconf 74' lang='lat'><strong>,.</strong></span> <span class='ocrx_word' id='word_1_438' title='bbox 1004 5373 1268 5438; x_wconf 76' lang='lat' dir='ltr'><strong>quotquot</strong></span> <span class='ocrx_word' id='word_1_439' title='bbox 1290 5380 1354 5419; x_wconf 87' lang='lat' dir='ltr'><strong>ea</strong></span> <span class='ocrx_word' id='word_1_440' title='bbox 1378 5363 1517 5420; x_wconf 88' lang='lat' dir='ltr'><strong>male</strong></span> <span class='ocrx_word' id='word_1_441' title='bbox 1542 5363 1740 5418; x_wconf 88' lang='lat' dir='ltr'><strong>utendo</strong></span> <span class='ocrx_word' id='word_1_442' title='bbox 1764 5377 1859 5434; x_wconf 85' lang='lat' dir='ltr'><strong>per</strong></span> 
     </span>
    </p>
   </div>
   <div class='ocr_carea' id='block_1_55' title="bbox 245 5456 1858 5528">
    <p class='ocr_par' dir='ltr' id='par_1_55' title="bbox 245 5456 1858 5528">
     <span class='ocr_line' id='line_1_55' title="bbox 245 5456 1858 5528; baseline -0.007 -8"><span class='ocrx_word' id='word_1_443' title='bbox 245 5462 469 5520; x_wconf 86' lang='lat' dir='ltr'><strong>bonum</strong></span> <span class='ocrx_word' id='word_1_444' title='bbox 498 5460 766 5517; x_wconf 87' lang='lat' dir='ltr'><strong>habebant</strong></span> <span class='ocrx_word' id='word_1_445' title='bbox 798 5461 1024 5516; x_wconf 85' lang='lat' dir='ltr'><strong>malum.</strong></span> <span class='ocrx_word' id='word_1_446' title='bbox 1059 5460 1188 5514; x_wconf 86' lang='lat' dir='ltr'><strong>Item</strong></span> <span class='ocrx_word' id='word_1_447' title='bbox 1229 5458 1343 5528; x_wconf 86' lang='lat' dir='ltr'><strong>ipse</strong></span> <span class='ocrx_word' id='word_1_448' title='bbox 1369 5457 1655 5526; x_wconf 86' lang='lat' dir='ltr'><strong>Apostolus</strong></span> <span class='ocrx_word' id='word_1_449' title='bbox 1680 5456 1858 5511; x_wconf 87' lang='lat' dir='ltr'><strong>scien-</strong></span> 
     </span>
    </p>
   </div>
   <div class='ocr_carea' id='block_1_56' title="bbox 249 5548 1862 5627">
    <p class='ocr_par' dir='ltr' id='par_1_56' title="bbox 249 5548 1862 5627">
     <span class='ocr_line' id='line_1_56' title="bbox 249 5548 1862 5627; baseline -0.005 -15"><span class='ocrx_word' id='word_1_450' title='bbox 249 5557 404 5612; x_wconf 50' lang='lat' dir='ltr'><strong>tiam.</strong></span> <span class='ocrx_word' id='word_1_451' title='bbox 421 5553 712 5627; x_wconf 86' lang='lat' dir='ltr'><strong>quamdam</strong></span> <span class='ocrx_word' id='word_1_452' title='bbox 739 5569 807 5611; x_wconf 81' lang='lat' dir='ltr'><strong>ex</strong></span> <span class='ocrx_word' id='word_1_453' title='bbox 834 5554 969 5624; x_wconf 88' lang='lat' dir='ltr'><strong>lege,</strong></span> <span class='ocrx_word' id='word_1_454' title='bbox 1000 5567 1159 5623; x_wconf 91' lang='lat' dir='ltr'><strong>quam</strong></span> <span class='ocrx_word' id='word_1_455' title='bbox 1191 5559 1250 5605; x_wconf 88' lang='lat' dir='ltr'><strong>et-</strong></span> <span class='ocrx_word' id='word_1_456' title='bbox 1273 5565 1334 5604; x_wconf 91' lang='lat' dir='ltr'><strong>se</strong></span> <span class='ocrx_word' id='word_1_457' title='bbox 1358 5549 1556 5604; x_wconf 89' lang='lat' dir='ltr'><strong>habere</strong></span> <span class='ocrx_word' id='word_1_458' title='bbox 1575 5548 1787 5604; x_wconf 88' lang='lat' dir='ltr'><strong>dicebat</strong></span> <span class='ocrx_word' id='word_1_459' title='bbox 1806 5556 1862 5604; x_wconf 90' lang='lat' dir='ltr'><strong>et</strong></span> 
     </span>
    </p>
   </div>
   <div class='ocr_carea' id='block_1_57' title="bbox 245 5640 1857 5715">
    <p class='ocr_par' dir='ltr' id='par_1_57' title="bbox 245 5640 1857 5715">
     <span class='ocr_line' id='line_1_57' title="bbox 245 5640 1857 5715; baseline -0.007 -11"><span class='ocrx_word' id='word_1_460' title='bbox 245 5649 400 5704; x_wconf 83' lang='lat' dir='ltr'><strong>alios</strong></span> <span class='ocrx_word' id='word_1_461' title='bbox 423 5687 442 5715; x_wconf 89' lang='lat'><strong>,</strong></span> <span class='ocrx_word' id='word_1_462' title='bbox 474 5647 593 5701; x_wconf 86' lang='lat' dir='ltr'><strong>sine</strong></span> <span class='ocrx_word' id='word_1_463' title='bbox 630 5646 890 5702; x_wconf 88' lang='lat' dir='ltr'><strong>charitate</strong></span> <span class='ocrx_word' id='word_1_464' title='bbox 919 5655 1094 5700; x_wconf 82' lang='lat' dir='ltr'><strong>tamen</strong></span> <span class='ocrx_word' id='word_1_465' title='bbox 1127 5642 1363 5698; x_wconf 88' lang='lat' dir='ltr'><strong>inutilem</strong></span> <span class='ocrx_word' id='word_1_466' title='bbox 1387 5640 1514 5696; x_wconf 89' lang='lat' dir='ltr'><strong>dicit</strong></span> <span class='ocrx_word' id='word_1_467' title='bbox 1539 5650 1596 5695; x_wconf 91' lang='lat' dir='ltr'><strong>et</strong></span> <span class='ocrx_word' id='word_1_468' title='bbox 1624 5640 1857 5694; x_wconf 80' lang='lat' dir='ltr'><strong>noxiam.</strong></span> 
     </span>
    </p>
   </div>
   <div class='ocr_carea' id='block_1_58' title="bbox 243 5733 1862 5808">
    <p class='ocr_par' dir='ltr' id='par_1_58' title="bbox 243 5733 1862 5808">
     <span class='ocr_line' id='line_1_58' title="bbox 243 5733 1862 5808; baseline -0.007 -13"><span class='ocrx_word' id='word_1_469' title='bbox 243 5739 333 5795; x_wconf 87' lang='lat' dir='ltr'><strong>De</strong></span> <span class='ocrx_word' id='word_1_470' title='bbox 361 5737 658 5806; x_wconf 82' lang='lat' dir='ltr'><strong>sacriﬁciis,</strong></span> <span class='ocrx_word' id='word_1_471' title='bbox 687 5739 874 5808; x_wconf 86' lang='lat' dir='ltr'><strong>inquit,</strong></span> <span class='ocrx_word' id='word_1_472' title='bbox 894 5736 1148 5791; x_wconf 86' lang='lat' dir='ltr'><strong>idolorum</strong></span> <span class='ocrx_word' id='word_1_473' title='bbox 1167 5735 1348 5789; x_wconf 81' lang='lat' dir='ltr'><strong>scimus</strong></span> <span class='ocrx_word' id='word_1_474' title='bbox 1368 5733 1487 5803; x_wconf 88' lang='lat' dir='ltr'><strong>quia</strong></span> <span class='ocrx_word' id='word_1_475' title='bbox 1507 5745 1678 5787; x_wconf 78' lang='lat' dir='ltr'><strong>omnes</strong></span> <span class='ocrx_word' id='word_1_476' title='bbox 1700 5733 1862 5785; x_wconf 85' lang='lat' dir='ltr'><strong>scien-</strong></span> 
     </span>
    </p>
   </div>
   <div class='ocr_carea' id='block_1_59' title="bbox 245 5825 1860 5900">
    <p class='ocr_par' dir='ltr' id='par_1_59' title="bbox 245 5825 1860 5900">
     <span class='ocr_line' id='line_1_59' title="bbox 245 5825 1860 5900; baseline -0.006 -11"><span class='ocrx_word' id='word_1_477' title='bbox 245 5835 382 5889; x_wconf 85' lang='lat' dir='ltr'><strong>tiam</strong></span> <span class='ocrx_word' id='word_1_478' title='bbox 433 5831 696 5886; x_wconf 79' lang='lat' dir='ltr'><strong>habemus.</strong></span> <span class='ocrx_word' id='word_1_479' title='bbox 744 5830 968 5886; x_wconf 85' lang='lat' dir='ltr'><strong>Scientia</strong></span> <span class='ocrx_word' id='word_1_480' title='bbox 1013 5831 1181 5900; x_wconf 78' lang='lat' dir='ltr'><strong>inﬂat,</strong></span> <span class='ocrx_word' id='word_1_481' title='bbox 1225 5827 1444 5882; x_wconf 83' lang='lat' dir='ltr'><strong>charitas</strong></span> <span class='ocrx_word' id='word_1_482' title='bbox 1483 5842 1597 5881; x_wconf 82' lang='lat' dir='ltr'><strong>vero</strong></span> <span class='ocrx_word' id='word_1_483' title='bbox 1640 5825 1860 5895; x_wconf 70' lang='lat' dir='ltr'><strong>mdiﬁcat</strong></span> 
     </span>
    </p>
   </div>
   <div class='ocr_carea' id='block_1_60' title="bbox 240 5920 1858 5995">
    <p class='ocr_par' dir='ltr' id='par_1_60' title="bbox 240 5920 1858 5995">
     <span class='ocr_line' id='line_1_60' title="bbox 240 5920 1858 5995; baseline -0.006 -11"><span class='ocrx_word' id='word_1_484' title='bbox 240 5928 262 5995; x_wconf 91' lang='lat'><strong>(</strong></span> <span class='ocrx_word' id='word_1_485' title='bbox 289 5927 318 5984; x_wconf 83' lang='grc' dir='ltr'>ι</span> <span class='ocrx_word' id='word_1_486' title='bbox 348 5926 483 5981; x_wconf 81' lang='lat' dir='ltr'><strong>Cor.</strong></span> <span class='ocrx_word' id='word_1_487' title='bbox 511 5938 605 5980; x_wconf 82' lang='lat' dir='ltr'><strong>vtu</strong></span> <span class='ocrx_word' id='word_1_488' title='bbox 629 5965 644 5993; x_wconf 92' lang='lat'><strong>,</strong></span> <span class='ocrx_word' id='word_1_489' title='bbox 676 5923 704 5979; x_wconf 72' lang='grc' dir='ltr'>ί</span> <span class='ocrx_word' id='word_1_490' title='bbox 727 5921 772 5994; x_wconf 90' lang='grc'><strong>).</strong></span> <span class='ocrx_word' id='word_1_491' title='bbox 814 5922 1046 5981; x_wconf 87' lang='lat' dir='ltr'><strong>Proinde</strong></span> <span class='ocrx_word' id='word_1_492' title='bbox 1066 5931 1122 5978; x_wconf 88' lang='lat' dir='ltr'><strong>et</strong></span> <span class='ocrx_word' id='word_1_493' title='bbox 1151 5922 1250 5979; x_wconf 82' lang='lat' dir='ltr'><strong>ista</strong></span> <span class='ocrx_word' id='word_1_494' title='bbox 1278 5920 1499 5977; x_wconf 85' lang='lat' dir='ltr'><strong>scientia</strong></span> <span class='ocrx_word' id='word_1_495' title='bbox 1526 5920 1767 5992; x_wconf 85' lang='lat' dir='ltr'><strong>quamvis</strong></span> <span class='ocrx_word' id='word_1_496' title='bbox 1791 5920 1858 5975; x_wconf 86' lang='lat' dir='ltr'><strong>ad</strong></span> 
     </span>
    </p>
   </div>
   <div class='ocr_carea' id='block_1_61' title="bbox 1645 441 2159 504">
    <p class='ocr_par' dir='ltr' id='par_1_61' title="bbox 1645 441 2159 504">
     <span class='ocr_line' id='line_1_61' title="bbox 1645 441 2159 504; baseline -0.002 -4"><span class='ocrx_word' id='word_1_497' title='bbox 1645 441 1848 502; x_wconf 79' lang='lat' dir='ltr'><strong>LIBER</strong></span> <span class='ocrx_word' id='word_1_498' title='bbox 1885 444 2159 504; x_wconf 76' lang='lat' dir='ltr'><strong>PRIMUS.</strong></span> 
     </span>
    </p>
   </div>
   <div class='ocr_carea' id='block_1_62' title="bbox 1965 555 3544 631">
    <p class='ocr_par' dir='ltr' id='par_1_62' title="bbox 1965 555 3544 631">
     <span class='ocr_line' id='line_1_62' title="bbox 1965 555 3544 631; baseline 0.005 -21"><span class='ocrx_word' id='word_1_499' title='bbox 1965 557 2135 624; x_wconf 80' lang='lat' dir='ltr'><strong>legem</strong></span> <span class='ocrx_word' id='word_1_500' title='bbox 2167 555 2258 610; x_wconf 88' lang='lat' dir='ltr'><strong>Dei</strong></span> <span class='ocrx_word' id='word_1_501' title='bbox 2288 555 2569 625; x_wconf 73' lang='lat' dir='ltr'><strong>pertineat,</strong></span> <span class='ocrx_word' id='word_1_502' title='bbox 2591 556 2638 612; x_wconf 89' lang='lat' dir='ltr'><strong>si</strong></span> <span class='ocrx_word' id='word_1_503' title='bbox 2663 556 2718 612; x_wconf 84' lang='lat' dir='ltr'><strong>in</strong></span> <span class='ocrx_word' id='word_1_504' title='bbox 2745 555 2924 628; x_wconf 87' lang='lat' dir='ltr'><strong>aliquo</strong></span> <span class='ocrx_word' id='word_1_505' title='bbox 2941 557 3060 614; x_wconf 85' lang='lat' dir='ltr'><strong>sine</strong></span> <span class='ocrx_word' id='word_1_506' title='bbox 3077 558 3336 616; x_wconf 85' lang='lat' dir='ltr'><strong>charitate</strong></span> <span class='ocrx_word' id='word_1_507' title='bbox 3363 561 3544 631; x_wconf 84' lang='lat' dir='ltr'><strong>tuerit,</strong></span> 
     </span>
    </p>
   </div>
   <div class='ocr_carea' id='block_1_63' title="bbox 1958 644 3543 724">
    <p class='ocr_par' dir='ltr' id='par_1_63' title="bbox 1958 644 3543 724">
     <span class='ocr_line' id='line_1_63' title="bbox 1958 644 3543 724; baseline 0.007 -25"><span class='ocrx_word' id='word_1_508' title='bbox 1958 644 2175 701; x_wconf 77' lang='lat' dir='ltr'><strong>innatet</strong></span> <span class='ocrx_word' id='word_1_509' title='bbox 2190 655 2373 704; x_wconf 80' lang='lat' dir='ltr'><strong>nocet.</strong></span> <span class='ocrx_word' id='word_1_510' title='bbox 2390 646 2550 715; x_wconf 80' lang='lat' dir='ltr'><strong>Quid,</strong></span> <span class='ocrx_word' id='word_1_511' title='bbox 2581 647 2649 704; x_wconf 85' lang='lat' dir='ltr'><strong>de</strong></span> <span class='ocrx_word' id='word_1_512' title='bbox 2675 649 2794 718; x_wconf 87' lang='lat' dir='ltr'><strong>ipso</strong></span> <span class='ocrx_word' id='word_1_513' title='bbox 2817 664 3043 721; x_wconf 87' lang='lat' dir='ltr'><strong>corpore</strong></span> <span class='ocrx_word' id='word_1_514' title='bbox 3067 659 3122 708; x_wconf 86' lang='lat' dir='ltr'><strong>et</strong></span> <span class='ocrx_word' id='word_1_515' title='bbox 3153 653 3414 724; x_wconf 80' lang='lat' dir='ltr'><strong>sanguine</strong></span> <span class='ocrx_word' id='word_1_516' title='bbox 3439 654 3543 710; x_wconf 90' lang='lat' dir='ltr'><strong>Do-</strong></span> 
     </span>
    </p>
   </div>
   <div class='ocr_carea' id='block_1_64' title="bbox 1958 737 3554 816">
    <p class='ocr_par' dir='ltr' id='par_1_64' title="bbox 1958 737 3554 816">
     <span class='ocr_line' id='line_1_64' title="bbox 1958 737 3554 816; baseline 0.008 -26"><span class='ocrx_word' id='word_1_517' title='bbox 1958 737 2112 801; x_wconf 90' lang='lat' dir='ltr'><strong>mini,</strong></span> <span class='ocrx_word' id='word_1_518' title='bbox 2143 737 2308 794; x_wconf 83' lang='lat' dir='ltr'><strong>unico-</strong></span> <span class='ocrx_word' id='word_1_519' title='bbox 2326 739 2588 796; x_wconf 78' lang='lat' dir='ltr'><strong>sacriﬁcio</strong></span> <span class='ocrx_word' id='word_1_520' title='bbox 2618 755 2718 810; x_wconf 88' lang='lat' dir='ltr'><strong>pro</strong></span> <span class='ocrx_word' id='word_1_521' title='bbox 2735 742 2906 802; x_wconf 80' lang='lat' dir='ltr'><strong>salute</strong></span> <span class='ocrx_word' id='word_1_522' title='bbox 2930 753 3132 810; x_wconf 84' lang='lat' dir='ltr'><strong>nostra,</strong></span> <span class='ocrx_word' id='word_1_523' title='bbox 3159 746 3404 815; x_wconf 79' lang='lat' dir='ltr'><strong>quamvis</strong></span> <span class='ocrx_word' id='word_1_524' title='bbox 3426 745 3554 816; x_wconf 72' lang='lat' dir='ltr'><strong>ipso-</strong></span> 
     </span>
    </p>
   </div>
   <div class='ocr_carea' id='block_1_65' title="bbox 1959 828 3544 906">
    <p class='ocr_par' dir='ltr' id='par_1_65' title="bbox 1959 828 3544 906">
     <span class='ocr_line' id='line_1_65' title="bbox 1959 828 3544 906; baseline 0.006 -23"><span class='ocrx_word' id='word_1_525' title='bbox 1959 828 2218 888; x_wconf 86' lang='lat' dir='ltr'><strong>Dominus</strong></span> <span class='ocrx_word' id='word_1_526' title='bbox 2238 830 2380 889; x_wconf 72' lang='lat' dir='ltr'><strong>«licet</strong></span> <span class='ocrx_word' id='word_1_527' title='bbox 2403 833 2444 900; x_wconf 76' lang='grc' dir='ltr'><strong>ί,</strong></span> <span class='ocrx_word' id='word_1_528' title='bbox 2470 831 2592 887; x_wconf 84' lang='lat' dir='ltr'><strong>Nisi</strong></span> <span class='ocrx_word' id='word_1_529' title='bbox 2606 835 2718 905; x_wconf 70' lang='lat' dir='ltr'><strong>quis</strong></span> <span class='ocrx_word' id='word_1_530' title='bbox 2736 837 3114 892; x_wconf 77' lang='lat' dir='ltr'><strong>ntauducaneric</strong></span> <span class='ocrx_word' id='word_1_531' title='bbox 3131 852 3336 893; x_wconf 76' lang='lat' dir='ltr'><strong>comm</strong></span> <span class='ocrx_word' id='word_1_532' title='bbox 3355 854 3544 906; x_wconf 83' lang='lat' dir='ltr'><strong>meam,</strong></span> 
     </span>
    </p>
   </div>
   <div class='ocr_carea' id='block_1_66' title="bbox 1958 921 3550 996">
    <p class='ocr_par' dir='ltr' id='par_1_66' title="bbox 1958 921 3550 996">
     <span class='ocr_line' id='line_1_66' title="bbox 1958 921 3550 996; baseline 0.007 -21"><span class='ocrx_word' id='word_1_533' title='bbox 1958 930 2003 976; x_wconf 89' lang='lat' dir='ltr'><strong>et</strong></span> <span class='ocrx_word' id='word_1_534' title='bbox 2051 921 2225 978; x_wconf 80' lang='lat' dir='ltr'><strong>biberit</strong></span> <span class='ocrx_word' id='word_1_535' title='bbox 2270 925 2564 995; x_wconf 70' lang='lat' dir='ltr'><strong>sanguinem</strong></span> <span class='ocrx_word' id='word_1_536' title='bbox 2603 943 2786 996; x_wconf 83' lang='lat' dir='ltr'><strong>meum,</strong></span> <span class='ocrx_word' id='word_1_537' title='bbox 2831 945 2933 985; x_wconf 72' lang='lat' dir='ltr'><strong>non</strong></span> <span class='ocrx_word' id='word_1_538' title='bbox 2969 929 3168 984; x_wconf 76' lang='lat' dir='ltr'><strong>habebit</strong></span> <span class='ocrx_word' id='word_1_539' title='bbox 3204 930 3260 985; x_wconf 83' lang='lat' dir='ltr'><strong>in</strong></span> <span class='ocrx_word' id='word_1_540' title='bbox 3298 947 3354 986; x_wconf 84' lang='lat' dir='ltr'><strong>se</strong></span> <span class='ocrx_word' id='word_1_541' title='bbox 3390 932 3550 986; x_wconf 72' lang='lat' dir='ltr'><strong>vitam</strong></span> 
     </span>
    </p>
   </div>
   <div class='ocr_carea' id='block_1_67' title="bbox 1963 1011 3546 1090">
    <p class='ocr_par' dir='ltr' id='par_1_67' title="bbox 1963 1011 3546 1090">
     <span class='ocr_line' id='line_1_67' title="bbox 1963 1011 3546 1090; baseline 0.008 -24"><span class='ocrx_word' id='word_1_542' title='bbox 1963 1011 2162 1083; x_wconf 86' lang='lat' dir='ltr'><strong>(Joan.</strong></span> <span class='ocrx_word' id='word_1_543' title='bbox 2188 1031 2264 1082; x_wconf 88' lang='lat' dir='ltr'><strong>vt,</strong></span> <span class='ocrx_word' id='word_1_544' title='bbox 2292 1015 2400 1087; x_wconf 73' lang='grc'><strong>54)</strong></span> <span class='ocrx_word' id='word_1_545' title='bbox 2436 1035 2455 1071; x_wconf 71' lang='lat'><strong>.-</strong></span> <span class='ocrx_word' id='word_1_546' title='bbox 2481 1031 2658 1074; x_wconf 86' lang='lat' dir='ltr'><strong>nonne</strong></span> <span class='ocrx_word' id='word_1_547' title='bbox 2699 1019 2838 1075; x_wconf 91' lang='lat' dir='ltr'><strong>idem</strong></span> <span class='ocrx_word' id='word_1_548' title='bbox 2880 1021 3151 1090; x_wconf 84' lang='lat' dir='ltr'><strong>apostolus</strong></span> <span class='ocrx_word' id='word_1_549' title='bbox 3189 1021 3346 1078; x_wconf 86' lang='lat' dir='ltr'><strong>docet</strong></span> <span class='ocrx_word' id='word_1_550' title='bbox 3385 1023 3546 1079; x_wconf 88' lang='lat' dir='ltr'><strong>etiam</strong></span> 
     </span>
    </p>
   </div>
   <div class='ocr_carea' id='block_1_68' title="bbox 1959 1102 3544 1180">
    <p class='ocr_par' dir='ltr' id='par_1_68' title="bbox 1959 1102 3544 1180">
     <span class='ocr_line' id='line_1_68' title="bbox 1959 1102 3544 1180; baseline 0.008 -24"><span class='ocrx_word' id='word_1_551' title='bbox 1959 1102 2060 1159; x_wconf 88' lang='lat' dir='ltr'><strong>hoc</strong></span> <span class='ocrx_word' id='word_1_552' title='bbox 2089 1105 2442 1174; x_wconf 82' lang='lat' dir='ltr'><strong>perniciosum</strong></span> <span class='ocrx_word' id='word_1_553' title='bbox 2470 1109 2608 1164; x_wconf 86' lang='lat' dir='ltr'><strong>male</strong></span> <span class='ocrx_word' id='word_1_554' title='bbox 2635 1111 2904 1167; x_wconf 87' lang='lat' dir='ltr'><strong>utentibus</strong></span> <span class='ocrx_word' id='word_1_555' title='bbox 2928 1111 3074 1168; x_wconf 81' lang='lat' dir='ltr'><strong>fieri?</strong></span> <span class='ocrx_word' id='word_1_556' title='bbox 3096 1114 3186 1168; x_wconf 82' lang='lat' dir='ltr'><strong>Ait</strong></span> <span class='ocrx_word' id='word_1_557' title='bbox 3205 1115 3348 1169; x_wconf 89' lang='lat' dir='ltr'><strong>enim</strong></span> <span class='ocrx_word' id='word_1_558' title='bbox 3372 1131 3388 1171; x_wconf 91' lang='lat'><strong><em>:</em></strong></span> <span class='ocrx_word' id='word_1_559' title='bbox 3417 1113 3544 1180; x_wconf 74' lang='lat' dir='ltr'><strong>Qui-</strong></span> 
     </span>
    </p>
   </div>
   <div class='ocr_carea' id='block_1_69' title="bbox 1958 1201 3547 1276">
    <p class='ocr_par' dir='ltr' id='par_1_69' title="bbox 1958 1201 3547 1276">
     <span class='ocr_line' id='line_1_69' title="bbox 1958 1201 3547 1276; baseline 0.009 -27"><span class='ocrx_word' id='word_1_560' title='bbox 1958 1212 2169 1268; x_wconf 81' lang='lat' dir='ltr'><strong>cumque</strong></span> <span class='ocrx_word' id='word_1_561' title='bbox 2195 1201 2572 1256; x_wconf 74' lang='lat' dir='ltr'><strong>mducassrit</strong></span> <span class='ocrx_word' id='word_1_562' title='bbox 2598 1219 2800 1276; x_wconf 81' lang='lat' dir='ltr'><strong>panem,</strong></span> <span class='ocrx_word' id='word_1_563' title='bbox 2831 1216 2878 1260; x_wconf 86' lang='lat' dir='ltr'><strong>st</strong></span> <span class='ocrx_word' id='word_1_564' title='bbox 2907 1206 3079 1262; x_wconf 88' lang='lat' dir='ltr'><strong>biberit</strong></span> <span class='ocrx_word' id='word_1_565' title='bbox 3107 1208 3309 1262; x_wconf 81' lang='lat' dir='ltr'><strong>calicem</strong></span> <span class='ocrx_word' id='word_1_566' title='bbox 3339 1207 3547 1263; x_wconf 87' lang='lat' dir='ltr'><strong>Domini</strong></span> 
     </span>
    </p>
   </div>
   <div class='ocr_carea' id='block_1_70' title="bbox 1958 1289 3542 1370">
    <p class='ocr_par' dir='ltr' id='par_1_70' title="bbox 1958 1289 3542 1370">
     <span class='ocr_line' id='line_1_70' title="bbox 1958 1289 3542 1370; baseline 0.009 -29"><span class='ocrx_word' id='word_1_567' title='bbox 1958 1289 2182 1361; x_wconf 81' lang='lat' dir='ltr'><strong>indigne,</strong></span> <span class='ocrx_word' id='word_1_568' title='bbox 2217 1307 2332 1347; x_wconf 81' lang='lat' dir='ltr'><strong>reus</strong></span> <span class='ocrx_word' id='word_1_569' title='bbox 2356 1293 2454 1348; x_wconf 71' lang='lat' dir='ltr'><strong>erit</strong></span> <span class='ocrx_word' id='word_1_570' title='bbox 2473 1296 2698 1364; x_wconf 86' lang='lat' dir='ltr'><strong>corporis</strong></span> <span class='ocrx_word' id='word_1_571' title='bbox 2726 1306 2774 1350; x_wconf 90' lang='lat' dir='ltr'><strong>et</strong></span> <span class='ocrx_word' id='word_1_572' title='bbox 2805 1299 3064 1369; x_wconf 80' lang='lat' dir='ltr'><strong>sanguinis</strong></span> <span class='ocrx_word' id='word_1_573' title='bbox 3105 1299 3312 1354; x_wconf 74' lang='lat' dir='ltr'><strong>Domini</strong></span> <span class='ocrx_word' id='word_1_574' title='bbox 3336 1299 3400 1370; x_wconf 68' lang='grc' dir='ltr'><strong>(ι</strong></span> <span class='ocrx_word' id='word_1_575' title='bbox 3423 1300 3542 1357; x_wconf 86' lang='lat' dir='ltr'><strong>Cor.</strong></span> 
     </span>
    </p>
   </div>
   <div class='ocr_carea' id='block_1_71' title="bbox 1959 1381 2193 1452">
    <p class='ocr_par' dir='ltr' id='par_1_71' title="bbox 1959 1381 2193 1452">
     <span class='ocr_line' id='line_1_71' title="bbox 1959 1381 2193 1452; baseline -0.004 -17"><span class='ocrx_word' id='word_1_576' title='bbox 1959 1395 2036 1447; x_wconf 77' lang='lat' dir='ltr'><strong>XI,</strong></span> <span class='ocrx_word' id='word_1_577' title='bbox 2062 1381 2130 1435; x_wconf 74' lang='lat'><strong>27</strong></span> <span class='ocrx_word' id='word_1_578' title='bbox 2153 1382 2193 1452; x_wconf 89' lang='lat'><strong>).</strong></span> 
     </span>
    </p>
   </div>
   <div class='ocr_carea' id='block_1_72' title="bbox 2033 1471 3547 1550">
    <p class='ocr_par' dir='ltr' id='par_1_72' title="bbox 2033 1471 3547 1550">
     <span class='ocr_line' id='line_1_72' title="bbox 2033 1471 3547 1550; baseline 0.009 -25"><span class='ocrx_word' id='word_1_579' title='bbox 2033 1471 2256 1528; x_wconf 86' lang='lat' dir='ltr'><strong>CAPUT</strong></span> <span class='ocrx_word' id='word_1_580' title='bbox 2277 1472 2467 1530; x_wconf 79' lang='lat' dir='ltr'><strong>XXVI.</strong></span> <span class='ocrx_word' id='word_1_581' title='bbox 2492 1507 2561 1516; x_wconf 92' lang='lat'><strong><em>—</em></strong></span> <span class='ocrx_word' id='word_1_582' title='bbox 2586 1479 2673 1533; x_wconf 78' lang='lat' dir='ltr'><strong>3t.</strong></span> <span class='ocrx_word' id='word_1_583' title='bbox 2712 1478 2849 1534; x_wconf 89' lang='lat' dir='ltr'><strong>Ecce</strong></span> <span class='ocrx_word' id='word_1_584' title='bbox 2877 1482 3323 1550; x_wconf 88' lang='lat' dir='ltr'><strong>quemadmodum</strong></span> <span class='ocrx_word' id='word_1_585' title='bbox 3349 1483 3547 1539; x_wconf 88' lang='lat' dir='ltr'><strong>obsunt</strong></span> 
     </span>
    </p>
   </div>
   <div class='ocr_carea' id='block_1_73' title="bbox 1961 1559 3548 1631">
    <p class='ocr_par' dir='ltr' id='par_1_73' title="bbox 1961 1559 3548 1631">
     <span class='ocr_line' id='line_1_73' title="bbox 1961 1559 3548 1631; baseline 0.009 -16"><span class='ocrx_word' id='word_1_586' title='bbox 1961 1559 2137 1617; x_wconf 86' lang='lat' dir='ltr'><strong>divina</strong></span> <span class='ocrx_word' id='word_1_587' title='bbox 2167 1572 2222 1618; x_wconf 91' lang='lat' dir='ltr'><strong>et</strong></span> <span class='ocrx_word' id='word_1_588' title='bbox 2257 1576 2438 1621; x_wconf 86' lang='lat' dir='ltr'><strong>sancta</strong></span> <span class='ocrx_word' id='word_1_589' title='bbox 2476 1569 2614 1624; x_wconf 86' lang='lat' dir='ltr'><strong>male</strong></span> <span class='ocrx_word' id='word_1_590' title='bbox 2651 1569 2926 1624; x_wconf 79' lang='lat' dir='ltr'><strong>utentibus</strong></span> <span class='ocrx_word' id='word_1_591' title='bbox 2952 1590 2966 1626; x_wconf 92' lang='lat'>:</span> <span class='ocrx_word' id='word_1_592' title='bbox 2994 1586 3090 1626; x_wconf 91' lang='lat' dir='ltr'><strong>cur</strong></span> <span class='ocrx_word' id='word_1_593' title='bbox 3117 1587 3226 1627; x_wconf 91' lang='lat' dir='ltr'><strong>non</strong></span> <span class='ocrx_word' id='word_1_594' title='bbox 3255 1574 3357 1628; x_wconf 86' lang='lat' dir='ltr'><strong>hoe</strong></span> <span class='ocrx_word' id='word_1_595' title='bbox 3387 1574 3548 1631; x_wconf 85' lang='lat' dir='ltr'><strong>modo</strong></span> 
     </span>
    </p>
   </div>
   <div class='ocr_carea' id='block_1_74' title="bbox 1961 1654 3548 1736">
    <p class='ocr_par' dir='ltr' id='par_1_74' title="bbox 1961 1654 3548 1736">
     <span class='ocr_line' id='line_1_74' title="bbox 1961 1654 3548 1736; baseline 0.009 -28"><span class='ocrx_word' id='word_1_596' title='bbox 1961 1663 2018 1709; x_wconf 90' lang='lat' dir='ltr'><strong>et</strong></span> <span class='ocrx_word' id='word_1_597' title='bbox 2065 1654 2409 1725; x_wconf 87' lang='lat' dir='ltr'><strong>Baptismus?</strong></span> <span class='ocrx_word' id='word_1_598' title='bbox 2451 1659 2558 1716; x_wconf 89' lang='lat' dir='ltr'><strong>Cur</strong></span> <span class='ocrx_word' id='word_1_599' title='bbox 2603 1678 2710 1717; x_wconf 90' lang='lat' dir='ltr'><strong>non</strong></span> <span class='ocrx_word' id='word_1_600' title='bbox 2759 1665 2831 1718; x_wconf 92' lang='lat' dir='ltr'><strong>ita</strong></span> <span class='ocrx_word' id='word_1_601' title='bbox 2869 1664 2925 1718; x_wconf 88' lang='lat' dir='ltr'><strong>in-</strong></span> <span class='ocrx_word' id='word_1_602' title='bbox 2957 1664 3099 1719; x_wconf 90' lang='lat' dir='ltr'><strong>bono</strong></span> <span class='ocrx_word' id='word_1_603' title='bbox 3131 1666 3402 1736; x_wconf 86' lang='lat' dir='ltr'><strong>Baptismo</strong></span> <span class='ocrx_word' id='word_1_604' title='bbox 3441 1683 3548 1722; x_wconf 88' lang='lat' dir='ltr'><strong>non</strong></span> 
     </span>
    </p>
   </div>
   <div class='ocr_carea' id='block_1_75' title="bbox 1961 1747 3552 1827">
    <p class='ocr_par' dir='ltr' id='par_1_75' title="bbox 1961 1747 3552 1827">
     <span class='ocr_line' id='line_1_75' title="bbox 1961 1747 3552 1827; baseline 0.008 -27"><span class='ocrx_word' id='word_1_605' title='bbox 1961 1754 2087 1801; x_wconf 88' lang='lat' dir='ltr'><strong>sunt</strong></span> <span class='ocrx_word' id='word_1_606' title='bbox 2123 1747 2246 1803; x_wconf 89' lang='lat' dir='ltr'><strong>boni</strong></span> <span class='ocrx_word' id='word_1_607' title='bbox 2279 1750 2537 1819; x_wconf 65' lang='lat' dir='ltr'><strong>haeretici,</strong></span> <span class='ocrx_word' id='word_1_608' title='bbox 2575 1755 2842 1824; x_wconf 87' lang='lat' dir='ltr'><strong>quomodo</strong></span> <span class='ocrx_word' id='word_1_609' title='bbox 2872 1756 2924 1810; x_wconf 85' lang='lat' dir='ltr'><strong>in</strong></span> <span class='ocrx_word' id='word_1_610' title='bbox 2953 1755 3090 1811; x_wconf 87' lang='lat' dir='ltr'><strong>bona</strong></span> <span class='ocrx_word' id='word_1_611' title='bbox 3123 1757 3239 1827; x_wconf 78' lang='lat' dir='ltr'><strong>lege</strong></span> <span class='ocrx_word' id='word_1_612' title='bbox 3283 1773 3386 1812; x_wconf 85' lang='lat' dir='ltr'><strong>non</strong></span> <span class='ocrx_word' id='word_1_613' title='bbox 3429 1768 3552 1813; x_wconf 79' lang='lat' dir='ltr'><strong>sunt</strong></span> 
     </span>
    </p>
   </div>
   <div class='ocr_carea' id='block_1_76' title="bbox 1961 1836 3546 1918">
    <p class='ocr_par' dir='ltr' id='par_1_76' title="bbox 1961 1836 3546 1918">
     <span class='ocr_line' id='line_1_76' title="bbox 1961 1836 3546 1918; baseline 0.011 -28"><span class='ocrx_word' id='word_1_614' title='bbox 1961 1836 2085 1892; x_wconf 90' lang='lat' dir='ltr'><strong>boni</strong></span> <span class='ocrx_word' id='word_1_615' title='bbox 2102 1837 2314 1894; x_wconf 67' lang='lat' dir='ltr'><strong>Judaei?</strong></span> <span class='ocrx_word' id='word_1_616' title='bbox 2338 1842 2456 1898; x_wconf 83' lang='lat' dir='ltr'><strong>.Iam</strong></span> <span class='ocrx_word' id='word_1_617' title='bbox 2482 1855 2626 1900; x_wconf 88' lang='lat' dir='ltr'><strong>certe</strong></span> <span class='ocrx_word' id='word_1_618' title='bbox 2655 1847 2896 1916; x_wconf 82' lang='lat' dir='ltr'><strong>probavi,</strong></span> <span class='ocrx_word' id='word_1_619' title='bbox 2921 1850 3337 1906; x_wconf 86' lang='lat' dir='ltr'><strong>concedentibus</strong></span> <span class='ocrx_word' id='word_1_620' title='bbox 3363 1852 3546 1918; x_wconf 83' lang='lat' dir='ltr'><strong>vobis;</strong></span> 
     </span>
    </p>
   </div>
   <div class='ocr_carea' id='block_1_77' title="bbox 1962 1930 3548 2015">
    <p class='ocr_par' dir='ltr' id='par_1_77' title="bbox 1962 1930 3548 2015">
     <span class='ocr_line' id='line_1_77' title="bbox 1962 1930 3548 2015; baseline 0.011 -32"><span class='ocrx_word' id='word_1_621' title='bbox 1962 1930 2386 2003; x_wconf 87' lang='lat' dir='ltr'><strong>quandoquidem</strong></span> <span class='ocrx_word' id='word_1_622' title='bbox 2429 1937 2593 1994; x_wconf 87' lang='lat' dir='ltr'><strong>Paulo</strong></span> <span class='ocrx_word' id='word_1_623' title='bbox 2621 1955 2714 1995; x_wconf 89' lang='lat' dir='ltr'><strong>vos</strong></span> <span class='ocrx_word' id='word_1_624' title='bbox 2741 1941 2980 2008; x_wconf 87' lang='lat' dir='ltr'><strong>credere,</strong></span> <span class='ocrx_word' id='word_1_625' title='bbox 3014 1951 3072 1998; x_wconf 88' lang='lat' dir='ltr'><strong>et</strong></span> <span class='ocrx_word' id='word_1_626' title='bbox 3098 1943 3400 1999; x_wconf 85' lang='lat' dir='ltr'><strong>testimonia</strong></span> <span class='ocrx_word' id='word_1_627' title='bbox 3430 1961 3548 2015; x_wconf 73' lang='lat' dir='ltr'><strong>qua:</strong></span> 
     </span>
    </p>
   </div>
   <div class='ocr_carea' id='block_1_78' title="bbox 1963 2019 3550 2106">
    <p class='ocr_par' dir='ltr' id='par_1_78' title="bbox 1963 2019 3550 2106">
     <span class='ocr_line' id='line_1_78' title="bbox 1963 2019 3550 2106; baseline 0.009 -31"><span class='ocrx_word' id='word_1_628' title='bbox 1963 2019 2031 2076; x_wconf 89' lang='lat' dir='ltr'><strong>de</strong></span> <span class='ocrx_word' id='word_1_629' title='bbox 2069 2021 2368 2094; x_wconf 83' lang='lat' dir='ltr'><strong>Scripturis-</strong></span> <span class='ocrx_word' id='word_1_630' title='bbox 2389 2030 2575 2098; x_wconf 87' lang='lat' dir='ltr'><strong>posui,</strong></span> <span class='ocrx_word' id='word_1_631' title='bbox 2612 2031 2834 2086; x_wconf 86' lang='lat' dir='ltr'><strong>Paulum</strong></span> <span class='ocrx_word' id='word_1_632' title='bbox 2860 2033 3063 2090; x_wconf 85' lang='lat' dir='ltr'><strong>dixisse</strong></span> <span class='ocrx_word' id='word_1_633' title='bbox 3090 2036 3411 2103; x_wconf 88' lang='lat' dir='ltr'><strong>conceditis;</strong></span> <span class='ocrx_word' id='word_1_634' title='bbox 3438 2036 3550 2106; x_wconf 87' lang='lat' dir='ltr'><strong>jam</strong></span> 
     </span>
    </p>
   </div>
   <div class='ocr_carea' id='block_1_79' title="bbox 1963 2118 3552 2198">
    <p class='ocr_par' dir='ltr' id='par_1_79' title="bbox 1963 2118 3552 2198">
     <span class='ocr_line' id='line_1_79' title="bbox 1963 2118 3552 2198; baseline 0.008 -28"><span class='ocrx_word' id='word_1_635' title='bbox 1963 2130 2089 2186; x_wconf 80' lang='lat' dir='ltr'><strong>ergo</strong></span> <span class='ocrx_word' id='word_1_636' title='bbox 2119 2118 2336 2187; x_wconf 85' lang='lat' dir='ltr'><strong>probavi</strong></span> <span class='ocrx_word' id='word_1_637' title='bbox 2379 2124 2814 2180; x_wconf 85' lang='lat' dir='ltr'><strong>concessionibus</strong></span> <span class='ocrx_word' id='word_1_638' title='bbox 2844 2129 3033 2182; x_wconf 80' lang='lat' dir='ltr'><strong>vestris</strong></span> <span class='ocrx_word' id='word_1_639' title='bbox 3055 2170 3068 2193; x_wconf 91' lang='lat'><strong>,</strong></span> <span class='ocrx_word' id='word_1_640' title='bbox 3105 2128 3349 2198; x_wconf 65' lang='lat' dir='ltr'><strong>quaedam</strong></span> <span class='ocrx_word' id='word_1_641' title='bbox 3388 2129 3552 2184; x_wconf 86' lang='lat' dir='ltr'><strong>etiam</strong></span> 
     </span>
    </p>
   </div>
   <div class='ocr_carea' id='block_1_80' title="bbox 1947 2208 3553 2290">
    <p class='ocr_par' dir='ltr' id='par_1_80' title="bbox 1947 2208 3553 2290">
     <span class='ocr_line' id='line_1_80' title="bbox 1947 2208 3553 2290; baseline 0.008 -27"><span class='ocrx_word' id='word_1_642' title='bbox 1947 2208 2110 2281; x_wconf 82' lang='lat' dir='ltr'><strong>bona</strong></span> <span class='ocrx_word' id='word_1_643' title='bbox 2142 2212 2373 2283; x_wconf 83' lang='lat' dir='ltr'><strong>legitima</strong></span> <span class='ocrx_word' id='word_1_644' title='bbox 2395 2254 2410 2280; x_wconf 93' lang='lat'><strong>,</strong></span> <span class='ocrx_word' id='word_1_645' title='bbox 2457 2215 2648 2272; x_wconf 86' lang='lat' dir='ltr'><strong>obesse</strong></span> <span class='ocrx_word' id='word_1_646' title='bbox 2695 2226 2872 2274; x_wconf 85' lang='lat' dir='ltr'><strong>tamen</strong></span> <span class='ocrx_word' id='word_1_647' title='bbox 2922 2234 3028 2275; x_wconf 92' lang='lat' dir='ltr'><strong>non</strong></span> <span class='ocrx_word' id='word_1_648' title='bbox 3069 2221 3301 2290; x_wconf 85' lang='lat' dir='ltr'><strong>legitime</strong></span> <span class='ocrx_word' id='word_1_649' title='bbox 3349 2219 3553 2276; x_wconf 83' lang='lat' dir='ltr'><strong>haben-</strong></span> 
     </span>
    </p>
   </div>
   <div class='ocr_carea' id='block_1_81' title="bbox 1965 2306 3552 2385">
    <p class='ocr_par' dir='ltr' id='par_1_81' title="bbox 1965 2306 3552 2385">
     <span class='ocr_line' id='line_1_81' title="bbox 1965 2306 3552 2385; baseline 0.006 -25"><span class='ocrx_word' id='word_1_650' title='bbox 1965 2306 2106 2362; x_wconf 88' lang='lat' dir='ltr'><strong>tibus</strong></span> <span class='ocrx_word' id='word_1_651' title='bbox 2153 2318 2208 2363; x_wconf 89' lang='lat' dir='ltr'><strong>et</strong></span> <span class='ocrx_word' id='word_1_652' title='bbox 2257 2311 2528 2366; x_wconf 88' lang='lat' dir='ltr'><strong>utentibus</strong></span> <span class='ocrx_word' id='word_1_653' title='bbox 2589 2329 2603 2366; x_wconf 89' lang='lat'><strong>:</strong></span> <span class='ocrx_word' id='word_1_654' title='bbox 2660 2327 2756 2368; x_wconf 90' lang='lat' dir='ltr'><strong>cur</strong></span> <span class='ocrx_word' id='word_1_655' title='bbox 2815 2329 2920 2369; x_wconf 90' lang='lat' dir='ltr'><strong>non</strong></span> <span class='ocrx_word' id='word_1_656' title='bbox 2973 2315 3045 2370; x_wconf 88' lang='lat' dir='ltr'><strong>ita</strong></span> <span class='ocrx_word' id='word_1_657' title='bbox 3101 2324 3154 2370; x_wconf 90' lang='lat' dir='ltr'><strong>et</strong></span> <span class='ocrx_word' id='word_1_658' title='bbox 3205 2314 3552 2385; x_wconf 64' lang='lat' dir='ltr'><strong>Btptismus,</strong></span> 
     </span>
    </p>
   </div>
   <div class='ocr_carea' id='block_1_82' title="bbox 1964 2403 3556 2475">
    <p class='ocr_par' dir='ltr' id='par_1_82' title="bbox 1964 2403 3556 2475">
     <span class='ocr_line' id='line_1_82' title="bbox 1964 2403 3556 2475; baseline 0.008 -22"><span class='ocrx_word' id='word_1_659' title='bbox 1964 2403 2206 2469; x_wconf 89' lang='lat' dir='ltr'><strong>quamvis</strong></span> <span class='ocrx_word' id='word_1_660' title='bbox 2232 2403 2406 2458; x_wconf 90' lang='lat' dir='ltr'><strong>bonus</strong></span> <span class='ocrx_word' id='word_1_661' title='bbox 2431 2413 2484 2459; x_wconf 91' lang='lat' dir='ltr'><strong>et</strong></span> <span class='ocrx_word' id='word_1_662' title='bbox 2505 2405 2793 2475; x_wconf 76' lang='lat' dir='ltr'><strong>legitimus,</strong></span> <span class='ocrx_word' id='word_1_663' title='bbox 2825 2423 2930 2463; x_wconf 86' lang='lat' dir='ltr'><strong>non</strong></span> <span class='ocrx_word' id='word_1_664' title='bbox 2971 2417 3148 2462; x_wconf 85' lang='lat' dir='ltr'><strong>tamen</strong></span> <span class='ocrx_word' id='word_1_665' title='bbox 3177 2408 3430 2464; x_wconf 83' lang='lat' dir='ltr'><strong>omnibus</strong></span> <span class='ocrx_word' id='word_1_666' title='bbox 3456 2409 3556 2464; x_wconf 88' lang='lat' dir='ltr'><strong>Ita-</strong></span> 
     </span>
    </p>
   </div>
   <div class='ocr_carea' id='block_1_83' title="bbox 1964 2491 3558 2568">
    <p class='ocr_par' dir='ltr' id='par_1_83' title="bbox 1964 2491 3558 2568">
     <span class='ocr_line' id='line_1_83' title="bbox 1964 2491 3558 2568; baseline 0.007 -22"><span class='ocrx_word' id='word_1_667' title='bbox 1964 2491 2212 2549; x_wconf 86' lang='lat' dir='ltr'><strong>bentibus</strong></span> <span class='ocrx_word' id='word_1_668' title='bbox 2243 2495 2490 2564; x_wconf 87' lang='lat' dir='ltr'><strong>prodest?</strong></span> <span class='ocrx_word' id='word_1_669' title='bbox 2521 2497 2597 2551; x_wconf 90' lang='lat' dir='ltr'><strong>Tu</strong></span> <span class='ocrx_word' id='word_1_670' title='bbox 2629 2506 2878 2568; x_wconf 82' lang='lat' dir='ltr'><strong>tanquam</strong></span> <span class='ocrx_word' id='word_1_671' title='bbox 2901 2500 3254 2554; x_wconf 73' lang='lat' dir='ltr'><strong>certissimum</strong></span> <span class='ocrx_word' id='word_1_672' title='bbox 3283 2507 3337 2554; x_wconf 90' lang='lat' dir='ltr'><strong>et</strong></span> <span class='ocrx_word' id='word_1_673' title='bbox 3363 2514 3558 2557; x_wconf 87' lang='lat' dir='ltr'><strong>conse-</strong></span> 
     </span>
    </p>
   </div>
   <div class='ocr_carea' id='block_1_84' title="bbox 1965 2584 3555 2660">
    <p class='ocr_par' dir='ltr' id='par_1_84' title="bbox 1965 2584 3555 2660">
     <span class='ocr_line' id='line_1_84' title="bbox 1965 2584 3555 2660; baseline 0.008 -23"><span class='ocrx_word' id='word_1_674' title='bbox 1965 2584 2372 2653; x_wconf 89' lang='lat' dir='ltr'><strong>quentissimum</strong></span> <span class='ocrx_word' id='word_1_675' title='bbox 2422 2589 2867 2656; x_wconf 80' lang='lat' dir='ltr'><strong>concludebas,in</strong></span> <span class='ocrx_word' id='word_1_676' title='bbox 2906 2599 3058 2660; x_wconf 87' lang='lat' dir='ltr'><strong>parte</strong></span> <span class='ocrx_word' id='word_1_677' title='bbox 3091 2591 3286 2646; x_wconf 75' lang='lat' dir='ltr'><strong>Donati</strong></span> <span class='ocrx_word' id='word_1_678' title='bbox 3310 2607 3430 2648; x_wconf 87' lang='lat' dir='ltr'><strong>esse</strong></span> <span class='ocrx_word' id='word_1_679' title='bbox 3455 2591 3555 2649; x_wconf 89' lang='lat' dir='ltr'><strong>ho-</strong></span> 
     </span>
    </p>
   </div>
   <div class='ocr_carea' id='block_1_85' title="bbox 1963 2677 3554 2752">
    <p class='ocr_par' dir='ltr' id='par_1_85' title="bbox 1963 2677 3554 2752">
     <span class='ocr_line' id='line_1_85' title="bbox 1963 2677 3554 2752; baseline 0.007 -21"><span class='ocrx_word' id='word_1_680' title='bbox 1963 2678 2164 2732; x_wconf 88' lang='lat' dir='ltr'><strong>minem</strong></span> <span class='ocrx_word' id='word_1_681' title='bbox 2193 2677 2596 2751; x_wconf 80' lang='lat' dir='ltr'><strong>baptisandum,</strong></span> <span class='ocrx_word' id='word_1_682' title='bbox 2630 2682 2746 2752; x_wconf 88' lang='lat' dir='ltr'><strong>quia</strong></span> <span class='ocrx_word' id='word_1_683' title='bbox 2778 2697 2878 2738; x_wconf 89' lang='lat' dir='ltr'><strong>nos</strong></span> <span class='ocrx_word' id='word_1_684' title='bbox 2914 2683 3074 2737; x_wconf 89' lang='lat' dir='ltr'><strong>etiam</strong></span> <span class='ocrx_word' id='word_1_685' title='bbox 3104 2684 3174 2738; x_wconf 88' lang='lat' dir='ltr'><strong>ibi</strong></span> <span class='ocrx_word' id='word_1_686' title='bbox 3205 2699 3325 2740; x_wconf 88' lang='lat' dir='ltr'><strong>esse</strong></span> <span class='ocrx_word' id='word_1_687' title='bbox 3355 2698 3554 2742; x_wconf 82' lang='lat' dir='ltr'><strong>conce-</strong></span> 
     </span>
    </p>
   </div>
   <div class='ocr_carea' id='block_1_86' title="bbox 1963 2768 3555 2848">
    <p class='ocr_par' dir='ltr' id='par_1_86' title="bbox 1963 2768 3555 2848">
     <span class='ocr_line' id='line_1_86' title="bbox 1963 2768 3555 2848; baseline 0.007 -25"><span class='ocrx_word' id='word_1_688' title='bbox 1963 2768 2138 2824; x_wconf 89' lang='lat' dir='ltr'><strong>dimus</strong></span> <span class='ocrx_word' id='word_1_689' title='bbox 2161 2771 2484 2841; x_wconf 87' lang='lat' dir='ltr'><strong>Baptistnum</strong></span> <span class='ocrx_word' id='word_1_690' title='bbox 2517 2792 2530 2828; x_wconf 90' lang='lat'>:</span> <span class='ocrx_word' id='word_1_691' title='bbox 2559 2789 2657 2830; x_wconf 88' lang='lat' dir='ltr'><strong>nec</strong></span> <span class='ocrx_word' id='word_1_692' title='bbox 2686 2775 2994 2833; x_wconf 87' lang='lat' dir='ltr'><strong>attendebas</strong></span> <span class='ocrx_word' id='word_1_693' title='bbox 3041 2791 3198 2848; x_wconf 82' lang='lat' dir='ltr'><strong>posse</strong></span> <span class='ocrx_word' id='word_1_694' title='bbox 3225 2793 3323 2834; x_wconf 88' lang='lat' dir='ltr'><strong>nos</strong></span> <span class='ocrx_word' id='word_1_695' title='bbox 3351 2778 3555 2848; x_wconf 88' lang='lat' dir='ltr'><strong>dicere,</strong></span> 
     </span>
    </p>
   </div>
   <div class='ocr_carea' id='block_1_87' title="bbox 1964 2862 3552 2940">
    <p class='ocr_par' dir='ltr' id='par_1_87' title="bbox 1964 2862 3552 2940">
     <span class='ocr_line' id='line_1_87' title="bbox 1964 2862 3552 2940; baseline 0.009 -25"><span class='ocrx_word' id='word_1_696' title='bbox 1964 2876 2085 2917; x_wconf 86' lang='lat' dir='ltr'><strong>esse</strong></span> <span class='ocrx_word' id='word_1_697' title='bbox 2108 2862 2176 2916; x_wconf 90' lang='lat' dir='ltr'><strong>ibi</strong></span> <span class='ocrx_word' id='word_1_698' title='bbox 2197 2864 2409 2934; x_wconf 88' lang='lat' dir='ltr'><strong>quidem</strong></span> <span class='ocrx_word' id='word_1_699' title='bbox 2436 2867 2760 2938; x_wconf 86' lang='lat' dir='ltr'><strong>Baptismum</strong></span> <span class='ocrx_word' id='word_1_700' title='bbox 2789 2865 2985 2925; x_wconf 88' lang='lat' dir='ltr'><strong>Christi</strong></span> <span class='ocrx_word' id='word_1_701' title='bbox 3011 2869 3213 2940; x_wconf 88' lang='lat' dir='ltr'><strong>justum</strong></span> <span class='ocrx_word' id='word_1_702' title='bbox 3234 2913 3248 2937; x_wconf 92' lang='lat'><strong>,</strong></span> <span class='ocrx_word' id='word_1_703' title='bbox 3284 2881 3552 2939; x_wconf 79' lang='lat' dir='ltr'><strong>sanctum,</strong></span> 
     </span>
    </p>
   </div>
   <div class='ocr_carea' id='block_1_88' title="bbox 1964 2953 3555 3032">
    <p class='ocr_par' dir='ltr' id='par_1_88' title="bbox 1964 2953 3555 3032">
     <span class='ocr_line' id='line_1_88' title="bbox 1964 2953 3555 3032; baseline 0.007 -23"><span class='ocrx_word' id='word_1_704' title='bbox 1964 2963 2018 3009; x_wconf 91' lang='lat' dir='ltr'><strong>et</strong></span> <span class='ocrx_word' id='word_1_705' title='bbox 2056 2953 2278 3022; x_wconf 88' lang='lat' dir='ltr'><strong>bonum,</strong></span> <span class='ocrx_word' id='word_1_706' title='bbox 2322 2958 2415 3012; x_wconf 90' lang='lat' dir='ltr'><strong>sed</strong></span> <span class='ocrx_word' id='word_1_707' title='bbox 2463 2961 2748 3029; x_wconf 74' lang='lat' dir='ltr'><strong>pmnalem,</strong></span> <span class='ocrx_word' id='word_1_708' title='bbox 2801 2962 3145 3028; x_wconf 81' lang='lat' dir='ltr'><strong>contrarium,</strong></span> <span class='ocrx_word' id='word_1_709' title='bbox 3193 2962 3555 3032; x_wconf 82' lang='lat' dir='ltr'><strong>perniciosum</strong></span> 
     </span>
    </p>
   </div>
   <div class='ocr_carea' id='block_1_89' title="bbox 1965 3045 3554 3124">
    <p class='ocr_par' dir='ltr' id='par_1_89' title="bbox 1965 3045 3554 3124">
     <span class='ocr_line' id='line_1_89' title="bbox 1965 3045 3554 3124; baseline 0.006 -23"><span class='ocrx_word' id='word_1_710' title='bbox 1965 3045 2195 3101; x_wconf 88' lang='lat' dir='ltr'><strong>inimicis</strong></span> <span class='ocrx_word' id='word_1_711' title='bbox 2221 3050 2462 3118; x_wconf 87' lang='lat' dir='ltr'><strong>corporis</strong></span> <span class='ocrx_word' id='word_1_712' title='bbox 2491 3049 2723 3114; x_wconf 87' lang='lat' dir='ltr'><strong>Christi,</strong></span> <span class='ocrx_word' id='word_1_713' title='bbox 2756 3053 2894 3122; x_wconf 88' lang='lat' dir='ltr'><strong>quod</strong></span> <span class='ocrx_word' id='word_1_714' title='bbox 2923 3060 3006 3107; x_wconf 89' lang='lat' dir='ltr'><strong>est</strong></span> <span class='ocrx_word' id='word_1_715' title='bbox 3033 3052 3290 3121; x_wconf 86' lang='lat' dir='ltr'><strong>Ecclesia,</strong></span> <span class='ocrx_word' id='word_1_716' title='bbox 3320 3069 3439 3124; x_wconf 73' lang='lat' dir='ltr'><strong>qum</strong></span> <span class='ocrx_word' id='word_1_717' title='bbox 3463 3069 3554 3112; x_wconf 84' lang='lat' dir='ltr'><strong>se-</strong></span> 
     </span>
    </p>
   </div>
   <div class='ocr_carea' id='block_1_90' title="bbox 1965 3143 3554 3216">
    <p class='ocr_par' dir='ltr' id='par_1_90' title="bbox 1965 3143 3554 3216">
     <span class='ocr_line' id='line_1_90' title="bbox 1965 3143 3554 3216; baseline 0.004 -18"><span class='ocrx_word' id='word_1_718' title='bbox 1965 3144 2194 3201; x_wconf 88' lang='lat' dir='ltr'><strong>cundum</strong></span> <span class='ocrx_word' id='word_1_719' title='bbox 2211 3145 2470 3216; x_wconf 84' lang='lat' dir='ltr'><strong>promissa</strong></span> <span class='ocrx_word' id='word_1_720' title='bbox 2492 3143 2666 3199; x_wconf 83' lang='lat' dir='ltr'><strong>divina</strong></span> <span class='ocrx_word' id='word_1_721' title='bbox 2686 3146 2738 3198; x_wconf 86' lang='lat' dir='ltr'><strong>in</strong></span> <span class='ocrx_word' id='word_1_722' title='bbox 2761 3146 3005 3200; x_wconf 82' lang='lat' dir='ltr'><strong>omnibus</strong></span> <span class='ocrx_word' id='word_1_723' title='bbox 3019 3147 3262 3216; x_wconf 77' lang='lat' dir='ltr'><strong>gentibus</strong></span> <span class='ocrx_word' id='word_1_724' title='bbox 3284 3147 3554 3204; x_wconf 83' lang='lat' dir='ltr'><strong>dilatatur.</strong></span> 
     </span>
    </p>
   </div>
   <div class='ocr_carea' id='block_1_91' title="bbox 2034 3236 3556 3309">
    <p class='ocr_par' dir='ltr' id='par_1_91' title="bbox 2034 3236 3556 3309">
     <span class='ocr_line' id='line_1_91' title="bbox 2034 3236 3556 3309; baseline 0.002 -16"><span class='ocrx_word' id='word_1_725' title='bbox 2034 3236 2260 3294; x_wconf 86' lang='lat' dir='ltr'><strong>CAPUT</strong></span> <span class='ocrx_word' id='word_1_726' title='bbox 2288 3237 2502 3292; x_wconf 70' lang='lat' dir='ltr'><strong>XXVII.</strong></span> <span class='ocrx_word' id='word_1_727' title='bbox 2532 3268 2598 3277; x_wconf 89' lang='lat'><strong>-</strong></span> <span class='ocrx_word' id='word_1_728' title='bbox 2625 3238 2712 3292; x_wconf 76' lang='grc'><strong>52.</strong></span> <span class='ocrx_word' id='word_1_729' title='bbox 2732 3237 2994 3308; x_wconf 83' lang='lat' dir='ltr'><strong>Numquid</strong></span> <span class='ocrx_word' id='word_1_730' title='bbox 3027 3238 3113 3293; x_wconf 89' lang='lat' dir='ltr'><strong>hic</strong></span> <span class='ocrx_word' id='word_1_731' title='bbox 3143 3239 3266 3309; x_wconf 88' lang='lat' dir='ltr'><strong>quid</strong></span> <span class='ocrx_word' id='word_1_732' title='bbox 3298 3239 3444 3296; x_wconf 87' lang='lat' dir='ltr'><strong>dicas</strong></span> <span class='ocrx_word' id='word_1_733' title='bbox 3469 3240 3556 3296; x_wconf 81' lang='lat' dir='ltr'><strong>in-</strong></span> 
     </span>
    </p>
   </div>
   <div class='ocr_carea' id='block_1_92' title="bbox 1965 3330 3558 3403">
    <p class='ocr_par' dir='ltr' id='par_1_92' title="bbox 1965 3330 3558 3403">
     <span class='ocr_line' id='line_1_92' title="bbox 1965 3330 3558 3403; baseline 0.003 -17"><span class='ocrx_word' id='word_1_734' title='bbox 1965 3332 2169 3400; x_wconf 88' lang='lat' dir='ltr'><strong>venies,</strong></span> <span class='ocrx_word' id='word_1_735' title='bbox 2204 3332 2307 3387; x_wconf 88' lang='lat' dir='ltr'><strong>nisi</strong></span> <span class='ocrx_word' id='word_1_736' title='bbox 2328 3347 2433 3388; x_wconf 89' lang='lat' dir='ltr'><strong>non</strong></span> <span class='ocrx_word' id='word_1_737' title='bbox 2463 3333 2513 3386; x_wconf 90' lang='lat' dir='ltr'><strong>in</strong></span> <span class='ocrx_word' id='word_1_738' title='bbox 2546 3332 2624 3387; x_wconf 89' lang='lat' dir='ltr'><strong>eis</strong></span> <span class='ocrx_word' id='word_1_739' title='bbox 2647 3330 2798 3386; x_wconf 86' lang='lat' dir='ltr'><strong>bonis</strong></span> <span class='ocrx_word' id='word_1_740' title='bbox 2828 3331 2894 3386; x_wconf 86' lang='lat' dir='ltr'><strong>ad</strong></span> <span class='ocrx_word' id='word_1_741' title='bbox 2919 3332 3007 3387; x_wconf 90' lang='lat' dir='ltr'><strong>Dei</strong></span> <span class='ocrx_word' id='word_1_742' title='bbox 3039 3333 3209 3403; x_wconf 79' lang='lat' dir='ltr'><strong>legem</strong></span> <span class='ocrx_word' id='word_1_743' title='bbox 3242 3333 3558 3403; x_wconf 86' lang='lat' dir='ltr'><strong>pertinenti-</strong></span> 
     </span>
    </p>
   </div>
   <div class='ocr_carea' id='block_1_93' title="bbox 1964 3423 3556 3497">
    <p class='ocr_par' dir='ltr' id='par_1_93' title="bbox 1964 3423 3556 3497">
     <span class='ocr_line' id='line_1_93' title="bbox 1964 3423 3556 3497; baseline 0.003 -18"><span class='ocrx_word' id='word_1_744' title='bbox 1964 3425 2062 3480; x_wconf 87' lang='lat' dir='ltr'><strong>bus</strong></span> <span class='ocrx_word' id='word_1_745' title='bbox 2089 3425 2448 3497; x_wconf 87' lang='lat' dir='ltr'><strong>deputandum</strong></span> <span class='ocrx_word' id='word_1_746' title='bbox 2484 3439 2604 3480; x_wconf 88' lang='lat' dir='ltr'><strong>esse</strong></span> <span class='ocrx_word' id='word_1_747' title='bbox 2639 3423 2971 3493; x_wconf 86' lang='lat' dir='ltr'><strong>Baptismum</strong></span> <span class='ocrx_word' id='word_1_748' title='bbox 2993 3466 3010 3493; x_wconf 94' lang='lat'><strong>,</strong></span> <span class='ocrx_word' id='word_1_749' title='bbox 3043 3443 3160 3497; x_wconf 85' lang='lat' dir='ltr'><strong>quae</strong></span> <span class='ocrx_word' id='word_1_750' title='bbox 3203 3436 3426 3496; x_wconf 88' lang='lat' dir='ltr'><strong>possunt</strong></span> <span class='ocrx_word' id='word_1_751' title='bbox 3456 3427 3556 3483; x_wconf 90' lang='lat' dir='ltr'><strong>ho-</strong></span> 
     </span>
    </p>
   </div>
   <div class='ocr_carea' id='block_1_94' title="bbox 1965 3517 3556 3590">
    <p class='ocr_par' dir='ltr' id='par_1_94' title="bbox 1965 3517 3556 3590">
     <span class='ocr_line' id='line_1_94' title="bbox 1965 3517 3556 3590; baseline 0.002 -18"><span class='ocrx_word' id='word_1_752' title='bbox 1965 3518 2134 3574; x_wconf 89' lang='lat' dir='ltr'><strong>mines</strong></span> <span class='ocrx_word' id='word_1_753' title='bbox 2159 3528 2212 3573; x_wconf 90' lang='lat' dir='ltr'><strong>et</strong></span> <span class='ocrx_word' id='word_1_754' title='bbox 2240 3519 2436 3575; x_wconf 89' lang='lat' dir='ltr'><strong>habere</strong></span> <span class='ocrx_word' id='word_1_755' title='bbox 2462 3527 2514 3575; x_wconf 89' lang='lat' dir='ltr'><strong>et</strong></span> <span class='ocrx_word' id='word_1_756' title='bbox 2542 3517 2664 3573; x_wconf 88' lang='lat' dir='ltr'><strong>boni</strong></span> <span class='ocrx_word' id='word_1_757' title='bbox 2695 3532 2800 3573; x_wconf 90' lang='lat' dir='ltr'><strong>non</strong></span> <span class='ocrx_word' id='word_1_758' title='bbox 2829 3533 2948 3574; x_wconf 89' lang='lat' dir='ltr'><strong>esse</strong></span> <span class='ocrx_word' id='word_1_759' title='bbox 2975 3537 2989 3574; x_wconf 89' lang='lat'><strong>:</strong></span> <span class='ocrx_word' id='word_1_760' title='bbox 3022 3519 3113 3574; x_wconf 88' lang='lat' dir='ltr'><strong>sed</strong></span> <span class='ocrx_word' id='word_1_761' title='bbox 3142 3519 3308 3590; x_wconf 86' lang='lat' dir='ltr'><strong>ipsam</strong></span> <span class='ocrx_word' id='word_1_762' title='bbox 3341 3521 3556 3590; x_wconf 89' lang='lat' dir='ltr'><strong>quidem</strong></span> 
     </span>
    </p>
   </div>
   <div class='ocr_carea' id='block_1_95' title="bbox 1964 3609 3555 3683">
    <p class='ocr_par' dir='ltr' id='par_1_95' title="bbox 1964 3609 3555 3683">
     <span class='ocr_line' id='line_1_95' title="bbox 1964 3609 3555 3683; baseline 0.004 -19"><span class='ocrx_word' id='word_1_763' title='bbox 1964 3609 2136 3681; x_wconf 80' lang='lat' dir='ltr'><strong>legem</strong></span> <span class='ocrx_word' id='word_1_764' title='bbox 2179 3620 2232 3666; x_wconf 90' lang='lat' dir='ltr'><strong>et</strong></span> <span class='ocrx_word' id='word_1_765' title='bbox 2259 3611 2536 3666; x_wconf 76' lang='lat' dir='ltr'><strong>scientiam</strong></span> <span class='ocrx_word' id='word_1_766' title='bbox 2569 3620 2619 3665; x_wconf 89' lang='lat' dir='ltr'><strong>et</strong></span> <span class='ocrx_word' id='word_1_767' title='bbox 2644 3610 2958 3666; x_wconf 81' lang='lat' dir='ltr'><strong>sacriﬁcium</strong></span> <span class='ocrx_word' id='word_1_768' title='bbox 2991 3614 3234 3682; x_wconf 89' lang='lat' dir='ltr'><strong>corporis</strong></span> <span class='ocrx_word' id='word_1_769' title='bbox 3261 3623 3314 3667; x_wconf 89' lang='lat' dir='ltr'><strong>et</strong></span> <span class='ocrx_word' id='word_1_770' title='bbox 3337 3612 3555 3683; x_wconf 82' lang='lat' dir='ltr'><strong>sangui-</strong></span> 
     </span>
    </p>
   </div>
   <div class='ocr_carea' id='block_1_96' title="bbox 1964 3702 3558 3773">
    <p class='ocr_par' dir='ltr' id='par_1_96' title="bbox 1964 3702 3558 3773">
     <span class='ocr_line' id='line_1_96' title="bbox 1964 3702 3558 3773; baseline 0.002 -18"><span class='ocrx_word' id='word_1_771' title='bbox 1964 3702 2046 3756; x_wconf 89' lang='lat' dir='ltr'><strong>nis</strong></span> <span class='ocrx_word' id='word_1_772' title='bbox 2073 3703 2267 3758; x_wconf 84' lang='lat' dir='ltr'><strong>Christi</strong></span> <span class='ocrx_word' id='word_1_773' title='bbox 2318 3703 2439 3757; x_wconf 86' lang='lat' dir='ltr'><strong>talia</strong></span> <span class='ocrx_word' id='word_1_774' title='bbox 2485 3703 2622 3758; x_wconf 90' lang='lat' dir='ltr'><strong>bona</strong></span> <span class='ocrx_word' id='word_1_775' title='bbox 2663 3717 2802 3768; x_wconf 88' lang='lat' dir='ltr'><strong>esse,</strong></span> <span class='ocrx_word' id='word_1_776' title='bbox 2849 3719 2966 3773; x_wconf 82' lang='lat' dir='ltr'><strong>quae</strong></span> <span class='ocrx_word' id='word_1_777' title='bbox 2995 3703 3200 3772; x_wconf 86' lang='lat' dir='ltr'><strong>possint</strong></span> <span class='ocrx_word' id='word_1_778' title='bbox 3233 3703 3476 3758; x_wconf 90' lang='lat' dir='ltr'><strong>homines</strong></span> <span class='ocrx_word' id='word_1_779' title='bbox 3502 3711 3558 3758; x_wconf 87' lang='lat' dir='ltr'><strong>et</strong></span> 
     </span>
    </p>
   </div>
   <div class='ocr_carea' id='block_1_97' title="bbox 1963 3793 3549 3864">
    <p class='ocr_par' dir='ltr' id='par_1_97' title="bbox 1963 3793 3549 3864">
     <span class='ocr_line' id='line_1_97' title="bbox 1963 3793 3549 3864; baseline 0.001 -16"><span class='ocrx_word' id='word_1_780' title='bbox 1963 3793 2160 3850; x_wconf 86' lang='lat' dir='ltr'><strong>habere</strong></span> <span class='ocrx_word' id='word_1_781' title='bbox 2178 3805 2231 3850; x_wconf 89' lang='lat' dir='ltr'><strong>et</strong></span> <span class='ocrx_word' id='word_1_782' title='bbox 2253 3796 2374 3850; x_wconf 86' lang='lat' dir='ltr'><strong>mali</strong></span> <span class='ocrx_word' id='word_1_783' title='bbox 2391 3809 2509 3850; x_wconf 86' lang='lat' dir='ltr'><strong>esse</strong></span> <span class='ocrx_word' id='word_1_784' title='bbox 2530 3812 2542 3846; x_wconf 95' lang='lat'><strong><em>:</em></strong></span> <span class='ocrx_word' id='word_1_785' title='bbox 2566 3793 2894 3864; x_wconf 85' lang='lat' dir='ltr'><strong>Baptismum</strong></span> <span class='ocrx_word' id='word_1_786' title='bbox 2917 3809 3046 3849; x_wconf 88' lang='lat' dir='ltr'><strong>vero</strong></span> <span class='ocrx_word' id='word_1_787' title='bbox 3065 3794 3168 3847; x_wconf 87' lang='lat' dir='ltr'><strong>tale</strong></span> <span class='ocrx_word' id='word_1_788' title='bbox 3189 3793 3384 3847; x_wconf 91' lang='lat' dir='ltr'><strong>bonum</strong></span> <span class='ocrx_word' id='word_1_789' title='bbox 3407 3806 3549 3859; x_wconf 87' lang='lat' dir='ltr'><strong>esse,</strong></span> 
     </span>
    </p>
   </div>
   <div class='ocr_carea' id='block_1_98' title="bbox 1963 3884 3557 3957">
    <p class='ocr_par' dir='ltr' id='par_1_98' title="bbox 1963 3884 3557 3957">
     <span class='ocr_line' id='line_1_98' title="bbox 1963 3884 3557 3957; baseline 0.001 -17"><span class='ocrx_word' id='word_1_790' title='bbox 1963 3887 2101 3957; x_wconf 89' lang='lat' dir='ltr'><strong>quod</strong></span> <span class='ocrx_word' id='word_1_791' title='bbox 2128 3887 2366 3956; x_wconf 87' lang='lat' dir='ltr'><strong>quisquis</strong></span> <span class='ocrx_word' id='word_1_792' title='bbox 2393 3886 2654 3950; x_wconf 86' lang='lat' dir='ltr'><strong>habuerit,</strong></span> <span class='ocrx_word' id='word_1_793' title='bbox 2675 3885 2976 3940; x_wconf 85' lang='lat' dir='ltr'><strong>necessario</strong></span> <span class='ocrx_word' id='word_1_794' title='bbox 3006 3885 3177 3940; x_wconf 88' lang='lat' dir='ltr'><strong>bonus</strong></span> <span class='ocrx_word' id='word_1_795' title='bbox 3203 3884 3557 3952; x_wconf 63' lang='lat' dir='ltr'><strong>sit&#39;?‘Quod&#39;si</strong></span> 
     </span>
    </p>
   </div>
   <div class='ocr_carea' id='block_1_99' title="bbox 1963 3977 3553 4049">
    <p class='ocr_par' dir='ltr' id='par_1_99' title="bbox 1963 3977 3553 4049">
     <span class='ocr_line' id='line_1_99' title="bbox 1963 3977 3553 4049; baseline 0.001 -17"><span class='ocrx_word' id='word_1_796' title='bbox 1963 3977 2139 4033; x_wconf 88' lang='lat' dir='ltr'><strong>dicere</strong></span> <span class='ocrx_word' id='word_1_797' title='bbox 2156 3979 2450 4042; x_wconf 83' lang='lat' dir='ltr'><strong>volueritis,</strong></span> <span class='ocrx_word' id='word_1_798' title='bbox 2468 3977 2657 4032; x_wconf 75' lang='lat' dir='ltr'><strong>falsum</strong></span> <span class='ocrx_word' id='word_1_799' title='bbox 2681 3977 2869 4033; x_wconf 88' lang='lat' dir='ltr'><strong>dicetis</strong></span> <span class='ocrx_word' id='word_1_800' title='bbox 2901 3997 2914 4033; x_wconf 90' lang='lat'><strong>:</strong></span> <span class='ocrx_word' id='word_1_801' title='bbox 2939 3987 2991 4034; x_wconf 89' lang='lat' dir='ltr'><strong>et</strong></span> <span class='ocrx_word' id='word_1_802' title='bbox 3019 3979 3139 4034; x_wconf 90' lang='lat' dir='ltr'><strong>ideo</strong></span> <span class='ocrx_word' id='word_1_803' title='bbox 3155 3979 3278 4049; x_wconf 88' lang='lat' dir='ltr'><strong>quid</strong></span> <span class='ocrx_word' id='word_1_804' title='bbox 3296 3979 3436 4033; x_wconf 80' lang='lat' dir='ltr'><strong>aliud</strong></span> <span class='ocrx_word' id='word_1_805' title='bbox 3456 3978 3553 4034; x_wconf 82' lang='lat' dir='ltr'><strong>fal-</strong></span> 
     </span>
    </p>
   </div>
   <div class='ocr_carea' id='block_1_100' title="bbox 1965 4072 3553 4142">
    <p class='ocr_par' dir='ltr' id='par_1_100' title="bbox 1965 4072 3553 4142">
     <span class='ocr_line' id='line_1_100' title="bbox 1965 4072 3553 4142; baseline 0.003 -16"><span class='ocrx_word' id='word_1_806' title='bbox 1965 4086 2090 4127; x_wconf 86' lang='lat' dir='ltr'><strong>sum</strong></span> <span class='ocrx_word' id='word_1_807' title='bbox 2109 4081 2464 4142; x_wconf 85' lang='lat' dir='ltr'><strong>consequatur</strong></span> <span class='ocrx_word' id='word_1_808' title='bbox 2487 4072 2721 4126; x_wconf 89' lang='lat' dir='ltr'><strong>attende.</strong></span> <span class='ocrx_word' id='word_1_809' title='bbox 2753 4072 2905 4140; x_wconf 86' lang='lat' dir='ltr'><strong>Quod</strong></span> <span class='ocrx_word' id='word_1_810' title='bbox 2936 4087 3045 4128; x_wconf 91' lang='lat' dir='ltr'><strong>non</strong></span> <span class='ocrx_word' id='word_1_811' title='bbox 3081 4073 3199 4128; x_wconf 88' lang='lat' dir='ltr'><strong>ideo</strong></span> <span class='ocrx_word' id='word_1_812' title='bbox 3225 4088 3553 4129; x_wconf 78' lang='lat' dir='ltr'><strong>commemo—</strong></span> 
     </span>
    </p>
   </div>
   <div class='ocr_carea' id='block_1_101' title="bbox 1964 4165 3553 4237">
    <p class='ocr_par' dir='ltr' id='par_1_101' title="bbox 1964 4165 3553 4237">
     <span class='ocr_line' id='line_1_101' title="bbox 1964 4165 3553 4237; baseline 0.004 -19"><span class='ocrx_word' id='word_1_813' title='bbox 1964 4165 2112 4232; x_wconf 85' lang='lat' dir='ltr'><strong>rabo,</strong></span> <span class='ocrx_word' id='word_1_814' title='bbox 2141 4173 2199 4219; x_wconf 87' lang='lat' dir='ltr'><strong>ut</strong></span> <span class='ocrx_word' id='word_1_815' title='bbox 2244 4181 2307 4221; x_wconf 79' lang='lat' dir='ltr'><strong>ex</strong></span> <span class='ocrx_word' id='word_1_816' title='bbox 2354 4166 2441 4220; x_wconf 86' lang='lat' dir='ltr'><strong>illo</strong></span> <span class='ocrx_word' id='word_1_817' title='bbox 2471 4176 2560 4221; x_wconf 93' lang='lat' dir='ltr'><strong>tuo</strong></span> <span class='ocrx_word' id='word_1_818' title='bbox 2589 4165 2722 4220; x_wconf 79' lang='lat' dir='ltr'><strong>falso</strong></span> <span class='ocrx_word' id='word_1_819' title='bbox 2751 4167 2814 4221; x_wconf 89' lang='lat' dir='ltr'><strong>ad</strong></span> <span class='ocrx_word' id='word_1_820' title='bbox 2858 4166 2958 4220; x_wconf 88' lang='lat' dir='ltr'><strong>alia</strong></span> <span class='ocrx_word' id='word_1_821' title='bbox 3006 4166 3135 4222; x_wconf 80' lang='lat' dir='ltr'><strong>falsa</strong></span> <span class='ocrx_word' id='word_1_822' title='bbox 3175 4176 3226 4224; x_wconf 86' lang='lat' dir='ltr'><strong>te</strong></span> <span class='ocrx_word' id='word_1_823' title='bbox 3254 4166 3553 4237; x_wconf 84' lang='lat' dir='ltr'><strong>adducam;</strong></span> 
     </span>
    </p>
   </div>
   <div class='ocr_carea' id='block_1_102' title="bbox 1963 4257 3548 4333">
    <p class='ocr_par' dir='ltr' id='par_1_102' title="bbox 1963 4257 3548 4333">
     <span class='ocr_line' id='line_1_102' title="bbox 1963 4257 3548 4333; baseline 0.004 -21"><span class='ocrx_word' id='word_1_824' title='bbox 1963 4257 2055 4312; x_wconf 83' lang='lat' dir='ltr'><strong>sed</strong></span> <span class='ocrx_word' id='word_1_825' title='bbox 2084 4267 2139 4313; x_wconf 90' lang='lat' dir='ltr'><strong>ut</strong></span> <span class='ocrx_word' id='word_1_826' title='bbox 2181 4257 2282 4314; x_wconf 87' lang='lat' dir='ltr'><strong>hoc</strong></span> <span class='ocrx_word' id='word_1_827' title='bbox 2319 4275 2651 4331; x_wconf 87' lang='lat' dir='ltr'><strong>consequens</strong></span> <span class='ocrx_word' id='word_1_828' title='bbox 2680 4276 2800 4315; x_wconf 90' lang='lat' dir='ltr'><strong>cum</strong></span> <span class='ocrx_word' id='word_1_829' title='bbox 2834 4260 3021 4315; x_wconf 79' lang='lat' dir='ltr'><strong>falsum</strong></span> <span class='ocrx_word' id='word_1_830' title='bbox 3051 4277 3173 4317; x_wconf 89' lang='lat' dir='ltr'><strong>csse</strong></span> <span class='ocrx_word' id='word_1_831' title='bbox 3212 4263 3548 4333; x_wconf 84' lang='lat' dir='ltr'><strong>cognoveris,</strong></span> 
     </span>
    </p>
   </div>
   <div class='ocr_carea' id='block_1_103' title="bbox 1963 4350 3548 4424">
    <p class='ocr_par' dir='ltr' id='par_1_103' title="bbox 1963 4350 3548 4424">
     <span class='ocr_line' id='line_1_103' title="bbox 1963 4350 3548 4424; baseline 0.003 -20"><span class='ocrx_word' id='word_1_832' title='bbox 1963 4359 2022 4405; x_wconf 89' lang='lat' dir='ltr'><strong>ut</strong></span> <span class='ocrx_word' id='word_1_833' title='bbox 2047 4351 2066 4380; x_wconf 82' lang='lat'>&#39;</span> <span class='ocrx_word' id='word_1_834' title='bbox 2093 4351 2158 4405; x_wconf 90' lang='lat' dir='ltr'><strong>ab</strong></span> <span class='ocrx_word' id='word_1_835' title='bbox 2183 4350 2284 4406; x_wconf 89' lang='lat' dir='ltr'><strong>hoc</strong></span> <span class='ocrx_word' id='word_1_836' title='bbox 2312 4361 2362 4407; x_wconf 91' lang='lat' dir='ltr'><strong>te</strong></span> <span class='ocrx_word' id='word_1_837' title='bbox 2390 4353 2600 4420; x_wconf 81' lang='lat' dir='ltr'><strong>liberes,</strong></span> <span class='ocrx_word' id='word_1_838' title='bbox 2649 4353 2778 4408; x_wconf 91' lang='lat' dir='ltr'><strong>illud</strong></span> <span class='ocrx_word' id='word_1_839' title='bbox 2809 4353 2949 4424; x_wconf 88' lang='lat' dir='ltr'><strong>quod</strong></span> <span class='ocrx_word' id='word_1_840' title='bbox 2990 4353 3243 4424; x_wconf 70' lang='lat' dir='ltr'><strong>praecedit</strong></span> <span class='ocrx_word' id='word_1_841' title='bbox 3273 4355 3548 4411; x_wconf 84' lang='lat' dir='ltr'><strong>emendes.</strong></span> 
     </span>
    </p>
   </div>
   <div class='ocr_carea' id='block_1_104' title="bbox 1962 4441 3557 4517">
    <p class='ocr_par' dir='ltr' id='par_1_104' title="bbox 1962 4441 3557 4517">
     <span class='ocr_line' id='line_1_104' title="bbox 1962 4441 3557 4517; baseline 0.003 -21"><span class='ocrx_word' id='word_1_842' title='bbox 1962 4441 2097 4510; x_wconf 85' lang='lat' dir='ltr'><strong>Quid</strong></span> <span class='ocrx_word' id='word_1_843' title='bbox 2124 4458 2251 4513; x_wconf 84' lang='lat' dir='ltr'><strong>ergo</strong></span> <span class='ocrx_word' id='word_1_844' title='bbox 2277 4443 2568 4513; x_wconf 62' lang='lat' dir='ltr'><strong>praecedit?</strong></span> <span class='ocrx_word' id='word_1_845' title='bbox 2597 4443 2676 4498; x_wconf 85' lang='lat' dir='ltr'><strong>Ex</strong></span> <span class='ocrx_word' id='word_1_846' title='bbox 2703 4444 2853 4499; x_wconf 83' lang='lat' dir='ltr'><strong>vobis</strong></span> <span class='ocrx_word' id='word_1_847' title='bbox 2881 4460 3066 4500; x_wconf 83' lang='lat' dir='ltr'><strong>omnes</strong></span> <span class='ocrx_word' id='word_1_848' title='bbox 3096 4447 3184 4517; x_wconf 89' lang='lat' dir='ltr'><strong>qui</strong></span> <span class='ocrx_word' id='word_1_849' title='bbox 3228 4446 3423 4501; x_wconf 86' lang='lat' dir='ltr'><strong>habent</strong></span> <span class='ocrx_word' id='word_1_850' title='bbox 3457 4446 3557 4501; x_wconf 90' lang='lat' dir='ltr'><strong>bo—</strong></span> 
     </span>
    </p>
   </div>
   <div class='ocr_carea' id='block_1_105' title="bbox 1963 4535 3558 4608">
    <p class='ocr_par' dir='ltr' id='par_1_105' title="bbox 1963 4535 3558 4608">
     <span class='ocr_line' id='line_1_105' title="bbox 1963 4535 3558 4608; baseline 0.005 -21"><span class='ocrx_word' id='word_1_851' title='bbox 1963 4549 2088 4588; x_wconf 89' lang='lat' dir='ltr'><strong>num</strong></span> <span class='ocrx_word' id='word_1_852' title='bbox 2143 4535 2467 4606; x_wconf 85' lang='lat' dir='ltr'><strong>Baptismum</strong></span> <span class='ocrx_word' id='word_1_853' title='bbox 2515 4535 2682 4590; x_wconf 89' lang='lat' dir='ltr'><strong>bonos</strong></span> <span class='ocrx_word' id='word_1_854' title='bbox 2720 4552 2874 4603; x_wconf 89' lang='lat' dir='ltr'><strong>esse;</strong></span> <span class='ocrx_word' id='word_1_855' title='bbox 2906 4537 3046 4608; x_wconf 90' lang='lat' dir='ltr'><strong>quod</strong></span> <span class='ocrx_word' id='word_1_856' title='bbox 3089 4545 3170 4593; x_wconf 84' lang='lat' dir='ltr'><strong>est</strong></span> <span class='ocrx_word' id='word_1_857' title='bbox 3213 4537 3405 4594; x_wconf 79' lang='lat' dir='ltr'><strong>falsum</strong></span> <span class='ocrx_word' id='word_1_858' title='bbox 3444 4540 3558 4595; x_wconf 87' lang='lat' dir='ltr'><strong>evi-</strong></span> 
     </span>
    </p>
   </div>
   <div class='ocr_carea' id='block_1_106' title="bbox 1964 4626 3555 4702">
    <p class='ocr_par' dir='ltr' id='par_1_106' title="bbox 1964 4626 3555 4702">
     <span class='ocr_line' id='line_1_106' title="bbox 1964 4626 3555 4702; baseline 0.004 -22"><span class='ocrx_word' id='word_1_859' title='bbox 1964 4626 2114 4681; x_wconf 89' lang='lat' dir='ltr'><strong>dens.</strong></span> <span class='ocrx_word' id='word_1_860' title='bbox 2131 4626 2264 4695; x_wconf 86' lang='lat' dir='ltr'><strong>Quid</strong></span> <span class='ocrx_word' id='word_1_861' title='bbox 2291 4628 2670 4698; x_wconf 78' lang='lat' dir='ltr'><strong>consequitur?</strong></span> <span class='ocrx_word' id='word_1_862' title='bbox 2691 4627 2867 4683; x_wconf 86' lang='lat' dir='ltr'><strong>Bonos</strong></span> <span class='ocrx_word' id='word_1_863' title='bbox 2894 4627 3056 4684; x_wconf 79' lang='lat' dir='ltr'><strong>fuisse</strong></span> <span class='ocrx_word' id='word_1_864' title='bbox 3083 4630 3290 4685; x_wconf 87' lang='lat' dir='ltr'><strong>scilicet</strong></span> <span class='ocrx_word' id='word_1_865' title='bbox 3318 4631 3437 4687; x_wconf 90' lang='lat' dir='ltr'><strong>illos</strong></span> <span class='ocrx_word' id='word_1_866' title='bbox 3462 4632 3555 4702; x_wconf 90' lang='lat' dir='ltr'><strong>qui</strong></span> 
     </span>
    </p>
   </div>
   <div class='ocr_carea' id='block_1_107' title="bbox 1963 4719 3554 4796">
    <p class='ocr_par' dir='ltr' id='par_1_107' title="bbox 1963 4719 3554 4796">
     <span class='ocr_line' id='line_1_107' title="bbox 1963 4719 3554 4796; baseline 0.004 -21"><span class='ocrx_word' id='word_1_867' title='bbox 1963 4719 2248 4775; x_wconf 75' lang='lat' dir='ltr'><strong>schismata</strong></span> <span class='ocrx_word' id='word_1_868' title='bbox 2305 4720 2603 4786; x_wconf 81' lang='lat' dir='ltr'><strong>faciebant,</strong></span> <span class='ocrx_word' id='word_1_869' title='bbox 2663 4722 2901 4777; x_wconf 82' lang='lat' dir='ltr'><strong>dicentes</strong></span> <span class='ocrx_word' id='word_1_870' title='bbox 2950 4741 2961 4775; x_wconf 91' lang='lat'><strong>:</strong></span> <span class='ocrx_word' id='word_1_871' title='bbox 3023 4723 3133 4794; x_wconf 84' lang='lat' dir='ltr'><strong>Ego</strong></span> <span class='ocrx_word' id='word_1_872' title='bbox 3185 4726 3390 4796; x_wconf 88' lang='lat' dir='ltr'><strong>quidem</strong></span> <span class='ocrx_word' id='word_1_873' title='bbox 3441 4743 3554 4781; x_wconf 88' lang='lat' dir='ltr'><strong>sum</strong></span> 
     </span>
    </p>
   </div>
   <div class='ocr_carea' id='block_1_108' title="bbox 1967 4811 3553 4885">
    <p class='ocr_par' dir='ltr' id='par_1_108' title="bbox 1967 4811 3553 4885">
     <span class='ocr_line' id='line_1_108' title="bbox 1967 4811 3553 4885; baseline 0.003 -20"><span class='ocrx_word' id='word_1_874' title='bbox 1967 4811 2144 4879; x_wconf 83' lang='lat' dir='ltr'><strong>Pauli,</strong></span> <span class='ocrx_word' id='word_1_875' title='bbox 2180 4830 2269 4884; x_wconf 82' lang='lat' dir='ltr'><strong>ego</strong></span> <span class='ocrx_word' id='word_1_876' title='bbox 2293 4824 2459 4866; x_wconf 85' lang='lat' dir='ltr'><strong>autem</strong></span> <span class='ocrx_word' id='word_1_877' title='bbox 2488 4812 2672 4883; x_wconf 71' lang='lat' dir='ltr'><strong>Capita!</strong></span> <span class='ocrx_word' id='word_1_878' title='bbox 2697 4858 2710 4878; x_wconf 90' lang='lat'><strong>,</strong></span> <span class='ocrx_word' id='word_1_879' title='bbox 2743 4831 2833 4885; x_wconf 81' lang='lat' dir='ltr'><strong>ego</strong></span> <span class='ocrx_word' id='word_1_880' title='bbox 2864 4825 3031 4868; x_wconf 86' lang='lat' dir='ltr'><strong>autem</strong></span> <span class='ocrx_word' id='word_1_881' title='bbox 3060 4814 3265 4871; x_wconf 85' lang='lat' dir='ltr'><strong>Christi.</strong></span> <span class='ocrx_word' id='word_1_882' title='bbox 3294 4818 3437 4884; x_wconf 87' lang='lat' dir='ltr'><strong>Quos</strong></span> <span class='ocrx_word' id='word_1_883' title='bbox 3464 4834 3553 4870; x_wconf 82' lang='lat' dir='ltr'><strong>ur-</strong></span> 
     </span>
    </p>
   </div>
   <div class='ocr_carea' id='block_1_109' title="bbox 1964 4904 3554 4978">
    <p class='ocr_par' dir='ltr' id='par_1_109' title="bbox 1964 4904 3554 4978">
     <span class='ocr_line' id='line_1_109' title="bbox 1964 4904 3554 4978; baseline 0.004 -24"><span class='ocrx_word' id='word_1_884' title='bbox 1964 4918 2129 4972; x_wconf 83' lang='lat' dir='ltr'><strong>guens</strong></span> <span class='ocrx_word' id='word_1_885' title='bbox 2157 4905 2464 4972; x_wconf 82' lang='lat' dir='ltr'><strong>Apostolus,</strong></span> <span class='ocrx_word' id='word_1_886' title='bbox 2502 4904 2576 4958; x_wconf 85' lang='lat' dir='ltr'><strong>ait</strong></span> <span class='ocrx_word' id='word_1_887' title='bbox 2607 4923 2618 4957; x_wconf 93' lang='lat'>:</span> <span class='ocrx_word' id='word_1_888' title='bbox 2652 4904 2858 4958; x_wconf 87' lang='lat' dir='ltr'><strong>Divisus</strong></span> <span class='ocrx_word' id='word_1_889' title='bbox 2887 4916 2957 4959; x_wconf 86' lang='lat' dir='ltr'><strong>est</strong></span> <span class='ocrx_word' id='word_1_890' title='bbox 2988 4905 3261 4964; x_wconf 80' lang='lat' dir='ltr'><strong>Christus?</strong></span> <span class='ocrx_word' id='word_1_891' title='bbox 3289 4907 3554 4978; x_wconf 84' lang='lat' dir='ltr'><strong>Numquid</strong></span> 
     </span>
    </p>
   </div>
   <div class='ocr_carea' id='block_1_110' title="bbox 1966 4992 3554 5067">
    <p class='ocr_par' dir='ltr' id='par_1_110' title="bbox 1966 4992 3554 5067">
     <span class='ocr_line' id='line_1_110' title="bbox 1966 4992 3554 5067; baseline 0.006 -21"><span class='ocrx_word' id='word_1_892' title='bbox 1966 4992 2164 5048; x_wconf 85' lang='lat' dir='ltr'><strong>Paulus</strong></span> <span class='ocrx_word' id='word_1_893' title='bbox 2204 5013 2294 5065; x_wconf 86' lang='lat' dir='ltr'><strong>pro</strong></span> <span class='ocrx_word' id='word_1_894' title='bbox 2336 4997 2471 5050; x_wconf 81' lang='lat' dir='ltr'><strong>vobis</strong></span> <span class='ocrx_word' id='word_1_895' title='bbox 2495 4997 2768 5067; x_wconf 73' lang='lat' dir='ltr'><strong>cruciﬁxus</strong></span> <span class='ocrx_word' id='word_1_896' title='bbox 2805 4999 2916 5052; x_wconf 87' lang='lat' dir='ltr'><strong>est?</strong></span> <span class='ocrx_word' id='word_1_897' title='bbox 2959 5010 3044 5052; x_wconf 89' lang='lat' dir='ltr'><strong>aut</strong></span> <span class='ocrx_word' id='word_1_898' title='bbox 3076 5001 3129 5055; x_wconf 87' lang='lat' dir='ltr'><strong>in</strong></span> <span class='ocrx_word' id='word_1_899' title='bbox 3160 5002 3357 5054; x_wconf 85' lang='lat' dir='ltr'><strong>nomine</strong></span> <span class='ocrx_word' id='word_1_900' title='bbox 3396 4999 3554 5054; x_wconf 83' lang='lat' dir='ltr'><strong>Pauli</strong></span> 
     </span>
    </p>
   </div>
   <div class='ocr_carea' id='block_1_111' title="bbox 1967 5074 3555 5162">
    <p class='ocr_par' dir='ltr' id='par_1_111' title="bbox 1967 5074 3555 5162">
     <span class='ocr_line' id='line_1_111' title="bbox 1967 5074 3555 5162; baseline 0.004 -21"><span class='ocrx_word' id='word_1_901' title='bbox 1967 5088 2205 5158; x_wconf 77' lang='lat' dir='ltr'><strong>baptizati</strong></span> <span class='ocrx_word' id='word_1_902' title='bbox 2231 5089 2344 5142; x_wconf 83' lang='lat' dir='ltr'><strong>estis</strong></span> <span class='ocrx_word' id='word_1_903' title='bbox 2377 5089 2487 5162; x_wconf 87' lang='lat' dir='ltr'><strong>(Id.</strong></span> <span class='ocrx_word' id='word_1_904' title='bbox 2519 5106 2556 5158; x_wconf 85' lang='grc' dir='ltr'><strong>ι,</strong></span> <span class='ocrx_word' id='word_1_905' title='bbox 2585 5074 2667 5156; x_wconf 70' lang='lat' dir='ltr'><strong>te,</strong></span> <span class='ocrx_word' id='word_1_906' title='bbox 2699 5090 2789 5162; x_wconf 67' lang='grc' dir='ltr'><strong>ιδ)</strong></span> <span class='ocrx_word' id='word_1_907' title='bbox 2811 5091 2834 5145; x_wconf 82' lang='lat'><strong>?</strong></span> <span class='ocrx_word' id='word_1_908' title='bbox 2855 5089 2957 5146; x_wconf 88' lang='lat' dir='ltr'><strong>Sed</strong></span> <span class='ocrx_word' id='word_1_909' title='bbox 2982 5091 3171 5146; x_wconf 82' lang='lat' dir='ltr'><strong>falsum</strong></span> <span class='ocrx_word' id='word_1_910' title='bbox 3201 5092 3441 5160; x_wconf 89' lang='lat' dir='ltr'><strong>estquod</strong></span> <span class='ocrx_word' id='word_1_911' title='bbox 3467 5092 3555 5147; x_wconf 89' lang='lat' dir='ltr'><strong>isti</strong></span> 
     </span>
    </p>
   </div>
   <div class='ocr_carea' id='block_1_112' title="bbox 1966 5181 3554 5257">
    <p class='ocr_par' dir='ltr' id='par_1_112' title="bbox 1966 5181 3554 5257">
     <span class='ocr_line' id='line_1_112' title="bbox 1966 5181 3554 5257; baseline 0.003 -22"><span class='ocrx_word' id='word_1_912' title='bbox 1966 5181 2091 5236; x_wconf 83' lang='lat' dir='ltr'><strong>boui</strong></span> <span class='ocrx_word' id='word_1_913' title='bbox 2120 5191 2290 5246; x_wconf 88' lang='lat' dir='ltr'><strong>erant,</strong></span> <span class='ocrx_word' id='word_1_914' title='bbox 2321 5185 2556 5253; x_wconf 78' lang='lat' dir='ltr'><strong>exceptis</strong></span> <span class='ocrx_word' id='word_1_915' title='bbox 2581 5185 2656 5240; x_wconf 90' lang='lat' dir='ltr'><strong>eis</strong></span> <span class='ocrx_word' id='word_1_916' title='bbox 2681 5186 2769 5255; x_wconf 91' lang='lat' dir='ltr'><strong>qui</strong></span> <span class='ocrx_word' id='word_1_917' title='bbox 2799 5183 3064 5252; x_wconf 81' lang='lat' dir='ltr'><strong>dicebant,</strong></span> <span class='ocrx_word' id='word_1_918' title='bbox 3089 5185 3200 5257; x_wconf 84' lang='lat' dir='ltr'><strong>Ego</strong></span> <span class='ocrx_word' id='word_1_919' title='bbox 3217 5193 3383 5238; x_wconf 86' lang='lat' dir='ltr'><strong>autem</strong></span> <span class='ocrx_word' id='word_1_920' title='bbox 3406 5184 3554 5239; x_wconf 80' lang='lat' dir='ltr'><strong>Citri-</strong></span> 
     </span>
    </p>
   </div>
   <div class='ocr_carea' id='block_1_113' title="bbox 1965 5274 3550 5348">
    <p class='ocr_par' dir='ltr' id='par_1_113' title="bbox 1965 5274 3550 5348">
     <span class='ocr_line' id='line_1_113' title="bbox 1965 5274 3550 5348; baseline 0.004 -20"><span class='ocrx_word' id='word_1_921' title='bbox 1965 5274 2032 5328; x_wconf 86' lang='lat' dir='ltr'><strong>sti</strong></span> <span class='ocrx_word' id='word_1_922' title='bbox 2058 5292 2077 5329; x_wconf 92' lang='lat'><em>:</em></span> <span class='ocrx_word' id='word_1_923' title='bbox 2102 5283 2152 5330; x_wconf 90' lang='lat' dir='ltr'><strong>et</strong></span> <span class='ocrx_word' id='word_1_924' title='bbox 2176 5283 2351 5330; x_wconf 86' lang='lat' dir='ltr'><strong>tamen</strong></span> <span class='ocrx_word' id='word_1_925' title='bbox 2378 5276 2626 5348; x_wconf 87' lang='lat' dir='ltr'><strong>baptizali</strong></span> <span class='ocrx_word' id='word_1_926' title='bbox 2650 5289 2801 5334; x_wconf 86' lang='lat' dir='ltr'><strong>erant</strong></span> <span class='ocrx_word' id='word_1_927' title='bbox 2832 5289 3014 5335; x_wconf 88' lang='lat' dir='ltr'><strong>sancto</strong></span> <span class='ocrx_word' id='word_1_928' title='bbox 3038 5281 3309 5348; x_wconf 87' lang='lat' dir='ltr'><strong>Baptismo</strong></span> <span class='ocrx_word' id='word_1_929' title='bbox 3334 5281 3550 5336; x_wconf 86' lang='lat' dir='ltr'><strong>Christi.</strong></span> 
     </span>
    </p>
   </div>
   <div class='ocr_carea' id='block_1_114' title="bbox 1967 5368 3554 5442">
    <p class='ocr_par' dir='ltr' id='par_1_114' title="bbox 1967 5368 3554 5442">
     <span class='ocr_line' id='line_1_114' title="bbox 1967 5368 3554 5442; baseline 0.004 -18"><span class='ocrx_word' id='word_1_930' title='bbox 1967 5368 2081 5436; x_wconf 86' lang='lat' dir='ltr'><strong>Hoc</strong></span> <span class='ocrx_word' id='word_1_931' title='bbox 2128 5369 2304 5441; x_wconf 86' lang='lat' dir='ltr'><strong>itaque</strong></span> <span class='ocrx_word' id='word_1_932' title='bbox 2346 5370 2535 5426; x_wconf 84' lang='lat' dir='ltr'><strong>falsum</strong></span> <span class='ocrx_word' id='word_1_933' title='bbox 2567 5389 2730 5442; x_wconf 88' lang='lat' dir='ltr'><strong>quare</strong></span> <span class='ocrx_word' id='word_1_934' title='bbox 2760 5383 2999 5428; x_wconf 87' lang='lat' dir='ltr'><strong>secutum</strong></span> <span class='ocrx_word' id='word_1_935' title='bbox 3030 5374 3151 5427; x_wconf 80' lang='lat' dir='ltr'><strong>est?</strong></span> <span class='ocrx_word' id='word_1_936' title='bbox 3191 5373 3324 5440; x_wconf 89' lang='lat' dir='ltr'><strong>Quia</strong></span> <span class='ocrx_word' id='word_1_937' title='bbox 3363 5373 3554 5431; x_wconf 83' lang='lat' dir='ltr'><strong>falsum</strong></span> 
     </span>
    </p>
   </div>
   <div class='ocr_carea' id='block_1_115' title="bbox 1964 5462 3553 5534">
    <p class='ocr_par' dir='ltr' id='par_1_115' title="bbox 1964 5462 3553 5534">
     <span class='ocr_line' id='line_1_115' title="bbox 1964 5462 3553 5534; baseline 0.004 -18"><span class='ocrx_word' id='word_1_938' title='bbox 1964 5462 2273 5533; x_wconf 63' lang='lat' dir='ltr'><strong>praecessit,</strong></span> <span class='ocrx_word' id='word_1_939' title='bbox 2303 5478 2490 5518; x_wconf 87' lang='lat' dir='ltr'><strong>omnes</strong></span> <span class='ocrx_word' id='word_1_940' title='bbox 2516 5463 2770 5521; x_wconf 88' lang='lat' dir='ltr'><strong>habentes</strong></span> <span class='ocrx_word' id='word_1_941' title='bbox 2798 5466 2993 5519; x_wconf 87' lang='lat' dir='ltr'><strong>bonum</strong></span> <span class='ocrx_word' id='word_1_942' title='bbox 3024 5464 3354 5534; x_wconf 85' lang='lat' dir='ltr'><strong>Baptismum</strong></span> <span class='ocrx_word' id='word_1_943' title='bbox 3381 5466 3553 5522; x_wconf 85' lang='lat' dir='ltr'><strong>bonos</strong></span> 
     </span>
    </p>
   </div>
   <div class='ocr_carea' id='block_1_116' title="bbox 1966 5552 3556 5630">
    <p class='ocr_par' dir='ltr' id='par_1_116' title="bbox 1966 5552 3556 5630">
     <span class='ocr_line' id='line_1_116' title="bbox 1966 5552 3556 5630; baseline 0.003 -22"><span class='ocrx_word' id='word_1_944' title='bbox 1966 5567 2104 5608; x_wconf 88' lang='lat' dir='ltr'><strong>esse.</strong></span> <span class='ocrx_word' id='word_1_945' title='bbox 2157 5552 2446 5626; x_wconf 88' lang='lat' dir='ltr'><strong>Utrumque</strong></span> <span class='ocrx_word' id='word_1_946' title='bbox 2482 5569 2612 5625; x_wconf 82' lang='lat' dir='ltr'><strong>ergo</strong></span> <span class='ocrx_word' id='word_1_947' title='bbox 2657 5565 2968 5624; x_wconf 80' lang='lat' dir='ltr'><strong>respuatur,</strong></span> <span class='ocrx_word' id='word_1_948' title='bbox 3015 5564 3241 5627; x_wconf 86' lang='lat' dir='ltr'><strong>utraque</strong></span> <span class='ocrx_word' id='word_1_949' title='bbox 3293 5559 3556 5630; x_wconf 81' lang='lat' dir='ltr'><strong>sententia</strong></span> 
     </span>
    </p>
   </div>
   <div class='ocr_carea' id='block_1_117' title="bbox 1965 5646 3559 5722">
    <p class='ocr_par' dir='ltr' id='par_1_117' title="bbox 1965 5646 3559 5722">
     <span class='ocr_line' id='line_1_117' title="bbox 1965 5646 3559 5722; baseline 0.001 -20"><span class='ocrx_word' id='word_1_950' title='bbox 1965 5647 2263 5718; x_wconf 82' lang='lat' dir='ltr'><strong>corrigatur</strong></span> <span class='ocrx_word' id='word_1_951' title='bbox 2303 5665 2317 5701; x_wconf 89' lang='lat'>:</span> <span class='ocrx_word' id='word_1_952' title='bbox 2361 5656 2416 5702; x_wconf 89' lang='lat' dir='ltr'><strong>ut</strong></span> <span class='ocrx_word' id='word_1_953' title='bbox 2465 5648 2716 5719; x_wconf 87' lang='lat' dir='ltr'><strong>quoniam</strong></span> <span class='ocrx_word' id='word_1_954' title='bbox 2761 5646 3101 5701; x_wconf 78' lang='lat' dir='ltr'><strong>manifestum</strong></span> <span class='ocrx_word' id='word_1_955' title='bbox 3147 5659 3249 5716; x_wconf 89' lang='lat' dir='ltr'><strong>est,</strong></span> <span class='ocrx_word' id='word_1_956' title='bbox 3298 5651 3428 5707; x_wconf 87' lang='lat' dir='ltr'><strong>istos</strong></span> <span class='ocrx_word' id='word_1_957' title='bbox 3467 5651 3559 5722; x_wconf 90' lang='lat' dir='ltr'><strong>qui</strong></span> 
     </span>
    </p>
   </div>
   <div class='ocr_carea' id='block_1_118' title="bbox 2030 5798 3561 5871">
    <p class='ocr_par' dir='ltr' id='par_1_118' title="bbox 2030 5798 3561 5871">
     <span class='ocr_line' id='line_1_118' title="bbox 2030 5798 3561 5871; baseline 0 -19"><span class='ocrx_word' id='word_1_958' title='bbox 2030 5803 2064 5871; x_wconf 34' lang='grc' dir='ltr'><strong>ί,</strong></span> <span class='ocrx_word' id='word_1_959' title='bbox 2084 5808 2291 5871; x_wconf 76' lang='lat' dir='ltr'><strong>veteres</strong></span> <span class='ocrx_word' id='word_1_960' title='bbox 2311 5800 2503 5871; x_wconf 80' lang='lat' dir='ltr'><strong>codices</strong></span> <span class='ocrx_word' id='word_1_961' title='bbox 2534 5801 2729 5870; x_wconf 71' lang='lat' dir='ltr'><strong>Optima:</strong></span> <span class='ocrx_word' id='word_1_962' title='bbox 2765 5805 2929 5871; x_wconf 43' lang='lat' dir='ltr'><strong>notua.</strong></span> <span class='ocrx_word' id='word_1_963' title='bbox 2953 5798 3178 5871; x_wconf 64' lang='lat' dir='ltr'><strong>quatiam</strong></span> <span class='ocrx_word' id='word_1_964' title='bbox 3208 5801 3312 5866; x_wconf 87' lang='lat' dir='ltr'><strong>ipse</strong></span> <span class='ocrx_word' id='word_1_965' title='bbox 3329 5802 3561 5854; x_wconf 70' lang='lat' dir='ltr'><strong>Dominus</strong></span> 
     </span>
    </p>
   </div>
   <div class='ocr_carea' id='block_1_119' title="bbox 1963 5863 3186 5929">
    <p class='ocr_par' dir='ltr' id='par_1_119' title="bbox 1963 5863 3186 5929">
     <span class='ocr_line' id='line_1_119' title="bbox 1963 5863 3186 5929; baseline -0.003 -12"><span class='ocrx_word' id='word_1_966' title='bbox 1963 5863 2100 5917; x_wconf 86' lang='lat' dir='ltr'><strong>dicit.</strong></span> <span class='ocrx_word' id='word_1_967' title='bbox 2123 5863 2506 5929; x_wconf 67' lang='lat' dir='ltr'><strong>(rygirannensis,</strong></span> <span class='ocrx_word' id='word_1_968' title='bbox 2531 5875 2647 5929; x_wconf 83' lang='lat' dir='ltr'><strong>cum</strong></span> <span class='ocrx_word' id='word_1_969' title='bbox 2662 5863 2764 5925; x_wconf 85' lang='lat' dir='ltr'><strong>ipse</strong></span> <span class='ocrx_word' id='word_1_970' title='bbox 2792 5863 3018 5929; x_wconf 77' lang='lat' dir='ltr'><strong>Dominus</strong></span> <span class='ocrx_word' id='word_1_971' title='bbox 3036 5863 3186 5915; x_wconf 86' lang='lat' dir='ltr'><strong>dicat.</strong></span> 
     </span>
    </p>
   </div>
   <div class='ocr_carea' id='block_1_120' title="bbox 2027 5924 3470 5991">
    <p class='ocr_par' dir='ltr' id='par_1_120' title="bbox 2027 5924 3470 5991">
     <span class='ocr_line' id='line_1_120' title="bbox 2027 5924 3470 5991; baseline -0.001 -13"><span class='ocrx_word' id='word_1_972' title='bbox 2027 5931 2049 5961; x_wconf 82' lang='grc'><strong><em>²</em></strong></span> <span class='ocrx_word' id='word_1_973' title='bbox 2082 5924 2323 5990; x_wconf 60' lang='grc' dir='ltr'><strong>Ετῖιζιιεᾱ.</strong></span> <span class='ocrx_word' id='word_1_974' title='bbox 2351 5931 2402 5976; x_wconf 90' lang='lat' dir='ltr'><strong>et</strong></span> <span class='ocrx_word' id='word_1_975' title='bbox 2424 5929 2530 5974; x_wconf 69' lang='lat' dir='ltr'><strong>nov.</strong></span> <span class='ocrx_word' id='word_1_976' title='bbox 2557 5924 2783 5977; x_wconf 84' lang='lat' dir='ltr'><strong>omittunt</strong></span> <span class='ocrx_word' id='word_1_977' title='bbox 2805 5924 3038 5990; x_wconf 82' lang='lat' dir='ltr'><strong>voculam,</strong></span> <span class='ocrx_word' id='word_1_978' title='bbox 3063 5933 3144 5991; x_wconf 89' lang='lat' dir='ltr'><strong>ut;</strong></span> <span class='ocrx_word' id='word_1_979' title='bbox 3163 5927 3355 5981; x_wconf 85' lang='lat' dir='ltr'><strong>melius.</strong></span> <span class='ocrx_word' id='word_1_980' title='bbox 3421 5934 3470 5977; x_wconf 79' lang='lat' dir='ltr'><strong>tt.</strong></span> 
     </span>
    </p>
   </div>
  </div>
