3998 6464
403 426 517 484 465

403 536 694 595 schismata
721 530 987 588 faciebant
1013 528 1182 584 bonos
1206 542 1311 581 non
1335 525 1524 590 fuisse,
1555 531 1610 578 et
1639 532 1816 578 tamen
1845 523 1986 577 bono

403 629 678 700 Baptismo
723 624 1012 696 baptizatos
1042 618 1235 683 fuisse;
1283 614 1412 670 illud
1443 614 1607 670 etiam
1653 610 1988 667 manifestum

402 721 495 787 sit,
525 734 633 776 non
659 730 845 773 omnes
870 712 959 784 qui
987 712 1186 766 bonum
1229 707 1426 762 habent
1452 704 1784 775 Baptismum
1821 703 1991 758 bonos

403 828 549 873 esse.
585 813 662 866 Ac
688 824 783 880 per
808 805 912 861 hoc
949 818 1058 859 non
1085 801 1207 857 ideo
1236 808 1481 855 tenemur
1521 803 1582 852 ut
1614 796 1668 850 in
1700 803 1849 865 parte
1886 793 1994 848 Do-

404 906 519 962 nati
551 897 924 973 baptizandum
951 910 1073 952 esse
1101 893 1334 964 aliquem
1361 887 1721 946 concedamus
1740 927 1755 953 ,
1787 885 1910 956 quia
1937 890 1996 939 et

410 1007 468 1054 et
494 1005 693 1068 partem
726 992 936 1056 Donati,
959 1004 1118 1061 quam
1156 987 1350 1042 malam
1375 983 1624 1051 dicimus,
1651 981 1852 1037 bonum
1890 979 1992 1033 Ba~

409 1089 658 1160 ptismum
684 1083 885 1139 habere
911 1079 1274 1137 concedimus.

480 1174 702 1232 CAPUT
723 1171 962 1228 XXVIII.
986 1201 1055 1212 ——
1070 1170 1160 1226 '55.
1177 1168 1380 1222 Rursus
1401 1172 1462 1220 ut
1479 1179 1545 1219 ex
1568 1177 1632 1218 ea
1647 1158 2000 1217 consensione

411 1283 501 1325 me
545 1267 612 1322 ad
650 1265 704 1322 id
749 1264 889 1336 quod
933 1279 1038 1318 non
1082 1259 1362 1317 consentio
1403 1258 1420 1289 ¹
1452 1256 1744 1320 detineres,
1779 1249 2000 1322 posuisti

409 1361 667 1431 scriptum
695 1371 816 1414 esse
842 1373 856 1410 :
890 1354 1034 1411 Unus
1055 1353 1212 1418 Deus,
1243 1366 1344 1404 una
1364 1349 1511 1419 ﬁdes,
1529 1363 1688 1402 unum
1710 1343 1996 1415 Baptisma,

410 1470 516 1509 una
533 1453 825 1521 incorrupta
855 1458 900 1503 et
917 1464 1036 1502 vera
1055 1445 1300 1500 catholica
1334 1441 1561 1497 Ecclesia
1586 1437 1799 1511 (Ephes.
1819 1451 1896 1504 tv,
1923 1434 1999 1505 5).

411 1547 544 1615 Quae
573 1543 754 1601 omnia
779 1540 1038 1605 concedo,
1058 1539 1159 1594 etsi
1179 1537 1450 1608 aliquanto
1466 1534 1621 1588 aliter
1641 1531 1838 1600 scripta
1859 1535 2001 1582 sunt.

414 1639 522 1695 Sed
544 1637 671 1709 quid
699 1636 766 1692 ad
796 1650 935 1701 rem,
963 1647 1088 1688 cum
1122 1630 1318 1694 omnia,
1355 1628 1491 1682 sicut
1516 1624 1648 1692 dixi,
1681 1623 1781 1678 ista
1808 1634 2004 1675 correc-

413 1729 582 1785 dam‘t
628 1727 826 1783 Verum
854 1723 995 1795 quod
1024 1739 1091 1778 ex
1124 1721 1206 1775 bis
1231 1718 1441 1776 conaris
1470 1715 1685 1772 efﬁcere
1709 1757 1723 1780 ,
1753 1727 1860 1767 non
1887 1709 2007 1766 efﬁ-

416 1822 574 1882 citur.
617 1818 867 1873 videlicet
905 1822 965 1870 ut
1002 1814 1092 1883 qui
1120 1827 1224 1866 non
1257 1817 1380 1864 sunt
1418 1808 1472 1862 in
1499 1821 1600 1861 una
1628 1803 1872 1859 Ecclesia
1900 1815 2005 1856 non

416 1911 626 1984 possint
652 1908 849 1964 habere
875 1920 1037 1961 unum
1077 1903 1404 1973 Baptismum
1440 1918 1453 1954 :
1485 1897 1627 1969 quod
1657 1895 1874 1950 omnino
1906 1891 2007 1947 τοι.

420 1983 693 2058 Sissimum
723 2007 824 2055 est.
875 1997 945 2052 Et
970 1995 1180 2062 melius,
1227 1993 1349 2062 quia
1378 1999 1432 2045 et
1471 1989 1583 2059 ipse
1618 1986 1841 2057 posuisti
1868 1983 2011 2039 unde

419 2105 476 2152 te
505 2095 705 2167 possim
749 2101 1185 2149 commemorare
1209 2082 1351 2154 quod
1377 2083 1520 2137 volo.
1551 2079 1710 2135 Certe
1739 2078 1883 2134 enim
1911 2077 2011 2130 ista

418 2185 744 2259 proposuisti
773 2185 830 2238 in
852 2178 1288 2238 concessionibus
1312 2179 1466 2241 meis,
1492 2189 1556 2230 ex
1586 2173 1778 2244 quibus
1807 2186 1896 2226 me
1921 2167 2014 2224 ad-

420 2278 586 2333 ducas
613 2276 679 2332 ad
723 2274 1075 2332 intentionem
1118 2277 1260 2324 tuam
1307 2283 1465 2321 unum
1495 2264 1659 2318 Deum
1687 2278 1791 2317 esse
1812 2303 1828 2329 ,
1861 2273 2016 2314 unam

422 2370 598 2439 ﬁdem,
628 2383 784 2422 unum
825 2364 1110 2436 Baptisma,
1151 2375 1304 2414 unam
1345 2357 1694 2410 incorruptam
1725 2350 2017 2413 cleat/toli—

421 2477 537 2514 cam
560 2458 863 2513 Ecclesiam.
885 2455 1014 2520 Quae
1039 2467 1160 2506 cum
1189 2450 1328 2503 inter
1353 2463 1452 2502 nos
1475 2444 1832 2510 conveniant,
1863 2449 2019 2512 putas

422 2569 488 2609 ex
523 2552 608 2607 his
635 2548 763 2607 illud
788 2546 930 2620 quod
960 2561 1066 2601 non
1089 2543 1339 2600 convenit
1363 2555 1524 2612 posse
1545 2537 1854 2604 monstrari,
1878 2535 2020 2606 apud

423 2660 521 2702 eos
543 2645 635 2715 qui
661 2657 767 2698 non
790 2649 914 2697 sunt
934 2640 986 2694 in
1009 2638 1110 2693 hac
1136 2651 1242 2692 una
1288 2634 1547 2700 Ecclesia,
1576 2632 1680 2688 hoc
1709 2646 1871 2686 unum
1917 2630 2020 2684 Ba-

427 2739 621 2810 ptisma
650 2749 771 2792 esse
795 2749 902 2789 non
936 2747 1112 2803 posse.
1142 2730 1255 2800 Ego
1276 2737 1455 2784 autem
1483 2725 1605 2781 dico
1632 2738 1811 2796 posse,
1843 2722 1888 2777 si
1915 2736 2022 2776 non

425 2836 669 2885 mutatur
692 2867 708 2896 ,
745 2826 790 2880 si
823 2825 926 2879 hoc
955 2824 1098 2879 idem
1127 2822 1474 2885 observatur;
1507 2831 1607 2872 nec
1650 2815 1771 2871 ideo
1814 2813 1927 2869 ﬁeri
1966 2819 2027 2868 ut

428 2937 541 2978 non
564 2921 636 2976 sit
659 2932 826 2974 unum
853 2915 1144 2987 Baptisma,
1176 2913 1298 2984 quia
1341 2921 1425 2966 est
1453 2918 1507 2965 et
1534 2908 1675 2979 apud
1704 2908 1825 2962 illos
1850 2906 1939 2977 qui
1971 2906 2028 2960 in

429 3029 538 3070 una
562 3029 674 3067 non
701 3019 826 3067 sunt
851 3008 1116 3064 Ecclesia.
1144 3005 1255 3060 Hoc
1279 3011 1460 3058 autem
1490 3001 1659 3072 probo
1686 3015 1756 3056 ex
1790 2999 1874 3054 his
1907 3013 2026 3068 quae

429 3106 488 3162 in
518 3104 708 3161 eadem
735 3101 998 3158 sententia
1036 3096 1259 3169 posuisti
1291 3095 1360 3150 de
1399 3108 1508 3148 uno
1541 3093 1649 3146 Deo
1674 3099 1730 3146 et
1759 3105 1861 3145 una
1897 3089 2024 3144 ﬁde.

431 3195 738 3252 Invenimus
763 3193 907 3249 enim
935 3188 1184 3246 eumdem
1219 3187 1384 3240 Deum
1431 3190 1583 3238 extra
1622 3180 1920 3236 Ecclesiam
1961 3178 2030 3233 ab

431 3288 803 3361 ignorantibus
827 3285 954 3347 coli,
986 3297 1086 3338 nec
1113 3279 1233 3336 ideo
1255 3278 1373 3334 ﬁeri
1400 3284 1460 3331 ut
1479 3291 1584 3330 non
1608 3274 1722 3345 ipse
1747 3272 1818 3328 sit
1843 3272 1985 3327 Deus
2012 3285 2028 3325 :

435 3389 493 3437 et
512 3380 671 3434 ﬁdem
702 3393 806 3448 qua
832 3374 1070 3430 creditur
1097 3371 1368 3426 Christum
1413 3381 1533 3423 esse
1558 3365 1749 3419 Filium
1777 3363 1874 3418 Dei
1901 3361 2029 3428 vivi,

434 3472 743 3528 invenimus
776 3469 935 3522 etiam
965 3478 1059 3520 eos
1094 3461 1184 3532 qui
1222 3476 1327 3515 non
1367 3459 1637 3530 pertinent
1673 3454 1742 3510 ad
1787 3453 2027 3508 membra

435 3561 716 3626 Ecclesiae,
735 3555 994 3620 conﬁteri,
1020 3567 1119 3609 nec
1149 3551 1269 3607 ideo
1297 3551 1409 3606 ﬁeri
1434 3557 1492 3604 ut
1512 3563 1620 3604 non
1647 3547 1716 3601 sit
1740 3559 1848 3600 una
1877 3543 2031 3600 ﬁdes.

437 3655 529 3712 Sic
557 3654 738 3717 etiam,
782 3664 901 3705 cum
955 3645 1257 3702 invenimus
1295 3641 1544 3698 eumdem
1592 3638 1924 3709 Baptismum
1967 3636 2036 3691 ab

439 3746 520 3802 eis
544 3744 634 3814 qui
670 3749 794 3798 sunt
820 3747 978 3796 extra
1006 3735 1301 3792 EcClesiam
1344 3733 1397 3786 in
1441 3728 1776 3802 baptizandis
1805 3726 2037 3782 homini-

438 3839 542 3895 bus
567 3835 879 3903 observari,
924 3847 1034 3888 non
1062 3829 1184 3887 ideo
1209 3842 1318 3884 non
1343 3840 1466 3883 esse
1491 3825 1667 3896 ipsum
1705 3821 2037 3892 Baptismum

444 3930 752 3985 existimare
776 3926 1059 3982 debemus.

513 4020 742 4077 CAPUT
769 4016 964 4074 XXIX.
993 4045 1066 4056 ——
1102 4013 1194 4070 54.
1236 4011 1488 4066 Fortasse
1506 4005 1700 4062 adhoc
1725 4003 1893 4070 dicas,
1926 4002 2041 4058 ﬁeri

444 4127 555 4170 non
585 4126 745 4183 posse
772 4117 832 4164 ut
859 4109 1020 4164 etiam
1051 4113 1203 4161 extra
1231 4099 1528 4156 Ecclesiam
1572 4097 1713 4151 idem
1750 4096 1863 4166 ipse
1903 4109 2040 4149 unus

446 4205 590 4258 Deus
618 4201 846 4267 colatur,
882 4205 975 4252 aut
1006 4194 1196 4252 eadem
1232 4190 1366 4245 ﬁdes
1401 4204 1503 4259 qua
1533 4185 1851 4242 conﬁtemur
1885 4184 2043 4239 Chri-

447 4303 591 4354 stum
609 4293 804 4348 Filium
833 4289 928 4344 Dei
953 4329 970 4356 ,
1011 4287 1152 4342 unde
1183 4285 1375 4340 Petrus
1398 4282 1586 4336 beatus
1624 4286 1707 4334 est
1745 4277 2042 4348 appellatus

449 4385 669 4458 (Matth.
718 4398 834 4449 xvx,
868 4379 952 4446 16,
986 4378 1102 4444 17),
1132 4376 1292 4430 etiam
1328 4375 1381 4428 in
1423 4371 1503 4426 eis
1543 4370 1634 4440 qui
1676 4384 1778 4425 non
1825 4377 1949 4424 sunt
1987 4370 2041 4424 in

447 4475 712 4543 Ecclesia,
741 4472 1057 4542 reperiatur.
1089 4467 1203 4522 Hoc
1225 4479 1354 4536 ergo
1381 4470 1547 4518 restat
1572 4470 1630 4516 ut
1657 4461 1894 4531 probem.
1934 4460 2041 4514 Ha-

449 4571 547 4627 bes
582 4570 636 4623 in
663 4569 764 4622 hoc
793 4566 909 4633 ipso
935 4561 1073 4617 beati
1113 4557 1264 4614 Pauli
1292 4571 1570 4623 sermone,
1596 4567 1755 4624 quem
1794 4565 1953 4620 supra
1977 4566 2043 4606 ex

451 4663 676 4721 Actibus
721 4656 1096 4730 Apostolorum
1139 4648 1600 4715 commemoravi,
1653 4661 1777 4701 cum
1824 4644 1892 4699 de
1932 4645 2044 4698 Deo

451 4758 786 4828 loqueretur,
817 4749 938 4819 quia
968 4740 1280 4815 inscriptum
1310 4743 1361 4797 in
1392 4757 1480 4796 ara
1517 4741 1830 4805 invenerat,
1859 4734 2043 4807 Ignoto

457 4848 566 4905 Deo
591 4864 611 4901 :
641 4844 805 4911 Quem
831 4857 918 4894 vos
942 4881 958 4908 ,
991 4839 1194 4908 inquit,
1223 4836 1512 4906 ignorantes
1549 4830 1733 4893 colitis,
1779 4828 1909 4881 hunc
1953 4843 2044 4898 ego

449 4936 702 4994 annuntio
736 4933 873 4988 vobis
913 4929 1046 5001 (Act.
1087 4943 1196 4982 xvn
1219 4967 1234 4992 ,
1264 4925 1377 4993 25).
1419 4920 1688 4991 Numquid
1717 4919 1883 4985 dixit,
1912 4917 2046 4985 Quia

395 5067 400 5072 -
453 5043 604 5089 extra
633 5027 925 5085 Ecclesiam
951 5022 1124 5078 colitis
1143 5063 1158 5088 ,
1190 5034 1297 5074 non
1337 5025 1419 5072 est
1448 5017 1588 5070 Deus
1616 5014 1728 5082 ipse
1763 5027 1922 5081 quem
1950 5025 2045 5066 co-

452 5123 599 5180 litis?
629 5122 723 5179 sed
756 5121 860 5188 ait,
892 5117 1052 5184 Quem
1092 5129 1178 5168 uos
1216 5112 1506 5182 ignorantes
1543 5105 1738 5168 colitis,
1777 5103 1910 5156 hunc
1957 5117 2048 5174 ego

453 5214 699 5270 annuntio
727 5212 882 5267 vobis.
905 5207 1044 5276 Quid
1063 5207 1140 5261 eis
1157 5211 1410 5274 praestare
1425 5196 1664 5268 cupiens,
1692 5195 1794 5250 nisi
1818 5205 1874 5249 ut
1891 5210 2046 5250 eum-

457 5310 579 5364 dem
607 5309 798 5372 Deum,
821 5317 982 5374 quem
1009 5307 1202 5370 praeter
1232 5292 1522 5349 Ecclesiam
1554 5289 1859 5359 ignoranter
1887 5295 2047 5356 atque

457 5399 720 5455 inutiliter
744 5393 1012 5458 colebant,
1032 5390 1095 5444 in
1127 5386 1366 5442 Ecclesia
1393 5382 1658 5452 sapienter
1684 5388 1737 5434 et
1767 5379 2049 5432 salubriter

457 5486 735 5547 colerent?
765 5485 839 5540 Ita
862 5483 1015 5539 vobis
1035 5489 1089 5536 et
1108 5495 1205 5534 nos
1231 5477 1453 5532 dicimus
1487 5491 1501 5527 :
1530 5472 1697 5540 Quem
1723 5470 2046 5539 baptismum

457 5593 558 5637 vos
601 5579 908 5648 ignorantes
944 5571 1260 5637 observatis,
1299 5567 1415 5638 ejus
1466 5579 1650 5636 pacem
1687 5563 1707 5593 ²
1756 5560 1907 5616 vobis
1951 5575 2049 5614 nos

460 5671 872 5733 annuntiamus;
911 5680 1018 5720 non
1046 5671 1107 5718 ut
1130 5677 1252 5717 cum
1295 5659 1361 5714 ad
1405 5672 1502 5712 nos
1531 5651 1783 5710 veneritis
1821 5650 2049 5704 alterum

524 5786 545 5818 ί
575 5787 844 5847 Negantem
865 5774 1144 5847 particulam
1167 5781 1282 5847 ante
1303 5761 1797 5847 verbum,lcotdtsent‘io,
1817 5762 2051 5847 (ἔρξαιρί

463 5827 1165 5900 ιὶοδὶἇξι-Ἥιᾘῖἱὸύεωίθηεθε,
1181 5835 1462 5900 adiecimus
1485 5827 1547 5881 ex
1572 5835 1748 5879 vetere
1772 5827 1938 5877 codice
1961 5833 2049 5890 Cy-

465 5896 762 5975 girannensi.
788 5909 933 5975 Deest
955 5902 1007 5950 in
1029 5899 1220 5975 caeteris
1241 5896 1393 5944 libris.

527 5951 1026 6032 ijﬁit—iipowstattm.
1066 5959 1235 6012 Melius
1271 5966 1399 6018 Mss,
1436 5963 1618 6019 pacem.
1655 5957 1786 6013 Nam,
1811 5951 1882 6002 uti
1901 5955 2048 6003 bova-

1189 414 1460 473 CONTRA
1500 409 1940 470 CRESCONIUM
1980 405 2438 476 DONATISTAM,
2467 405 2525 461 S.
2553 402 2922 462 AUGUSTINI

3585 403 3688 471 46;

2097 519 2387 589 accipiatis,
2420 516 2512 572 sed
2546 525 2604 572 ut
2624 531 2745 571 eum
2781 514 2870 585 qui
2891 513 3002 584 jam
3032 509 3168 581 apud
3197 522 3292 564 vos
3320 515 3458 577 erat,
3490 509 3692 568 utiliter
3775 559 3784 566 κ

2096 610 2356 665 habeatis.
2396 608 2470 662 De
2492 607 2594 662 ﬁde
2614 608 2772 662 etiam
2797 603 3026 659 Jacobus
3053 600 3327 672 apostolus
3347 615 3470 656 cum
3501 600 3688 673 loque-

2097 712 2245 758 retur
2271 701 2530 757 adversus
2555 714 2684 766 eos,
2729 698 2819 768 qui
2861 696 2962 752 sibi
2990 696 3130 766 quod
3163 694 3504 752 crediderant
3537 694 3689 752 sufﬁ-

2101 810 2226 850 cere
2252 793 2670 858 arbitrabantur,
2690 799 2746 846 et
2770 789 2907 844 bene
2925 788 3141 859 operari
3155 787 3408 844 nolebant
3435 804 3453 844 :
3477 787 3558 844 Tu
3581 804 3690 844 crc-

2101 887 2201 956 dis,
2243 887 2430 957 inquit,
2472 885 2710 955 quoniam
2751 898 2880 937 unus
2919 881 3056 935 Deus
3099 889 3211 942 est;
3247 879 3370 936 bene
3418 880 3549 954 facis
3586 895 3609 936 :
3655 889 3702 935 et

2102 981 2354 1036 dtemones
2399 977 2629 1045 credunt,
2675 984 2721 1031 et
2755 975 3145 1030 contremiscunt
3191 971 3397 1047 (Jacobi
3443 988 3518 1041 ιι,
3575 970 3690 1043 I9).

2101 1073 2304 1143 Nempe
2344 1071 2398 1126 in
2424 1071 2628 1126 unitate
2665 1067 2920 1124 Ecclesiae
2949 1068 3220 1124 daemones
3247 1083 3358 1123 non
3385 1075 3545 1132 sunt;
3594 1078 3696 1121 nec

2104 1163 2224 1220 ideo
2265 1172 2440 1218 tamen
2481 1174 2762 1232 possumus
2805 1159 2985 1215 dicere
3026 1159 3171 1214 aliud
3215 1173 3337 1215 esse
3381 1157 3523 1229 quod
3575 1170 3696 1212 cre-

2104 1256 2256 1323 dunt,
2283 1271 2403 1311 cum
2433 1262 2486 1309 et
2500 1254 2727 1309 Domino
2749 1251 2876 1308 Jesu
2897 1251 3108 1306 Christo
3133 1250 3367 1305 dixerint
3391 1268 3405 1304 :
3429 1247 3570 1316 Quid
3593 1263 3689 1302 no-

2106 1349 2180 1404 bis
2203 1357 2250 1403 et
2273 1347 2360 1402 tibi
2386 1359 2478 1415 est,
2507 1345 2614 1400 Fili
2649 1345 2748 1400 Dei
2778 1344 2967 1415 (Marc.
2999 1359 3038 1411 I,
3079 1340 3207 1414 24)?
3233 1342 3385 1398 Unde
3411 1351 3465 1396 et
3501 1339 3697 1396 Paulus

2107 1440 2382 1512 apostolus
2411 1458 2425 1494 :
2456 1439 2517 1494 Si
2545 1437 2793 1502 habeam,
2826 1435 3034 1505 inquit,
3074 1450 3269 1488 omnem
3292 1432 3482 1501 ﬁdem,
3525 1432 3600 1485 ita
3641 1436 3698 1484 ut

2109 1542 2300 1587 montes
2337 1532 2677 1602 transferam,
2729 1527 3024 1581 charitatem
3072 1534 3241 1578 autem
3301 1539 3403 1577 non
3447 1521 3696 1587 habeam,

2110 1624 2240 1679 nihil
2290 1640 2401 1678 sum
2449 1621 2515 1695 (1
2569 1620 2688 1676 Cor.
2741 1634 2872 1686 χιιι,
2916 1617 3020 1688 2).
3067 1616 3183 1672 Νοη
3238 1623 3417 1670 autem
3455 1613 3700 1669 existimo

2111 1731 2429 1788 quemquam
2460 1715 2530 1768 ita
2559 1713 2824 1782 desipere,
2853 1719 2912 1766 ut
2934 1709 3120 1765 credat
3146 1709 3213 1763 ad
3241 1707 3496 1763 Ecclesiae
3533 1705 3698 1776 perti—
3785 1745 3788 1747 Α

2111 1824 2240 1865 nere
2268 1809 2522 1862 unitatem
2551 1821 2675 1860 eum
2715 1805 2805 1875 qui
2845 1818 2950 1858 non
2982 1801 3141 1856 habet
3180 1799 3517 1856 charitatem.
3551 1797 3702 1852 Sicut

2114 1917 2241 1971 ergo
2272 1900 2412 1955 Deus
2461 1912 2597 1953 unus
2623 1896 2814 1951 colitur
2862 1896 3167 1965 iguoranter
3202 1892 3364 1947 etiam
3409 1898 3560 1945 extra
3605 1887 3705 1943 Ec-

2115 1993 2365 2058 clesiam,
2393 2005 2492 2046 nec
2541 1988 2661 2044 ideo
2715 2003 2824 2043 non
2873 1996 2955 2042 est
3001 1986 3152 2055 ipse,
3185 1991 3238 2038 et
3289 1981 3424 2038 ﬁdes
3465 1997 3572 2036 una
3609 1979 3703 2034 ha-

2115 2085 2273 2142 betur
2320 2085 2435 2140 sine
2489 2082 2746 2138 charitate
2799 2080 2959 2135 etiam
3012 2087 3162 2133 extra
3222 2075 3514 2131 Ecclesiam
3549 2114 3565 2141 ,
3611 2087 3709 2127 nec

2117 2177 2240 2232 ideo
2267 2190 2373 2232 non
2424 2183 2508 2230 est
2563 2175 2723 2244 ipsa:
2765 2172 2837 2227 ita
2892 2179 2946 2226 et
3001 2183 3139 2224 unus
3190 2166 3494 2237 Baptismus
3542 2165 3708 2219 habe-

2121 2279 2208 2326 tur
2259 2270 2565 2340 ignoranter
2614 2275 2669 2322 et
2719 2266 2834 2320 sine
2878 2263 3136 2318 charitate
3191 2259 3352 2315 etiam
3413 2266 3565 2313 extra
3605 2256 3710 2311 Ec-

2121 2361 2365 2430 clesiam,
2397 2374 2498 2414 nec
2519 2357 2639 2412 ideo
2666 2372 2772 2411 non
2803 2363 2887 2410 est
2912 2355 3046 2423 ipse.
3078 2350 3226 2406 Unus
3253 2349 3398 2403 enim
3421 2347 3588 2410 Deus,
3610 2358 3715 2419 una

2123 2454 2275 2518 ﬁdes,
2316 2467 2479 2509 unum
2512 2451 2814 2520 Baptisma,
2853 2461 2961 2502 una
2991 2446 3294 2512 incorrupta
3323 2439 3582 2495 catholica
3613 2438 3718 2492 Ec-

2124 2549 2316 2613 clesia;
2343 2561 2450 2600 non
2473 2545 2527 2598 in
2551 2558 2654 2614 qua
2686 2542 2800 2598 sola
2830 2554 2965 2595 unus
3005 2538 3146 2592 Deus
3172 2536 3386 2600 colitur,
3418 2532 3512 2587 sed
3535 2532 3587 2586 in
3614 2544 3718 2599 qua

2126 2639 2238 2697 sola
2269 2654 2405 2694 unus
2437 2637 2581 2692 Deus
2613 2636 2700 2706 pie
2735 2633 2956 2697 colitur;
2989 2645 3085 2685 nec
3114 2630 3165 2683 in
3194 2642 3296 2698 qua
3323 2625 3438 2680 sola
3461 2637 3564 2677 una
3589 2621 3722 2676 ﬁdes

2125 2731 2408 2798 retinetur,
2436 2727 2532 2783 sed
2556 2727 2610 2781 in
2637 2741 2737 2796 qua
2768 2724 2882 2778 sola
2903 2736 3005 2775 una
3035 2719 3167 2774 ﬁdes
3188 2733 3308 2774 cum
3335 2715 3608 2770 charitate
3633 2725 3722 2765 re-

2129 2823 2363 2886 tinetur;
2395 2834 2494 2876 nec
2520 2821 2573 2874 in
2599 2832 2700 2888 qua
2731 2815 2846 2872 sola
2872 2826 3008 2868 unus
3034 2811 3334 2882 Baptismus
3363 2799 3722 2873 habetur,sed

2129 2916 2185 2972 in
2214 2931 2319 2986 qua
2345 2914 2454 2968 sola
2487 2925 2627 2967 unus
2649 2910 2946 2980 Baptismus
2974 2904 3256 2960 salubriter
3283 2900 3534 2955 habetur.

2200 3005 2429 3061 CAPUT
2456 3003 2627 3058 XXX.
2652 3031 2723 3043 -
2751 3002 2842 3057 35.
2885 2997 3116 3054 Proinde
3138 3009 3303 3049 unum
3330 2993 3496 3047 Deum
3514 3031 3530 3055 ,
3557 3003 3725 3046 unam

2133 3095 2314 3164 ﬁdem,
2348 3110 2510 3150 unum
2542 3092 2833 3162 Baptisma,
2866 3103 3025 3143 unam
3072 3087 3433 3154 incorruptam
3461 3089 3517 3135 et
3537 3079 3726 3135 catho-

2133 3189 2291 3244 licam
2314 3187 2609 3242 Ecclesiam
2637 3183 2792 3238 nobis
2813 3177 3263 3236 consentientibus
3287 3184 3343 3228 tu
3364 3169 3720 3244 proposuisti:

2135 3281 2230 3337 sed
2270 3295 2375 3335 non
2411 3279 2583 3334 solum
2623 3291 2690 3332 ex
2728 3274 2812 3328 bis
2840 3273 2892 3328 id
2917 3270 3058 3342 quod
3092 3268 3309 3323 volebas
3340 3281 3445 3319 non
3473 3260 3727 3325 effecisti,

2135 3373 2332 3430 verum
2349 3373 2507 3427 etiam
2534 3379 2592 3424 ut
2625 3384 2690 3423 ex
2721 3368 2803 3421 his
2828 3365 2968 3437 quod
2993 3363 3302 3418 volebamus
3327 3367 3380 3412 te
3409 3357 3732 3411 admonere-

2137 3479 2280 3527 mus,
2308 3476 2408 3517 nos
2432 3461 2658 3516 multum
2684 3457 2953 3527 adiuvisti.
2982 3453 3116 3509 Vide
3141 3466 3268 3520 ergo
3291 3463 3392 3503 nos
3417 3461 3577 3518 quam
3598 3458 3731 3513 pro-

2137 3556 2370 3613 babilem
2407 3553 2672 3608 rationem
2707 3563 3015 3618 sequamur,
3043 3547 3132 3615 qui
3157 3558 3219 3598 ea
3244 3557 3364 3611 quae
3404 3533 3736 3595 schismatici

2138 3648 2226 3704 vel
2257 3645 2492 3701 haeretici
2531 3647 2921 3712 corruperunt,
2946 3652 3073 3691 eum
3119 3633 3186 3689 ad
3227 3647 3326 3688 nos
3356 3629 3481 3686 inde
3514 3622 3739 3682 veniunt

2140 3739 2457 3809 corrigimus
2490 3755 2504 3790 :
2545 3750 2664 3806 quae
2710 3746 2838 3787 vero
2878 3730 3017 3787 sicut
3063 3733 3383 3796 acceperunt
3423 3723 3736 3784 tenuerunt,

2142 3832 2478 3906 agnoscimus
2505 3836 2561 3884 et
2596 3826 2905 3897 probamus,
2944 3837 3011 3876 ne
3041 3817 3294 3874 commoti
3320 3812 3569 3870 humanis
3595 3808 3739 3864 vitiis

2143 3901 2280 3982 ultra
2320 3922 2600 3994 justitiam,
2647 3918 2901 3972 faciamus
2943 3913 3105 3967 ullam
3151 3908 3347 3964 divinis
3393 3904 3557 3961 rebus
3599 3901 3734 3968 inju-

2143 4019 2314 4082 riam;
2339 4030 2461 4069 cum
2485 4021 2540 4067 et
2567 4008 2879 4079 Apostolum
2907 4003 3182 4058 videamus
3207 4000 3368 4054 etiam
3399 3996 3452 4050 in
3476 4008 3568 4047 ara
3593 3990 3737 4048 Gen-

2147 4109 2341 4174 tilium,
2369 4121 2398 4159 a
2426 4103 2618 4174 quibus
2647 4099 2787 4154 idola
2815 4095 3146 4155 colebantur,
3178 4090 3272 4145 Dei
3306 4100 3500 4148 nomen
3543 4083 3725 4137 inven-

2148 4213 2257 4258 tum
2283 4199 2631 4256 conﬁrmasse
2671 4192 2846 4264 potius
2874 4205 3033 4260 quam
3077 4199 3318 4254 negasse.
3374 4181 3558 4250 Neque
3592 4176 3740 4232 enim

2145 4302 2430 4363 propterea
2457 4285 2740 4343 mutandus
2766 4283 2849 4338 vel
2885 4277 3267 4351 improbandus
3294 4282 3376 4329 est
3400 4271 3578 4341 regius
3608 4267 3741 4322 cha-

2147 4396 2322 4442 racter
2363 4385 2417 4438 in
2451 4381 2688 4444 homine,
2719 4377 2763 4432 si
2801 4374 3005 4431 erroris
3039 4373 3120 4426 sui
3157 4370 3365 4425 veniam
3393 4375 3446 4421 et
3475 4358 3743 4418 militandi

2148 4477 2390 4533 ordinem
2428 4490 2460 4527 a
2507 4487 2634 4541 rege
2673 4465 3060 4538 impetraverit,
3093 4462 3214 4532 quia
3256 4457 3504 4515 eumdem
3543 4454 3741 4508 chara-

2148 4579 2347 4624 cterem
2388 4579 2494 4636 quo
2523 4563 2623 4618 sibi
2665 4560 2922 4615 satellites
2961 4560 3328 4624 congregaret,
3377 4549 3623 4603 desertor
3654 4543 3740 4597 in.

2149 4661 2300 4725 ﬁxit;
2330 4667 2422 4712 aut
2446 4665 2729 4728 propterea
2757 4653 2906 4722 signa
2932 4647 3181 4704 mutanda
3222 4653 3346 4700 sunt
3377 4640 3587 4704 ovibus,
3617 4651 3742 4691 cum

2149 4751 2419 4809 dominico
2437 4746 2585 4820 gregi
2606 4746 2898 4806 sociantur,
2925 4744 3047 4812 quia
3070 4741 3147 4794 eis
3175 4734 3502 4792 dominicum
3531 4729 3745 4800 signum

2150 4846 2398 4918 fugitivus
2423 4856 2612 4897 servus
2638 4835 2926 4907 impreSsit.

2220 4958 2448 5017 CAPUT
2471 4954 2665 5012 XXXI.
2693 4980 2767 4992 -—
2791 4948 2879 5005 56.
2920 4943 3074 5015 Quod
3109 4943 3152 4997 si
3181 4941 3293 4996 hmo
3319 4950 3566 5007 tanquam
3595 4933 3714 4988 deci

2150 5055 2353 5131 pientia
2379 5048 2682 5108 formidatis
2706 5088 2721 5113 ,
2749 5043 2872 5115 quia
2903 5056 3008 5095 non
3035 5045 3160 5093 sunt
3179 5031 3537 5090 ecclesiastica
3566 5042 3722 5084 exem

2153 5123 2237 5220 pla
2267 5147 2592 5218 (quanquam
2611 5147 2665 5195 et
2691 5137 2757 5192 de
2783 5133 2971 5190 ovibus
2999 5140 3054 5186 et
3079 5129 3150 5184 de
3175 5125 3428 5181 militibus
3446 5123 3601 5177 datas
3627 5131 3746 5175 esse

2155 5212 2212 5294 in
2258 5212 2548 5304 Scripturis
2577 5225 2950 5284 similitudines
2979 5215 3280 5288 noveritis),
3314 5212 3746 5285 prophetitztrum

2156 5301 2574 5400 Scripturarum,
2605 5339 2722 5394 quae
2743 5319 2992 5376 dicuntur
3015 5313 3225 5370 Veteris
3247 5305 3599 5373 Testamcnti,
3622 5301 3744 5358 volo

2154 5423 2353 5495 aliquid
2373 5422 2581 5485 dicere;
2603 5416 2851 5487 quoniam
2871 5413 2922 5467 in
2939 5409 3073 5466 Novi
3087 5404 3412 5462 Testamenti
3430 5400 3582 5456 libris
3603 5412 3702 5452 nec
3716 5409 3746 5448 a

2157 5518 2312 5574 nobis
2339 5529 2438 5570 nec
2462 5528 2490 5566 a
2516 5509 2668 5566 vobis
2691 5507 2767 5562 rei
2798 5504 2955 5575 hujus
2985 5500 3250 5556 invenitur
3278 5493 3603 5562 exemplum.
3633 5487 3747 5544 Cir-

2158 5608 2536 5666 cumcisionem
2558 5609 2702 5657 certe
2729 5595 2971 5669 praeputii
3008 5593 3060 5648 in
3101 5590 3264 5661 ﬁgura
3295 5585 3453 5640 futuri
3489 5575 3745 5650 Baptismi

2156 5700 2353 5760 Christi
2370 5698 2436 5753 ab
2459 5693 2691 5764 antiquis
2707 5690 3042 5746 observatam
3053 5698 3174 5740 esse
3191 5693 3406 5752 negare,
3424 5684 3482 5732 ut
3494 5673 3742 5738 arbitror,

2156 5821 2357 5871 nienses
2378 5813 2655 5867 observant,
2678 5806 2836 5871 agitur
2858 5802 2938 5871 hic
2958 5812 3057 5871 non
3077 5797 3142 5846 de
3175 5796 3224 5871 v‘i
3250 5802 3301 5871 et
3317 5791 3520 5871 effectu,
3685 5783 3743 5871 ds

2157 5855 2544 5946 i;:§£.§“atiﬁ;5£pj
2560 5855 2808 5933 baptismi,
2831 5866 2916 5929 qui
2939 5859 3059 5914 nihil
3095 5858 3294 5924 prodest
3317 5855 3410 5908 nisi
3449 5855 3501 5904 in
3536 5862 3657 5914 pace
3693 5855 3746 5897 se

2157 5935 2344 5996 unitate
2365 5935 2614 5992 catholica.
