  <div class='ocr_page' id='page_1' title='image "/cluster/home/n/w/nwhite01/storage/ocr_20150623/43/hvd.32044012717385/238.png"; bbox 0 0 3998 6526; ppageno 0'>
   <div class='ocr_carea' id='block_1_1' title="bbox 296 484 400 547">
    <p class='ocr_par' dir='ltr' id='par_1_1' title="bbox 296 484 400 547">
     <span class='ocr_line' id='line_1_1' title="bbox 296 484 400 547; baseline 0 -6"><span class='ocrx_word' id='word_1_1' title='bbox 296 484 400 547; x_wconf 72' lang='grc' dir='ltr'><strong>ιοε</strong></span> 
     </span>
    </p>
   </div>
   <div class='ocr_carea' id='block_1_2' title="bbox 291 584 1879 662">
    <p class='ocr_par' dir='ltr' id='par_1_2' title="bbox 291 584 1879 662">
     <span class='ocr_line' id='line_1_2' title="bbox 291 584 1879 662; baseline -0.008 -8"><span class='ocrx_word' id='word_1_2' title='bbox 291 614 399 658; x_wconf 85' lang='grc' dir='ltr'>ιιοιι</span> <span class='ocrx_word' id='word_1_3' title='bbox 424 594 651 651; x_wconf 75' lang='lat' dir='ltr'><strong>audetis.</strong></span> <span class='ocrx_word' id='word_1_4' title='bbox 682 589 943 662; x_wconf 83' lang='lat' dir='ltr'><strong>Numquid</strong></span> <span class='ocrx_word' id='word_1_5' title='bbox 965 588 1105 662; x_wconf 89' lang='lat' dir='ltr'><strong>apud</strong></span> <span class='ocrx_word' id='word_1_6' title='bbox 1129 586 1490 646; x_wconf 88' lang='lat' dir='ltr'><strong>Samaritanos</strong></span> <span class='ocrx_word' id='word_1_7' title='bbox 1514 584 1879 653; x_wconf 87' lang='lat' dir='ltr'><strong>circumcisus,</strong></span> 
     </span>
    </p>
   </div>
   <div class='ocr_carea' id='block_1_3' title="bbox 288 675 1887 752">
    <p class='ocr_par' dir='ltr' id='par_1_3' title="bbox 288 675 1887 752">
     <span class='ocr_line' id='line_1_3' title="bbox 288 675 1887 752; baseline -0.01 -6"><span class='ocrx_word' id='word_1_8' title='bbox 288 691 332 747; x_wconf 90' lang='lat' dir='ltr'><strong>si</strong></span> <span class='ocrx_word' id='word_1_9' title='bbox 361 688 475 743; x_wconf 84' lang='lat' dir='ltr'><strong>fieri</strong></span> <span class='ocrx_word' id='word_1_10' title='bbox 500 696 627 741; x_wconf 89' lang='lat' dir='ltr'><strong>tunc</strong></span> <span class='ocrx_word' id='word_1_11' title='bbox 653 684 812 739; x_wconf 92' lang='lat' dir='ltr'><strong>vellet</strong></span> <span class='ocrx_word' id='word_1_12' title='bbox 838 682 1052 737; x_wconf 67' lang='lat' dir='ltr'><strong>Judaeus</strong></span> <span class='ocrx_word' id='word_1_13' title='bbox 1074 724 1090 750; x_wconf 94' lang='lat'><strong>,</strong></span> <span class='ocrx_word' id='word_1_14' title='bbox 1118 687 1303 752; x_wconf 77' lang='lat' dir='ltr'><strong>posset</strong></span> <span class='ocrx_word' id='word_1_15' title='bbox 1326 679 1518 733; x_wconf 78' lang='lat' dir='ltr'><strong>iterum</strong></span> <span class='ocrx_word' id='word_1_16' title='bbox 1545 675 1887 733; x_wconf 84' lang='lat' dir='ltr'><strong>circumcidi?</strong></span> 
     </span>
    </p>
   </div>
   <div class='ocr_carea' id='block_1_4' title="bbox 289 772 1887 844">
    <p class='ocr_par' dir='ltr' id='par_1_4' title="bbox 289 772 1887 844">
     <span class='ocr_line' id='line_1_4' title="bbox 289 772 1887 844; baseline -0.01 -4"><span class='ocrx_word' id='word_1_17' title='bbox 289 785 479 843; x_wconf 82' lang='lat' dir='ltr'><strong>Nonne</strong></span> <span class='ocrx_word' id='word_1_18' title='bbox 519 781 659 836; x_wconf 87' lang='lat' dir='ltr'><strong>illius</strong></span> <span class='ocrx_word' id='word_1_19' title='bbox 688 777 917 832; x_wconf 84' lang='lat' dir='ltr'><strong>hominis</strong></span> <span class='ocrx_word' id='word_1_20' title='bbox 956 791 1110 831; x_wconf 90' lang='lat' dir='ltr'><strong>error</strong></span> <span class='ocrx_word' id='word_1_21' title='bbox 1148 775 1524 844; x_wconf 86' lang='lat' dir='ltr'><strong>corrigerctur,</strong></span> <span class='ocrx_word' id='word_1_22' title='bbox 1557 772 1887 844; x_wconf 82' lang='lat' dir='ltr'><strong>signaculum</strong></span> 
     </span>
    </p>
   </div>
   <div class='ocr_carea' id='block_1_5' title="bbox 289 864 1884 943">
    <p class='ocr_par' dir='ltr' id='par_1_5' title="bbox 289 864 1884 943">
     <span class='ocr_line' id='line_1_5' title="bbox 289 864 1884 943; baseline -0.008 -11"><span class='ocrx_word' id='word_1_23' title='bbox 289 884 471 933; x_wconf 90' lang='lat' dir='ltr'><strong>autem</strong></span> <span class='ocrx_word' id='word_1_24' title='bbox 496 873 622 929; x_wconf 83' lang='lat' dir='ltr'><strong>ﬁdei</strong></span> <span class='ocrx_word' id='word_1_25' title='bbox 640 871 874 943; x_wconf 77' lang='lat' dir='ltr'><strong>agnitum</strong></span> <span class='ocrx_word' id='word_1_26' title='bbox 893 868 1243 941; x_wconf 80' lang='lat' dir='ltr'><strong>probaretur?</strong></span> <span class='ocrx_word' id='word_1_27' title='bbox 1272 866 1340 922; x_wconf 88' lang='lat' dir='ltr'><strong>Et</strong></span> <span class='ocrx_word' id='word_1_28' title='bbox 1360 880 1499 920; x_wconf 90' lang='lat' dir='ltr'><strong>nunc</strong></span> <span class='ocrx_word' id='word_1_29' title='bbox 1521 874 1647 920; x_wconf 91' lang='lat' dir='ltr'><strong>sunt</strong></span> <span class='ocrx_word' id='word_1_30' title='bbox 1666 864 1884 935; x_wconf 90' lang='lat' dir='ltr'><strong>quidam</strong></span> 
     </span>
    </p>
   </div>
   <div class='ocr_carea' id='block_1_6' title="bbox 289 959 1885 1037">
    <p class='ocr_par' dir='ltr' id='par_1_6' title="bbox 289 959 1885 1037">
     <span class='ocr_line' id='line_1_6' title="bbox 289 959 1885 1037; baseline -0.009 -11"><span class='ocrx_word' id='word_1_31' title='bbox 289 967 533 1026; x_wconf 73' lang='lat' dir='ltr'><strong>hmretici</strong></span> <span class='ocrx_word' id='word_1_32' title='bbox 570 966 659 1037; x_wconf 89' lang='lat' dir='ltr'><strong>qui</strong></span> <span class='ocrx_word' id='word_1_33' title='bbox 684 981 743 1020; x_wconf 89' lang='lat' dir='ltr'><strong>se</strong></span> <span class='ocrx_word' id='word_1_34' title='bbox 760 964 1082 1025; x_wconf 87' lang='lat' dir='ltr'><strong>Nazarenos,</strong></span> <span class='ocrx_word' id='word_1_35' title='bbox 1106 969 1319 1024; x_wconf 90' lang='lat' dir='ltr'><strong>vocant,</strong></span> <span class='ocrx_word' id='word_1_36' title='bbox 1350 974 1380 1013; x_wconf 90' lang='lat' dir='ltr'><strong>a</strong></span> <span class='ocrx_word' id='word_1_37' title='bbox 1410 959 1683 1014; x_wconf 89' lang='lat' dir='ltr'><strong>nonnullis</strong></span> <span class='ocrx_word' id='word_1_38' title='bbox 1707 969 1885 1014; x_wconf 92' lang='lat' dir='ltr'><strong>autem</strong></span> 
     </span>
    </p>
   </div>
   <div class='ocr_carea' id='block_1_7' title="bbox 290 1050 1888 1133">
    <p class='ocr_par' dir='ltr' id='par_1_7' title="bbox 290 1050 1888 1133">
     <span class='ocr_line' id='line_1_7' title="bbox 290 1050 1888 1133; baseline -0.008 -17"><span class='ocrx_word' id='word_1_39' title='bbox 290 1059 691 1133; x_wconf 80' lang='lat' dir='ltr'><strong>Symmachiani</strong></span> <span class='ocrx_word' id='word_1_40' title='bbox 719 1057 1072 1127; x_wconf 83' lang='lat' dir='ltr'><strong>appellantur,</strong></span> <span class='ocrx_word' id='word_1_41' title='bbox 1111 1062 1166 1109; x_wconf 90' lang='lat' dir='ltr'><strong>et</strong></span> <span class='ocrx_word' id='word_1_42' title='bbox 1193 1052 1653 1108; x_wconf 90' lang='lat' dir='ltr'><strong>circumeisionem</strong></span> <span class='ocrx_word' id='word_1_43' title='bbox 1690 1050 1888 1105; x_wconf 80' lang='lat' dir='ltr'><strong>habent</strong></span> 
     </span>
    </p>
   </div>
   <div class='ocr_carea' id='block_1_8' title="bbox 291 1142 1888 1220">
    <p class='ocr_par' dir='ltr' id='par_1_8' title="bbox 291 1142 1888 1220">
     <span class='ocr_line' id='line_1_8' title="bbox 291 1142 1888 1220; baseline -0.008 -10"><span class='ocrx_word' id='word_1_44' title='bbox 291 1152 595 1210; x_wconf 72' lang='lat' dir='ltr'><strong>Iudaeorum</strong></span> <span class='ocrx_word' id='word_1_45' title='bbox 617 1158 673 1205; x_wconf 92' lang='lat' dir='ltr'><strong>et</strong></span> <span class='ocrx_word' id='word_1_46' title='bbox 702 1149 1027 1220; x_wconf 86' lang='lat' dir='ltr'><strong>Baptismum</strong></span> <span class='ocrx_word' id='word_1_47' title='bbox 1050 1145 1478 1202; x_wconf 90' lang='lat' dir='ltr'><strong>Christianorum</strong></span> <span class='ocrx_word' id='word_1_48' title='bbox 1521 1162 1534 1196; x_wconf 88' lang='lat'><strong>:</strong></span> <span class='ocrx_word' id='word_1_49' title='bbox 1575 1158 1638 1198; x_wconf 90' lang='lat' dir='ltr'><strong>ac</strong></span> <span class='ocrx_word' id='word_1_50' title='bbox 1662 1158 1757 1213; x_wconf 89' lang='lat' dir='ltr'><strong>per</strong></span> <span class='ocrx_word' id='word_1_51' title='bbox 1787 1142 1888 1197; x_wconf 93' lang='lat' dir='ltr'><strong>hoc</strong></span> 
     </span>
    </p>
   </div>
   <div class='ocr_carea' id='block_1_9' title="bbox 291 1235 1885 1315">
    <p class='ocr_par' dir='ltr' id='par_1_9' title="bbox 291 1235 1885 1315">
     <span class='ocr_line' id='line_1_9' title="bbox 291 1235 1885 1315; baseline -0.004 -19"><span class='ocrx_word' id='word_1_52' title='bbox 291 1241 740 1315; x_wconf 84' lang='lat' dir='ltr'><strong>quemadmodum</strong></span> <span class='ocrx_word' id='word_1_53' title='bbox 770 1240 813 1293; x_wconf 91' lang='lat' dir='ltr'><strong>si</strong></span> <span class='ocrx_word' id='word_1_54' title='bbox 839 1238 955 1309; x_wconf 90' lang='lat' dir='ltr'><strong>quis</strong></span> <span class='ocrx_word' id='word_1_55' title='bbox 977 1253 1164 1295; x_wconf 87' lang='lat' dir='ltr'><strong>eorum</strong></span> <span class='ocrx_word' id='word_1_56' title='bbox 1195 1237 1262 1291; x_wconf 92' lang='lat' dir='ltr'><strong>ad</strong></span> <span class='ocrx_word' id='word_1_57' title='bbox 1287 1236 1499 1293; x_wconf 64' lang='lat' dir='ltr'><strong>Iudaeos</strong></span> <span class='ocrx_word' id='word_1_58' title='bbox 1527 1235 1753 1296; x_wconf 84' lang='lat' dir='ltr'><strong>venerit.</strong></span> <span class='ocrx_word' id='word_1_59' title='bbox 1781 1248 1885 1289; x_wconf 92' lang='lat' dir='ltr'><strong>non</strong></span> 
     </span>
    </p>
   </div>
   <div class='ocr_carea' id='block_1_10' title="bbox 291 1327 1884 1407">
    <p class='ocr_par' dir='ltr' id='par_1_10' title="bbox 291 1327 1884 1407">
     <span class='ocr_line' id='line_1_10' title="bbox 291 1327 1884 1407; baseline -0.006 -17"><span class='ocrx_word' id='word_1_60' title='bbox 291 1343 470 1407; x_wconf 84' lang='lat' dir='ltr'><strong>potest</strong></span> <span class='ocrx_word' id='word_1_61' title='bbox 491 1334 684 1389; x_wconf 86' lang='lat' dir='ltr'><strong>iterum</strong></span> <span class='ocrx_word' id='word_1_62' title='bbox 711 1331 1053 1395; x_wconf 88' lang='lat' dir='ltr'><strong>circumcidi;</strong></span> <span class='ocrx_word' id='word_1_63' title='bbox 1083 1330 1161 1385; x_wconf 90' lang='lat' dir='ltr'><strong>sic</strong></span> <span class='ocrx_word' id='word_1_64' title='bbox 1180 1345 1298 1384; x_wconf 89' lang='lat' dir='ltr'><strong>cum</strong></span> <span class='ocrx_word' id='word_1_65' title='bbox 1321 1329 1387 1383; x_wconf 89' lang='lat' dir='ltr'><strong>ad</strong></span> <span class='ocrx_word' id='word_1_66' title='bbox 1412 1344 1507 1383; x_wconf 93' lang='lat' dir='ltr'><strong>nos</strong></span> <span class='ocrx_word' id='word_1_67' title='bbox 1528 1327 1753 1393; x_wconf 87' lang='lat' dir='ltr'><strong>venerit,</strong></span> <span class='ocrx_word' id='word_1_68' title='bbox 1780 1341 1884 1380; x_wconf 91' lang='lat' dir='ltr'><strong>non</strong></span> 
     </span>
    </p>
   </div>
   <div class='ocr_carea' id='block_1_11' title="bbox 291 1416 1889 1493">
    <p class='ocr_par' dir='ltr' id='par_1_11' title="bbox 291 1416 1889 1493">
     <span class='ocr_line' id='line_1_11' title="bbox 291 1416 1889 1493; baseline -0.007 -11"><span class='ocrx_word' id='word_1_69' title='bbox 291 1427 452 1482; x_wconf 88' lang='lat' dir='ltr'><strong>debet</strong></span> <span class='ocrx_word' id='word_1_70' title='bbox 476 1427 665 1480; x_wconf 90' lang='lat' dir='ltr'><strong>iterum</strong></span> <span class='ocrx_word' id='word_1_71' title='bbox 694 1423 969 1493; x_wconf 83' lang='lat' dir='ltr'><strong>baptizari.</strong></span> <span class='ocrx_word' id='word_1_72' title='bbox 994 1421 1182 1476; x_wconf 86' lang='lat' dir='ltr'><strong>Adhuc</strong></span> <span class='ocrx_word' id='word_1_73' title='bbox 1209 1420 1399 1475; x_wconf 91' lang='lat' dir='ltr'><strong>dicturi</strong></span> <span class='ocrx_word' id='word_1_74' title='bbox 1426 1420 1555 1475; x_wconf 90' lang='lat' dir='ltr'><strong>estis</strong></span> <span class='ocrx_word' id='word_1_75' title='bbox 1582 1438 1594 1472; x_wconf 91' lang='lat'><strong>:</strong></span> <span class='ocrx_word' id='word_1_76' title='bbox 1626 1416 1779 1473; x_wconf 86' lang='lat' dir='ltr'><strong>Aliud</strong></span> <span class='ocrx_word' id='word_1_77' title='bbox 1806 1424 1889 1473; x_wconf 89' lang='lat' dir='ltr'><strong>est</strong></span> 
     </span>
    </p>
   </div>
   <div class='ocr_carea' id='block_1_12' title="bbox 291 1510 1887 1583">
    <p class='ocr_par' dir='ltr' id='par_1_12' title="bbox 291 1510 1887 1583">
     <span class='ocr_line' id='line_1_12' title="bbox 291 1510 1887 1583; baseline -0.005 -10"><span class='ocrx_word' id='word_1_78' title='bbox 291 1518 633 1573; x_wconf 79' lang='lat' dir='ltr'><strong>circumcisio</strong></span> <span class='ocrx_word' id='word_1_79' title='bbox 659 1516 985 1580; x_wconf 66' lang='lat' dir='ltr'><strong>Judaaorum,</strong></span> <span class='ocrx_word' id='word_1_80' title='bbox 1016 1514 1157 1569; x_wconf 83' lang='lat' dir='ltr'><strong>aliud</strong></span> <span class='ocrx_word' id='word_1_81' title='bbox 1207 1515 1507 1583; x_wconf 86' lang='lat' dir='ltr'><strong>Baptismus</strong></span> <span class='ocrx_word' id='word_1_82' title='bbox 1555 1510 1887 1566; x_wconf 86' lang='lat' dir='ltr'><strong>Christiano-</strong></span> 
     </span>
    </p>
   </div>
   <div class='ocr_carea' id='block_1_13' title="bbox 291 1606 1887 1677">
    <p class='ocr_par' dir='ltr' id='par_1_13' title="bbox 291 1606 1887 1677">
     <span class='ocr_line' id='line_1_13' title="bbox 291 1606 1887 1677; baseline -0.006 -8"><span class='ocrx_word' id='word_1_83' title='bbox 291 1628 430 1670; x_wconf 85' lang='lat' dir='ltr'><strong>rum.</strong></span> <span class='ocrx_word' id='word_1_84' title='bbox 463 1610 568 1665; x_wconf 91' lang='lat' dir='ltr'><strong>Sed</strong></span> <span class='ocrx_word' id='word_1_85' title='bbox 601 1625 720 1665; x_wconf 90' lang='lat' dir='ltr'><strong>cum</strong></span> <span class='ocrx_word' id='word_1_86' title='bbox 764 1609 849 1663; x_wconf 90' lang='lat' dir='ltr'><strong>illa</strong></span> <span class='ocrx_word' id='word_1_87' title='bbox 893 1607 1078 1662; x_wconf 88' lang='lat' dir='ltr'><strong>umbra</strong></span> <span class='ocrx_word' id='word_1_88' title='bbox 1116 1607 1277 1662; x_wconf 89' lang='lat' dir='ltr'><strong>fuerit</strong></span> <span class='ocrx_word' id='word_1_89' title='bbox 1304 1607 1460 1677; x_wconf 86' lang='lat' dir='ltr'><strong>hujus</strong></span> <span class='ocrx_word' id='word_1_90' title='bbox 1484 1606 1724 1660; x_wconf 84' lang='lat' dir='ltr'><strong>veritatis</strong></span> <span class='ocrx_word' id='word_1_91' title='bbox 1750 1646 1765 1672; x_wconf 94' lang='lat'><strong>,</strong></span> <span class='ocrx_word' id='word_1_92' title='bbox 1794 1619 1887 1659; x_wconf 89' lang='lat' dir='ltr'><strong>cur</strong></span> 
     </span>
    </p>
   </div>
   <div class='ocr_carea' id='block_1_14' title="bbox 292 1698 1887 1769">
    <p class='ocr_par' dir='ltr' id='par_1_14' title="bbox 292 1698 1887 1769">
     <span class='ocr_line' id='line_1_14' title="bbox 292 1698 1887 1769; baseline -0.006 -9"><span class='ocrx_word' id='word_1_93' title='bbox 292 1705 379 1761; x_wconf 84' lang='lat' dir='ltr'><strong>illa</strong></span> <span class='ocrx_word' id='word_1_94' title='bbox 423 1702 761 1757; x_wconf 80' lang='lat' dir='ltr'><strong>circumcisio</strong></span> <span class='ocrx_word' id='word_1_95' title='bbox 804 1711 857 1755; x_wconf 90' lang='lat' dir='ltr'><strong>et</strong></span> <span class='ocrx_word' id='word_1_96' title='bbox 908 1699 1047 1769; x_wconf 90' lang='lat' dir='ltr'><strong>apud</strong></span> <span class='ocrx_word' id='word_1_97' title='bbox 1090 1699 1369 1754; x_wconf 67' lang='lat' dir='ltr'><strong>hmreticos</strong></span> <span class='ocrx_word' id='word_1_98' title='bbox 1412 1698 1717 1753; x_wconf 70' lang='lat' dir='ltr'><strong>Judteorum</strong></span> <span class='ocrx_word' id='word_1_99' title='bbox 1768 1711 1887 1751; x_wconf 87' lang='lat' dir='ltr'><strong>esse</strong></span> 
     </span>
    </p>
   </div>
   <div class='ocr_carea' id='block_1_15' title="bbox 294 1786 1889 1866">
    <p class='ocr_par' dir='ltr' id='par_1_15' title="bbox 294 1786 1889 1866">
     <span class='ocr_line' id='line_1_15' title="bbox 294 1786 1889 1866; baseline -0.004 -17"><span class='ocrx_word' id='word_1_100' title='bbox 294 1794 487 1866; x_wconf 88' lang='lat' dir='ltr'><strong>potuit,</strong></span> <span class='ocrx_word' id='word_1_101' title='bbox 536 1793 636 1848; x_wconf 90' lang='lat' dir='ltr'><strong>iste</strong></span> <span class='ocrx_word' id='word_1_102' title='bbox 673 1801 848 1845; x_wconf 87' lang='lat' dir='ltr'><strong>autem</strong></span> <span class='ocrx_word' id='word_1_103' title='bbox 892 1791 1195 1860; x_wconf 85' lang='lat' dir='ltr'><strong>Baptismus</strong></span> <span class='ocrx_word' id='word_1_104' title='bbox 1237 1789 1376 1861; x_wconf 90' lang='lat' dir='ltr'><strong>apud</strong></span> <span class='ocrx_word' id='word_1_105' title='bbox 1411 1789 1692 1843; x_wconf 70' lang='lat' dir='ltr'><strong>haereticos</strong></span> <span class='ocrx_word' id='word_1_106' title='bbox 1735 1786 1889 1843; x_wconf 85' lang='lat' dir='ltr'><strong>Chri-</strong></span> 
     </span>
    </p>
   </div>
   <div class='ocr_carea' id='block_1_16' title="bbox 293 1884 1112 1955">
    <p class='ocr_par' dir='ltr' id='par_1_16' title="bbox 293 1884 1112 1955">
     <span class='ocr_line' id='line_1_16' title="bbox 293 1884 1112 1955; baseline -0.007 -12"><span class='ocrx_word' id='word_1_107' title='bbox 293 1890 588 1944; x_wconf 86' lang='lat' dir='ltr'><strong>stianorum</strong></span> <span class='ocrx_word' id='word_1_108' title='bbox 622 1901 724 1940; x_wconf 92' lang='lat' dir='ltr'><strong>non</strong></span> <span class='ocrx_word' id='word_1_109' title='bbox 752 1893 926 1955; x_wconf 87' lang='lat' dir='ltr'><strong>potest</strong></span> <span class='ocrx_word' id='word_1_110' title='bbox 954 1884 1112 1939; x_wconf 87' lang='lat' dir='ltr'><strong>esse?</strong></span> 
     </span>
    </p>
   </div>
   <div class='ocr_carea' id='block_1_17' title="bbox 362 1972 1883 2044">
    <p class='ocr_par' dir='ltr' id='par_1_17' title="bbox 362 1972 1883 2044">
     <span class='ocr_line' id='line_1_17' title="bbox 362 1972 1883 2044; baseline -0.005 -10"><span class='ocrx_word' id='word_1_111' title='bbox 362 1980 450 2034; x_wconf 79' lang='lat'><strong>57.</strong></span> <span class='ocrx_word' id='word_1_112' title='bbox 486 1980 725 2032; x_wconf 78' lang='lat' dir='ltr'><strong>Prol‘erte</strong></span> <span class='ocrx_word' id='word_1_113' title='bbox 754 1985 900 2030; x_wconf 90' lang='lat' dir='ltr'><strong>certe</strong></span> <span class='ocrx_word' id='word_1_114' title='bbox 926 1976 1158 2044; x_wconf 78' lang='lat' dir='ltr'><strong>aliquem</strong></span> <span class='ocrx_word' id='word_1_115' title='bbox 1177 1972 1243 2028; x_wconf 92' lang='lat' dir='ltr'><strong>de</strong></span> <span class='ocrx_word' id='word_1_116' title='bbox 1272 1973 1563 2041; x_wconf 88' lang='lat' dir='ltr'><strong>Scripturis</strong></span> <span class='ocrx_word' id='word_1_117' title='bbox 1586 1972 1883 2039; x_wconf 88' lang='lat' dir='ltr'><strong>canonicis,</strong></span> 
     </span>
    </p>
   </div>
   <div class='ocr_carea' id='block_1_18' title="bbox 292 2063 1888 2141">
    <p class='ocr_par' dir='ltr' id='par_1_18' title="bbox 292 2063 1888 2141">
     <span class='ocr_line' id='line_1_18' title="bbox 292 2063 1888 2141; baseline -0.004 -17"><span class='ocrx_word' id='word_1_118' title='bbox 292 2086 512 2141; x_wconf 87' lang='lat' dir='ltr'><strong>quarum</strong></span> <span class='ocrx_word' id='word_1_119' title='bbox 536 2070 689 2124; x_wconf 89' lang='lat' dir='ltr'><strong>nobis</strong></span> <span class='ocrx_word' id='word_1_120' title='bbox 715 2076 798 2121; x_wconf 82' lang='lat' dir='ltr'><strong>est</strong></span> <span class='ocrx_word' id='word_1_121' title='bbox 830 2066 1126 2121; x_wconf 80' lang='lat' dir='ltr'><strong>Communis</strong></span> <span class='ocrx_word' id='word_1_122' title='bbox 1148 2066 1435 2120; x_wconf 88' lang='lat' dir='ltr'><strong>auctoritas</strong></span> <span class='ocrx_word' id='word_1_123' title='bbox 1464 2066 1502 2129; x_wconf 79' lang='grc' dir='ltr'>ί,</span> <span class='ocrx_word' id='word_1_124' title='bbox 1526 2064 1592 2118; x_wconf 90' lang='lat' dir='ltr'><strong>ab</strong></span> <span class='ocrx_word' id='word_1_125' title='bbox 1621 2063 1888 2118; x_wconf 71' lang='lat' dir='ltr'><strong>Inereticis</strong></span> 
     </span>
    </p>
   </div>
   <div class='ocr_carea' id='block_1_19' title="bbox 289 2155 1890 2227">
    <p class='ocr_par' dir='ltr' id='par_1_19' title="bbox 289 2155 1890 2227">
     <span class='ocr_line' id='line_1_19' title="bbox 289 2155 1890 2227; baseline -0.005 -10"><span class='ocrx_word' id='word_1_126' title='bbox 289 2162 596 2217; x_wconf 71' lang='lat' dir='ltr'><strong>venientem</strong></span> <span class='ocrx_word' id='word_1_127' title='bbox 635 2158 811 2212; x_wconf 90' lang='lat' dir='ltr'><strong>denuo</strong></span> <span class='ocrx_word' id='word_1_128' title='bbox 858 2158 1204 2227; x_wconf 84' lang='lat' dir='ltr'><strong>baptizatum.</strong></span> <span class='ocrx_word' id='word_1_129' title='bbox 1253 2155 1385 2209; x_wconf 87' lang='lat' dir='ltr'><strong>Nam</strong></span> <span class='ocrx_word' id='word_1_130' title='bbox 1430 2155 1568 2225; x_wconf 89' lang='lat' dir='ltr'><strong>quod</strong></span> <span class='ocrx_word' id='word_1_131' title='bbox 1615 2156 1890 2224; x_wconf 83' lang='lat' dir='ltr'><strong>jusserunt</strong></span> 
     </span>
    </p>
   </div>
   <div class='ocr_carea' id='block_1_20' title="bbox 293 2243 1888 2322">
    <p class='ocr_par' dir='ltr' id='par_1_20' title="bbox 293 2243 1888 2322">
     <span class='ocr_line' id='line_1_20' title="bbox 293 2243 1888 2322; baseline -0.005 -15"><span class='ocrx_word' id='word_1_132' title='bbox 293 2252 535 2322; x_wconf 81' lang='lat' dir='ltr'><strong>Apostoli</strong></span> <span class='ocrx_word' id='word_1_133' title='bbox 564 2250 821 2320; x_wconf 88' lang='lat' dir='ltr'><strong>quosdam</strong></span> <span class='ocrx_word' id='word_1_134' title='bbox 858 2256 975 2317; x_wconf 88' lang='lat' dir='ltr'><strong>post</strong></span> <span class='ocrx_word' id='word_1_135' title='bbox 1000 2246 1218 2302; x_wconf 87' lang='lat' dir='ltr'><strong>Joannis</strong></span> <span class='ocrx_word' id='word_1_136' title='bbox 1242 2245 1563 2315; x_wconf 83' lang='lat' dir='ltr'><strong>baptismum</strong></span> <span class='ocrx_word' id='word_1_137' title='bbox 1593 2244 1646 2298; x_wconf 88' lang='lat' dir='ltr'><strong>in</strong></span> <span class='ocrx_word' id='word_1_138' title='bbox 1668 2243 1888 2299; x_wconf 86' lang='lat' dir='ltr'><strong>Christo</strong></span> 
     </span>
    </p>
   </div>
   <div class='ocr_carea' id='block_1_21' title="bbox 294 2336 1888 2414">
    <p class='ocr_par' dir='ltr' id='par_1_21' title="bbox 294 2336 1888 2414">
     <span class='ocr_line' id='line_1_21' title="bbox 294 2336 1888 2414; baseline -0.006 -13"><span class='ocrx_word' id='word_1_139' title='bbox 294 2344 589 2414; x_wconf 89' lang='lat' dir='ltr'><strong>baptizari,</strong></span> <span class='ocrx_word' id='word_1_140' title='bbox 625 2344 779 2410; x_wconf 85' lang='lat' dir='ltr'><strong>longe</strong></span> <span class='ocrx_word' id='word_1_141' title='bbox 807 2341 906 2395; x_wconf 88' lang='lat' dir='ltr'><strong>alia</strong></span> <span class='ocrx_word' id='word_1_142' title='bbox 938 2355 1095 2393; x_wconf 88' lang='lat' dir='ltr'><strong>causa</strong></span> <span class='ocrx_word' id='word_1_143' title='bbox 1127 2345 1228 2393; x_wconf 80' lang='lat' dir='ltr'><strong>est.</strong></span> <span class='ocrx_word' id='word_1_144' title='bbox 1266 2336 1451 2407; x_wconf 88' lang='lat' dir='ltr'><strong>Neque</strong></span> <span class='ocrx_word' id='word_1_145' title='bbox 1479 2337 1621 2392; x_wconf 87' lang='lat' dir='ltr'><strong>enim</strong></span> <span class='ocrx_word' id='word_1_146' title='bbox 1653 2337 1888 2392; x_wconf 84' lang='lat' dir='ltr'><strong>Joannes</strong></span> 
     </span>
    </p>
   </div>
   <div class='ocr_carea' id='block_1_22' title="bbox 292 2429 1888 2502">
    <p class='ocr_par' dir='ltr' id='par_1_22' title="bbox 292 2429 1888 2502">
     <span class='ocr_line' id='line_1_22' title="bbox 292 2429 1888 2502; baseline -0.006 -11"><span class='ocrx_word' id='word_1_147' title='bbox 292 2436 578 2491; x_wconf 79' lang='lat' dir='ltr'><strong>hzereticus</strong></span> <span class='ocrx_word' id='word_1_148' title='bbox 608 2433 724 2498; x_wconf 89' lang='lat' dir='ltr'><strong>fuit,</strong></span> <span class='ocrx_word' id='word_1_149' title='bbox 752 2435 954 2486; x_wconf 89' lang='lat' dir='ltr'><strong>amicus</strong></span> <span class='ocrx_word' id='word_1_150' title='bbox 984 2432 1071 2486; x_wconf 91' lang='lat' dir='ltr'><strong>ille</strong></span> <span class='ocrx_word' id='word_1_151' title='bbox 1094 2431 1275 2502; x_wconf 87' lang='lat' dir='ltr'><strong>sponsi</strong></span> <span class='ocrx_word' id='word_1_152' title='bbox 1308 2430 1487 2501; x_wconf 87' lang='lat' dir='ltr'><strong>(Joan.</strong></span> <span class='ocrx_word' id='word_1_153' title='bbox 1522 2446 1599 2496; x_wconf 92' lang='grc' dir='ltr'>ιιι,</span> <span class='ocrx_word' id='word_1_154' title='bbox 1638 2429 1751 2499; x_wconf 73' lang='lat'><strong>29),</strong></span> <span class='ocrx_word' id='word_1_155' title='bbox 1785 2442 1888 2499; x_wconf 92' lang='lat' dir='ltr'><strong>quo</strong></span> 
     </span>
    </p>
   </div>
   <div class='ocr_carea' id='block_1_23' title="bbox 292 2519 1882 2596">
    <p class='ocr_par' dir='ltr' id='par_1_23' title="bbox 292 2519 1882 2596">
     <span class='ocr_line' id='line_1_23' title="bbox 292 2519 1882 2596; baseline -0.006 -11"><span class='ocrx_word' id='word_1_156' title='bbox 292 2545 450 2586; x_wconf 85' lang='lat' dir='ltr'><strong>nemo</strong></span> <span class='ocrx_word' id='word_1_157' title='bbox 477 2528 711 2583; x_wconf 79' lang='lat' dir='ltr'><strong>surrexit</strong></span> <span class='ocrx_word' id='word_1_158' title='bbox 730 2527 896 2596; x_wconf 87' lang='lat' dir='ltr'><strong>major</strong></span> <span class='ocrx_word' id='word_1_159' title='bbox 918 2524 1125 2578; x_wconf 84' lang='lat' dir='ltr'><strong>innatis</strong></span> <span class='ocrx_word' id='word_1_160' title='bbox 1142 2524 1421 2577; x_wconf 86' lang='lat' dir='ltr'><strong>mulierum</strong></span> <span class='ocrx_word' id='word_1_161' title='bbox 1438 2522 1649 2593; x_wconf 81' lang='lat' dir='ltr'><strong>(Matth.</strong></span> <span class='ocrx_word' id='word_1_162' title='bbox 1672 2519 1882 2593; x_wconf 66' lang='lat'><strong>3:1,“).</strong></span> 
     </span>
    </p>
   </div>
   <div class='ocr_carea' id='block_1_24' title="bbox 292 2615 1890 2693">
    <p class='ocr_par' dir='ltr' id='par_1_24' title="bbox 292 2615 1890 2693">
     <span class='ocr_line' id='line_1_24' title="bbox 292 2615 1890 2693; baseline -0.005 -16"><span class='ocrx_word' id='word_1_163' title='bbox 292 2623 474 2692; x_wconf 91' lang='lat' dir='ltr'><strong>Longe</strong></span> <span class='ocrx_word' id='word_1_164' title='bbox 514 2638 641 2693; x_wconf 87' lang='lat' dir='ltr'><strong>ergo</strong></span> <span class='ocrx_word' id='word_1_165' title='bbox 683 2620 787 2674; x_wconf 90' lang='lat' dir='ltr'><strong>alia</strong></span> <span class='ocrx_word' id='word_1_166' title='bbox 832 2634 992 2674; x_wconf 88' lang='lat' dir='ltr'><strong>causa</strong></span> <span class='ocrx_word' id='word_1_167' title='bbox 1018 2627 1100 2673; x_wconf 90' lang='lat' dir='ltr'><strong>est</strong></span> <span class='ocrx_word' id='word_1_168' title='bbox 1134 2636 1146 2672; x_wconf 91' lang='lat'><strong>:</strong></span> <span class='ocrx_word' id='word_1_169' title='bbox 1179 2617 1412 2687; x_wconf 83' lang='lat' dir='ltr'><strong>alioquin</strong></span> <span class='ocrx_word' id='word_1_170' title='bbox 1458 2616 1502 2669; x_wconf 88' lang='lat' dir='ltr'><strong>si</strong></span> <span class='ocrx_word' id='word_1_171' title='bbox 1548 2615 1745 2669; x_wconf 87' lang='lat' dir='ltr'><strong>Paulus</strong></span> <span class='ocrx_word' id='word_1_172' title='bbox 1769 2622 1890 2683; x_wconf 89' lang='lat' dir='ltr'><strong>post</strong></span> 
     </span>
    </p>
   </div>
   <div class='ocr_carea' id='block_1_25' title="bbox 293 2706 1889 2783">
    <p class='ocr_par' dir='ltr' id='par_1_25' title="bbox 293 2706 1889 2783">
     <span class='ocr_line' id='line_1_25' title="bbox 293 2706 1889 2783; baseline -0.007 -12"><span class='ocrx_word' id='word_1_173' title='bbox 293 2715 552 2771; x_wconf 83' lang='lat' dir='ltr'><strong>Joannem</strong></span> <span class='ocrx_word' id='word_1_174' title='bbox 606 2712 936 2783; x_wconf 77' lang='lat' dir='ltr'><strong>baptizavit,</strong></span> <span class='ocrx_word' id='word_1_175' title='bbox 979 2726 1099 2764; x_wconf 92' lang='lat' dir='ltr'><strong>cum</strong></span> <span class='ocrx_word' id='word_1_176' title='bbox 1153 2710 1311 2763; x_wconf 91' lang='lat' dir='ltr'><strong>ambo</strong></span> <span class='ocrx_word' id='word_1_177' title='bbox 1350 2708 1403 2762; x_wconf 90' lang='lat' dir='ltr'><strong>in</strong></span> <span class='ocrx_word' id='word_1_178' title='bbox 1443 2708 1649 2762; x_wconf 88' lang='lat' dir='ltr'><strong>unitate</strong></span> <span class='ocrx_word' id='word_1_179' title='bbox 1692 2706 1889 2761; x_wconf 85' lang='lat' dir='ltr'><strong>Christi</strong></span> 
     </span>
    </p>
   </div>
   <div class='ocr_carea' id='block_1_26' title="bbox 294 2800 1888 2874">
    <p class='ocr_par' dir='ltr' id='par_1_26' title="bbox 294 2800 1888 2874">
     <span class='ocr_line' id='line_1_26' title="bbox 294 2800 1888 2874; baseline -0.003 -13"><span class='ocrx_word' id='word_1_180' title='bbox 294 2805 528 2871; x_wconf 80' lang='lat' dir='ltr'><strong>fuerint;</strong></span> <span class='ocrx_word' id='word_1_181' title='bbox 558 2813 757 2874; x_wconf 88' lang='lat' dir='ltr'><strong>quanto</strong></span> <span class='ocrx_word' id='word_1_182' title='bbox 783 2803 950 2872; x_wconf 87' lang='lat' dir='ltr'><strong>magis</strong></span> <span class='ocrx_word' id='word_1_183' title='bbox 975 2802 1173 2857; x_wconf 89' lang='lat' dir='ltr'><strong>debent</strong></span> <span class='ocrx_word' id='word_1_184' title='bbox 1214 2801 1451 2871; x_wconf 87' lang='lat' dir='ltr'><strong>episcopi</strong></span> <span class='ocrx_word' id='word_1_185' title='bbox 1480 2800 1643 2855; x_wconf 79' lang='lat' dir='ltr'><strong>vestri</strong></span> <span class='ocrx_word' id='word_1_186' title='bbox 1666 2800 1756 2871; x_wconf 93' lang='lat' dir='ltr'><strong>qui</strong></span> <span class='ocrx_word' id='word_1_187' title='bbox 1788 2815 1848 2856; x_wconf 89' lang='lat' dir='ltr'><strong>se</strong></span> <span class='ocrx_word' id='word_1_188' title='bbox 1867 2801 1888 2832; x_wconf 80' lang='lat'>&#39;</span> 
     </span>
    </p>
   </div>
   <div class='ocr_carea' id='block_1_27' title="bbox 296 2891 1890 2963">
    <p class='ocr_par' dir='ltr' id='par_1_27' title="bbox 296 2891 1890 2963">
     <span class='ocr_line' id='line_1_27' title="bbox 296 2891 1890 2963; baseline -0.005 -9"><span class='ocrx_word' id='word_1_189' title='bbox 296 2899 347 2954; x_wconf 92' lang='lat' dir='ltr'><strong>in</strong></span> <span class='ocrx_word' id='word_1_190' title='bbox 383 2899 586 2953; x_wconf 90' lang='lat' dir='ltr'><strong>unitate</strong></span> <span class='ocrx_word' id='word_1_191' title='bbox 607 2894 803 2951; x_wconf 87' lang='lat' dir='ltr'><strong>Christi</strong></span> <span class='ocrx_word' id='word_1_192' title='bbox 835 2910 954 2950; x_wconf 87' lang='lat' dir='ltr'><strong>esse</strong></span> <span class='ocrx_word' id='word_1_193' title='bbox 976 2894 1177 2960; x_wconf 92' lang='lat' dir='ltr'><strong>dicunt,</strong></span> <span class='ocrx_word' id='word_1_194' title='bbox 1206 2894 1477 2963; x_wconf 86' lang='lat' dir='ltr'><strong>baptizare</strong></span> <span class='ocrx_word' id='word_1_195' title='bbox 1506 2899 1631 2962; x_wconf 88' lang='lat' dir='ltr'><strong>post</strong></span> <span class='ocrx_word' id='word_1_196' title='bbox 1659 2891 1890 2961; x_wconf 73' lang='lat' dir='ltr'><strong>collegas</strong></span> 
     </span>
    </p>
   </div>
   <div class='ocr_carea' id='block_1_28' title="bbox 298 2987 1889 3061">
    <p class='ocr_par' dir='ltr' id='par_1_28' title="bbox 298 2987 1889 3061">
     <span class='ocr_line' id='line_1_28' title="bbox 298 2987 1889 3061; baseline -0.003 -14"><span class='ocrx_word' id='word_1_197' title='bbox 298 3006 441 3054; x_wconf 87' lang='lat' dir='ltr'><strong>suos,</strong></span> <span class='ocrx_word' id='word_1_198' title='bbox 474 2991 527 3044; x_wconf 92' lang='lat' dir='ltr'><strong>in</strong></span> <span class='ocrx_word' id='word_1_199' title='bbox 555 2990 746 3061; x_wconf 90' lang='lat' dir='ltr'><strong>quibus</strong></span> <span class='ocrx_word' id='word_1_200' title='bbox 792 2988 1011 3058; x_wconf 83' lang='lat' dir='ltr'><strong>collegis</strong></span> <span class='ocrx_word' id='word_1_201' title='bbox 1050 3002 1229 3042; x_wconf 89' lang='lat' dir='ltr'><strong>mores</strong></span> <span class='ocrx_word' id='word_1_202' title='bbox 1258 2987 1464 3057; x_wconf 90' lang='lat' dir='ltr'><strong>aliquos</strong></span> <span class='ocrx_word' id='word_1_203' title='bbox 1504 2994 1650 3040; x_wconf 90' lang='lat' dir='ltr'><strong>recte</strong></span> <span class='ocrx_word' id='word_1_204' title='bbox 1701 3001 1889 3056; x_wconf 85' lang='lat' dir='ltr'><strong>repre-</strong></span> 
     </span>
    </p>
   </div>
   <div class='ocr_carea' id='block_1_29' title="bbox 297 3077 1889 3149">
    <p class='ocr_par' dir='ltr' id='par_1_29' title="bbox 297 3077 1889 3149">
     <span class='ocr_line' id='line_1_29' title="bbox 297 3077 1889 3149; baseline -0.003 -11"><span class='ocrx_word' id='word_1_205' title='bbox 297 3083 569 3147; x_wconf 89' lang='lat' dir='ltr'><strong>hendunt,</strong></span> <span class='ocrx_word' id='word_1_206' title='bbox 592 3098 714 3138; x_wconf 91' lang='lat' dir='ltr'><strong>cum</strong></span> <span class='ocrx_word' id='word_1_207' title='bbox 740 3081 843 3135; x_wconf 90' lang='lat' dir='ltr'><strong>hoc</strong></span> <span class='ocrx_word' id='word_1_208' title='bbox 871 3080 1056 3135; x_wconf 80' lang='lat' dir='ltr'><strong>fecerit</strong></span> <span class='ocrx_word' id='word_1_209' title='bbox 1082 3079 1275 3134; x_wconf 86' lang='lat' dir='ltr'><strong>Paulus</strong></span> <span class='ocrx_word' id='word_1_210' title='bbox 1295 3120 1309 3145; x_wconf 92' lang='lat'><strong>,</strong></span> <span class='ocrx_word' id='word_1_211' title='bbox 1342 3078 1431 3149; x_wconf 93' lang='lat' dir='ltr'><strong>qui</strong></span> <span class='ocrx_word' id='word_1_212' title='bbox 1460 3077 1589 3131; x_wconf 92' lang='lat' dir='ltr'><strong>nihil</strong></span> <span class='ocrx_word' id='word_1_213' title='bbox 1620 3078 1790 3147; x_wconf 90' lang='lat' dir='ltr'><strong>potuit</strong></span> <span class='ocrx_word' id='word_1_214' title='bbox 1834 3077 1889 3133; x_wconf 91' lang='lat' dir='ltr'><strong>in</strong></span> 
     </span>
    </p>
   </div>
   <div class='ocr_carea' id='block_1_30' title="bbox 294 3170 1891 3248">
    <p class='ocr_par' dir='ltr' id='par_1_30' title="bbox 294 3170 1891 3248">
     <span class='ocr_line' id='line_1_30' title="bbox 294 3170 1891 3248; baseline -0.004 -15"><span class='ocrx_word' id='word_1_215' title='bbox 294 3178 499 3234; x_wconf 80' lang='lat' dir='ltr'><strong>Joanne</strong></span> <span class='ocrx_word' id='word_1_216' title='bbox 548 3174 990 3248; x_wconf 87' lang='lat' dir='ltr'><strong>reprehendere?</strong></span> <span class='ocrx_word' id='word_1_217' title='bbox 1017 3173 1158 3241; x_wconf 85' lang='lat' dir='ltr'><strong>Ergo</strong></span> <span class='ocrx_word' id='word_1_218' title='bbox 1182 3172 1274 3227; x_wconf 91' lang='lat' dir='ltr'><strong>illa</strong></span> <span class='ocrx_word' id='word_1_219' title='bbox 1301 3171 1404 3226; x_wconf 90' lang='lat' dir='ltr'><strong>alia</strong></span> <span class='ocrx_word' id='word_1_220' title='bbox 1435 3184 1596 3225; x_wconf 86' lang='lat' dir='ltr'><strong>causa</strong></span> <span class='ocrx_word' id='word_1_221' title='bbox 1622 3179 1703 3225; x_wconf 88' lang='lat' dir='ltr'><strong>est</strong></span> <span class='ocrx_word' id='word_1_222' title='bbox 1723 3212 1739 3239; x_wconf 91' lang='lat'><strong>,</strong></span> <span class='ocrx_word' id='word_1_223' title='bbox 1785 3170 1891 3226; x_wconf 90' lang='lat' dir='ltr'><strong>alia</strong></span> 
     </span>
    </p>
   </div>
   <div class='ocr_carea' id='block_1_31' title="bbox 293 3264 1891 3339">
    <p class='ocr_par' dir='ltr' id='par_1_31' title="bbox 293 3264 1891 3339">
     <span class='ocr_line' id='line_1_31' title="bbox 293 3264 1891 3339; baseline -0.003 -13"><span class='ocrx_word' id='word_1_224' title='bbox 293 3272 430 3326; x_wconf 88' lang='lat' dir='ltr'><strong>ratio</strong></span> <span class='ocrx_word' id='word_1_225' title='bbox 450 3311 466 3337; x_wconf 94' lang='lat'><strong>,</strong></span> <span class='ocrx_word' id='word_1_226' title='bbox 501 3271 570 3326; x_wconf 90' lang='lat' dir='ltr'><strong>de</strong></span> <span class='ocrx_word' id='word_1_227' title='bbox 599 3286 700 3339; x_wconf 89' lang='lat' dir='ltr'><strong>qua</strong></span> <span class='ocrx_word' id='word_1_228' title='bbox 729 3283 869 3323; x_wconf 89' lang='lat' dir='ltr'><strong>nunc</strong></span> <span class='ocrx_word' id='word_1_229' title='bbox 899 3269 1162 3322; x_wconf 87' lang='lat' dir='ltr'><strong>disserere</strong></span> <span class='ocrx_word' id='word_1_230' title='bbox 1196 3267 1412 3336; x_wconf 86' lang='lat' dir='ltr'><strong>longum</strong></span> <span class='ocrx_word' id='word_1_231' title='bbox 1440 3274 1525 3321; x_wconf 91' lang='lat' dir='ltr'><strong>est</strong></span> <span class='ocrx_word' id='word_1_232' title='bbox 1546 3307 1561 3333; x_wconf 93' lang='lat'><strong>,</strong></span> <span class='ocrx_word' id='word_1_233' title='bbox 1589 3273 1646 3320; x_wconf 92' lang='lat' dir='ltr'><strong>et</strong></span> <span class='ocrx_word' id='word_1_234' title='bbox 1688 3265 1743 3318; x_wconf 92' lang='lat' dir='ltr'><strong>in</strong></span> <span class='ocrx_word' id='word_1_235' title='bbox 1774 3264 1891 3321; x_wconf 88' lang='lat' dir='ltr'><strong>aliis</strong></span> 
     </span>
    </p>
   </div>
   <div class='ocr_carea' id='block_1_32' title="bbox 296 3355 1889 3433">
    <p class='ocr_par' dir='ltr' id='par_1_32' title="bbox 296 3355 1889 3433">
     <span class='ocr_line' id='line_1_32' title="bbox 296 3355 1889 3433; baseline -0.004 -16"><span class='ocrx_word' id='word_1_236' title='bbox 296 3362 569 3433; x_wconf 86' lang='lat' dir='ltr'><strong>opusculis</strong></span> <span class='ocrx_word' id='word_1_237' title='bbox 596 3362 809 3431; x_wconf 82' lang='lat' dir='ltr'><strong>nostris</strong></span> <span class='ocrx_word' id='word_1_238' title='bbox 834 3360 959 3415; x_wconf 92' lang='lat' dir='ltr'><strong>hinc</strong></span> <span class='ocrx_word' id='word_1_239' title='bbox 987 3361 1151 3415; x_wconf 88' lang='lat' dir='ltr'><strong>multa</strong></span> <span class='ocrx_word' id='word_1_240' title='bbox 1174 3360 1283 3429; x_wconf 88' lang='lat' dir='ltr'><strong>jam</strong></span> <span class='ocrx_word' id='word_1_241' title='bbox 1310 3358 1561 3411; x_wconf 84' lang='lat' dir='ltr'><strong>diximus.</strong></span> <span class='ocrx_word' id='word_1_242' title='bbox 1589 3356 1672 3411; x_wconf 85' lang='lat' dir='ltr'><strong>Ab</strong></span> <span class='ocrx_word' id='word_1_243' title='bbox 1715 3355 1889 3411; x_wconf 63' lang='lat' dir='ltr'><strong>haere-</strong></span> 
     </span>
    </p>
   </div>
   <div class='ocr_carea' id='block_1_33' title="bbox 298 3447 1891 3524">
    <p class='ocr_par' dir='ltr' id='par_1_33' title="bbox 298 3447 1891 3524">
     <span class='ocr_line' id='line_1_33' title="bbox 298 3447 1891 3524; baseline -0.004 -15"><span class='ocrx_word' id='word_1_244' title='bbox 298 3455 420 3509; x_wconf 85' lang='lat' dir='ltr'><strong>ticis</strong></span> <span class='ocrx_word' id='word_1_245' title='bbox 449 3468 577 3524; x_wconf 82' lang='lat' dir='ltr'><strong>ergo</strong></span> <span class='ocrx_word' id='word_1_246' title='bbox 612 3454 912 3509; x_wconf 88' lang='lat' dir='ltr'><strong>venientem</strong></span> <span class='ocrx_word' id='word_1_247' title='bbox 953 3452 1176 3522; x_wconf 83' lang='lat' dir='ltr'><strong>probate</strong></span> <span class='ocrx_word' id='word_1_248' title='bbox 1221 3450 1272 3503; x_wconf 92' lang='lat' dir='ltr'><strong>in</strong></span> <span class='ocrx_word' id='word_1_249' title='bbox 1301 3448 1589 3518; x_wconf 88' lang='lat' dir='ltr'><strong>Scripturis</strong></span> <span class='ocrx_word' id='word_1_250' title='bbox 1618 3447 1891 3503; x_wconf 91' lang='lat' dir='ltr'><strong>canonicis</strong></span> 
     </span>
    </p>
   </div>
   <div class='ocr_carea' id='block_1_34' title="bbox 299 3539 1893 3615">
    <p class='ocr_par' dir='ltr' id='par_1_34' title="bbox 299 3539 1893 3615">
     <span class='ocr_line' id='line_1_34' title="bbox 299 3539 1893 3615; baseline -0.006 -13"><span class='ocrx_word' id='word_1_251' title='bbox 299 3546 482 3602; x_wconf 84' lang='lat' dir='ltr'><strong>denuo</strong></span> <span class='ocrx_word' id='word_1_252' title='bbox 508 3546 846 3615; x_wconf 88' lang='lat' dir='ltr'><strong>baptizatum.</strong></span> <span class='ocrx_word' id='word_1_253' title='bbox 880 3544 1010 3598; x_wconf 87' lang='lat' dir='ltr'><strong>Nam</strong></span> <span class='ocrx_word' id='word_1_254' title='bbox 1037 3553 1090 3597; x_wconf 92' lang='lat' dir='ltr'><strong>et</strong></span> <span class='ocrx_word' id='word_1_255' title='bbox 1114 3557 1212 3596; x_wconf 93' lang='lat' dir='ltr'><strong>nos</strong></span> <span class='ocrx_word' id='word_1_256' title='bbox 1240 3541 1560 3611; x_wconf 79' lang='lat' dir='ltr'><strong>proferimus</strong></span> <span class='ocrx_word' id='word_1_257' title='bbox 1595 3540 1760 3595; x_wconf 89' lang='lat' dir='ltr'><strong>Petro</strong></span> <span class='ocrx_word' id='word_1_258' title='bbox 1812 3539 1893 3594; x_wconf 92' lang='lat' dir='ltr'><strong>di-</strong></span> 
     </span>
    </p>
   </div>
   <div class='ocr_carea' id='block_1_35' title="bbox 295 3633 1893 3708">
    <p class='ocr_par' dir='ltr' id='par_1_35' title="bbox 295 3633 1893 3708">
     <span class='ocr_line' id='line_1_35' title="bbox 295 3633 1893 3708; baseline -0.004 -14"><span class='ocrx_word' id='word_1_259' title='bbox 295 3648 467 3706; x_wconf 87' lang='lat' dir='ltr'><strong>ctum,</strong></span> <span class='ocrx_word' id='word_1_260' title='bbox 503 3639 603 3707; x_wconf 79' lang='lat' dir='ltr'><strong>Qui</strong></span> <span class='ocrx_word' id='word_1_261' title='bbox 632 3638 764 3692; x_wconf 83' lang='lat' dir='ltr'><strong>lotus</strong></span> <span class='ocrx_word' id='word_1_262' title='bbox 796 3648 865 3693; x_wconf 75' lang='lat' dir='ltr'><strong>est</strong></span> <span class='ocrx_word' id='word_1_263' title='bbox 890 3639 1058 3703; x_wconf 79' lang='lat' dir='ltr'><strong>semel,</strong></span> <span class='ocrx_word' id='word_1_264' title='bbox 1082 3655 1181 3691; x_wconf 86' lang='lat' dir='ltr'><strong>non</strong></span> <span class='ocrx_word' id='word_1_265' title='bbox 1212 3654 1338 3708; x_wconf 84' lang='lat' dir='ltr'><strong>opus</strong></span> <span class='ocrx_word' id='word_1_266' title='bbox 1359 3635 1503 3690; x_wconf 83' lang='lat' dir='ltr'><strong>habet</strong></span> <span class='ocrx_word' id='word_1_267' title='bbox 1529 3636 1712 3689; x_wconf 79' lang='lat' dir='ltr'><strong>iterum</strong></span> <span class='ocrx_word' id='word_1_268' title='bbox 1733 3633 1893 3689; x_wconf 80' lang='lat' dir='ltr'><strong>lavari</strong></span> 
     </span>
    </p>
   </div>
   <div class='ocr_carea' id='block_1_36' title="bbox 297 3728 1891 3801">
    <p class='ocr_par' dir='ltr' id='par_1_36' title="bbox 297 3728 1891 3801">
     <span class='ocr_line' id='line_1_36' title="bbox 297 3728 1891 3801; baseline -0.001 -18"><span class='ocrx_word' id='word_1_269' title='bbox 297 3730 477 3799; x_wconf 85' lang='lat' dir='ltr'><strong>(Joan.</strong></span> <span class='ocrx_word' id='word_1_270' title='bbox 529 3746 639 3794; x_wconf 70' lang='grc' dir='ltr'>λιιι,</span> <span class='ocrx_word' id='word_1_271' title='bbox 682 3728 787 3801; x_wconf 86' lang='lat' dir='ltr'><strong>I0).</strong></span> <span class='ocrx_word' id='word_1_272' title='bbox 817 3729 921 3784; x_wconf 91' lang='lat' dir='ltr'><strong>Sed</strong></span> <span class='ocrx_word' id='word_1_273' title='bbox 966 3730 1127 3783; x_wconf 89' lang='lat' dir='ltr'><strong>etiam</strong></span> <span class='ocrx_word' id='word_1_274' title='bbox 1152 3743 1248 3782; x_wconf 90' lang='lat' dir='ltr'><strong>vos</strong></span> <span class='ocrx_word' id='word_1_275' title='bbox 1295 3728 1471 3781; x_wconf 89' lang='lat' dir='ltr'><strong>dicitis</strong></span> <span class='ocrx_word' id='word_1_276' title='bbox 1508 3745 1520 3780; x_wconf 91' lang='lat'><strong>:</strong></span> <span class='ocrx_word' id='word_1_277' title='bbox 1558 3728 1745 3781; x_wconf 89' lang='lat' dir='ltr'><strong>Petrus</strong></span> <span class='ocrx_word' id='word_1_278' title='bbox 1782 3742 1891 3781; x_wconf 90' lang='lat' dir='ltr'><strong>non</strong></span> 
     </span>
    </p>
   </div>
   <div class='ocr_carea' id='block_1_37' title="bbox 300 3818 1891 3892">
    <p class='ocr_par' dir='ltr' id='par_1_37' title="bbox 300 3818 1891 3892">
     <span class='ocr_line' id='line_1_37' title="bbox 300 3818 1891 3892; baseline -0.003 -14"><span class='ocrx_word' id='word_1_279' title='bbox 300 3821 469 3878; x_wconf 80' lang='lat' dir='ltr'><strong>fuerat</strong></span> <span class='ocrx_word' id='word_1_280' title='bbox 508 3823 649 3892; x_wconf 87' lang='lat' dir='ltr'><strong>apud</strong></span> <span class='ocrx_word' id='word_1_281' title='bbox 696 3822 976 3876; x_wconf 71' lang='lat' dir='ltr'><strong>hccreticos</strong></span> <span class='ocrx_word' id='word_1_282' title='bbox 1018 3821 1335 3891; x_wconf 89' lang='lat' dir='ltr'><strong>baptizatus.</strong></span> <span class='ocrx_word' id='word_1_283' title='bbox 1382 3818 1609 3873; x_wconf 86' lang='lat' dir='ltr'><strong>Proinde</strong></span> <span class='ocrx_word' id='word_1_284' title='bbox 1637 3820 1760 3889; x_wconf 86' lang='lat' dir='ltr'><strong>quia</strong></span> <span class='ocrx_word' id='word_1_285' title='bbox 1791 3833 1891 3874; x_wconf 91' lang='lat' dir='ltr'><strong>nec</strong></span> 
     </span>
    </p>
   </div>
   <div class='ocr_carea' id='block_1_38' title="bbox 301 3911 1893 3985">
    <p class='ocr_par' dir='ltr' id='par_1_38' title="bbox 301 3911 1893 3985">
     <span class='ocr_line' id='line_1_38' title="bbox 301 3911 1893 3985; baseline -0.001 -19"><span class='ocrx_word' id='word_1_286' title='bbox 301 3928 392 3967; x_wconf 86' lang='lat' dir='ltr'><strong>vos</strong></span> <span class='ocrx_word' id='word_1_287' title='bbox 414 3915 639 3985; x_wconf 75' lang='lat' dir='ltr'><strong>potestis</strong></span> <span class='ocrx_word' id='word_1_288' title='bbox 667 3912 904 3983; x_wconf 83' lang='lat' dir='ltr'><strong>proferre</strong></span> <span class='ocrx_word' id='word_1_289' title='bbox 920 3913 987 3968; x_wconf 90' lang='lat' dir='ltr'><strong>de</strong></span> <span class='ocrx_word' id='word_1_290' title='bbox 1002 3912 1309 3982; x_wconf 87' lang='lat' dir='ltr'><strong>Scripturis,</strong></span> <span class='ocrx_word' id='word_1_291' title='bbox 1329 3927 1550 3982; x_wconf 88' lang='lat' dir='ltr'><strong>quarum</strong></span> <span class='ocrx_word' id='word_1_292' title='bbox 1573 3911 1726 3965; x_wconf 89' lang='lat' dir='ltr'><strong>nobis</strong></span> <span class='ocrx_word' id='word_1_293' title='bbox 1746 3925 1893 3965; x_wconf 90' lang='lat' dir='ltr'><strong>com-</strong></span> 
     </span>
    </p>
   </div>
   <div class='ocr_carea' id='block_1_39' title="bbox 303 4002 1891 4073">
    <p class='ocr_par' dir='ltr' id='par_1_39' title="bbox 303 4002 1891 4073">
     <span class='ocr_line' id='line_1_39' title="bbox 303 4002 1891 4073; baseline -0.002 -12"><span class='ocrx_word' id='word_1_294' title='bbox 303 4007 476 4061; x_wconf 89' lang='lat' dir='ltr'><strong>munis</strong></span> <span class='ocrx_word' id='word_1_295' title='bbox 506 4015 589 4059; x_wconf 88' lang='lat' dir='ltr'><strong>est</strong></span> <span class='ocrx_word' id='word_1_296' title='bbox 618 4007 905 4060; x_wconf 85' lang='lat' dir='ltr'><strong>auctoritas</strong></span> <span class='ocrx_word' id='word_1_297' title='bbox 929 4047 945 4073; x_wconf 95' lang='lat'><strong>,</strong></span> <span class='ocrx_word' id='word_1_298' title='bbox 988 4006 1055 4060; x_wconf 88' lang='lat' dir='ltr'><strong>ab</strong></span> <span class='ocrx_word' id='word_1_299' title='bbox 1084 4004 1352 4059; x_wconf 69' lang='lat' dir='ltr'><strong>hmreticis</strong></span> <span class='ocrx_word' id='word_1_300' title='bbox 1383 4005 1682 4059; x_wconf 89' lang='lat' dir='ltr'><strong>venientem</strong></span> <span class='ocrx_word' id='word_1_301' title='bbox 1712 4002 1891 4059; x_wconf 91' lang='lat' dir='ltr'><strong>denuo</strong></span> 
     </span>
    </p>
   </div>
   <div class='ocr_carea' id='block_1_40' title="bbox 302 4095 1890 4168">
    <p class='ocr_par' dir='ltr' id='par_1_40' title="bbox 302 4095 1890 4168">
     <span class='ocr_line' id='line_1_40' title="bbox 302 4095 1890 4168; baseline 0.001 -15"><span class='ocrx_word' id='word_1_302' title='bbox 302 4097 650 4167; x_wconf 85' lang='lat' dir='ltr'><strong>baptizatum,</strong></span> <span class='ocrx_word' id='word_1_303' title='bbox 677 4114 776 4152; x_wconf 90' lang='lat' dir='ltr'><strong>nec</strong></span> <span class='ocrx_word' id='word_1_304' title='bbox 799 4114 895 4152; x_wconf 93' lang='lat' dir='ltr'><strong>nos</strong></span> <span class='ocrx_word' id='word_1_305' title='bbox 926 4098 995 4152; x_wconf 89' lang='lat' dir='ltr'><strong>ita</strong></span> <span class='ocrx_word' id='word_1_306' title='bbox 1024 4106 1366 4167; x_wconf 90' lang='lat' dir='ltr'><strong>susceptum;</strong></span> <span class='ocrx_word' id='word_1_307' title='bbox 1390 4103 1648 4168; x_wconf 89' lang='lat' dir='ltr'><strong>quantum</strong></span> <span class='ocrx_word' id='word_1_308' title='bbox 1669 4095 1734 4151; x_wconf 90' lang='lat' dir='ltr'><strong>ad</strong></span> <span class='ocrx_word' id='word_1_309' title='bbox 1755 4095 1890 4154; x_wconf 89' lang='lat' dir='ltr'><strong>hanc</strong></span> 
     </span>
    </p>
   </div>
   <div class='ocr_carea' id='block_1_41' title="bbox 301 4190 1286 4259">
    <p class='ocr_par' dir='ltr' id='par_1_41' title="bbox 301 4190 1286 4259">
     <span class='ocr_line' id='line_1_41' title="bbox 301 4190 1286 4259; baseline 0 -15"><span class='ocrx_word' id='word_1_310' title='bbox 301 4206 412 4246; x_wconf 90' lang='lat' dir='ltr'><strong>rem</strong></span> <span class='ocrx_word' id='word_1_311' title='bbox 441 4195 665 4259; x_wconf 90' lang='lat' dir='ltr'><strong>attinet,</strong></span> <span class='ocrx_word' id='word_1_312' title='bbox 698 4207 793 4259; x_wconf 91' lang='lat' dir='ltr'><strong>par</strong></span> <span class='ocrx_word' id='word_1_313' title='bbox 821 4190 973 4246; x_wconf 90' lang='lat' dir='ltr'><strong>nobis</strong></span> <span class='ocrx_word' id='word_1_314' title='bbox 999 4207 1159 4246; x_wconf 84' lang='lat' dir='ltr'><strong>causa</strong></span> <span class='ocrx_word' id='word_1_315' title='bbox 1187 4198 1286 4245; x_wconf 91' lang='lat' dir='ltr'><strong>est.</strong></span> 
     </span>
    </p>
   </div>
   <div class='ocr_carea' id='block_1_42' title="bbox 370 4282 1891 4338">
    <p class='ocr_par' dir='ltr' id='par_1_42' title="bbox 370 4282 1891 4338">
     <span class='ocr_line' id='line_1_42' title="bbox 370 4282 1891 4338; baseline 0 -1"><span class='ocrx_word' id='word_1_316' title='bbox 370 4282 598 4338; x_wconf 80' lang='lat' dir='ltr'><strong>CAPUT</strong></span> <span class='ocrx_word' id='word_1_317' title='bbox 652 4282 868 4336; x_wconf 83' lang='lat' dir='ltr'><strong>XXXII.</strong></span> <span class='ocrx_word' id='word_1_318' title='bbox 896 4312 968 4322; x_wconf 84' lang='lat'><strong>-—</strong></span> <span class='ocrx_word' id='word_1_319' title='bbox 1021 4283 1112 4337; x_wconf 78' lang='lat'><strong>&#39;58.</strong></span> <span class='ocrx_word' id='word_1_320' title='bbox 1146 4283 1343 4337; x_wconf 77' lang='lat' dir='ltr'><strong>Verum</strong></span> <span class='ocrx_word' id='word_1_321' title='bbox 1379 4296 1477 4336; x_wconf 91' lang='lat' dir='ltr'><strong>nos</strong></span> <span class='ocrx_word' id='word_1_322' title='bbox 1515 4282 1680 4336; x_wconf 91' lang='lat' dir='ltr'><strong>multa</strong></span> <span class='ocrx_word' id='word_1_323' title='bbox 1711 4288 1891 4337; x_wconf 87' lang='lat' dir='ltr'><strong>osten-</strong></span> 
     </span>
    </p>
   </div>
   <div class='ocr_carea' id='block_1_43' title="bbox 302 4375 1887 4447">
    <p class='ocr_par' dir='ltr' id='par_1_43' title="bbox 302 4375 1887 4447">
     <span class='ocr_line' id='line_1_43' title="bbox 302 4375 1887 4447; baseline 0.001 -18"><span class='ocrx_word' id='word_1_324' title='bbox 302 4375 475 4430; x_wconf 89' lang='lat' dir='ltr'><strong>dimus</strong></span> <span class='ocrx_word' id='word_1_325' title='bbox 514 4377 674 4431; x_wconf 87' lang='lat' dir='ltr'><strong>etiam</strong></span> <span class='ocrx_word' id='word_1_326' title='bbox 702 4376 767 4430; x_wconf 93' lang='lat' dir='ltr'><strong>ad</strong></span> <span class='ocrx_word' id='word_1_327' title='bbox 801 4377 970 4445; x_wconf 83' lang='lat' dir='ltr'><strong>legem</strong></span> <span class='ocrx_word' id='word_1_328' title='bbox 1002 4376 1100 4431; x_wconf 90' lang='lat' dir='ltr'><strong>Dei</strong></span> <span class='ocrx_word' id='word_1_329' title='bbox 1133 4376 1447 4447; x_wconf 88' lang='lat' dir='ltr'><strong>pertinentia</strong></span> <span class='ocrx_word' id='word_1_330' title='bbox 1479 4391 1597 4431; x_wconf 92' lang='lat' dir='ltr'><strong>esse</strong></span> <span class='ocrx_word' id='word_1_331' title='bbox 1625 4375 1764 4446; x_wconf 91' lang='lat' dir='ltr'><strong>apud</strong></span> <span class='ocrx_word' id='word_1_332' title='bbox 1792 4390 1887 4431; x_wconf 90' lang='lat' dir='ltr'><strong>eos</strong></span> 
     </span>
    </p>
   </div>
   <div class='ocr_carea' id='block_1_44' title="bbox 302 4467 1890 4538">
    <p class='ocr_par' dir='ltr' id='par_1_44' title="bbox 302 4467 1890 4538">
     <span class='ocr_line' id='line_1_44' title="bbox 302 4467 1890 4538; baseline 0.002 -18"><span class='ocrx_word' id='word_1_333' title='bbox 302 4468 388 4537; x_wconf 90' lang='lat' dir='ltr'><strong>qui</strong></span> <span class='ocrx_word' id='word_1_334' title='bbox 417 4483 523 4521; x_wconf 92' lang='lat' dir='ltr'><strong>non</strong></span> <span class='ocrx_word' id='word_1_335' title='bbox 552 4477 674 4521; x_wconf 90' lang='lat' dir='ltr'><strong>sunt</strong></span> <span class='ocrx_word' id='word_1_336' title='bbox 701 4469 751 4521; x_wconf 93' lang='lat' dir='ltr'><strong>in</strong></span> <span class='ocrx_word' id='word_1_337' title='bbox 784 4468 1046 4535; x_wconf 88' lang='lat' dir='ltr'><strong>Ecclesia,</strong></span> <span class='ocrx_word' id='word_1_338' title='bbox 1080 4485 1197 4538; x_wconf 83' lang='lat' dir='ltr'><strong>quae</strong></span> <span class='ocrx_word' id='word_1_339' title='bbox 1244 4484 1403 4523; x_wconf 91' lang='lat' dir='ltr'><strong>nemo</strong></span> <span class='ocrx_word' id='word_1_340' title='bbox 1451 4477 1689 4522; x_wconf 89' lang='lat' dir='ltr'><strong>vestrum</strong></span> <span class='ocrx_word' id='word_1_341' title='bbox 1728 4467 1890 4523; x_wconf 90' lang='lat' dir='ltr'><strong>audet</strong></span> 
     </span>
    </p>
   </div>
   <div class='ocr_carea' id='block_1_45' title="bbox 298 4558 1889 4629">
    <p class='ocr_par' dir='ltr' id='par_1_45' title="bbox 298 4558 1889 4629">
     <span class='ocr_line' id='line_1_45' title="bbox 298 4558 1889 4629; baseline 0.001 -17"><span class='ocrx_word' id='word_1_342' title='bbox 298 4572 538 4628; x_wconf 84' lang='lat' dir='ltr'><strong>negare:</strong></span> <span class='ocrx_word' id='word_1_343' title='bbox 576 4558 667 4613; x_wconf 87' lang='lat' dir='ltr'><strong>sed</strong></span> <span class='ocrx_word' id='word_1_344' title='bbox 696 4574 791 4613; x_wconf 92' lang='lat' dir='ltr'><strong>cur</strong></span> <span class='ocrx_word' id='word_1_345' title='bbox 840 4559 944 4613; x_wconf 89' lang='lat' dir='ltr'><strong>tale</strong></span> <span class='ocrx_word' id='word_1_346' title='bbox 990 4559 1189 4629; x_wconf 89' lang='lat' dir='ltr'><strong>aliquid</strong></span> <span class='ocrx_word' id='word_1_347' title='bbox 1235 4559 1416 4614; x_wconf 90' lang='lat' dir='ltr'><strong>nolitis</strong></span> <span class='ocrx_word' id='word_1_348' title='bbox 1448 4575 1566 4615; x_wconf 89' lang='lat' dir='ltr'><strong>esse</strong></span> <span class='ocrx_word' id='word_1_349' title='bbox 1595 4567 1650 4613; x_wconf 91' lang='lat' dir='ltr'><strong>et</strong></span> <span class='ocrx_word' id='word_1_350' title='bbox 1708 4558 1889 4629; x_wconf 88' lang='lat' dir='ltr'><strong>Bapti-</strong></span> 
     </span>
    </p>
   </div>
   <div class='ocr_carea' id='block_1_46' title="bbox 301 4649 1891 4721">
    <p class='ocr_par' dir='ltr' id='par_1_46' title="bbox 301 4649 1891 4721">
     <span class='ocr_line' id='line_1_46' title="bbox 301 4649 1891 4721; baseline 0.001 -18"><span class='ocrx_word' id='word_1_351' title='bbox 301 4663 503 4714; x_wconf 86' lang='lat' dir='ltr'><strong>smum,</strong></span> <span class='ocrx_word' id='word_1_352' title='bbox 536 4649 757 4703; x_wconf 90' lang='lat' dir='ltr'><strong>omnino</strong></span> <span class='ocrx_word' id='word_1_353' title='bbox 791 4664 896 4703; x_wconf 92' lang='lat' dir='ltr'><strong>non</strong></span> <span class='ocrx_word' id='word_1_354' title='bbox 924 4650 1099 4716; x_wconf 91' lang='lat' dir='ltr'><strong>video,</strong></span> <span class='ocrx_word' id='word_1_355' title='bbox 1120 4666 1217 4705; x_wconf 91' lang='lat' dir='ltr'><strong>nec</strong></span> <span class='ocrx_word' id='word_1_356' title='bbox 1240 4666 1335 4705; x_wconf 90' lang='lat' dir='ltr'><strong>vos</strong></span> <span class='ocrx_word' id='word_1_357' title='bbox 1349 4666 1505 4721; x_wconf 90' lang='lat' dir='ltr'><strong>posse</strong></span> <span class='ocrx_word' id='word_1_358' title='bbox 1525 4651 1891 4706; x_wconf 90' lang='lat' dir='ltr'><strong>demonstrare</strong></span> 
     </span>
    </p>
   </div>
   <div class='ocr_carea' id='block_1_47' title="bbox 296 4740 1887 4809">
    <p class='ocr_par' dir='ltr' id='par_1_47' title="bbox 296 4740 1887 4809">
     <span class='ocr_line' id='line_1_47' title="bbox 296 4740 1887 4809; baseline 0.001 -15"><span class='ocrx_word' id='word_1_359' title='bbox 296 4740 528 4795; x_wconf 88' lang='lat' dir='ltr'><strong>conlido.</strong></span> <span class='ocrx_word' id='word_1_360' title='bbox 562 4740 851 4809; x_wconf 89' lang='lat' dir='ltr'><strong>Sequimur</strong></span> <span class='ocrx_word' id='word_1_361' title='bbox 878 4756 1005 4796; x_wconf 90' lang='lat' dir='ltr'><strong>sane</strong></span> <span class='ocrx_word' id='word_1_362' title='bbox 1046 4756 1143 4796; x_wconf 92' lang='lat' dir='ltr'><strong>nos</strong></span> <span class='ocrx_word' id='word_1_363' title='bbox 1173 4744 1223 4795; x_wconf 93' lang='lat' dir='ltr'><strong>in</strong></span> <span class='ocrx_word' id='word_1_364' title='bbox 1256 4742 1355 4797; x_wconf 89' lang='lat' dir='ltr'><strong>hac</strong></span> <span class='ocrx_word' id='word_1_365' title='bbox 1383 4758 1441 4797; x_wconf 88' lang='lat' dir='ltr'><strong>re</strong></span> <span class='ocrx_word' id='word_1_366' title='bbox 1481 4742 1639 4797; x_wconf 85' lang='lat' dir='ltr'><strong>etiam</strong></span> <span class='ocrx_word' id='word_1_367' title='bbox 1668 4742 1887 4797; x_wconf 90' lang='lat' dir='ltr'><strong>canoni-</strong></span> 
     </span>
    </p>
   </div>
   <div class='ocr_carea' id='block_1_48' title="bbox 295 4833 1888 4904">
    <p class='ocr_par' dir='ltr' id='par_1_48' title="bbox 295 4833 1888 4904">
     <span class='ocr_line' id='line_1_48' title="bbox 295 4833 1888 4904; baseline 0.001 -17"><span class='ocrx_word' id='word_1_368' title='bbox 295 4848 481 4887; x_wconf 88' lang='lat' dir='ltr'><strong>carum</strong></span> <span class='ocrx_word' id='word_1_369' title='bbox 525 4834 897 4888; x_wconf 84' lang='lat' dir='ltr'><strong>auctoritatem</strong></span> <span class='ocrx_word' id='word_1_370' title='bbox 937 4834 1289 4889; x_wconf 89' lang='lat' dir='ltr'><strong>certissimam</strong></span> <span class='ocrx_word' id='word_1_371' title='bbox 1336 4834 1749 4904; x_wconf 88' lang='lat' dir='ltr'><strong>Scripturarum.</strong></span> <span class='ocrx_word' id='word_1_372' title='bbox 1782 4833 1888 4889; x_wconf 87' lang='lat' dir='ltr'><strong>Ne-</strong></span> 
     </span>
    </p>
   </div>
   <div class='ocr_carea' id='block_1_49' title="bbox 297 4924 1886 4994">
    <p class='ocr_par' dir='ltr' id='par_1_49' title="bbox 297 4924 1886 4994">
     <span class='ocr_line' id='line_1_49' title="bbox 297 4924 1886 4994; baseline -0.001 -14"><span class='ocrx_word' id='word_1_373' title='bbox 297 4940 399 4994; x_wconf 87' lang='lat' dir='ltr'><strong>que</strong></span> <span class='ocrx_word' id='word_1_374' title='bbox 427 4926 571 4978; x_wconf 89' lang='lat' dir='ltr'><strong>enim</strong></span> <span class='ocrx_word' id='word_1_375' title='bbox 616 4925 764 4994; x_wconf 90' lang='lat' dir='ltr'><strong>parvi</strong></span> <span class='ocrx_word' id='word_1_376' title='bbox 810 4926 1063 4979; x_wconf 85' lang='lat' dir='ltr'><strong>momenti</strong></span> <span class='ocrx_word' id='word_1_377' title='bbox 1113 4924 1416 4979; x_wconf 85' lang='lat' dir='ltr'><strong>habendum</strong></span> <span class='ocrx_word' id='word_1_378' title='bbox 1445 4932 1561 4991; x_wconf 88' lang='lat' dir='ltr'><strong>est,</strong></span> <span class='ocrx_word' id='word_1_379' title='bbox 1592 4924 1735 4994; x_wconf 91' lang='lat' dir='ltr'><strong>quod</strong></span> <span class='ocrx_word' id='word_1_380' title='bbox 1764 4938 1886 4979; x_wconf 92' lang='lat' dir='ltr'><strong>cum</strong></span> 
     </span>
    </p>
   </div>
   <div class='ocr_carea' id='block_1_50' title="bbox 298 5014 1889 5087">
    <p class='ocr_par' dir='ltr' id='par_1_50' title="bbox 298 5014 1889 5087">
     <span class='ocr_line' id='line_1_50' title="bbox 298 5014 1889 5087; baseline 0.001 -18"><span class='ocrx_word' id='word_1_381' title='bbox 298 5015 436 5069; x_wconf 86' lang='lat' dir='ltr'><strong>inter</strong></span> <span class='ocrx_word' id='word_1_382' title='bbox 466 5017 748 5087; x_wconf 88' lang='lat' dir='ltr'><strong>episcopos</strong></span> <span class='ocrx_word' id='word_1_383' title='bbox 776 5017 1058 5070; x_wconf 90' lang='lat' dir='ltr'><strong>anterioris</strong></span> <span class='ocrx_word' id='word_1_384' title='bbox 1094 5016 1266 5069; x_wconf 67' lang='lat' dir='ltr'><strong>artatis</strong></span> <span class='ocrx_word' id='word_1_385' title='bbox 1294 5031 1453 5085; x_wconf 89' lang='lat' dir='ltr'><strong>quam</strong></span> <span class='ocrx_word' id='word_1_386' title='bbox 1483 5030 1603 5070; x_wconf 90' lang='lat' dir='ltr'><strong>esse</strong></span> <span class='ocrx_word' id='word_1_387' title='bbox 1632 5014 1889 5085; x_wconf 88' lang='lat' dir='ltr'><strong>inciperet</strong></span> 
     </span>
    </p>
   </div>
   <div class='ocr_carea' id='block_1_51' title="bbox 297 5108 1887 5180">
    <p class='ocr_par' dir='ltr' id='par_1_51' title="bbox 297 5108 1887 5180">
     <span class='ocr_line' id='line_1_51' title="bbox 297 5108 1887 5180; baseline 0.004 -22"><span class='ocrx_word' id='word_1_388' title='bbox 297 5124 419 5179; x_wconf 85' lang='lat' dir='ltr'><strong>pars</strong></span> <span class='ocrx_word' id='word_1_389' title='bbox 450 5109 661 5175; x_wconf 87' lang='lat' dir='ltr'><strong>Donati,</strong></span> <span class='ocrx_word' id='word_1_390' title='bbox 717 5110 814 5164; x_wconf 91' lang='lat' dir='ltr'><strong>ista</strong></span> <span class='ocrx_word' id='word_1_391' title='bbox 841 5111 1065 5180; x_wconf 65' lang='lat' dir='ltr'><strong>quaestio</strong></span> <span class='ocrx_word' id='word_1_392' title='bbox 1095 5110 1401 5177; x_wconf 83' lang='lat' dir='ltr'><strong>fluctuaret,</strong></span> <span class='ocrx_word' id='word_1_393' title='bbox 1438 5117 1492 5164; x_wconf 92' lang='lat' dir='ltr'><strong>et</strong></span> <span class='ocrx_word' id='word_1_394' title='bbox 1517 5109 1691 5164; x_wconf 86' lang='lat' dir='ltr'><strong>varias</strong></span> <span class='ocrx_word' id='word_1_395' title='bbox 1719 5108 1887 5164; x_wconf 89' lang='lat' dir='ltr'><strong>habe-</strong></span> 
     </span>
    </p>
   </div>
   <div class='ocr_carea' id='block_1_52' title="bbox 299 5204 1888 5276">
    <p class='ocr_par' dir='ltr' id='par_1_52' title="bbox 299 5204 1888 5276">
     <span class='ocr_line' id='line_1_52' title="bbox 299 5204 1888 5276; baseline 0.004 -20"><span class='ocrx_word' id='word_1_396' title='bbox 299 5214 379 5257; x_wconf 88' lang='lat' dir='ltr'><strong>ret</strong></span> <span class='ocrx_word' id='word_1_397' title='bbox 410 5204 551 5259; x_wconf 90' lang='lat' dir='ltr'><strong>inter</strong></span> <span class='ocrx_word' id='word_1_398' title='bbox 581 5220 639 5259; x_wconf 89' lang='lat' dir='ltr'><strong>se</strong></span> <span class='ocrx_word' id='word_1_399' title='bbox 678 5205 997 5276; x_wconf 84' lang='lat' dir='ltr'><strong>collegarum</strong></span> <span class='ocrx_word' id='word_1_400' title='bbox 1026 5206 1169 5260; x_wconf 87' lang='lat' dir='ltr'><strong>salva</strong></span> <span class='ocrx_word' id='word_1_401' title='bbox 1198 5205 1403 5260; x_wconf 87' lang='lat' dir='ltr'><strong>unitate</strong></span> <span class='ocrx_word' id='word_1_402' title='bbox 1429 5205 1753 5272; x_wconf 89' lang='lat' dir='ltr'><strong>sententias,</strong></span> <span class='ocrx_word' id='word_1_403' title='bbox 1784 5204 1888 5262; x_wconf 89' lang='lat' dir='ltr'><strong>hoc</strong></span> 
     </span>
    </p>
   </div>
   <div class='ocr_carea' id='block_1_53' title="bbox 299 5294 1886 5366">
    <p class='ocr_par' dir='ltr' id='par_1_53' title="bbox 299 5294 1886 5366">
     <span class='ocr_line' id='line_1_53' title="bbox 299 5294 1886 5366; baseline 0.002 -18"><span class='ocrx_word' id='word_1_404' title='bbox 299 5308 394 5363; x_wconf 89' lang='lat' dir='ltr'><strong>per</strong></span> <span class='ocrx_word' id='word_1_405' title='bbox 420 5296 725 5349; x_wconf 87' lang='lat' dir='ltr'><strong>universam</strong></span> <span class='ocrx_word' id='word_1_406' title='bbox 753 5294 1084 5350; x_wconf 90' lang='lat' dir='ltr'><strong>Catholicam</strong></span> <span class='ocrx_word' id='word_1_407' title='bbox 1116 5312 1233 5366; x_wconf 72' lang='lat' dir='ltr'><strong>qua:</strong></span> <span class='ocrx_word' id='word_1_408' title='bbox 1270 5305 1382 5351; x_wconf 90' lang='lat' dir='ltr'><strong>toto</strong></span> <span class='ocrx_word' id='word_1_409' title='bbox 1410 5296 1542 5351; x_wconf 91' lang='lat' dir='ltr'><strong>orbe</strong></span> <span class='ocrx_word' id='word_1_410' title='bbox 1570 5295 1886 5351; x_wconf 76' lang='lat' dir='ltr'><strong>diffunditur</strong></span> 
     </span>
    </p>
   </div>
   <div class='ocr_carea' id='block_1_54' title="bbox 300 5385 1888 5459">
    <p class='ocr_par' dir='ltr' id='par_1_54' title="bbox 300 5385 1888 5459">
     <span class='ocr_line' id='line_1_54' title="bbox 300 5385 1888 5459; baseline 0.003 -19"><span class='ocrx_word' id='word_1_411' title='bbox 300 5385 571 5440; x_wconf 86' lang='lat' dir='ltr'><strong>observari</strong></span> <span class='ocrx_word' id='word_1_412' title='bbox 594 5386 793 5457; x_wconf 86' lang='lat' dir='ltr'><strong>placuit</strong></span> <span class='ocrx_word' id='word_1_413' title='bbox 818 5387 958 5457; x_wconf 92' lang='lat' dir='ltr'><strong>quod</strong></span> <span class='ocrx_word' id='word_1_414' title='bbox 987 5396 1249 5443; x_wconf 89' lang='lat' dir='ltr'><strong>tenemus.</strong></span> <span class='ocrx_word' id='word_1_415' title='bbox 1280 5387 1415 5443; x_wconf 87' lang='lat' dir='ltr'><strong>Nam</strong></span> <span class='ocrx_word' id='word_1_416' title='bbox 1442 5396 1496 5443; x_wconf 91' lang='lat' dir='ltr'><strong>et</strong></span> <span class='ocrx_word' id='word_1_417' title='bbox 1516 5404 1610 5443; x_wconf 90' lang='lat' dir='ltr'><strong>vos</strong></span> <span class='ocrx_word' id='word_1_418' title='bbox 1637 5387 1888 5459; x_wconf 84' lang='lat' dir='ltr'><strong>profertis</strong></span> 
     </span>
    </p>
   </div>
   <div class='ocr_carea' id='block_1_55' title="bbox 301 5478 1888 5551">
    <p class='ocr_par' dir='ltr' id='par_1_55' title="bbox 301 5478 1888 5551">
     <span class='ocr_line' id='line_1_55' title="bbox 301 5478 1888 5551; baseline 0.004 -19"><span class='ocrx_word' id='word_1_419' title='bbox 301 5478 584 5535; x_wconf 88' lang='lat' dir='ltr'><strong>concilium</strong></span> <span class='ocrx_word' id='word_1_420' title='bbox 622 5478 912 5551; x_wconf 88' lang='lat' dir='ltr'><strong>Cypriani,</strong></span> <span class='ocrx_word' id='word_1_421' title='bbox 938 5479 1079 5549; x_wconf 86' lang='lat' dir='ltr'><strong>quod</strong></span> <span class='ocrx_word' id='word_1_422' title='bbox 1110 5489 1200 5534; x_wconf 89' lang='lat' dir='ltr'><strong>aut</strong></span> <span class='ocrx_word' id='word_1_423' title='bbox 1226 5495 1332 5534; x_wconf 93' lang='lat' dir='ltr'><strong>non</strong></span> <span class='ocrx_word' id='word_1_424' title='bbox 1357 5488 1441 5536; x_wconf 91' lang='lat' dir='ltr'><strong>est</strong></span> <span class='ocrx_word' id='word_1_425' title='bbox 1476 5480 1668 5535; x_wconf 89' lang='lat' dir='ltr'><strong>factum</strong></span> <span class='ocrx_word' id='word_1_426' title='bbox 1694 5521 1710 5548; x_wconf 98' lang='lat'><strong>,</strong></span> <span class='ocrx_word' id='word_1_427' title='bbox 1740 5489 1832 5537; x_wconf 88' lang='lat' dir='ltr'><strong>aut</strong></span> <span class='ocrx_word' id='word_1_428' title='bbox 1855 5496 1888 5538; x_wconf 85' lang='lat' dir='ltr'><strong>a</strong></span> 
     </span>
    </p>
   </div>
   <div class='ocr_carea' id='block_1_56' title="bbox 300 5570 1885 5642">
    <p class='ocr_par' dir='ltr' id='par_1_56' title="bbox 300 5570 1885 5642">
     <span class='ocr_line' id='line_1_56' title="bbox 300 5570 1885 5642; baseline 0.002 -17"><span class='ocrx_word' id='word_1_429' title='bbox 300 5571 507 5625; x_wconf 62' lang='lat' dir='ltr'><strong>ceteris</strong></span> <span class='ocrx_word' id='word_1_430' title='bbox 531 5570 748 5625; x_wconf 88' lang='lat' dir='ltr'><strong>unitatis</strong></span> <span class='ocrx_word' id='word_1_431' title='bbox 772 5571 1047 5638; x_wconf 90' lang='lat' dir='ltr'><strong>membris,</strong></span> <span class='ocrx_word' id='word_1_432' title='bbox 1070 5586 1100 5625; x_wconf 90' lang='lat' dir='ltr'><strong>a</strong></span> <span class='ocrx_word' id='word_1_433' title='bbox 1116 5572 1308 5642; x_wconf 90' lang='lat' dir='ltr'><strong>quibus</strong></span> <span class='ocrx_word' id='word_1_434' title='bbox 1328 5572 1417 5627; x_wconf 89' lang='lat' dir='ltr'><strong>ille</strong></span> <span class='ocrx_word' id='word_1_435' title='bbox 1439 5586 1546 5627; x_wconf 91' lang='lat' dir='ltr'><strong>non</strong></span> <span class='ocrx_word' id='word_1_436' title='bbox 1567 5570 1767 5627; x_wconf 91' lang='lat' dir='ltr'><strong>divisus</strong></span> <span class='ocrx_word' id='word_1_437' title='bbox 1784 5582 1885 5639; x_wconf 87' lang='lat' dir='ltr'><strong>est,</strong></span> 
     </span>
    </p>
   </div>
   <div class='ocr_carea' id='block_1_57' title="bbox 309 5665 1889 5741">
    <p class='ocr_par' dir='ltr' id='par_1_57' title="bbox 309 5665 1889 5741">
     <span class='ocr_line' id='line_1_57' title="bbox 309 5665 1889 5741; baseline 0.001 -20"><span class='ocrx_word' id='word_1_438' title='bbox 309 5668 495 5723; x_wconf 88' lang='lat' dir='ltr'><strong>merito</strong></span> <span class='ocrx_word' id='word_1_439' title='bbox 524 5676 830 5738; x_wconf 87' lang='lat' dir='ltr'><strong>superatum</strong></span> <span class='ocrx_word' id='word_1_440' title='bbox 862 5665 959 5741; x_wconf 92' lang='lat' dir='ltr'><strong>(a).</strong></span> <span class='ocrx_word' id='word_1_441' title='bbox 990 5667 1172 5738; x_wconf 87' lang='lat' dir='ltr'><strong>Neque</strong></span> <span class='ocrx_word' id='word_1_442' title='bbox 1211 5666 1352 5723; x_wconf 90' lang='lat' dir='ltr'><strong>enim</strong></span> <span class='ocrx_word' id='word_1_443' title='bbox 1397 5675 1676 5739; x_wconf 89' lang='lat' dir='ltr'><strong>propterea</strong></span> <span class='ocrx_word' id='word_1_444' title='bbox 1705 5681 1889 5724; x_wconf 89' lang='lat' dir='ltr'><strong>sumus</strong></span> 
     </span>
    </p>
   </div>
   <div class='ocr_carea' id='block_1_58' title="bbox 302 5799 1890 5915">
    <p class='ocr_par' dir='ltr' id='par_1_58' title="bbox 302 5799 1890 5915">
     <span class='ocr_line' id='line_1_58' title="bbox 302 5799 1890 5915; baseline 0 -62"><span class='ocrx_word' id='word_1_445' title='bbox 302 5799 644 5915; x_wconf 45' lang='grc' dir='ltr'><strong>ωέὦιτςέιοαὲοω</strong></span> <span class='ocrx_word' id='word_1_446' title='bbox 663 5810 768 5853; x_wconf 79' lang='lat' dir='ltr'><strong>Mss.</strong></span> <span class='ocrx_word' id='word_1_447' title='bbox 796 5809 1116 5865; x_wconf 83' lang='lat' dir='ltr'><strong>praetereunt,</strong></span> <span class='ocrx_word' id='word_1_448' title='bbox 1140 5816 1347 5868; x_wconf 84' lang='lat' dir='ltr'><strong>quarum</strong></span> <span class='ocrx_word' id='word_1_449' title='bbox 1366 5801 1501 5857; x_wconf 78' lang='lat' dir='ltr'><strong>nobis</strong></span> <span class='ocrx_word' id='word_1_450' title='bbox 1534 5805 1605 5857; x_wconf 76' lang='lat' dir='ltr'><strong>est</strong></span> <span class='ocrx_word' id='word_1_451' title='bbox 1627 5801 1890 5855; x_wconf 63' lang='lat' dir='ltr'><strong>commoti:</strong></span> 
     </span>
    </p>
   </div>
   <div class='ocr_carea' id='block_1_59' title="bbox 367 5899 845 6000">
    <p class='ocr_par' dir='ltr' id='par_1_59' title="bbox 367 5899 845 6000">
     <span class='ocr_line' id='line_1_59' title="bbox 367 5899 845 6000; baseline 0 0"><span class='ocrx_word' id='word_1_452' title='bbox 367 5899 616 6000; x_wconf 57' lang='grc' dir='ltr'>ἓῖέιῗὲἕέιι</span> <span class='ocrx_word' id='word_1_453' title='bbox 643 5925 845 6000; x_wconf 50' lang='lat' dir='ltr'><strong>quiaae-</strong></span> 
     </span>
    </p>
   </div>
   <div class='ocr_carea' id='block_1_60' title="bbox 368 5986 1099 6051">
    <p class='ocr_par' dir='ltr' id='par_1_60' title="bbox 368 5986 1099 6051">
     <span class='ocr_line' id='line_1_60' title="bbox 368 5986 1099 6051; baseline 0.008 -17"><span class='ocrx_word' id='word_1_454' title='bbox 368 5986 438 6047; x_wconf 78' lang='grc' dir='ltr'>(ιι)</span> <span class='ocrx_word' id='word_1_455' title='bbox 460 5988 576 6038; x_wconf 81' lang='lat' dir='ltr'><strong>Vide</strong></span> <span class='ocrx_word' id='word_1_456' title='bbox 602 5986 743 6051; x_wconf 82' lang='lat' dir='ltr'><strong>infra,</strong></span> <span class='ocrx_word' id='word_1_457' title='bbox 766 5988 851 6040; x_wconf 83' lang='lat' dir='ltr'><strong>lib.</strong></span> <span class='ocrx_word' id='word_1_458' title='bbox 876 5986 923 6051; x_wconf 75' lang='grc'>2,</span> <span class='ocrx_word' id='word_1_459' title='bbox 943 6000 993 6039; x_wconf 87' lang='lat' dir='ltr'><strong>n.</strong></span> <span class='ocrx_word' id='word_1_460' title='bbox 1019 5987 1099 6040; x_wconf 64' lang='grc' dir='ltr'><strong>δυο</strong></span> 
     </span>
    </p>
   </div>
   <div class='ocr_carea' id='block_1_61' title="bbox 1689 469 2197 528">
    <p class='ocr_par' dir='ltr' id='par_1_61' title="bbox 1689 469 2197 528">
     <span class='ocr_line' id='line_1_61' title="bbox 1689 469 2197 528; baseline 0 -2"><span class='ocrx_word' id='word_1_461' title='bbox 1689 469 1890 527; x_wconf 82' lang='lat' dir='ltr'><strong>LIBER</strong></span> <span class='ocrx_word' id='word_1_462' title='bbox 1928 469 2197 528; x_wconf 76' lang='lat' dir='ltr'><strong>PRIMUS.</strong></span> 
     </span>
    </p>
   </div>
   <div class='ocr_carea' id='block_1_62' title="bbox 3466 472 3576 531">
    <p class='ocr_par' dir='ltr' id='par_1_62' title="bbox 3466 472 3576 531">
     <span class='ocr_line' id='line_1_62' title="bbox 3466 472 3576 531; baseline -0.018 1"><span class='ocrx_word' id='word_1_463' title='bbox 3466 472 3576 531; x_wconf 56' lang='lat'><strong>‘66</strong></span> 
     </span>
    </p>
   </div>
   <div class='ocr_carea' id='block_1_63' title="bbox 1993 589 3579 662">
    <p class='ocr_par' dir='ltr' id='par_1_63' title="bbox 1993 589 3579 662">
     <span class='ocr_line' id='line_1_63' title="bbox 1993 589 3579 662; baseline 0.001 -17"><span class='ocrx_word' id='word_1_464' title='bbox 1993 590 2244 662; x_wconf 87' lang='lat' dir='ltr'><strong>episcopo</strong></span> <span class='ocrx_word' id='word_1_465' title='bbox 2271 590 2537 662; x_wconf 84' lang='lat' dir='ltr'><strong>Cypriane</strong></span> <span class='ocrx_word' id='word_1_466' title='bbox 2559 590 2809 649; x_wconf 85' lang='lat' dir='ltr'><strong>meliores</strong></span> <span class='ocrx_word' id='word_1_467' title='bbox 2846 589 2920 661; x_wconf 81' lang='lat' dir='ltr'><strong>(si</strong></span> <span class='ocrx_word' id='word_1_468' title='bbox 2953 595 3131 647; x_wconf 86' lang='lat' dir='ltr'><strong>tamen</strong></span> <span class='ocrx_word' id='word_1_469' title='bbox 3157 589 3365 647; x_wconf 83' lang='lat' dir='ltr'><strong>censuit</strong></span> <span class='ocrx_word' id='word_1_470' title='bbox 3400 590 3579 647; x_wconf 70' lang='lat' dir='ltr'><strong>haere-</strong></span> 
     </span>
    </p>
   </div>
   <div class='ocr_carea' id='block_1_64' title="bbox 1993 680 3577 755">
    <p class='ocr_par' dir='ltr' id='par_1_64' title="bbox 1993 680 3577 755">
     <span class='ocr_line' id='line_1_64' title="bbox 1993 680 3577 755; baseline 0.003 -20"><span class='ocrx_word' id='word_1_471' title='bbox 1993 681 2125 736; x_wconf 89' lang='lat' dir='ltr'><strong>ticos</strong></span> <span class='ocrx_word' id='word_1_472' title='bbox 2151 680 2327 737; x_wconf 92' lang='lat' dir='ltr'><strong>denuo</strong></span> <span class='ocrx_word' id='word_1_473' title='bbox 2353 683 2607 753; x_wconf 88' lang='lat' dir='ltr'><strong>baptizari</strong></span> <span class='ocrx_word' id='word_1_474' title='bbox 2633 684 2682 753; x_wconf 95' lang='lat'><strong>),</strong></span> <span class='ocrx_word' id='word_1_475' title='bbox 2710 683 2834 755; x_wconf 89' lang='lat' dir='ltr'><strong>quia</strong></span> <span class='ocrx_word' id='word_1_476' title='bbox 2857 698 2957 739; x_wconf 90' lang='lat' dir='ltr'><strong>nos</strong></span> <span class='ocrx_word' id='word_1_477' title='bbox 3000 682 3101 738; x_wconf 89' lang='lat' dir='ltr'><strong>hoc</strong></span> <span class='ocrx_word' id='word_1_478' title='bbox 3129 688 3276 738; x_wconf 87' lang='lat' dir='ltr'><strong>recte</strong></span> <span class='ocrx_word' id='word_1_479' title='bbox 3301 695 3407 737; x_wconf 90' lang='lat' dir='ltr'><strong>non</strong></span> <span class='ocrx_word' id='word_1_480' title='bbox 3443 681 3577 739; x_wconf 87' lang='lat' dir='ltr'><strong>fact-</strong></span> 
     </span>
    </p>
   </div>
   <div class='ocr_carea' id='block_1_65' title="bbox 1993 775 3576 848">
    <p class='ocr_par' dir='ltr' id='par_1_65' title="bbox 1993 775 3576 848">
     <span class='ocr_line' id='line_1_65' title="bbox 1993 775 3576 848; baseline 0.001 -17"><span class='ocrx_word' id='word_1_481' title='bbox 1993 793 2110 831; x_wconf 88' lang='lat' dir='ltr'><strong>mus</strong></span> <span class='ocrx_word' id='word_1_482' title='bbox 2135 794 2148 836; x_wconf 92' lang='lat'><strong>:</strong></span> <span class='ocrx_word' id='word_1_483' title='bbox 2180 778 2316 832; x_wconf 90' lang='lat' dir='ltr'><strong>sicut</strong></span> <span class='ocrx_word' id='word_1_484' title='bbox 2344 793 2443 834; x_wconf 91' lang='lat' dir='ltr'><strong>nec</strong></span> <span class='ocrx_word' id='word_1_485' title='bbox 2471 778 2628 834; x_wconf 91' lang='lat' dir='ltr'><strong>Petro</strong></span> <span class='ocrx_word' id='word_1_486' title='bbox 2666 778 2910 848; x_wconf 90' lang='lat' dir='ltr'><strong>apostolo</strong></span> <span class='ocrx_word' id='word_1_487' title='bbox 2938 777 3190 833; x_wconf 90' lang='lat' dir='ltr'><strong>meliores</strong></span> <span class='ocrx_word' id='word_1_488' title='bbox 3215 789 3421 843; x_wconf 89' lang='lat' dir='ltr'><strong>sumus,</strong></span> <span class='ocrx_word' id='word_1_489' title='bbox 3450 775 3576 845; x_wconf 84' lang='lat' dir='ltr'><strong>quia</strong></span> 
     </span>
    </p>
   </div>
   <div class='ocr_carea' id='block_1_66' title="bbox 1991 865 3579 939">
    <p class='ocr_par' dir='ltr' id='par_1_66' title="bbox 1991 865 3579 939">
     <span class='ocr_line' id='line_1_66' title="bbox 1991 865 3579 939; baseline 0.001 -17"><span class='ocrx_word' id='word_1_490' title='bbox 1991 884 2099 922; x_wconf 89' lang='lat' dir='ltr'><strong>non</strong></span> <span class='ocrx_word' id='word_1_491' title='bbox 2128 867 2367 939; x_wconf 79' lang='lat' dir='ltr'><strong>cogimus</strong></span> <span class='ocrx_word' id='word_1_492' title='bbox 2388 878 2574 939; x_wconf 81' lang='lat' dir='ltr'><strong>gentes</strong></span> <span class='ocrx_word' id='word_1_493' title='bbox 2602 868 2898 934; x_wconf 85' lang='lat' dir='ltr'><strong>Judaizare,</strong></span> <span class='ocrx_word' id='word_1_494' title='bbox 2916 867 3061 939; x_wconf 89' lang='lat' dir='ltr'><strong>quod</strong></span> <span class='ocrx_word' id='word_1_495' title='bbox 3084 868 3170 923; x_wconf 91' lang='lat' dir='ltr'><strong>ille</strong></span> <span class='ocrx_word' id='word_1_496' title='bbox 3193 866 3383 922; x_wconf 85' lang='lat' dir='ltr'><strong>fecisse</strong></span> <span class='ocrx_word' id='word_1_497' title='bbox 3409 865 3579 923; x_wconf 90' lang='lat' dir='ltr'><strong>Paulo</strong></span> 
     </span>
    </p>
   </div>
   <div class='ocr_carea' id='block_1_67' title="bbox 1991 957 3575 1034">
    <p class='ocr_par' dir='ltr' id='par_1_67' title="bbox 1991 957 3575 1034">
     <span class='ocr_line' id='line_1_67' title="bbox 1991 957 3575 1034; baseline -0.001 -19"><span class='ocrx_word' id='word_1_498' title='bbox 1991 962 2235 1031; x_wconf 84' lang='lat' dir='ltr'><strong>apostolo</strong></span> <span class='ocrx_word' id='word_1_499' title='bbox 2260 970 2545 1018; x_wconf 88' lang='lat' dir='ltr'><strong>attestaute</strong></span> <span class='ocrx_word' id='word_1_500' title='bbox 2590 971 2646 1018; x_wconf 90' lang='lat' dir='ltr'><strong>et</strong></span> <span class='ocrx_word' id='word_1_501' title='bbox 2685 963 2985 1034; x_wconf 88' lang='lat' dir='ltr'><strong>corrigente</strong></span> <span class='ocrx_word' id='word_1_502' title='bbox 3015 968 3344 1017; x_wconf 86' lang='lat' dir='ltr'><strong>monstratur</strong></span> <span class='ocrx_word' id='word_1_503' title='bbox 3374 957 3575 1033; x_wconf 82' lang='lat' dir='ltr'><strong>(Galat.</strong></span> 
     </span>
    </p>
   </div>
   <div class='ocr_carea' id='block_1_68' title="bbox 1993 1052 3579 1127">
    <p class='ocr_par' dir='ltr' id='par_1_68' title="bbox 1993 1052 3579 1127">
     <span class='ocr_line' id='line_1_68' title="bbox 1993 1052 3579 1127; baseline 0.001 -20"><span class='ocrx_word' id='word_1_504' title='bbox 1993 1070 2048 1121; x_wconf 91' lang='grc' dir='ltr'><strong>ιι,</strong></span> <span class='ocrx_word' id='word_1_505' title='bbox 2097 1053 2187 1127; x_wconf 73' lang='grc' dir='ltr'><strong>Μ)</strong></span> <span class='ocrx_word' id='word_1_506' title='bbox 2214 1073 2227 1109; x_wconf 92' lang='lat'><strong>:</strong></span> <span class='ocrx_word' id='word_1_507' title='bbox 2256 1070 2377 1111; x_wconf 91' lang='lat' dir='ltr'><strong>cum</strong></span> <span class='ocrx_word' id='word_1_508' title='bbox 2422 1056 2665 1111; x_wconf 88' lang='lat' dir='ltr'><strong>similiter</strong></span> <span class='ocrx_word' id='word_1_509' title='bbox 2710 1057 2848 1112; x_wconf 91' lang='lat' dir='ltr'><strong>inter</strong></span> <span class='ocrx_word' id='word_1_510' title='bbox 2876 1056 3160 1126; x_wconf 83' lang='lat' dir='ltr'><strong>Apostolos</strong></span> <span class='ocrx_word' id='word_1_511' title='bbox 3198 1054 3265 1111; x_wconf 92' lang='lat' dir='ltr'><strong>de</strong></span> <span class='ocrx_word' id='word_1_512' title='bbox 3292 1052 3579 1110; x_wconf 84' lang='lat' dir='ltr'><strong>circumci-</strong></span> 
     </span>
    </p>
   </div>
   <div class='ocr_carea' id='block_1_69' title="bbox 1991 1144 3578 1219">
    <p class='ocr_par' dir='ltr' id='par_1_69' title="bbox 1991 1144 3578 1219">
     <span class='ocr_line' id='line_1_69' title="bbox 1991 1144 3578 1219; baseline -0.001 -17"><span class='ocrx_word' id='word_1_513' title='bbox 1991 1150 2144 1203; x_wconf 90' lang='lat' dir='ltr'><strong>sione</strong></span> <span class='ocrx_word' id='word_1_514' title='bbox 2173 1148 2395 1219; x_wconf 69' lang='lat' dir='ltr'><strong>quaestio</strong></span> <span class='ocrx_word' id='word_1_515' title='bbox 2420 1190 2433 1215; x_wconf 91' lang='lat'><strong>,</strong></span> <span class='ocrx_word' id='word_1_516' title='bbox 2464 1150 2600 1204; x_wconf 92' lang='lat' dir='ltr'><strong>sicut</strong></span> <span class='ocrx_word' id='word_1_517' title='bbox 2646 1158 2829 1219; x_wconf 91' lang='lat' dir='ltr'><strong>postea</strong></span> <span class='ocrx_word' id='word_1_518' title='bbox 2857 1148 2925 1204; x_wconf 92' lang='lat' dir='ltr'><strong>de</strong></span> <span class='ocrx_word' id='word_1_519' title='bbox 2955 1148 3226 1218; x_wconf 88' lang='lat' dir='ltr'><strong>Baptismo</strong></span> <span class='ocrx_word' id='word_1_520' title='bbox 3267 1147 3407 1203; x_wconf 89' lang='lat' dir='ltr'><strong>inter</strong></span> <span class='ocrx_word' id='word_1_521' title='bbox 3462 1144 3578 1215; x_wconf 81' lang='lat' dir='ltr'><strong>epi-</strong></span> 
     </span>
    </p>
   </div>
   <div class='ocr_carea' id='block_1_70' title="bbox 1991 1241 3120 1312">
    <p class='ocr_par' dir='ltr' id='par_1_70' title="bbox 1991 1241 3120 1312">
     <span class='ocr_line' id='line_1_70' title="bbox 1991 1241 3120 1312; baseline 0.001 -18"><span class='ocrx_word' id='word_1_522' title='bbox 1991 1256 2204 1311; x_wconf 88' lang='lat' dir='ltr'><strong>sc0pos,</strong></span> <span class='ocrx_word' id='word_1_523' title='bbox 2235 1258 2338 1297; x_wconf 89' lang='lat' dir='ltr'><strong>non</strong></span> <span class='ocrx_word' id='word_1_524' title='bbox 2369 1257 2529 1312; x_wconf 88' lang='lat' dir='ltr'><strong>parva</strong></span> <span class='ocrx_word' id='word_1_525' title='bbox 2549 1241 2857 1298; x_wconf 83' lang='lat' dir='ltr'><strong>difﬁcultate</strong></span> <span class='ocrx_word' id='word_1_526' title='bbox 2886 1249 3120 1296; x_wconf 88' lang='lat' dir='ltr'><strong>nutaret.</strong></span> 
     </span>
    </p>
   </div>
   <div class='ocr_carea' id='block_1_71' title="bbox 2062 1328 3582 1403">
    <p class='ocr_par' dir='ltr' id='par_1_71' title="bbox 2062 1328 3582 1403">
     <span class='ocr_line' id='line_1_71' title="bbox 2062 1328 3582 1403; baseline -0.001 -17"><span class='ocrx_word' id='word_1_527' title='bbox 2062 1332 2289 1389; x_wconf 79' lang='lat' dir='ltr'><strong>CAPUT</strong></span> <span class='ocrx_word' id='word_1_528' title='bbox 2313 1332 2553 1388; x_wconf 79' lang='lat' dir='ltr'><strong>XXXIII.</strong></span> <span class='ocrx_word' id='word_1_529' title='bbox 2576 1364 2646 1373; x_wconf 95' lang='grc'><strong>--</strong></span> <span class='ocrx_word' id='word_1_530' title='bbox 2665 1332 2754 1388; x_wconf 79' lang='grc'><strong>59.</strong></span> <span class='ocrx_word' id='word_1_531' title='bbox 2788 1332 3039 1397; x_wconf 91' lang='lat' dir='ltr'><strong>Proinde,</strong></span> <span class='ocrx_word' id='word_1_532' title='bbox 3062 1330 3304 1403; x_wconf 85' lang='lat' dir='ltr'><strong>quamvis</strong></span> <span class='ocrx_word' id='word_1_533' title='bbox 3322 1328 3479 1400; x_wconf 83' lang='lat' dir='ltr'><strong>hujus</strong></span> <span class='ocrx_word' id='word_1_534' title='bbox 3498 1328 3582 1386; x_wconf 89' lang='lat' dir='ltr'><strong>rei</strong></span> 
     </span>
    </p>
   </div>
   <div class='ocr_carea' id='block_1_72' title="bbox 1992 1422 3581 1496">
    <p class='ocr_par' dir='ltr' id='par_1_72' title="bbox 1992 1422 3581 1496">
     <span class='ocr_line' id='line_1_72' title="bbox 1992 1422 3581 1496; baseline -0.004 -15"><span class='ocrx_word' id='word_1_535' title='bbox 1992 1434 2138 1481; x_wconf 88' lang='lat' dir='ltr'><strong>certe</strong></span> <span class='ocrx_word' id='word_1_536' title='bbox 2168 1426 2182 1457; x_wconf 86' lang='grc'>¹</span> <span class='ocrx_word' id='word_1_537' title='bbox 2215 1426 2281 1481; x_wconf 87' lang='lat' dir='ltr'><strong>de</strong></span> <span class='ocrx_word' id='word_1_538' title='bbox 2316 1425 2608 1496; x_wconf 90' lang='lat' dir='ltr'><strong>Scripturis</strong></span> <span class='ocrx_word' id='word_1_539' title='bbox 2637 1424 2909 1480; x_wconf 90' lang='lat' dir='ltr'><strong>canonicis</strong></span> <span class='ocrx_word' id='word_1_540' title='bbox 2942 1440 3048 1480; x_wconf 88' lang='lat' dir='ltr'><strong>non</strong></span> <span class='ocrx_word' id='word_1_541' title='bbox 3071 1422 3371 1494; x_wconf 87' lang='lat' dir='ltr'><strong>proferatur</strong></span> <span class='ocrx_word' id='word_1_542' title='bbox 3397 1435 3581 1477; x_wconf 79' lang='lat' dir='ltr'><strong>exem-</strong></span> 
     </span>
    </p>
   </div>
   <div class='ocr_carea' id='block_1_73' title="bbox 1994 1511 3581 1589">
    <p class='ocr_par' dir='ltr' id='par_1_73' title="bbox 1994 1511 3581 1589">
     <span class='ocr_line' id='line_1_73' title="bbox 1994 1511 3581 1589; baseline -0.002 -17"><span class='ocrx_word' id='word_1_543' title='bbox 1994 1519 2175 1589; x_wconf 89' lang='lat' dir='ltr'><strong>plum;</strong></span> <span class='ocrx_word' id='word_1_544' title='bbox 2222 1518 2531 1574; x_wconf 87' lang='lat' dir='ltr'><strong>earumdem</strong></span> <span class='ocrx_word' id='word_1_545' title='bbox 2568 1527 2745 1573; x_wconf 86' lang='lat' dir='ltr'><strong>tamen</strong></span> <span class='ocrx_word' id='word_1_546' title='bbox 2776 1517 3168 1586; x_wconf 87' lang='lat' dir='ltr'><strong>Scripturarum</strong></span> <span class='ocrx_word' id='word_1_547' title='bbox 3197 1514 3357 1570; x_wconf 86' lang='lat' dir='ltr'><strong>etiam</strong></span> <span class='ocrx_word' id='word_1_548' title='bbox 3394 1514 3448 1568; x_wconf 91' lang='lat' dir='ltr'><strong>in</strong></span> <span class='ocrx_word' id='word_1_549' title='bbox 3476 1511 3581 1569; x_wconf 85' lang='lat' dir='ltr'><strong>hac</strong></span> 
     </span>
    </p>
   </div>
   <div class='ocr_carea' id='block_1_74' title="bbox 1993 1606 3585 1679">
    <p class='ocr_par' dir='ltr' id='par_1_74' title="bbox 1993 1606 3585 1679">
     <span class='ocr_line' id='line_1_74' title="bbox 1993 1606 3585 1679; baseline -0.002 -14"><span class='ocrx_word' id='word_1_550' title='bbox 1993 1627 2105 1666; x_wconf 87' lang='lat' dir='ltr'><strong>rea</strong></span> <span class='ocrx_word' id='word_1_551' title='bbox 2134 1612 2288 1666; x_wconf 83' lang='lat' dir='ltr'><strong>nobis</strong></span> <span class='ocrx_word' id='word_1_552' title='bbox 2318 1619 2532 1670; x_wconf 86' lang='lat' dir='ltr'><strong>tenetur</strong></span> <span class='ocrx_word' id='word_1_553' title='bbox 2575 1610 2802 1675; x_wconf 90' lang='lat' dir='ltr'><strong>veritas,</strong></span> <span class='ocrx_word' id='word_1_554' title='bbox 2850 1625 2971 1665; x_wconf 90' lang='lat' dir='ltr'><strong>cum</strong></span> <span class='ocrx_word' id='word_1_555' title='bbox 3019 1609 3121 1665; x_wconf 88' lang='lat' dir='ltr'><strong>hoc</strong></span> <span class='ocrx_word' id='word_1_556' title='bbox 3169 1608 3389 1664; x_wconf 90' lang='lat' dir='ltr'><strong>facimus</strong></span> <span class='ocrx_word' id='word_1_557' title='bbox 3439 1606 3585 1679; x_wconf 89' lang='lat' dir='ltr'><strong>quod</strong></span> 
     </span>
    </p>
   </div>
   <div class='ocr_carea' id='block_1_75' title="bbox 1994 1697 3587 1774">
    <p class='ocr_par' dir='ltr' id='par_1_75' title="bbox 1994 1697 3587 1774">
     <span class='ocr_line' id='line_1_75' title="bbox 1994 1697 3587 1774; baseline -0.003 -17"><span class='ocrx_word' id='word_1_558' title='bbox 1994 1703 2252 1758; x_wconf 76' lang='lat' dir='ltr'><strong>universa:</strong></span> <span class='ocrx_word' id='word_1_559' title='bbox 2276 1704 2386 1773; x_wconf 88' lang='lat' dir='ltr'><strong>jam</strong></span> <span class='ocrx_word' id='word_1_560' title='bbox 2420 1703 2617 1774; x_wconf 90' lang='lat' dir='ltr'><strong>placuit</strong></span> <span class='ocrx_word' id='word_1_561' title='bbox 2637 1702 2911 1769; x_wconf 63' lang='lat' dir='ltr'><strong>Ecclesite,</strong></span> <span class='ocrx_word' id='word_1_562' title='bbox 2940 1716 3099 1772; x_wconf 88' lang='lat' dir='ltr'><strong>quam</strong></span> <span class='ocrx_word' id='word_1_563' title='bbox 3156 1700 3390 1770; x_wconf 86' lang='lat' dir='ltr'><strong>ipsarum</strong></span> <span class='ocrx_word' id='word_1_564' title='bbox 3438 1697 3587 1754; x_wconf 66' lang='grc' dir='ltr'>δοτι-</span> 
     </span>
    </p>
   </div>
   <div class='ocr_carea' id='block_1_76' title="bbox 1993 1791 3583 1869">
    <p class='ocr_par' dir='ltr' id='par_1_76' title="bbox 1993 1791 3583 1869">
     <span class='ocr_line' id='line_1_76' title="bbox 1993 1791 3583 1869; baseline -0.002 -22"><span class='ocrx_word' id='word_1_565' title='bbox 1993 1805 2271 1869; x_wconf 88' lang='lat' dir='ltr'><strong>pturarum</strong></span> <span class='ocrx_word' id='word_1_566' title='bbox 2302 1795 2641 1851; x_wconf 88' lang='lat' dir='ltr'><strong>commendat</strong></span> <span class='ocrx_word' id='word_1_567' title='bbox 2665 1795 2957 1850; x_wconf 88' lang='lat' dir='ltr'><strong>auctoritas</strong></span> <span class='ocrx_word' id='word_1_568' title='bbox 2988 1812 2999 1847; x_wconf 91' lang='lat'>:</span> <span class='ocrx_word' id='word_1_569' title='bbox 3032 1802 3091 1847; x_wconf 91' lang='lat' dir='ltr'><strong>ut</strong></span> <span class='ocrx_word' id='word_1_570' title='bbox 3116 1791 3367 1863; x_wconf 88' lang='lat' dir='ltr'><strong>quoniam</strong></span> <span class='ocrx_word' id='word_1_571' title='bbox 3399 1797 3583 1845; x_wconf 85' lang='lat' dir='ltr'><strong>sancta</strong></span> 
     </span>
    </p>
   </div>
   <div class='ocr_carea' id='block_1_77' title="bbox 1994 1881 3587 1956">
    <p class='ocr_par' dir='ltr' id='par_1_77' title="bbox 1994 1881 3587 1956">
     <span class='ocr_line' id='line_1_77' title="bbox 1994 1881 3587 1956; baseline -0.003 -15"><span class='ocrx_word' id='word_1_572' title='bbox 1994 1885 2267 1956; x_wconf 88' lang='lat' dir='ltr'><strong>Scriptura</strong></span> <span class='ocrx_word' id='word_1_573' title='bbox 2320 1886 2504 1940; x_wconf 89' lang='lat' dir='ltr'><strong>fallere</strong></span> <span class='ocrx_word' id='word_1_574' title='bbox 2533 1902 2639 1941; x_wconf 92' lang='lat' dir='ltr'><strong>non</strong></span> <span class='ocrx_word' id='word_1_575' title='bbox 2686 1894 2893 1956; x_wconf 87' lang='lat' dir='ltr'><strong>potest,</strong></span> <span class='ocrx_word' id='word_1_576' title='bbox 2940 1885 3183 1956; x_wconf 88' lang='lat' dir='ltr'><strong>quisquis</strong></span> <span class='ocrx_word' id='word_1_577' title='bbox 3240 1882 3352 1937; x_wconf 91' lang='lat' dir='ltr'><strong>falli</strong></span> <span class='ocrx_word' id='word_1_578' title='bbox 3397 1881 3587 1936; x_wconf 82' lang='lat' dir='ltr'><strong>metuit</strong></span> 
     </span>
    </p>
   </div>
   <div class='ocr_carea' id='block_1_78' title="bbox 1994 1972 3583 2047">
    <p class='ocr_par' dir='ltr' id='par_1_78' title="bbox 1994 1972 3583 2047">
     <span class='ocr_line' id='line_1_78' title="bbox 1994 1972 3583 2047; baseline -0.002 -16"><span class='ocrx_word' id='word_1_579' title='bbox 1994 1976 2153 2045; x_wconf 89' lang='lat' dir='ltr'><strong>hujus</strong></span> <span class='ocrx_word' id='word_1_580' title='bbox 2183 1976 2507 2031; x_wconf 86' lang='lat' dir='ltr'><strong>obscuritate</strong></span> <span class='ocrx_word' id='word_1_581' title='bbox 2554 1978 2865 2047; x_wconf 70' lang='lat' dir='ltr'><strong>quzestionis</strong></span> <span class='ocrx_word' id='word_1_582' title='bbox 2884 2018 2898 2042; x_wconf 97' lang='lat'><strong>,</strong></span> <span class='ocrx_word' id='word_1_583' title='bbox 2931 1975 3174 2031; x_wconf 90' lang='lat' dir='ltr'><strong>eamdem</strong></span> <span class='ocrx_word' id='word_1_584' title='bbox 3205 1973 3483 2029; x_wconf 89' lang='lat' dir='ltr'><strong>ecclesiam</strong></span> <span class='ocrx_word' id='word_1_585' title='bbox 3514 1972 3583 2028; x_wconf 87' lang='lat' dir='ltr'><strong>de</strong></span> 
     </span>
    </p>
   </div>
   <div class='ocr_carea' id='block_1_79' title="bbox 1994 2065 3587 2140">
    <p class='ocr_par' dir='ltr' id='par_1_79' title="bbox 1994 2065 3587 2140">
     <span class='ocr_line' id='line_1_79' title="bbox 1994 2065 3587 2140; baseline -0.004 -16"><span class='ocrx_word' id='word_1_586' title='bbox 1994 2070 2083 2125; x_wconf 89' lang='lat' dir='ltr'><strong>illa</strong></span> <span class='ocrx_word' id='word_1_587' title='bbox 2105 2070 2366 2135; x_wconf 88' lang='lat' dir='ltr'><strong>consulat,</strong></span> <span class='ocrx_word' id='word_1_588' title='bbox 2391 2085 2548 2140; x_wconf 91' lang='lat' dir='ltr'><strong>quam</strong></span> <span class='ocrx_word' id='word_1_589' title='bbox 2568 2071 2682 2124; x_wconf 91' lang='lat' dir='ltr'><strong>sine</strong></span> <span class='ocrx_word' id='word_1_590' title='bbox 2703 2070 2809 2123; x_wconf 88' lang='lat' dir='ltr'><strong>ulla</strong></span> <span class='ocrx_word' id='word_1_591' title='bbox 2832 2070 3175 2139; x_wconf 81' lang='lat' dir='ltr'><strong>ambiguitate</strong></span> <span class='ocrx_word' id='word_1_592' title='bbox 3219 2077 3404 2123; x_wconf 88' lang='lat' dir='ltr'><strong>sancta</strong></span> <span class='ocrx_word' id='word_1_593' title='bbox 3443 2065 3587 2121; x_wconf 88' lang='lat' dir='ltr'><strong>Scri-</strong></span> 
     </span>
    </p>
   </div>
   <div class='ocr_carea' id='block_1_80' title="bbox 1993 2158 3580 2234">
    <p class='ocr_par' dir='ltr' id='par_1_80' title="bbox 1993 2158 3580 2234">
     <span class='ocr_line' id='line_1_80' title="bbox 1993 2158 3580 2234; baseline -0.002 -18"><span class='ocrx_word' id='word_1_594' title='bbox 1993 2170 2147 2234; x_wconf 89' lang='lat' dir='ltr'><strong>ptura</strong></span> <span class='ocrx_word' id='word_1_595' title='bbox 2179 2162 2530 2217; x_wconf 88' lang='lat' dir='ltr'><strong>demonstrat.</strong></span> <span class='ocrx_word' id='word_1_596' title='bbox 2561 2160 2617 2217; x_wconf 91' lang='lat' dir='ltr'><strong>Si</strong></span> <span class='ocrx_word' id='word_1_597' title='bbox 2646 2170 2822 2216; x_wconf 91' lang='lat' dir='ltr'><strong>autem</strong></span> <span class='ocrx_word' id='word_1_598' title='bbox 2853 2160 3065 2216; x_wconf 90' lang='lat' dir='ltr'><strong>dubitas</strong></span> <span class='ocrx_word' id='word_1_599' title='bbox 3110 2159 3251 2231; x_wconf 91' lang='lat' dir='ltr'><strong>quod</strong></span> <span class='ocrx_word' id='word_1_600' title='bbox 3280 2158 3580 2214; x_wconf 89' lang='lat' dir='ltr'><strong>Ecclesiam</strong></span> 
     </span>
    </p>
   </div>
   <div class='ocr_carea' id='block_1_81' title="bbox 1994 2251 3582 2326">
    <p class='ocr_par' dir='ltr' id='par_1_81' title="bbox 1994 2251 3582 2326">
     <span class='ocr_line' id='line_1_81' title="bbox 1994 2251 3582 2326; baseline -0.001 -18"><span class='ocrx_word' id='word_1_601' title='bbox 1994 2271 2111 2325; x_wconf 75' lang='lat' dir='ltr'><strong>qua:</strong></span> <span class='ocrx_word' id='word_1_602' title='bbox 2140 2270 2235 2325; x_wconf 91' lang='lat' dir='ltr'><strong>per</strong></span> <span class='ocrx_word' id='word_1_603' title='bbox 2260 2270 2448 2310; x_wconf 88' lang='lat' dir='ltr'><strong>omnes</strong></span> <span class='ocrx_word' id='word_1_604' title='bbox 2472 2264 2659 2326; x_wconf 82' lang='lat' dir='ltr'><strong>gentes</strong></span> <span class='ocrx_word' id='word_1_605' title='bbox 2688 2254 3073 2309; x_wconf 87' lang='lat' dir='ltr'><strong>numerositate</strong></span> <span class='ocrx_word' id='word_1_606' title='bbox 3096 2252 3466 2324; x_wconf 88' lang='lat' dir='ltr'><strong>copiosissima</strong></span> <span class='ocrx_word' id='word_1_607' title='bbox 3500 2251 3582 2306; x_wconf 73' lang='lat' dir='ltr'><strong>di-</strong></span> 
     </span>
    </p>
   </div>
   <div class='ocr_carea' id='block_1_82' title="bbox 1994 2343 3590 2417">
    <p class='ocr_par' dir='ltr' id='par_1_82' title="bbox 1994 2343 3590 2417">
     <span class='ocr_line' id='line_1_82' title="bbox 1994 2343 3590 2417; baseline -0.001 -16"><span class='ocrx_word' id='word_1_608' title='bbox 1994 2347 2207 2414; x_wconf 90' lang='lat' dir='ltr'><strong>latatur,</strong></span> <span class='ocrx_word' id='word_1_609' title='bbox 2234 2346 2347 2401; x_wconf 81' lang='lat' dir='ltr'><strong>haec</strong></span> <span class='ocrx_word' id='word_1_610' title='bbox 2364 2357 2545 2402; x_wconf 87' lang='lat' dir='ltr'><strong>sancta</strong></span> <span class='ocrx_word' id='word_1_611' title='bbox 2568 2347 2844 2417; x_wconf 85' lang='lat' dir='ltr'><strong>Scriptura</strong></span> <span class='ocrx_word' id='word_1_612' title='bbox 2865 2346 3206 2401; x_wconf 90' lang='lat' dir='ltr'><strong>commendat</strong></span> <span class='ocrx_word' id='word_1_613' title='bbox 3228 2346 3423 2416; x_wconf 90' lang='lat' dir='ltr'><strong>(neque</strong></span> <span class='ocrx_word' id='word_1_614' title='bbox 3444 2343 3590 2399; x_wconf 88' lang='lat' dir='ltr'><strong>enim</strong></span> 
     </span>
    </p>
   </div>
   <div class='ocr_carea' id='block_1_83' title="bbox 1994 2438 3591 2511">
    <p class='ocr_par' dir='ltr' id='par_1_83' title="bbox 1994 2438 3591 2511">
     <span class='ocr_line' id='line_1_83' title="bbox 1994 2438 3591 2511; baseline -0.001 -16"><span class='ocrx_word' id='word_1_615' title='bbox 1994 2441 2039 2495; x_wconf 90' lang='lat' dir='ltr'><strong>si</strong></span> <span class='ocrx_word' id='word_1_616' title='bbox 2070 2457 2177 2495; x_wconf 91' lang='lat' dir='ltr'><strong>non</strong></span> <span class='ocrx_word' id='word_1_617' title='bbox 2204 2440 2498 2507; x_wconf 90' lang='lat' dir='ltr'><strong>dubitares,</strong></span> <span class='ocrx_word' id='word_1_618' title='bbox 2528 2441 2702 2496; x_wconf 90' lang='lat' dir='ltr'><strong>adhuc</strong></span> <span class='ocrx_word' id='word_1_619' title='bbox 2734 2456 2879 2495; x_wconf 90' lang='lat' dir='ltr'><strong>esses</strong></span> <span class='ocrx_word' id='word_1_620' title='bbox 2910 2440 2961 2494; x_wconf 91' lang='lat' dir='ltr'><strong>in</strong></span> <span class='ocrx_word' id='word_1_621' title='bbox 2996 2449 3145 2511; x_wconf 89' lang='lat' dir='ltr'><strong>parte</strong></span> <span class='ocrx_word' id='word_1_622' title='bbox 3166 2438 3381 2509; x_wconf 82' lang='lat' dir='ltr'><strong>Donati)</strong></span> <span class='ocrx_word' id='word_1_623' title='bbox 3408 2455 3421 2503; x_wconf 85' lang='lat'><strong>;</strong></span> <span class='ocrx_word' id='word_1_624' title='bbox 3453 2438 3591 2494; x_wconf 91' lang='lat' dir='ltr'><strong>mul-</strong></span> 
     </span>
    </p>
   </div>
   <div class='ocr_carea' id='block_1_84' title="bbox 1996 2532 3589 2591">
    <p class='ocr_par' dir='ltr' id='par_1_84' title="bbox 1996 2532 3589 2591">
     <span class='ocr_line' id='line_1_84' title="bbox 1996 2532 3589 2591; baseline -0.002 -2"><span class='ocrx_word' id='word_1_625' title='bbox 1996 2535 2063 2590; x_wconf 91' lang='lat' dir='ltr'><strong>tis</strong></span> <span class='ocrx_word' id='word_1_626' title='bbox 2091 2544 2141 2589; x_wconf 90' lang='lat' dir='ltr'><strong>te</strong></span> <span class='ocrx_word' id='word_1_627' title='bbox 2171 2534 2624 2591; x_wconf 86' lang='lat' dir='ltr'><strong>manifestissimis</strong></span> <span class='ocrx_word' id='word_1_628' title='bbox 2656 2534 2975 2590; x_wconf 90' lang='lat' dir='ltr'><strong>testimoniis</strong></span> <span class='ocrx_word' id='word_1_629' title='bbox 3009 2549 3076 2589; x_wconf 85' lang='lat' dir='ltr'><strong>ex</strong></span> <span class='ocrx_word' id='word_1_630' title='bbox 3119 2533 3305 2589; x_wconf 91' lang='lat' dir='ltr'><strong>eadem</strong></span> <span class='ocrx_word' id='word_1_631' title='bbox 3350 2532 3589 2588; x_wconf 88' lang='lat' dir='ltr'><strong>auctori-</strong></span> 
     </span>
    </p>
   </div>
   <div class='ocr_carea' id='block_1_85' title="bbox 1995 2627 3588 2701">
    <p class='ocr_par' dir='ltr' id='par_1_85' title="bbox 1995 2627 3588 2701">
     <span class='ocr_line' id='line_1_85' title="bbox 1995 2627 3588 2701; baseline -0.002 -17"><span class='ocrx_word' id='word_1_632' title='bbox 1995 2636 2103 2685; x_wconf 89' lang='lat' dir='ltr'><strong>tate</strong></span> <span class='ocrx_word' id='word_1_633' title='bbox 2146 2630 2369 2701; x_wconf 90' lang='lat' dir='ltr'><strong>prolatis</strong></span> <span class='ocrx_word' id='word_1_634' title='bbox 2408 2629 2643 2684; x_wconf 89' lang='lat' dir='ltr'><strong>onerabo</strong></span> <span class='ocrx_word' id='word_1_635' title='bbox 2667 2671 2682 2696; x_wconf 91' lang='lat'><strong>,</strong></span> <span class='ocrx_word' id='word_1_636' title='bbox 2715 2637 2773 2684; x_wconf 92' lang='lat' dir='ltr'><strong>ut</strong></span> <span class='ocrx_word' id='word_1_637' title='bbox 2802 2644 2865 2684; x_wconf 81' lang='lat' dir='ltr'><strong>ex</strong></span> <span class='ocrx_word' id='word_1_638' title='bbox 2900 2628 3004 2683; x_wconf 89' lang='lat' dir='ltr'><strong>tuis</strong></span> <span class='ocrx_word' id='word_1_639' title='bbox 3033 2627 3471 2684; x_wconf 91' lang='lat' dir='ltr'><strong>concessionibus</strong></span> <span class='ocrx_word' id='word_1_640' title='bbox 3494 2669 3508 2692; x_wconf 91' lang='lat'><strong>,</strong></span> <span class='ocrx_word' id='word_1_641' title='bbox 3542 2628 3588 2681; x_wconf 88' lang='lat' dir='ltr'><strong>si</strong></span> 
     </span>
    </p>
   </div>
   <div class='ocr_carea' id='block_1_86' title="bbox 1996 2718 3591 2793">
    <p class='ocr_par' dir='ltr' id='par_1_86' title="bbox 1996 2718 3591 2793">
     <span class='ocr_line' id='line_1_86' title="bbox 1996 2718 3591 2793; baseline -0.003 -15"><span class='ocrx_word' id='word_1_642' title='bbox 1996 2723 2219 2778; x_wconf 91' lang='lat' dir='ltr'><strong>nimium</strong></span> <span class='ocrx_word' id='word_1_643' title='bbox 2251 2722 2496 2793; x_wconf 80' lang='lat' dir='ltr'><strong>pervicax</strong></span> <span class='ocrx_word' id='word_1_644' title='bbox 2523 2737 2643 2777; x_wconf 89' lang='lat' dir='ltr'><strong>esse</strong></span> <span class='ocrx_word' id='word_1_645' title='bbox 2669 2721 2927 2789; x_wconf 90' lang='lat' dir='ltr'><strong>nolueris,</strong></span> <span class='ocrx_word' id='word_1_646' title='bbox 2970 2720 3038 2775; x_wconf 86' lang='lat' dir='ltr'><strong>ad</strong></span> <span class='ocrx_word' id='word_1_647' title='bbox 3070 2721 3170 2776; x_wconf 89' lang='lat' dir='ltr'><strong>hoc</strong></span> <span class='ocrx_word' id='word_1_648' title='bbox 3203 2720 3363 2775; x_wconf 91' lang='lat' dir='ltr'><strong>etiam</strong></span> <span class='ocrx_word' id='word_1_649' title='bbox 3393 2718 3591 2791; x_wconf 88' lang='lat' dir='ltr'><strong>perdu-</strong></span> 
     </span>
    </p>
   </div>
   <div class='ocr_carea' id='block_1_87' title="bbox 1994 2808 3589 2886">
    <p class='ocr_par' dir='ltr' id='par_1_87' title="bbox 1994 2808 3589 2886">
     <span class='ocr_line' id='line_1_87' title="bbox 1994 2808 3589 2886; baseline -0.005 -14"><span class='ocrx_word' id='word_1_650' title='bbox 1994 2817 2136 2872; x_wconf 86' lang='lat' dir='ltr'><strong>caris</strong></span> <span class='ocrx_word' id='word_1_651' title='bbox 2155 2857 2170 2883; x_wconf 93' lang='lat'><strong>,</strong></span> <span class='ocrx_word' id='word_1_652' title='bbox 2202 2832 2324 2872; x_wconf 90' lang='lat' dir='ltr'><strong>cum</strong></span> <span class='ocrx_word' id='word_1_653' title='bbox 2353 2815 2500 2886; x_wconf 90' lang='lat' dir='ltr'><strong>prius</strong></span> <span class='ocrx_word' id='word_1_654' title='bbox 2524 2814 2812 2870; x_wconf 91' lang='lat' dir='ltr'><strong>ostendero</strong></span> <span class='ocrx_word' id='word_1_655' title='bbox 2837 2814 2996 2869; x_wconf 90' lang='lat' dir='ltr'><strong>etiam</strong></span> <span class='ocrx_word' id='word_1_656' title='bbox 3028 2812 3267 2883; x_wconf 82' lang='lat' dir='ltr'><strong>epistolae</strong></span> <span class='ocrx_word' id='word_1_657' title='bbox 3296 2826 3453 2875; x_wconf 65' lang='lat' dir='ltr'><strong>mete,</strong></span> <span class='ocrx_word' id='word_1_658' title='bbox 3501 2808 3589 2865; x_wconf 88' lang='lat' dir='ltr'><strong>cui</strong></span> 
     </span>
    </p>
   </div>
   <div class='ocr_carea' id='block_1_88' title="bbox 1995 2904 3591 2982">
    <p class='ocr_par' dir='ltr' id='par_1_88' title="bbox 1995 2904 3591 2982">
     <span class='ocr_line' id='line_1_88' title="bbox 1995 2904 3591 2982; baseline -0.006 -14"><span class='ocrx_word' id='word_1_659' title='bbox 1995 2910 2323 2982; x_wconf 88' lang='lat' dir='ltr'><strong>respondere</strong></span> <span class='ocrx_word' id='word_1_660' title='bbox 2351 2925 2380 2964; x_wconf 91' lang='lat' dir='ltr'><strong>a</strong></span> <span class='ocrx_word' id='word_1_661' title='bbox 2405 2910 2676 2965; x_wconf 91' lang='lat' dir='ltr'><strong>contrario</strong></span> <span class='ocrx_word' id='word_1_662' title='bbox 2699 2909 2951 2973; x_wconf 91' lang='lat' dir='ltr'><strong>voluisti,</strong></span> <span class='ocrx_word' id='word_1_663' title='bbox 2980 2907 3118 2964; x_wconf 89' lang='lat' dir='ltr'><strong>nihil</strong></span> <span class='ocrx_word' id='word_1_664' title='bbox 3146 2916 3196 2963; x_wconf 91' lang='lat' dir='ltr'><strong>te</strong></span> <span class='ocrx_word' id='word_1_665' title='bbox 3226 2904 3369 2978; x_wconf 89' lang='lat' dir='ltr'><strong>quod</strong></span> <span class='ocrx_word' id='word_1_666' title='bbox 3398 2904 3466 2960; x_wconf 89' lang='lat' dir='ltr'><strong>ad</strong></span> <span class='ocrx_word' id='word_1_667' title='bbox 3496 2918 3591 2960; x_wconf 70' lang='lat' dir='ltr'><strong>ve-</strong></span> 
     </span>
    </p>
   </div>
   <div class='ocr_carea' id='block_1_89' title="bbox 1994 3000 3128 3073">
    <p class='ocr_par' dir='ltr' id='par_1_89' title="bbox 1994 3000 3128 3073">
     <span class='ocr_line' id='line_1_89' title="bbox 1994 3000 3128 3073; baseline -0.008 -12"><span class='ocrx_word' id='word_1_668' title='bbox 1994 3004 2209 3061; x_wconf 87' lang='lat' dir='ltr'><strong>ritatem</strong></span> <span class='ocrx_word' id='word_1_669' title='bbox 2239 3002 2504 3073; x_wconf 89' lang='lat' dir='ltr'><strong>pertineat</strong></span> <span class='ocrx_word' id='word_1_670' title='bbox 2524 3000 2847 3072; x_wconf 91' lang='lat' dir='ltr'><strong>respondere</strong></span> <span class='ocrx_word' id='word_1_671' title='bbox 2874 3000 3128 3070; x_wconf 90' lang='lat' dir='ltr'><strong>potuisse.</strong></span> 
     </span>
    </p>
   </div>
   <div class='ocr_carea' id='block_1_90' title="bbox 2065 3089 3588 3158">
    <p class='ocr_par' dir='ltr' id='par_1_90' title="bbox 2065 3089 3588 3158">
     <span class='ocr_line' id='line_1_90' title="bbox 2065 3089 3588 3158; baseline -0.005 -7"><span class='ocrx_word' id='word_1_672' title='bbox 2065 3094 2294 3151; x_wconf 85' lang='lat' dir='ltr'><strong>CAPUT</strong></span> <span class='ocrx_word' id='word_1_673' title='bbox 2336 3093 2579 3149; x_wconf 80' lang='lat' dir='ltr'><strong>XXXIV.</strong></span> <span class='ocrx_word' id='word_1_674' title='bbox 2630 3093 2819 3149; x_wconf 76' lang='grc'><strong>-40.</strong></span> <span class='ocrx_word' id='word_1_675' title='bbox 2865 3092 2979 3148; x_wconf 84' lang='lat' dir='ltr'><strong>Hoc</strong></span> <span class='ocrx_word' id='word_1_676' title='bbox 3033 3092 3246 3147; x_wconf 89' lang='lat' dir='ltr'><strong>interim</strong></span> <span class='ocrx_word' id='word_1_677' title='bbox 3300 3089 3429 3146; x_wconf 89' lang='lat' dir='ltr'><strong>satis</strong></span> <span class='ocrx_word' id='word_1_678' title='bbox 3479 3089 3588 3158; x_wconf 90' lang='lat' dir='ltr'><strong>sit,</strong></span> 
     </span>
    </p>
   </div>
   <div class='ocr_carea' id='block_1_91' title="bbox 1996 3182 3591 3261">
    <p class='ocr_par' dir='ltr' id='par_1_91' title="bbox 1996 3182 3591 3261">
     <span class='ocr_line' id='line_1_91' title="bbox 1996 3182 3591 3261; baseline -0.004 -18"><span class='ocrx_word' id='word_1_679' title='bbox 1996 3188 2137 3261; x_wconf 92' lang='lat' dir='ltr'><strong>quod</strong></span> <span class='ocrx_word' id='word_1_680' title='bbox 2170 3198 2388 3259; x_wconf 87' lang='lat' dir='ltr'><strong>propter</strong></span> <span class='ocrx_word' id='word_1_681' title='bbox 2414 3186 2635 3241; x_wconf 89' lang='lat' dir='ltr'><strong>nimiam</strong></span> <span class='ocrx_word' id='word_1_682' title='bbox 2663 3184 3077 3241; x_wconf 88' lang='lat' dir='ltr'><strong>obstinationem</strong></span> <span class='ocrx_word' id='word_1_683' title='bbox 3117 3183 3393 3239; x_wconf 89' lang='lat' dir='ltr'><strong>hominum</strong></span> <span class='ocrx_word' id='word_1_684' title='bbox 3422 3182 3591 3237; x_wconf 86' lang='lat' dir='ltr'><strong>multa</strong></span> 
     </span>
    </p>
   </div>
   <div class='ocr_carea' id='block_1_92' title="bbox 2002 3273 3592 3347">
    <p class='ocr_par' dir='ltr' id='par_1_92' title="bbox 2002 3273 3592 3347">
     <span class='ocr_line' id='line_1_92' title="bbox 2002 3273 3592 3347; baseline -0.004 -11"><span class='ocrx_word' id='word_1_685' title='bbox 2002 3281 2229 3337; x_wconf 87' lang='lat' dir='ltr'><strong>dicenda</strong></span> <span class='ocrx_word' id='word_1_686' title='bbox 2258 3281 2549 3335; x_wconf 89' lang='lat' dir='ltr'><strong>arbitratus</strong></span> <span class='ocrx_word' id='word_1_687' title='bbox 2578 3294 2729 3347; x_wconf 90' lang='lat' dir='ltr'><strong>sum,</strong></span> <span class='ocrx_word' id='word_1_688' title='bbox 2776 3277 3034 3333; x_wconf 88' lang='lat' dir='ltr'><strong>adversus</strong></span> <span class='ocrx_word' id='word_1_689' title='bbox 3079 3291 3174 3333; x_wconf 91' lang='lat' dir='ltr'><strong>eos</strong></span> <span class='ocrx_word' id='word_1_690' title='bbox 3211 3274 3454 3347; x_wconf 91' lang='lat' dir='ltr'><strong>quicum</strong></span> <span class='ocrx_word' id='word_1_691' title='bbox 3495 3273 3592 3329; x_wconf 86' lang='lat' dir='ltr'><strong>ha-</strong></span> 
     </span>
    </p>
   </div>
   <div class='ocr_carea' id='block_1_93' title="bbox 1996 3364 3592 3445">
    <p class='ocr_par' dir='ltr' id='par_1_93' title="bbox 1996 3364 3592 3445">
     <span class='ocr_line' id='line_1_93' title="bbox 1996 3364 3592 3445; baseline -0.007 -14"><span class='ocrx_word' id='word_1_692' title='bbox 1996 3377 2159 3431; x_wconf 88' lang='lat' dir='ltr'><strong>beant</strong></span> <span class='ocrx_word' id='word_1_693' title='bbox 2182 3374 2529 3445; x_wconf 91' lang='lat' dir='ltr'><strong>principalem</strong></span> <span class='ocrx_word' id='word_1_694' title='bbox 2568 3386 2786 3428; x_wconf 89' lang='lat' dir='ltr'><strong>causam</strong></span> <span class='ocrx_word' id='word_1_695' title='bbox 2813 3372 3030 3437; x_wconf 89' lang='lat' dir='ltr'><strong>malam,</strong></span> <span class='ocrx_word' id='word_1_696' title='bbox 3066 3370 3134 3424; x_wconf 88' lang='lat' dir='ltr'><strong>ab</strong></span> <span class='ocrx_word' id='word_1_697' title='bbox 3161 3384 3222 3424; x_wconf 89' lang='lat' dir='ltr'><strong>ea</strong></span> <span class='ocrx_word' id='word_1_698' title='bbox 3256 3364 3592 3423; x_wconf 87' lang='lat' dir='ltr'><strong>discutienda</strong></span> 
     </span>
    </p>
   </div>
   <div class='ocr_carea' id='block_1_94' title="bbox 1997 3446 3649 3541">
    <p class='ocr_par' dir='ltr' id='par_1_94' title="bbox 1997 3446 3649 3541">
     <span class='ocr_line' id='line_1_94' title="bbox 1997 3446 3649 3541; baseline -0.007 -18"><span class='ocrx_word' id='word_1_699' title='bbox 1997 3468 2401 3541; x_wconf 60' lang='lat' dir='ltr'><strong>praescriptione</strong></span> <span class='ocrx_word' id='word_1_700' title='bbox 2438 3465 2627 3519; x_wconf 87' lang='lat' dir='ltr'><strong>volunt</strong></span> <span class='ocrx_word' id='word_1_701' title='bbox 2672 3472 2916 3517; x_wconf 89' lang='lat' dir='ltr'><strong>avertere</strong></span> <span class='ocrx_word' id='word_1_702' title='bbox 2960 3460 3199 3532; x_wconf 89' lang='lat' dir='ltr'><strong>judices,</strong></span> <span class='ocrx_word' id='word_1_703' title='bbox 3233 3474 3354 3514; x_wconf 90' lang='lat' dir='ltr'><strong>cum</strong></span> <span class='ocrx_word' id='word_1_704' title='bbox 3407 3458 3594 3513; x_wconf 86' lang='lat' dir='ltr'><strong>dicunt</strong></span> <span class='ocrx_word' id='word_1_705' title='bbox 3634 3446 3649 3457; x_wconf 71' lang='grc'><strong>’</strong></span> 
     </span>
    </p>
   </div>
   <div class='ocr_carea' id='block_1_95' title="bbox 1996 3546 3594 3627">
    <p class='ocr_par' dir='ltr' id='par_1_95' title="bbox 1996 3546 3594 3627">
     <span class='ocr_line' id='line_1_95' title="bbox 1996 3546 3594 3627; baseline -0.008 -12"><span class='ocrx_word' id='word_1_706' title='bbox 1996 3560 2146 3615; x_wconf 90' lang='lat' dir='ltr'><strong>nullo</strong></span> <span class='ocrx_word' id='word_1_707' title='bbox 2178 3558 2338 3612; x_wconf 90' lang='lat' dir='ltr'><strong>modo</strong></span> <span class='ocrx_word' id='word_1_708' title='bbox 2369 3556 2470 3611; x_wconf 90' lang='lat' dir='ltr'><strong>sibi</strong></span> <span class='ocrx_word' id='word_1_709' title='bbox 2503 3555 2829 3627; x_wconf 91' lang='lat' dir='ltr'><strong>loquendum</strong></span> <span class='ocrx_word' id='word_1_710' title='bbox 2860 3568 2979 3609; x_wconf 91' lang='lat' dir='ltr'><strong>esse</strong></span> <span class='ocrx_word' id='word_1_711' title='bbox 3013 3553 3311 3608; x_wconf 91' lang='lat' dir='ltr'><strong>nobiscum.</strong></span> <span class='ocrx_word' id='word_1_712' title='bbox 3361 3546 3594 3605; x_wconf 87' lang='lat' dir='ltr'><strong>Probavi</strong></span> 
     </span>
    </p>
   </div>
   <div class='ocr_carea' id='block_1_96' title="bbox 1997 3642 3593 3717">
    <p class='ocr_par' dir='ltr' id='par_1_96' title="bbox 1997 3642 3593 3717">
     <span class='ocr_line' id='line_1_96' title="bbox 1997 3642 3593 3717; baseline -0.007 -12"><span class='ocrx_word' id='word_1_713' title='bbox 1997 3652 2140 3706; x_wconf 91' lang='lat' dir='ltr'><strong>enim</strong></span> <span class='ocrx_word' id='word_1_714' title='bbox 2184 3649 2334 3705; x_wconf 91' lang='lat' dir='ltr'><strong>etde</strong></span> <span class='ocrx_word' id='word_1_715' title='bbox 2379 3647 2671 3717; x_wconf 88' lang='lat' dir='ltr'><strong>Scripturis</strong></span> <span class='ocrx_word' id='word_1_716' title='bbox 2722 3645 2943 3711; x_wconf 87' lang='lat' dir='ltr'><strong>sanctis,</strong></span> <span class='ocrx_word' id='word_1_717' title='bbox 2988 3652 3043 3700; x_wconf 92' lang='lat' dir='ltr'><strong>et</strong></span> <span class='ocrx_word' id='word_1_718' title='bbox 3072 3660 3175 3715; x_wconf 89' lang='lat' dir='ltr'><strong>qua</strong></span> <span class='ocrx_word' id='word_1_719' title='bbox 3205 3642 3349 3714; x_wconf 92' lang='lat' dir='ltr'><strong>potui</strong></span> <span class='ocrx_word' id='word_1_720' title='bbox 3382 3642 3593 3695; x_wconf 88' lang='lat' dir='ltr'><strong>ratione</strong></span> 
     </span>
    </p>
   </div>
   <div class='ocr_carea' id='block_1_97' title="bbox 1997 3732 3590 3816">
    <p class='ocr_par' dir='ltr' id='par_1_97' title="bbox 1997 3732 3590 3816">
     <span class='ocr_line' id='line_1_97' title="bbox 1997 3732 3590 3816; baseline -0.009 -17"><span class='ocrx_word' id='word_1_721' title='bbox 1997 3742 2298 3816; x_wconf 89' lang='lat' dir='ltr'><strong>perspicua,</strong></span> <span class='ocrx_word' id='word_1_722' title='bbox 2346 3755 2446 3795; x_wconf 91' lang='lat' dir='ltr'><strong>nec</strong></span> <span class='ocrx_word' id='word_1_723' title='bbox 2493 3738 2853 3810; x_wconf 90' lang='lat' dir='ltr'><strong>eloquentiam</strong></span> <span class='ocrx_word' id='word_1_724' title='bbox 2888 3736 3294 3809; x_wconf 86' lang='lat' dir='ltr'><strong>quantamlibet,</strong></span> <span class='ocrx_word' id='word_1_725' title='bbox 3342 3748 3441 3788; x_wconf 89' lang='lat' dir='ltr'><strong>nec</strong></span> <span class='ocrx_word' id='word_1_726' title='bbox 3469 3732 3590 3786; x_wconf 87' lang='lat' dir='ltr'><strong>dia-</strong></span> 
     </span>
    </p>
   </div>
   <div class='ocr_carea' id='block_1_98' title="bbox 1996 3824 3589 3903">
    <p class='ocr_par' dir='ltr' id='par_1_98' title="bbox 1996 3824 3589 3903">
     <span class='ocr_line' id='line_1_98' title="bbox 1996 3824 3589 3903; baseline -0.008 -11"><span class='ocrx_word' id='word_1_727' title='bbox 1996 3838 2239 3892; x_wconf 90' lang='lat' dir='ltr'><strong>lecticam</strong></span> <span class='ocrx_word' id='word_1_728' title='bbox 2286 3831 2629 3903; x_wconf 90' lang='lat' dir='ltr'><strong>qualemlibet</strong></span> <span class='ocrx_word' id='word_1_729' title='bbox 2683 3829 3024 3885; x_wconf 90' lang='lat' dir='ltr'><strong>metuendam</strong></span> <span class='ocrx_word' id='word_1_730' title='bbox 3066 3840 3185 3881; x_wconf 85' lang='lat' dir='ltr'><strong>esse</strong></span> <span class='ocrx_word' id='word_1_731' title='bbox 3231 3824 3589 3880; x_wconf 79' lang='lat' dir='ltr'><strong>assertoribus</strong></span> 
     </span>
    </p>
   </div>
   <div class='ocr_carea' id='block_1_99' title="bbox 1995 3915 3591 3993">
    <p class='ocr_par' dir='ltr' id='par_1_99' title="bbox 1995 3915 3591 3993">
     <span class='ocr_line' id='line_1_99' title="bbox 1995 3915 3591 3993; baseline -0.007 -10"><span class='ocrx_word' id='word_1_732' title='bbox 1995 3925 2267 3990; x_wconf 89' lang='lat' dir='ltr'><strong>veritatis,</strong></span> <span class='ocrx_word' id='word_1_733' title='bbox 2298 3923 2585 3993; x_wconf 88' lang='lat' dir='ltr'><strong>quominus</strong></span> <span class='ocrx_word' id='word_1_734' title='bbox 2610 3930 2909 3976; x_wconf 87' lang='lat' dir='ltr'><strong>assertores</strong></span> <span class='ocrx_word' id='word_1_735' title='bbox 2953 3917 3233 3983; x_wconf 90' lang='lat' dir='ltr'><strong>falsitatis,</strong></span> <span class='ocrx_word' id='word_1_736' title='bbox 3266 3915 3591 3985; x_wconf 83' lang='lat' dir='ltr'><strong>diSputando</strong></span> 
     </span>
    </p>
   </div>
   <div class='ocr_carea' id='block_1_100' title="bbox 1994 4004 3592 4082">
    <p class='ocr_par' dir='ltr' id='par_1_100' title="bbox 1994 4004 3592 4082">
     <span class='ocr_line' id='line_1_100' title="bbox 1994 4004 3592 4082; baseline -0.009 -8"><span class='ocrx_word' id='word_1_737' title='bbox 1994 4034 2117 4075; x_wconf 90' lang='lat' dir='ltr'><strong>cum</strong></span> <span class='ocrx_word' id='word_1_738' title='bbox 2163 4016 2264 4082; x_wconf 91' lang='lat' dir='ltr'><strong>eis,</strong></span> <span class='ocrx_word' id='word_1_739' title='bbox 2296 4023 2352 4069; x_wconf 91' lang='lat' dir='ltr'><strong>et</strong></span> <span class='ocrx_word' id='word_1_740' title='bbox 2396 4028 2490 4069; x_wconf 88' lang='lat' dir='ltr'><strong>eos</strong></span> <span class='ocrx_word' id='word_1_741' title='bbox 2534 4010 2861 4075; x_wconf 88' lang='lat' dir='ltr'><strong>refellendo,</strong></span> <span class='ocrx_word' id='word_1_742' title='bbox 2905 4008 3242 4063; x_wconf 89' lang='lat' dir='ltr'><strong>convincant.</strong></span> <span class='ocrx_word' id='word_1_743' title='bbox 3294 4005 3395 4061; x_wconf 88' lang='lat' dir='ltr'><strong>Ubi</strong></span> <span class='ocrx_word' id='word_1_744' title='bbox 3425 4004 3592 4061; x_wconf 88' lang='lat' dir='ltr'><strong>etiam</strong></span> 
     </span>
    </p>
   </div>
   <div class='ocr_carea' id='block_1_101' title="bbox 1995 4099 3593 4174">
    <p class='ocr_par' dir='ltr' id='par_1_101' title="bbox 1995 4099 3593 4174">
     <span class='ocr_line' id='line_1_101' title="bbox 1995 4099 3593 4174; baseline -0.008 -6"><span class='ocrx_word' id='word_1_745' title='bbox 1995 4108 2359 4168; x_wconf 84' lang='lat' dir='ltr'><strong>demonstravi</strong></span> <span class='ocrx_word' id='word_1_746' title='bbox 2390 4114 2443 4160; x_wconf 93' lang='lat' dir='ltr'><strong>et</strong></span> <span class='ocrx_word' id='word_1_747' title='bbox 2485 4104 2634 4171; x_wconf 89' lang='lat' dir='ltr'><strong>illud,</strong></span> <span class='ocrx_word' id='word_1_748' title='bbox 2666 4117 2772 4174; x_wconf 93' lang='lat' dir='ltr'><strong>quo</strong></span> <span class='ocrx_word' id='word_1_749' title='bbox 2801 4110 2853 4158; x_wconf 91' lang='lat' dir='ltr'><strong>te</strong></span> <span class='ocrx_word' id='word_1_750' title='bbox 2884 4108 3076 4172; x_wconf 65' lang='lat' dir='ltr'><strong>praeter</strong></span> <span class='ocrx_word' id='word_1_751' title='bbox 3103 4099 3386 4171; x_wconf 90' lang='lat' dir='ltr'><strong>epistolam</strong></span> <span class='ocrx_word' id='word_1_752' title='bbox 3413 4115 3593 4156; x_wconf 88' lang='lat' dir='ltr'><strong>meam</strong></span> 
     </span>
    </p>
   </div>
   <div class='ocr_carea' id='block_1_102' title="bbox 1996 4192 3595 4268">
    <p class='ocr_par' dir='ltr' id='par_1_102' title="bbox 1996 4192 3595 4268">
     <span class='ocr_line' id='line_1_102' title="bbox 1996 4192 3595 4268; baseline -0.008 -9"><span class='ocrx_word' id='word_1_753' title='bbox 1996 4204 2105 4259; x_wconf 81' lang='lat' dir='ltr'><strong>dixi</strong></span> <span class='ocrx_word' id='word_1_754' title='bbox 2130 4204 2150 4233; x_wconf 85' lang='grc'><strong><em>²</em></strong></span> <span class='ocrx_word' id='word_1_755' title='bbox 2173 4214 2291 4255; x_wconf 91' lang='lat' dir='ltr'><strong>esse</strong></span> <span class='ocrx_word' id='word_1_756' title='bbox 2312 4205 2636 4268; x_wconf 89' lang='lat' dir='ltr'><strong>permotum,</strong></span> <span class='ocrx_word' id='word_1_757' title='bbox 2670 4212 2828 4266; x_wconf 89' lang='lat' dir='ltr'><strong>quam</strong></span> <span class='ocrx_word' id='word_1_758' title='bbox 2854 4210 2959 4250; x_wconf 92' lang='lat' dir='ltr'><strong>non</strong></span> <span class='ocrx_word' id='word_1_759' title='bbox 2989 4194 3060 4248; x_wconf 87' lang='lat' dir='ltr'><strong>sit</strong></span> <span class='ocrx_word' id='word_1_760' title='bbox 3087 4208 3424 4266; x_wconf 87' lang='lat' dir='ltr'><strong>consequens</strong></span> <span class='ocrx_word' id='word_1_761' title='bbox 3454 4203 3513 4248; x_wconf 92' lang='lat' dir='ltr'><strong>ut</strong></span> <span class='ocrx_word' id='word_1_762' title='bbox 3542 4192 3595 4247; x_wconf 88' lang='lat' dir='ltr'><strong>si</strong></span> 
     </span>
    </p>
   </div>
   <div class='ocr_carea' id='block_1_103' title="bbox 1998 4281 3592 4357">
    <p class='ocr_par' dir='ltr' id='par_1_103' title="bbox 1998 4281 3592 4357">
     <span class='ocr_line' id='line_1_103' title="bbox 1998 4281 3592 4357; baseline -0.008 -8"><span class='ocrx_word' id='word_1_763' title='bbox 1998 4291 2345 4349; x_wconf 91' lang='lat' dir='ltr'><strong>concedimus</strong></span> <span class='ocrx_word' id='word_1_764' title='bbox 2375 4302 2494 4343; x_wconf 89' lang='lat' dir='ltr'><strong>esse</strong></span> <span class='ocrx_word' id='word_1_765' title='bbox 2525 4287 2852 4357; x_wconf 85' lang='lat' dir='ltr'><strong>Baptismum</strong></span> <span class='ocrx_word' id='word_1_766' title='bbox 2882 4287 2935 4340; x_wconf 92' lang='lat' dir='ltr'><strong>in</strong></span> <span class='ocrx_word' id='word_1_767' title='bbox 2976 4294 3128 4356; x_wconf 89' lang='lat' dir='ltr'><strong>parte</strong></span> <span class='ocrx_word' id='word_1_768' title='bbox 3174 4284 3382 4350; x_wconf 88' lang='lat' dir='ltr'><strong>Donati,</strong></span> <span class='ocrx_word' id='word_1_769' title='bbox 3430 4281 3592 4338; x_wconf 87' lang='lat' dir='ltr'><strong>simul</strong></span> 
     </span>
    </p>
   </div>
   <div class='ocr_carea' id='block_1_104' title="bbox 1997 4376 3587 4445">
    <p class='ocr_par' dir='ltr' id='par_1_104' title="bbox 1997 4376 3587 4445">
     <span class='ocr_line' id='line_1_104' title="bbox 1997 4376 3587 4445; baseline -0.008 -6"><span class='ocrx_word' id='word_1_770' title='bbox 1997 4384 2157 4440; x_wconf 89' lang='lat' dir='ltr'><strong>etiam</strong></span> <span class='ocrx_word' id='word_1_771' title='bbox 2207 4378 2563 4435; x_wconf 90' lang='lat' dir='ltr'><strong>concedamus</strong></span> <span class='ocrx_word' id='word_1_772' title='bbox 2606 4378 2661 4432; x_wconf 90' lang='lat' dir='ltr'><strong>in</strong></span> <span class='ocrx_word' id='word_1_773' title='bbox 2709 4376 2899 4432; x_wconf 91' lang='lat' dir='ltr'><strong>eadem</strong></span> <span class='ocrx_word' id='word_1_774' title='bbox 2957 4376 3213 4431; x_wconf 87' lang='lat' dir='ltr'><strong>societate</strong></span> <span class='ocrx_word' id='word_1_775' title='bbox 3260 4387 3587 4445; x_wconf 88' lang='lat' dir='ltr'><strong>quemquam</strong></span> 
     </span>
    </p>
   </div>
   <div class='ocr_carea' id='block_1_105' title="bbox 1996 4465 3592 4545">
    <p class='ocr_par' dir='ltr' id='par_1_105' title="bbox 1996 4465 3592 4545">
     <span class='ocr_line' id='line_1_105' title="bbox 1996 4465 3592 4545; baseline -0.008 -14"><span class='ocrx_word' id='word_1_776' title='bbox 1996 4474 2252 4545; x_wconf 86' lang='lat' dir='ltr'><strong>baptizari</strong></span> <span class='ocrx_word' id='word_1_777' title='bbox 2299 4480 2591 4543; x_wconf 91' lang='lat' dir='ltr'><strong>oportere:</strong></span> <span class='ocrx_word' id='word_1_778' title='bbox 2623 4470 2746 4540; x_wconf 91' lang='lat' dir='ltr'><strong>quia</strong></span> <span class='ocrx_word' id='word_1_779' title='bbox 2795 4470 2932 4523; x_wconf 90' lang='lat' dir='ltr'><strong>sicut</strong></span> <span class='ocrx_word' id='word_1_780' title='bbox 2975 4468 3169 4522; x_wconf 91' lang='lat' dir='ltr'><strong>bonam</strong></span> <span class='ocrx_word' id='word_1_781' title='bbox 3200 4468 3370 4536; x_wconf 89' lang='lat' dir='ltr'><strong>legem</strong></span> <span class='ocrx_word' id='word_1_782' title='bbox 3416 4465 3592 4535; x_wconf 87' lang='lat' dir='ltr'><strong>potuit</strong></span> 
     </span>
    </p>
   </div>
   <div class='ocr_carea' id='block_1_106' title="bbox 1996 4555 3647 4635">
    <p class='ocr_par' dir='ltr' id='par_1_106' title="bbox 1996 4555 3647 4635">
     <span class='ocr_line' id='line_1_106' title="bbox 1996 4555 3647 4635; baseline -0.007 -12"><span class='ocrx_word' id='word_1_783' title='bbox 1996 4567 2196 4623; x_wconf 88' lang='lat' dir='ltr'><strong>habere</strong></span> <span class='ocrx_word' id='word_1_784' title='bbox 2222 4563 2482 4635; x_wconf 89' lang='lat' dir='ltr'><strong>reprobus</strong></span> <span class='ocrx_word' id='word_1_785' title='bbox 2508 4562 2736 4633; x_wconf 90' lang='lat' dir='ltr'><strong>populus</strong></span> <span class='ocrx_word' id='word_1_786' title='bbox 2763 4559 3069 4615; x_wconf 68' lang='lat' dir='ltr'><strong>Judazorum</strong></span> <span class='ocrx_word' id='word_1_787' title='bbox 3092 4598 3107 4625; x_wconf 96' lang='lat'><strong>,</strong></span> <span class='ocrx_word' id='word_1_788' title='bbox 3152 4558 3229 4613; x_wconf 90' lang='lat' dir='ltr'><strong>sic</strong></span> <span class='ocrx_word' id='word_1_789' title='bbox 3258 4558 3459 4613; x_wconf 92' lang='lat' dir='ltr'><strong>bonum</strong></span> <span class='ocrx_word' id='word_1_790' title='bbox 3486 4555 3589 4611; x_wconf 86' lang='lat' dir='ltr'><strong>Sa-</strong></span> <span class='ocrx_word' id='word_1_791' title='bbox 3622 4582 3647 4631; x_wconf 17' lang='grc' dir='ltr'>ς,</span> 
     </span>
    </p>
   </div>
   <div class='ocr_carea' id='block_1_107' title="bbox 1994 4648 3588 4726">
    <p class='ocr_par' dir='ltr' id='par_1_107' title="bbox 1994 4648 3588 4726">
     <span class='ocr_line' id='line_1_107' title="bbox 1994 4648 3588 4726; baseline -0.007 -11"><span class='ocrx_word' id='word_1_792' title='bbox 1994 4667 2327 4715; x_wconf 87' lang='lat' dir='ltr'><strong>cramentum</strong></span> <span class='ocrx_word' id='word_1_793' title='bbox 2370 4663 2546 4726; x_wconf 88' lang='lat' dir='ltr'><strong>potest</strong></span> <span class='ocrx_word' id='word_1_794' title='bbox 2584 4653 2782 4708; x_wconf 90' lang='lat' dir='ltr'><strong>habere</strong></span> <span class='ocrx_word' id='word_1_795' title='bbox 2810 4651 3038 4722; x_wconf 92' lang='lat' dir='ltr'><strong>reproba</strong></span> <span class='ocrx_word' id='word_1_796' title='bbox 3083 4651 3314 4706; x_wconf 89' lang='lat' dir='ltr'><strong>societas</strong></span> <span class='ocrx_word' id='word_1_797' title='bbox 3365 4648 3588 4705; x_wconf 79' lang='lat' dir='ltr'><strong>haereti-</strong></span> 
     </span>
    </p>
   </div>
   <div class='ocr_carea' id='block_1_108' title="bbox 1995 4741 3588 4818">
    <p class='ocr_par' dir='ltr' id='par_1_108' title="bbox 1995 4741 3588 4818">
     <span class='ocr_line' id='line_1_108' title="bbox 1995 4741 3588 4818; baseline -0.008 -9"><span class='ocrx_word' id='word_1_798' title='bbox 1995 4769 2201 4809; x_wconf 90' lang='lat' dir='ltr'><strong>corum.</strong></span> <span class='ocrx_word' id='word_1_799' title='bbox 2231 4750 2370 4818; x_wconf 85' lang='lat' dir='ltr'><strong>Quid</strong></span> <span class='ocrx_word' id='word_1_800' title='bbox 2400 4756 2577 4803; x_wconf 89' lang='lat' dir='ltr'><strong>autem</strong></span> <span class='ocrx_word' id='word_1_801' title='bbox 2606 4743 2824 4816; x_wconf 90' lang='lat' dir='ltr'><strong>proprie</strong></span> <span class='ocrx_word' id='word_1_802' title='bbox 2852 4744 3008 4799; x_wconf 88' lang='lat' dir='ltr'><strong>detur</strong></span> <span class='ocrx_word' id='word_1_803' title='bbox 3056 4744 3109 4798; x_wconf 93' lang='lat' dir='ltr'><strong>in</strong></span> <span class='ocrx_word' id='word_1_804' title='bbox 3142 4742 3400 4809; x_wconf 87' lang='lat' dir='ltr'><strong>Ecclesia,</strong></span> <span class='ocrx_word' id='word_1_805' title='bbox 3444 4741 3588 4814; x_wconf 92' lang='lat' dir='ltr'><strong>quod</strong></span> 
     </span>
    </p>
   </div>
   <div class='ocr_carea' id='block_1_109' title="bbox 1992 4833 3584 4917">
    <p class='ocr_par' dir='ltr' id='par_1_109' title="bbox 1992 4833 3584 4917">
     <span class='ocr_line' id='line_1_109' title="bbox 1992 4833 3584 4917; baseline -0.011 -15"><span class='ocrx_word' id='word_1_806' title='bbox 1992 4854 2189 4917; x_wconf 61' lang='lat' dir='ltr'><strong>praeter</strong></span> <span class='ocrx_word' id='word_1_807' title='bbox 2214 4842 2357 4897; x_wconf 87' lang='lat' dir='ltr'><strong>illam</strong></span> <span class='ocrx_word' id='word_1_808' title='bbox 2397 4838 2619 4895; x_wconf 89' lang='lat' dir='ltr'><strong>omnino</strong></span> <span class='ocrx_word' id='word_1_809' title='bbox 2657 4851 2765 4891; x_wconf 93' lang='lat' dir='ltr'><strong>non</strong></span> <span class='ocrx_word' id='word_1_810' title='bbox 2801 4835 2979 4902; x_wconf 90' lang='lat' dir='ltr'><strong>datur,</strong></span> <span class='ocrx_word' id='word_1_811' title='bbox 3008 4850 3105 4890; x_wconf 90' lang='lat' dir='ltr'><strong>suo</strong></span> <span class='ocrx_word' id='word_1_812' title='bbox 3147 4836 3269 4891; x_wconf 92' lang='lat' dir='ltr'><strong>loco</strong></span> <span class='ocrx_word' id='word_1_813' title='bbox 3295 4834 3413 4890; x_wconf 91' lang='lat' dir='ltr'><strong>sine</strong></span> <span class='ocrx_word' id='word_1_814' title='bbox 3439 4833 3584 4889; x_wconf 75' lang='lat' dir='ltr'><strong>diffl-</strong></span> 
     </span>
    </p>
   </div>
   <div class='ocr_carea' id='block_1_110' title="bbox 1994 4926 3575 5003">
    <p class='ocr_par' dir='ltr' id='par_1_110' title="bbox 1994 4926 3575 5003">
     <span class='ocr_line' id='line_1_110' title="bbox 1994 4926 3575 5003; baseline -0.008 -10"><span class='ocrx_word' id='word_1_815' title='bbox 1994 4938 2190 4994; x_wconf 90' lang='lat' dir='ltr'><strong>cultate</strong></span> <span class='ocrx_word' id='word_1_816' title='bbox 2243 4928 2861 5003; x_wconf 80' lang='lat' dir='ltr'><strong>monstrabitur(lnfra,</strong></span> <span class='ocrx_word' id='word_1_817' title='bbox 2896 4928 2985 4983; x_wconf 82' lang='lat' dir='ltr'><strong>lib.</strong></span> <span class='ocrx_word' id='word_1_818' title='bbox 3010 4928 3065 4994; x_wconf 77' lang='lat'><strong>2,</strong></span> <span class='ocrx_word' id='word_1_819' title='bbox 3106 4946 3163 4984; x_wconf 83' lang='grc' dir='ltr'>ιι.</span> <span class='ocrx_word' id='word_1_820' title='bbox 3210 4928 3277 4984; x_wconf 81' lang='lat' dir='ltr'><strong>I6</strong></span> <span class='ocrx_word' id='word_1_821' title='bbox 3304 4928 3345 5001; x_wconf 93' lang='lat'><strong>).</strong></span> <span class='ocrx_word' id='word_1_822' title='bbox 3388 4926 3575 4995; x_wconf 87' lang='lat' dir='ltr'><strong>Neque</strong></span> 
     </span>
    </p>
   </div>
   <div class='ocr_carea' id='block_1_111' title="bbox 1993 5016 3587 5094">
    <p class='ocr_par' dir='ltr' id='par_1_111' title="bbox 1993 5016 3587 5094">
     <span class='ocr_line' id='line_1_111' title="bbox 1993 5016 3587 5094; baseline -0.006 -11"><span class='ocrx_word' id='word_1_823' title='bbox 1993 5029 2137 5084; x_wconf 91' lang='lat' dir='ltr'><strong>enim</strong></span> <span class='ocrx_word' id='word_1_824' title='bbox 2184 5033 2332 5081; x_wconf 90' lang='lat' dir='ltr'><strong>recte</strong></span> <span class='ocrx_word' id='word_1_825' title='bbox 2373 5038 2652 5094; x_wconf 86' lang='lat' dir='ltr'><strong>ageremus</strong></span> <span class='ocrx_word' id='word_1_826' title='bbox 2704 5036 2826 5076; x_wconf 91' lang='lat' dir='ltr'><strong>cum</strong></span> <span class='ocrx_word' id='word_1_827' title='bbox 2875 5021 3175 5087; x_wconf 85' lang='lat' dir='ltr'><strong>haereticis,</strong></span> <span class='ocrx_word' id='word_1_828' title='bbox 3215 5034 3346 5090; x_wconf 91' lang='lat' dir='ltr'><strong>quos</strong></span> <span class='ocrx_word' id='word_1_829' title='bbox 3388 5016 3587 5074; x_wconf 87' lang='lat' dir='ltr'><strong>habere</strong></span> 
     </span>
    </p>
   </div>
   <div class='ocr_carea' id='block_1_112' title="bbox 1994 5106 3580 5189">
    <p class='ocr_par' dir='ltr' id='par_1_112' title="bbox 1994 5106 3580 5189">
     <span class='ocr_line' id='line_1_112' title="bbox 1994 5106 3580 5189; baseline -0.008 -16"><span class='ocrx_word' id='word_1_830' title='bbox 1994 5117 2323 5189; x_wconf 87' lang='lat' dir='ltr'><strong>Baptismum</strong></span> <span class='ocrx_word' id='word_1_831' title='bbox 2363 5112 2699 5180; x_wconf 80' lang='lat' dir='ltr'><strong>conﬁtemur,</strong></span> <span class='ocrx_word' id='word_1_832' title='bbox 2742 5118 2801 5166; x_wconf 91' lang='lat' dir='ltr'><strong>ut</strong></span> <span class='ocrx_word' id='word_1_833' title='bbox 2826 5112 2972 5167; x_wconf 89' lang='lat' dir='ltr'><strong>omni</strong></span> <span class='ocrx_word' id='word_1_834' title='bbox 2999 5112 3159 5166; x_wconf 92' lang='lat' dir='ltr'><strong>modo</strong></span> <span class='ocrx_word' id='word_1_835' title='bbox 3187 5108 3255 5164; x_wconf 91' lang='lat' dir='ltr'><strong>ad</strong></span> <span class='ocrx_word' id='word_1_836' title='bbox 3286 5106 3580 5171; x_wconf 85' lang='lat' dir='ltr'><strong>Ecclesiam</strong></span> 
     </span>
    </p>
   </div>
   <div class='ocr_carea' id='block_1_113' title="bbox 1994 5199 3580 5271">
    <p class='ocr_par' dir='ltr' id='par_1_113' title="bbox 1994 5199 3580 5271">
     <span class='ocr_line' id='line_1_113' title="bbox 1994 5199 3580 5271; baseline -0.006 -7"><span class='ocrx_word' id='word_1_837' title='bbox 1994 5208 2311 5265; x_wconf 89' lang='lat' dir='ltr'><strong>catholicam</strong></span> <span class='ocrx_word' id='word_1_838' title='bbox 2335 5205 2587 5271; x_wconf 90' lang='lat' dir='ltr'><strong>veniant,</strong></span> <span class='ocrx_word' id='word_1_839' title='bbox 2618 5203 2719 5259; x_wconf 90' lang='lat' dir='ltr'><strong>nisi</strong></span> <span class='ocrx_word' id='word_1_840' title='bbox 2742 5202 3008 5258; x_wconf 92' lang='lat' dir='ltr'><strong>veniendo</strong></span> <span class='ocrx_word' id='word_1_841' title='bbox 3029 5202 3332 5271; x_wconf 87' lang='lat' dir='ltr'><strong>acciperent</strong></span> <span class='ocrx_word' id='word_1_842' title='bbox 3359 5199 3580 5270; x_wconf 89' lang='lat' dir='ltr'><strong>aliquid,</strong></span> 
     </span>
    </p>
   </div>
   <div class='ocr_carea' id='block_1_114' title="bbox 1993 5292 3582 5373">
    <p class='ocr_par' dir='ltr' id='par_1_114' title="bbox 1993 5292 3582 5373">
     <span class='ocr_line' id='line_1_114' title="bbox 1993 5292 3582 5373; baseline -0.006 -16"><span class='ocrx_word' id='word_1_843' title='bbox 1993 5300 2138 5373; x_wconf 91' lang='lat' dir='ltr'><strong>quod</strong></span> <span class='ocrx_word' id='word_1_844' title='bbox 2159 5314 2257 5355; x_wconf 90' lang='lat' dir='ltr'><strong>nec</strong></span> <span class='ocrx_word' id='word_1_845' title='bbox 2285 5297 2412 5353; x_wconf 90' lang='lat' dir='ltr'><strong>alibi</strong></span> <span class='ocrx_word' id='word_1_846' title='bbox 2438 5296 2645 5368; x_wconf 88' lang='lat' dir='ltr'><strong>possint</strong></span> <span class='ocrx_word' id='word_1_847' title='bbox 2666 5296 2944 5367; x_wconf 88' lang='lat' dir='ltr'><strong>accipere;</strong></span> <span class='ocrx_word' id='word_1_848' title='bbox 2973 5302 3027 5350; x_wconf 91' lang='lat' dir='ltr'><strong>et</strong></span> <span class='ocrx_word' id='word_1_849' title='bbox 3052 5292 3193 5364; x_wconf 89' lang='lat' dir='ltr'><strong>quod</strong></span> <span class='ocrx_word' id='word_1_850' title='bbox 3224 5293 3325 5348; x_wconf 92' lang='lat' dir='ltr'><strong>nisi</strong></span> <span class='ocrx_word' id='word_1_851' title='bbox 3355 5307 3582 5365; x_wconf 86' lang='lat' dir='ltr'><strong>accepe-</strong></span> 
     </span>
    </p>
   </div>
   <div class='ocr_carea' id='block_1_115' title="bbox 1994 5386 3583 5463">
    <p class='ocr_par' dir='ltr' id='par_1_115' title="bbox 1994 5386 3583 5463">
     <span class='ocr_line' id='line_1_115' title="bbox 1994 5386 3583 5463; baseline -0.006 -12"><span class='ocrx_word' id='word_1_852' title='bbox 1994 5397 2127 5463; x_wconf 89' lang='lat' dir='ltr'><strong>rint,</strong></span> <span class='ocrx_word' id='word_1_853' title='bbox 2157 5394 2351 5449; x_wconf 88' lang='lat' dir='ltr'><strong>frustra</strong></span> <span class='ocrx_word' id='word_1_854' title='bbox 2382 5400 2436 5447; x_wconf 89' lang='lat' dir='ltr'><strong>ct</strong></span> <span class='ocrx_word' id='word_1_855' title='bbox 2465 5390 2766 5463; x_wconf 85' lang='lat' dir='ltr'><strong>perniciose</strong></span> <span class='ocrx_word' id='word_1_856' title='bbox 2792 5388 3023 5444; x_wconf 89' lang='lat' dir='ltr'><strong>habeant</strong></span> <span class='ocrx_word' id='word_1_857' title='bbox 3065 5400 3412 5458; x_wconf 74' lang='lat' dir='ltr'><strong>quzeeumque</strong></span> <span class='ocrx_word' id='word_1_858' title='bbox 3452 5386 3583 5455; x_wconf 88' lang='lat' dir='ltr'><strong>alia,</strong></span> 
     </span>
    </p>
   </div>
   <div class='ocr_carea' id='block_1_116' title="bbox 1994 5478 3587 5562">
    <p class='ocr_par' dir='ltr' id='par_1_116' title="bbox 1994 5478 3587 5562">
     <span class='ocr_line' id='line_1_116' title="bbox 1994 5478 3587 5562; baseline -0.004 -18"><span class='ocrx_word' id='word_1_859' title='bbox 1994 5489 2236 5562; x_wconf 90' lang='lat' dir='ltr'><strong>quamvis</strong></span> <span class='ocrx_word' id='word_1_860' title='bbox 2275 5488 2414 5544; x_wconf 89' lang='lat' dir='ltr'><strong>bona</strong></span> <span class='ocrx_word' id='word_1_861' title='bbox 2443 5492 2498 5541; x_wconf 90' lang='lat' dir='ltr'><strong>et</strong></span> <span class='ocrx_word' id='word_1_862' title='bbox 2526 5484 2593 5540; x_wconf 90' lang='lat' dir='ltr'><strong>ad</strong></span> <span class='ocrx_word' id='word_1_863' title='bbox 2617 5483 2787 5554; x_wconf 90' lang='lat' dir='ltr'><strong>legem</strong></span> <span class='ocrx_word' id='word_1_864' title='bbox 2838 5480 2931 5535; x_wconf 91' lang='lat' dir='ltr'><strong>Dei</strong></span> <span class='ocrx_word' id='word_1_865' title='bbox 2970 5479 3291 5551; x_wconf 88' lang='lat' dir='ltr'><strong>pertinentia</strong></span> <span class='ocrx_word' id='word_1_866' title='bbox 3313 5522 3329 5549; x_wconf 96' lang='lat'><strong>,</strong></span> <span class='ocrx_word' id='word_1_867' title='bbox 3360 5478 3587 5537; x_wconf 81' lang='lat' dir='ltr'><strong>ubilibet</strong></span> 
     </span>
    </p>
   </div>
   <div class='ocr_carea' id='block_1_117' title="bbox 1992 5571 3580 5657">
    <p class='ocr_par' dir='ltr' id='par_1_117' title="bbox 1992 5571 3580 5657">
     <span class='ocr_line' id='line_1_117' title="bbox 1992 5571 3580 5657; baseline -0.011 -13"><span class='ocrx_word' id='word_1_868' title='bbox 1992 5587 2237 5657; x_wconf 88' lang='lat' dir='ltr'><strong>accipere</strong></span> <span class='ocrx_word' id='word_1_869' title='bbox 2262 5586 2566 5654; x_wconf 89' lang='lat' dir='ltr'><strong>potuerunt.</strong></span> <span class='ocrx_word' id='word_1_870' title='bbox 2606 5577 2719 5633; x_wconf 88' lang='lat' dir='ltr'><strong>Hoc</strong></span> <span class='ocrx_word' id='word_1_871' title='bbox 2747 5574 2890 5631; x_wconf 91' lang='lat' dir='ltr'><strong>enim</strong></span> <span class='ocrx_word' id='word_1_872' title='bbox 2912 5571 3164 5643; x_wconf 89' lang='lat' dir='ltr'><strong>quidquid</strong></span> <span class='ocrx_word' id='word_1_873' title='bbox 3195 5581 3297 5638; x_wconf 87' lang='lat' dir='ltr'><strong>est,</strong></span> <span class='ocrx_word' id='word_1_874' title='bbox 3324 5571 3466 5644; x_wconf 90' lang='lat' dir='ltr'><strong>quod</strong></span> <span class='ocrx_word' id='word_1_875' title='bbox 3486 5587 3580 5629; x_wconf 77' lang='lat' dir='ltr'><strong>se-</strong></span> 
     </span>
    </p>
   </div>
   <div class='ocr_carea' id='block_1_118' title="bbox 1991 5665 3583 5744">
    <p class='ocr_par' dir='ltr' id='par_1_118' title="bbox 1991 5665 3583 5744">
     <span class='ocr_line' id='line_1_118' title="bbox 1991 5665 3583 5744; baseline -0.008 -8"><span class='ocrx_word' id='word_1_876' title='bbox 1991 5677 2229 5737; x_wconf 87' lang='lat' dir='ltr'><strong>cundum</strong></span> <span class='ocrx_word' id='word_1_877' title='bbox 2260 5674 2563 5744; x_wconf 88' lang='lat' dir='ltr'><strong>Scripturas</strong></span> <span class='ocrx_word' id='word_1_878' title='bbox 2593 5667 3052 5737; x_wconf 88' lang='lat' dir='ltr'><strong>certissimamque</strong></span> <span class='ocrx_word' id='word_1_879' title='bbox 3072 5665 3332 5722; x_wconf 87' lang='lat' dir='ltr'><strong>rationem</strong></span> <span class='ocrx_word' id='word_1_880' title='bbox 3355 5665 3583 5723; x_wconf 90' lang='lat' dir='ltr'><strong>inveniri</strong></span> 
     </span>
    </p>
   </div>
   <div class='ocr_carea' id='block_1_119' title="bbox 1994 5756 3637 5844">
    <p class='ocr_par' dir='ltr' id='par_1_119' title="bbox 1994 5756 3637 5844">
     <span class='ocr_line' id='line_1_119' title="bbox 1994 5756 3637 5844; baseline -0.01 -17"><span class='ocrx_word' id='word_1_881' title='bbox 1994 5768 2248 5844; x_wconf 88' lang='lat' dir='ltr'><strong>potuerit,</strong></span> <span class='ocrx_word' id='word_1_882' title='bbox 2277 5780 2385 5820; x_wconf 90' lang='lat' dir='ltr'><strong>non</strong></span> <span class='ocrx_word' id='word_1_883' title='bbox 2411 5762 2515 5818; x_wconf 88' lang='lat' dir='ltr'><strong>nisi</strong></span> <span class='ocrx_word' id='word_1_884' title='bbox 2553 5762 2605 5816; x_wconf 91' lang='lat' dir='ltr'><strong>in</strong></span> <span class='ocrx_word' id='word_1_885' title='bbox 2633 5766 2817 5815; x_wconf 88' lang='lat' dir='ltr'><strong>saneta</strong></span> <span class='ocrx_word' id='word_1_886' title='bbox 2845 5757 3086 5815; x_wconf 89' lang='lat' dir='ltr'><strong>Ecclesia</strong></span> <span class='ocrx_word' id='word_1_887' title='bbox 3118 5757 3202 5816; x_wconf 87' lang='lat' dir='ltr'><strong>vel</strong></span> <span class='ocrx_word' id='word_1_888' title='bbox 3229 5756 3344 5815; x_wconf 87' lang='lat' dir='ltr'><strong>dari</strong></span> <span class='ocrx_word' id='word_1_889' title='bbox 3368 5757 3454 5814; x_wconf 88' lang='lat' dir='ltr'><strong>vel</strong></span> <span class='ocrx_word' id='word_1_890' title='bbox 3483 5771 3580 5813; x_wconf 68' lang='grc' dir='ltr'><strong>ειυ-</strong></span> <span class='ocrx_word' id='word_1_891' title='bbox 3622 5757 3637 5773; x_wconf 89' lang='grc'><strong>’</strong></span> 
     </span>
    </p>
   </div>
   <div class='ocr_carea' id='block_1_120' title="bbox 2061 5922 2599 5977">
    <p class='ocr_par' dir='ltr' id='par_1_120' title="bbox 2061 5922 2599 5977">
     <span class='ocr_line' id='line_1_120' title="bbox 2061 5922 2599 5977; baseline -0.019 -5"><span class='ocrx_word' id='word_1_892' title='bbox 2061 5927 2078 5957; x_wconf 76' lang='grc' dir='ltr'><strong>ι</strong></span> <span class='ocrx_word' id='word_1_893' title='bbox 2113 5931 2212 5971; x_wconf 88' lang='lat' dir='ltr'><strong>Duo</strong></span> <span class='ocrx_word' id='word_1_894' title='bbox 2244 5926 2373 5977; x_wconf 82' lang='lat' dir='ltr'><strong>Mss.,</strong></span> <span class='ocrx_word' id='word_1_895' title='bbox 2398 5922 2599 5977; x_wconf 73' lang='lat' dir='ltr'><strong>certum.</strong></span> 
     </span>
    </p>
   </div>
   <div class='ocr_carea' id='block_1_121' title="bbox 2060 5973 2736 6040">
    <p class='ocr_par' dir='ltr' id='par_1_121' title="bbox 2060 5973 2736 6040">
     <span class='ocr_line' id='line_1_121' title="bbox 2060 5973 2736 6040; baseline -0.003 -9"><span class='ocrx_word' id='word_1_896' title='bbox 2060 5988 2081 6019; x_wconf 74' lang='grc'><strong><em>³</em></strong></span> <span class='ocrx_word' id='word_1_897' title='bbox 2114 5984 2261 6033; x_wconf 83' lang='lat' dir='ltr'><strong>tidem</strong></span> <span class='ocrx_word' id='word_1_898' title='bbox 2281 5973 2378 6031; x_wconf 83' lang='lat' dir='ltr'><strong>duo</strong></span> <span class='ocrx_word' id='word_1_899' title='bbox 2400 5986 2526 6040; x_wconf 72' lang='lat' dir='ltr'><strong>mss,</strong></span> <span class='ocrx_word' id='word_1_900' title='bbox 2549 5973 2736 6029; x_wconf 58' lang='lat' dir='ltr'><strong>dixis“.</strong></span> 
     </span>
    </p>
   </div>
  </div>
