  <div class='ocr_page' id='page_1' title='image "/cluster/home/n/w/nwhite01/storage/ocr_20150623/43/hvd.32044012717385/239.png"; bbox 0 0 3998 6464; ppageno 0'>
   <div class='ocr_carea' id='block_1_1' title="bbox 415 439 521 497">
    <p class='ocr_par' dir='ltr' id='par_1_1' title="bbox 415 439 521 497">
     <span class='ocr_line' id='line_1_1' title="bbox 415 439 521 497; baseline 0 0"><span class='ocrx_word' id='word_1_1' title='bbox 415 439 521 497; x_wconf 66' lang='grc'><strong>18⁸1</strong></span> 
     </span>
    </p>
   </div>
   <div class='ocr_carea' id='block_1_2' title="bbox 1188 424 2935 500">
    <p class='ocr_par' dir='ltr' id='par_1_2' title="bbox 1188 424 2935 500">
     <span class='ocr_line' id='line_1_2' title="bbox 1188 424 2935 500; baseline 0.001 -9"><span class='ocrx_word' id='word_1_2' title='bbox 1188 432 1460 491; x_wconf 81' lang='lat' dir='ltr'><strong>CONTRA</strong></span> <span class='ocrx_word' id='word_1_3' title='bbox 1495 429 1932 491; x_wconf 69' lang='lat' dir='ltr'><strong>CBESCONIUM</strong></span> <span class='ocrx_word' id='word_1_4' title='bbox 1970 424 2431 500; x_wconf 65' lang='lat' dir='ltr'><strong>DONA&#39;I&#39;ISTAM,</strong></span> <span class='ocrx_word' id='word_1_5' title='bbox 2469 430 2529 488; x_wconf 91' lang='lat' dir='ltr'><strong>S.</strong></span> <span class='ocrx_word' id='word_1_6' title='bbox 2568 431 2935 492; x_wconf 78' lang='lat' dir='ltr'><strong>AUGUSTINI</strong></span> 
     </span>
    </p>
   </div>
   <div class='ocr_carea' id='block_1_3' title="bbox 414 546 3701 626">
    <p class='ocr_par' dir='ltr' id='par_1_3' title="bbox 414 546 3701 626">
     <span class='ocr_line' id='line_1_3' title="bbox 414 546 3701 626; baseline 0.002 -20"><span class='ocrx_word' id='word_1_7' title='bbox 414 554 523 624; x_wconf 73' lang='lat' dir='ltr'><strong>eipi</strong></span> <span class='ocrx_word' id='word_1_8' title='bbox 548 549 2004 623; x_wconf 65' lang='lat' dir='ltr'><strong>poue,hocpatimbitadfontcmsiguutnu,putcm</strong></span> <span class='ocrx_word' id='word_1_9' title='bbox 2086 546 2550 622; x_wconf 68' lang='lat' dir='ltr'><strong>(Rom.vnt,29),</strong></span> <span class='ocrx_word' id='word_1_10' title='bbox 2596 547 2695 605; x_wconf 76' lang='lat' dir='ltr'><strong>sed</strong></span> <span class='ocrx_word' id='word_1_11' title='bbox 2743 549 2906 605; x_wconf 85' lang='lat' dir='ltr'><strong>etiam</strong></span> <span class='ocrx_word' id='word_1_12' title='bbox 2960 547 3019 605; x_wconf 82' lang='lat' dir='ltr'><strong>bi</strong></span> <span class='ocrx_word' id='word_1_13' title='bbox 3054 550 3149 622; x_wconf 87' lang='lat' dir='ltr'><strong>qui</strong></span> <span class='ocrx_word' id='word_1_14' title='bbox 3184 562 3412 626; x_wconf 78' lang='lat' dir='ltr'><strong>regnum</strong></span> <span class='ocrx_word' id='word_1_15' title='bbox 3466 553 3701 621; x_wconf 75' lang='lat' dir='ltr'><strong>Deinon</strong></span> 
     </span>
    </p>
   </div>
   <div class='ocr_carea' id='block_1_4' title="bbox 414 640 2011 719">
    <p class='ocr_par' dir='ltr' id='par_1_4' title="bbox 414 640 2011 719">
     <span class='ocr_line' id='line_1_4' title="bbox 414 640 2011 719; baseline -0.004 -17"><span class='ocrx_word' id='word_1_16' title='bbox 414 661 570 719; x_wconf 68' lang='lat' dir='ltr'><strong>qua</strong></span> <span class='ocrx_word' id='word_1_17' title='bbox 594 646 740 714; x_wconf 70' lang='lat' dir='ltr'><strong>view,</strong></span> <span class='ocrx_word' id='word_1_18' title='bbox 771 644 1069 715; x_wconf 63' lang='lat' dir='ltr'><strong>pandimus</strong></span> <span class='ocrx_word' id='word_1_19' title='bbox 1091 659 1210 699; x_wconf 75' lang='lat' dir='ltr'><strong>cuin</strong></span> <span class='ocrx_word' id='word_1_20' title='bbox 1235 647 1404 716; x_wconf 77' lang='lat' dir='ltr'><strong>fructu</strong></span> <span class='ocrx_word' id='word_1_21' title='bbox 1430 656 1715 714; x_wconf 71' lang='lat' dir='ltr'><strong>pomus,</strong></span> <span class='ocrx_word' id='word_1_22' title='bbox 1758 640 1912 712; x_wconf 84' lang='lat' dir='ltr'><strong>cujus</strong></span> <span class='ocrx_word' id='word_1_23' title='bbox 1950 648 2011 696; x_wconf 82' lang='lat' dir='ltr'><strong>ut</strong></span> 
     </span>
    </p>
   </div>
   <div class='ocr_carea' id='block_1_5' title="bbox 418 735 2009 811">
    <p class='ocr_par' dir='ltr' id='par_1_5' title="bbox 418 735 2009 811">
     <span class='ocr_line' id='line_1_5' title="bbox 418 735 2009 811; baseline -0.005 -14"><span class='ocrx_word' id='word_1_24' title='bbox 418 740 645 811; x_wconf 79' lang='lat' dir='ltr'><strong>potuisti</strong></span> <span class='ocrx_word' id='word_1_25' title='bbox 668 739 999 796; x_wconf 86' lang='lat' dir='ltr'><strong>mentionem</strong></span> <span class='ocrx_word' id='word_1_26' title='bbox 1019 738 1191 794; x_wconf 80' lang='lat' dir='ltr'><strong>fecisti</strong></span> <span class='ocrx_word' id='word_1_27' title='bbox 1209 778 1227 806; x_wconf 93' lang='lat'><strong>,</strong></span> <span class='ocrx_word' id='word_1_28' title='bbox 1256 737 1352 794; x_wconf 81' lang='lat' dir='ltr'><strong>sed</strong></span> <span class='ocrx_word' id='word_1_29' title='bbox 1375 737 1503 808; x_wconf 84' lang='lat' dir='ltr'><strong>quid</strong></span> <span class='ocrx_word' id='word_1_30' title='bbox 1529 735 1657 791; x_wconf 79' lang='lat' dir='ltr'><strong>illud</strong></span> <span class='ocrx_word' id='word_1_31' title='bbox 1680 735 1775 801; x_wconf 81' lang='lat' dir='ltr'><strong>sit,</strong></span> <span class='ocrx_word' id='word_1_32' title='bbox 1808 749 1915 790; x_wconf 90' lang='lat' dir='ltr'><strong>non</strong></span> <span class='ocrx_word' id='word_1_33' title='bbox 1954 743 2009 790; x_wconf 89' lang='lat' dir='ltr'><strong>te</strong></span> 
     </span>
    </p>
   </div>
   <div class='ocr_carea' id='block_1_6' title="bbox 418 824 2011 902">
    <p class='ocr_par' dir='ltr' id='par_1_6' title="bbox 418 824 2011 902">
     <span class='ocr_line' id='line_1_6' title="bbox 418 824 2011 902; baseline -0.005 -13"><span class='ocrx_word' id='word_1_34' title='bbox 418 831 757 890; x_wconf 75' lang='lat' dir='ltr'><strong>intellexisse</strong></span> <span class='ocrx_word' id='word_1_35' title='bbox 780 831 1095 896; x_wconf 74' lang='lat' dir='ltr'><strong>ostendisti;</strong></span> <span class='ocrx_word' id='word_1_36' title='bbox 1125 828 1556 902; x_wconf 76' lang='lat' dir='ltr'><strong>quandoquidem</strong></span> <span class='ocrx_word' id='word_1_37' title='bbox 1590 828 1694 883; x_wconf 92' lang='lat' dir='ltr'><strong>hoc</strong></span> <span class='ocrx_word' id='word_1_38' title='bbox 1718 824 1788 883; x_wconf 91' lang='lat' dir='ltr'><strong>de</strong></span> <span class='ocrx_word' id='word_1_39' title='bbox 1812 826 2011 882; x_wconf 88' lang='lat' dir='ltr'><strong>visibili</strong></span> 
     </span>
    </p>
   </div>
   <div class='ocr_carea' id='block_1_7' title="bbox 424 921 2010 998">
    <p class='ocr_par' dir='ltr' id='par_1_7' title="bbox 424 921 2010 998">
     <span class='ocr_line' id='line_1_7' title="bbox 424 921 2010 998; baseline -0.006 -15"><span class='ocrx_word' id='word_1_40' title='bbox 424 927 699 998; x_wconf 85' lang='lat' dir='ltr'><strong>Baptismo</strong></span> <span class='ocrx_word' id='word_1_41' title='bbox 722 925 926 982; x_wconf 85' lang='lat' dir='ltr'><strong>dictum</strong></span> <span class='ocrx_word' id='word_1_42' title='bbox 952 940 1075 981; x_wconf 88' lang='lat' dir='ltr'><strong>esse</strong></span> <span class='ocrx_word' id='word_1_43' title='bbox 1107 924 1383 981; x_wconf 84' lang='lat' dir='ltr'><strong>arbitraris</strong></span> <span class='ocrx_word' id='word_1_44' title='bbox 1413 941 1426 977; x_wconf 94' lang='lat'>:</span> <span class='ocrx_word' id='word_1_45' title='bbox 1452 922 1593 994; x_wconf 86' lang='lat' dir='ltr'><strong>quod</strong></span> <span class='ocrx_word' id='word_1_46' title='bbox 1622 921 1747 978; x_wconf 88' lang='lat' dir='ltr'><strong>licet</strong></span> <span class='ocrx_word' id='word_1_47' title='bbox 1766 929 2010 976; x_wconf 86' lang='lat' dir='ltr'><strong>sanctum</strong></span> 
     </span>
    </p>
   </div>
   <div class='ocr_carea' id='block_1_8' title="bbox 425 1014 2010 1089">
    <p class='ocr_par' dir='ltr' id='par_1_8' title="bbox 425 1014 2010 1089">
     <span class='ocr_line' id='line_1_8' title="bbox 425 1014 2010 1089; baseline -0.005 -14"><span class='ocrx_word' id='word_1_48' title='bbox 425 1019 526 1087; x_wconf 74' lang='lat' dir='ltr'><strong>sit,</strong></span> <span class='ocrx_word' id='word_1_49' title='bbox 554 1034 730 1089; x_wconf 74' lang='lat' dir='ltr'><strong>neque</strong></span> <span class='ocrx_word' id='word_1_50' title='bbox 756 1019 866 1074; x_wconf 88' lang='lat' dir='ltr'><strong>ullo</strong></span> <span class='ocrx_word' id='word_1_51' title='bbox 893 1019 1055 1074; x_wconf 73' lang='lat' dir='ltr'><strong>modo</strong></span> <span class='ocrx_word' id='word_1_52' title='bbox 1078 1015 1620 1089; x_wconf 58' lang='lat' dir='ltr'><strong>praetermittendum,</strong></span> <span class='ocrx_word' id='word_1_53' title='bbox 1643 1014 1893 1086; x_wconf 87' lang='lat' dir='ltr'><strong>quoniam</strong></span> <span class='ocrx_word' id='word_1_54' title='bbox 1921 1025 2010 1067; x_wconf 86' lang='lat' dir='ltr'><strong>sa-</strong></span> 
     </span>
    </p>
   </div>
   <div class='ocr_carea' id='block_1_9' title="bbox 422 1105 2011 1183">
    <p class='ocr_par' dir='ltr' id='par_1_9' title="bbox 422 1105 2011 1183">
     <span class='ocr_line' id='line_1_9' title="bbox 422 1105 2011 1183; baseline -0.004 -17"><span class='ocrx_word' id='word_1_55' title='bbox 422 1111 725 1167; x_wconf 70' lang='lat' dir='ltr'><strong>cratissima</strong></span> <span class='ocrx_word' id='word_1_56' title='bbox 755 1110 1145 1183; x_wconf 71' lang='lat' dir='ltr'><strong>signiﬁcatione</strong></span> <span class='ocrx_word' id='word_1_57' title='bbox 1174 1109 1486 1180; x_wconf 68' lang='lat' dir='ltr'><strong>pmpollet;</strong></span> <span class='ocrx_word' id='word_1_58' title='bbox 1512 1120 1675 1181; x_wconf 68' lang='lat' dir='ltr'><strong>quam</strong></span> <span class='ocrx_word' id='word_1_59' title='bbox 1712 1105 1867 1163; x_wconf 71' lang='lat' dir='ltr'><strong>nulli</strong></span> <span class='ocrx_word' id='word_1_60' title='bbox 1884 1118 2011 1161; x_wconf 82' lang='lat' dir='ltr'><strong>eum</strong></span> 
     </span>
    </p>
   </div>
   <div class='ocr_carea' id='block_1_10' title="bbox 425 1202 2011 1276">
    <p class='ocr_par' dir='ltr' id='par_1_10' title="bbox 425 1202 2011 1276">
     <span class='ocr_line' id='line_1_10' title="bbox 425 1202 2011 1276; baseline -0.002 -17"><span class='ocrx_word' id='word_1_61' title='bbox 425 1211 608 1260; x_wconf 88' lang='lat' dir='ltr'><strong>tamen</strong></span> <span class='ocrx_word' id='word_1_62' title='bbox 633 1205 935 1276; x_wconf 91' lang='lat' dir='ltr'><strong>accipiant,</strong></span> <span class='ocrx_word' id='word_1_63' title='bbox 970 1206 1269 1262; x_wconf 80' lang='lat' dir='ltr'><strong>nonsolum</strong></span> <span class='ocrx_word' id='word_1_64' title='bbox 1295 1204 1421 1260; x_wconf 88' lang='lat' dir='ltr'><strong>boni</strong></span> <span class='ocrx_word' id='word_1_65' title='bbox 1449 1202 1862 1276; x_wconf 69' lang='lat' dir='ltr'><strong>quiescundum</strong></span> <span class='ocrx_word' id='word_1_66' title='bbox 1882 1215 2011 1272; x_wconf 91' lang='lat' dir='ltr'><strong>pro-</strong></span> 
     </span>
    </p>
   </div>
   <div class='ocr_carea' id='block_1_11' title="bbox 420 1292 2014 1368">
    <p class='ocr_par' dir='ltr' id='par_1_11' title="bbox 420 1292 2014 1368">
     <span class='ocr_line' id='line_1_11' title="bbox 420 1292 2014 1368; baseline -0.003 -16"><span class='ocrx_word' id='word_1_67' title='bbox 420 1296 660 1366; x_wconf 78' lang='lat' dir='ltr'><strong>positum</strong></span> <span class='ocrx_word' id='word_1_68' title='bbox 710 1299 885 1354; x_wconf 87' lang='lat' dir='ltr'><strong>vocati</strong></span> <span class='ocrx_word' id='word_1_69' title='bbox 942 1307 1068 1355; x_wconf 66' lang='lat' dir='ltr'><strong>sunt</strong></span> <span class='ocrx_word' id='word_1_70' title='bbox 1119 1299 1424 1354; x_wconf 74' lang='lat' dir='ltr'><strong>caniformes</strong></span> <span class='ocrx_word' id='word_1_71' title='bbox 1474 1296 1723 1368; x_wconf 79' lang='lat' dir='ltr'><strong>imaginis</strong></span> <span class='ocrx_word' id='word_1_72' title='bbox 1762 1294 1881 1350; x_wconf 80' lang='lat' dir='ltr'><strong>Filii</strong></span> <span class='ocrx_word' id='word_1_73' title='bbox 1916 1292 2014 1349; x_wconf 86' lang='lat' dir='ltr'><strong>Dei</strong></span> 
     </span>
    </p>
   </div>
   <div class='ocr_carea' id='block_1_12' title="bbox 433 1420 1958 1451">
    <p class='ocr_par' dir='ltr' id='par_1_12' title="bbox 433 1420 1958 1451">
     <span class='ocr_line' id='line_1_12' title="bbox 433 1420 1958 1451; baseline 0 -4"><span class='ocrx_word' id='word_1_74' title='bbox 433 1420 1958 1451; x_wconf 62' lang='lat' dir='ltr'><strong>Wa!</strong></span> 
     </span>
    </p>
   </div>
   <div class='ocr_carea' id='block_1_13' title="bbox 2119 640 3710 720">
    <p class='ocr_par' dir='ltr' id='par_1_13' title="bbox 2119 640 3710 720">
     <span class='ocr_line' id='line_1_13' title="bbox 2119 640 3710 720; baseline 0.009 -25"><span class='ocrx_word' id='word_1_75' title='bbox 2119 640 2498 713; x_wconf 85' lang='lat' dir='ltr'><strong>possidebunt,</strong></span> <span class='ocrx_word' id='word_1_76' title='bbox 2550 640 2604 697; x_wconf 91' lang='lat' dir='ltr'><strong>in</strong></span> <span class='ocrx_word' id='word_1_77' title='bbox 2629 642 2863 713; x_wconf 88' lang='lat' dir='ltr'><strong>quibus,</strong></span> <span class='ocrx_word' id='word_1_78' title='bbox 2912 642 3054 699; x_wconf 88' lang='lat' dir='ltr'><strong>sicut</strong></span> <span class='ocrx_word' id='word_1_79' title='bbox 3099 643 3229 700; x_wconf 88' lang='lat' dir='ltr'><strong>dicit</strong></span> <span class='ocrx_word' id='word_1_80' title='bbox 3280 650 3602 720; x_wconf 68' lang='lat' dir='ltr'><strong>Apostolus,</strong></span> <span class='ocrx_word' id='word_1_81' title='bbox 3654 664 3710 712; x_wconf 83' lang='lat' dir='ltr'><strong>et</strong></span> 
     </span>
    </p>
   </div>
   <div class='ocr_carea' id='block_1_14' title="bbox 2118 733 3706 816">
    <p class='ocr_par' dir='ltr' id='par_1_14' title="bbox 2118 733 3706 816">
     <span class='ocr_line' id='line_1_14' title="bbox 2118 733 3706 816; baseline 0.008 -26"><span class='ocrx_word' id='word_1_82' title='bbox 2118 733 2317 790; x_wconf 81' lang='lat' dir='ltr'><strong>ebriosi</strong></span> <span class='ocrx_word' id='word_1_83' title='bbox 2344 743 2398 791; x_wconf 89' lang='lat' dir='ltr'><strong>et</strong></span> <span class='ocrx_word' id='word_1_84' title='bbox 2412 735 2555 790; x_wconf 83' lang='lat' dir='ltr'><strong>avari</strong></span> <span class='ocrx_word' id='word_1_85' title='bbox 2578 744 2929 790; x_wconf 83' lang='lat' dir='ltr'><strong>numerantur</strong></span> <span class='ocrx_word' id='word_1_86' title='bbox 2950 736 2994 809; x_wconf 85' lang='grc' dir='ltr'><strong>(Ι</strong></span> <span class='ocrx_word' id='word_1_87' title='bbox 3010 736 3131 792; x_wconf 84' lang='lat' dir='ltr'><strong>Cor.</strong></span> <span class='ocrx_word' id='word_1_88' title='bbox 3156 754 3229 803; x_wconf 76' lang='lat' dir='ltr'><strong>vi.</strong></span> <span class='ocrx_word' id='word_1_89' title='bbox 3255 740 3380 812; x_wconf 83' lang='lat' dir='ltr'><strong>l0);</strong></span> <span class='ocrx_word' id='word_1_90' title='bbox 3410 753 3539 814; x_wconf 90' lang='lat' dir='ltr'><strong>puto</strong></span> <span class='ocrx_word' id='word_1_91' title='bbox 3564 747 3706 816; x_wconf 85' lang='lat' dir='ltr'><strong>quod</strong></span> 
     </span>
    </p>
   </div>
   <div class='ocr_carea' id='block_1_15' title="bbox 2118 828 3707 909">
    <p class='ocr_par' dir='ltr' id='par_1_15' title="bbox 2118 828 3707 909">
     <span class='ocr_line' id='line_1_15' title="bbox 2118 828 3707 909; baseline 0.008 -27"><span class='ocrx_word' id='word_1_92' title='bbox 2118 828 2164 883; x_wconf 89' lang='lat' dir='ltr'><strong>si</strong></span> <span class='ocrx_word' id='word_1_93' title='bbox 2190 828 2478 898; x_wconf 78' lang='lat' dir='ltr'><strong>pertinacia</strong></span> <span class='ocrx_word' id='word_1_94' title='bbox 2507 828 2749 900; x_wconf 83' lang='lat' dir='ltr'><strong>deposita</strong></span> <span class='ocrx_word' id='word_1_95' title='bbox 2777 829 3125 900; x_wconf 75' lang='lat' dir='ltr'><strong>cogitaveris,</strong></span> <span class='ocrx_word' id='word_1_96' title='bbox 3154 847 3339 888; x_wconf 85' lang='lat' dir='ltr'><strong>verum</strong></span> <span class='ocrx_word' id='word_1_97' title='bbox 3386 850 3476 891; x_wconf 87' lang='lat' dir='ltr'><strong>me</strong></span> <span class='ocrx_word' id='word_1_98' title='bbox 3504 836 3707 909; x_wconf 87' lang='lat' dir='ltr'><strong>dicere,</strong></span> 
     </span>
    </p>
   </div>
   <div class='ocr_carea' id='block_1_16' title="bbox 2120 918 3710 995">
    <p class='ocr_par' dir='ltr' id='par_1_16' title="bbox 2120 918 3710 995">
     <span class='ocr_line' id='line_1_16' title="bbox 2120 918 3710 995; baseline 0.008 -22"><span class='ocrx_word' id='word_1_99' title='bbox 2120 918 2219 974; x_wconf 86' lang='lat' dir='ltr'><strong>tibi</strong></span> <span class='ocrx_word' id='word_1_100' title='bbox 2244 921 2358 991; x_wconf 87' lang='lat' dir='ltr'><strong>ipse</strong></span> <span class='ocrx_word' id='word_1_101' title='bbox 2376 919 2535 976; x_wconf 91' lang='lat' dir='ltr'><strong>facile</strong></span> <span class='ocrx_word' id='word_1_102' title='bbox 2558 921 2933 991; x_wconf 82' lang='lat' dir='ltr'><strong>respondebis,</strong></span> <span class='ocrx_word' id='word_1_103' title='bbox 2954 930 3016 977; x_wconf 84' lang='lat' dir='ltr'><strong>ut</strong></span> <span class='ocrx_word' id='word_1_104' title='bbox 3036 936 3148 978; x_wconf 90' lang='lat' dir='ltr'><strong>non</strong></span> <span class='ocrx_word' id='word_1_105' title='bbox 3177 938 3388 995; x_wconf 62' lang='lat' dir='ltr'><strong>quaeras</strong></span> <span class='ocrx_word' id='word_1_106' title='bbox 3413 926 3615 983; x_wconf 90' lang='lat' dir='ltr'><strong>fontem</strong></span> <span class='ocrx_word' id='word_1_107' title='bbox 3638 929 3710 985; x_wconf 87' lang='lat' dir='ltr'><strong>si-</strong></span> 
     </span>
    </p>
   </div>
   <div class='ocr_carea' id='block_1_17' title="bbox 2118 1016 3707 1090">
    <p class='ocr_par' dir='ltr' id='par_1_17' title="bbox 2118 1016 3707 1090">
     <span class='ocr_line' id='line_1_17' title="bbox 2118 1016 3707 1090; baseline 0.007 -24"><span class='ocrx_word' id='word_1_108' title='bbox 2118 1022 2335 1087; x_wconf 80' lang='lat' dir='ltr'><strong>gnatum</strong></span> <span class='ocrx_word' id='word_1_109' title='bbox 2364 1023 2419 1071; x_wconf 90' lang='lat' dir='ltr'><strong>et</strong></span> <span class='ocrx_word' id='word_1_110' title='bbox 2438 1024 2658 1087; x_wconf 86' lang='lat' dir='ltr'><strong>puteum</strong></span> <span class='ocrx_word' id='word_1_111' title='bbox 2689 1030 2840 1086; x_wconf 70' lang='lat' dir='ltr'><strong>aqum</strong></span> <span class='ocrx_word' id='word_1_112' title='bbox 2864 1016 3006 1071; x_wconf 81' lang='lat' dir='ltr'><strong>vivae</strong></span> <span class='ocrx_word' id='word_1_113' title='bbox 3027 1058 3041 1082; x_wconf 89' lang='lat'><strong>,</strong></span> <span class='ocrx_word' id='word_1_114' title='bbox 3082 1017 3190 1073; x_wconf 85' lang='lat' dir='ltr'><strong>nisi</strong></span> <span class='ocrx_word' id='word_1_115' title='bbox 3224 1032 3336 1088; x_wconf 90' lang='lat' dir='ltr'><strong>quo</strong></span> <span class='ocrx_word' id='word_1_116' title='bbox 3376 1018 3437 1075; x_wconf 76' lang='lat' dir='ltr'><strong>lii</strong></span> <span class='ocrx_word' id='word_1_117' title='bbox 3480 1021 3569 1090; x_wconf 89' lang='lat' dir='ltr'><strong>qui</strong></span> <span class='ocrx_word' id='word_1_118' title='bbox 3596 1021 3707 1078; x_wconf 85' lang='lat' dir='ltr'><strong>dis-</strong></span> 
     </span>
    </p>
   </div>
   <div class='ocr_carea' id='block_1_18' title="bbox 2116 1108 3707 1181">
    <p class='ocr_par' dir='ltr' id='par_1_18' title="bbox 2116 1108 3707 1181">
     <span class='ocr_line' id='line_1_18' title="bbox 2116 1108 3707 1181; baseline 0.005 -18"><span class='ocrx_word' id='word_1_119' title='bbox 2116 1109 2316 1178; x_wconf 86' lang='lat' dir='ltr'><strong>plicent</strong></span> <span class='ocrx_word' id='word_1_120' title='bbox 2347 1108 2457 1163; x_wconf 86' lang='lat' dir='ltr'><strong>Deo</strong></span> <span class='ocrx_word' id='word_1_121' title='bbox 2476 1150 2491 1174; x_wconf 93' lang='lat'><strong>,</strong></span> <span class='ocrx_word' id='word_1_122' title='bbox 2538 1108 2793 1164; x_wconf 86' lang='lat' dir='ltr'><strong>divinitus</strong></span> <span class='ocrx_word' id='word_1_123' title='bbox 2838 1122 2947 1165; x_wconf 91' lang='lat' dir='ltr'><strong>non</strong></span> <span class='ocrx_word' id='word_1_124' title='bbox 2995 1110 3381 1181; x_wconf 86' lang='lat' dir='ltr'><strong>permittuntur</strong></span> <span class='ocrx_word' id='word_1_125' title='bbox 3422 1112 3707 1171; x_wconf 82' lang='lat' dir='ltr'><strong>accedere.</strong></span> 
     </span>
    </p>
   </div>
   <div class='ocr_carea' id='block_1_19' title="bbox 2116 1199 2531 1275">
    <p class='ocr_par' dir='ltr' id='par_1_19' title="bbox 2116 1199 2531 1275">
     <span class='ocr_line' id='line_1_19' title="bbox 2116 1199 2531 1275; baseline -0.002 -17"><span class='ocrx_word' id='word_1_126' title='bbox 2116 1199 2364 1271; x_wconf 88' lang='lat' dir='ltr'><strong>Contuli,</strong></span> <span class='ocrx_word' id='word_1_127' title='bbox 2392 1202 2531 1275; x_wconf 88' lang='lat' dir='ltr'><strong>lege.</strong></span> 
     </span>
    </p>
   </div>
   <div class='ocr_carea' id='block_1_20' title="bbox 1365 1432 2726 1624">
    <p class='ocr_par' dir='ltr' id='par_1_20' title="bbox 1365 1432 2726 1624">
     <span class='ocr_line' id='line_1_20' title="bbox 1365 1432 2726 1624; baseline -0.009 0"><span class='ocrx_word' id='word_1_128' title='bbox 1365 1507 1838 1624; x_wconf 80' lang='lat' dir='ltr'><strong>LIBER</strong></span> <span class='ocrx_word' id='word_1_129' title='bbox 1880 1500 2490 1614; x_wconf 80' lang='lat' dir='ltr'><strong>SECUND</strong></span> <span class='ocrx_word' id='word_1_130' title='bbox 2508 1498 2726 1612; x_wconf 80' lang='lat' dir='ltr'><strong>US.</strong></span> 
     </span>
    </p>
   </div>
   <div class='ocr_carea' id='block_1_21' title="bbox 486 1664 3717 1741">
    <p class='ocr_par' dir='ltr' id='par_1_21' title="bbox 486 1664 3717 1741">
     <span class='ocr_line' id='line_1_21' title="bbox 486 1664 3717 1741; baseline -0.001 -16"><span class='ocrx_word' id='word_1_131' title='bbox 486 1675 738 1725; x_wconf 71' lang='lat' dir='ltr'><strong>Examinat</strong></span> <span class='ocrx_word' id='word_1_132' title='bbox 755 1673 885 1723; x_wconf 60' lang='lat' dir='ltr'><strong>ﬁcta</strong></span> <span class='ocrx_word' id='word_1_133' title='bbox 904 1671 1237 1741; x_wconf 64' lang='lat' dir='ltr'><strong>aliappiaolaa</strong></span> <span class='ocrx_word' id='word_1_134' title='bbox 1250 1676 1507 1741; x_wconf 68' lang='lat' dir='ltr'><strong>uescenti.</strong></span> <span class='ocrx_word' id='word_1_135' title='bbox 1522 1675 1812 1741; x_wconf 66' lang='lat' dir='ltr'><strong>lpsi__sponte</strong></span> <span class='ocrx_word' id='word_1_136' title='bbox 1826 1668 2074 1741; x_wconf 59' lang='lat' dir='ltr'><strong>Mt,</strong></span> <span class='ocrx_word' id='word_1_137' title='bbox 2088 1672 2144 1717; x_wconf 87' lang='lat' dir='ltr'><strong>ut</strong></span> <span class='ocrx_word' id='word_1_138' title='bbox 2166 1671 2392 1741; x_wconf 45' lang='lat' dir='ltr'><strong>allegat?</strong></span> <span class='ocrx_word' id='word_1_139' title='bbox 2716 1664 2877 1741; x_wconf 70' lang='lat' dir='ltr'><strong>potius</strong></span> <span class='ocrx_word' id='word_1_140' title='bbox 2894 1669 3332 1741; x_wconf 60' lang='lat' dir='ltr'><strong>quamnonatistas</strong></span> <span class='ocrx_word' id='word_1_141' title='bbox 3352 1667 3589 1741; x_wconf 75' lang='lat' dir='ltr'><strong>appellet.</strong></span> <span class='ocrx_word' id='word_1_142' title='bbox 3609 1666 3717 1723; x_wconf 79' lang='lat' dir='ltr'><strong>Illos</strong></span> 
     </span>
    </p>
   </div>
   <div class='ocr_carea' id='block_1_22' title="bbox 419 1728 2967 1805">
    <p class='ocr_par' dir='ltr' id='par_1_22' title="bbox 419 1728 2967 1805">
     <span class='ocr_line' id='line_1_22' title="bbox 419 1728 2967 1805; baseline -0.001 2"><span class='ocrx_word' id='word_1_143' title='bbox 419 1744 588 1787; x_wconf 71' lang='lat' dir='ltr'><strong>autem</strong></span> <span class='ocrx_word' id='word_1_144' title='bbox 627 1750 656 1789; x_wconf 79' lang='grc' dir='ltr'><strong>ει</strong></span> <span class='ocrx_word' id='word_1_145' title='bbox 693 1748 753 1786; x_wconf 79' lang='lat' dir='ltr'><strong>se</strong></span> <span class='ocrx_word' id='word_1_146' title='bbox 795 1728 1137 1805; x_wconf 59' lang='grc' dir='ltr'><strong>ωρτίροάίέιρε</strong></span> <span class='ocrx_word' id='word_1_147' title='bbox 1159 1738 1416 1805; x_wconf 59' lang='lat' dir='ltr'><strong>melicos</strong></span> <span class='ocrx_word' id='word_1_148' title='bbox 1432 1728 1681 1805; x_wconf 56' lang='lat' dir='ltr'><strong>autem!“</strong></span> <span class='ocrx_word' id='word_1_149' title='bbox 1713 1748 1725 1783; x_wconf 85' lang='lat'><em>=</em></span> <span class='ocrx_word' id='word_1_150' title='bbox 1752 1746 1848 1805; x_wconf 61' lang='lat' dir='ltr'><strong>nec</strong></span> <span class='ocrx_word' id='word_1_151' title='bbox 1866 1738 2168 1805; x_wconf 54' lang='lat' dir='ltr'><strong>necesse</strong></span> <span class='ocrx_word' id='word_1_152' title='bbox 2191 1728 2967 1805; x_wconf 46' lang='lat' dir='ltr'><strong>iﬁwesevjusswneee</strong></span> 
     </span>
    </p>
   </div>
   <div class='ocr_carea' id='block_1_23' title="bbox 419 1788 2969 1867">
    <p class='ocr_par' dir='ltr' id='par_1_23' title="bbox 419 1788 2969 1867">
     <span class='ocr_line' id='line_1_23' title="bbox 419 1788 2969 1867; baseline -0.005 -19"><span class='ocrx_word' id='word_1_153' title='bbox 419 1811 567 1867; x_wconf 73' lang='lat' dir='ltr'><strong>posse</strong></span> <span class='ocrx_word' id='word_1_154' title='bbox 587 1810 773 1867; x_wconf 71' lang='lat' dir='ltr'><strong>eorum</strong></span> <span class='ocrx_word' id='word_1_155' title='bbox 813 1796 1032 1867; x_wconf 76' lang='lat' dir='ltr'><strong>clericos,</strong></span> <span class='ocrx_word' id='word_1_156' title='bbox 1073 1788 1365 1867; x_wconf 68' lang='lat' dir='ltr'><strong>_£cclesi:e</strong></span> <span class='ocrx_word' id='word_1_157' title='bbox 1380 1797 1571 1848; x_wconf 73' lang='lat' dir='ltr'><strong>utilitati</strong></span> <span class='ocrx_word' id='word_1_158' title='bbox 1598 1796 1862 1867; x_wconf 61' lang='lat' dir='ltr'><strong>convenire</strong></span> <span class='ocrx_word' id='word_1_159' title='bbox 1883 1792 2117 1867; x_wconf 62' lang='lat' dir='ltr'><strong>videatur,</strong></span> <span class='ocrx_word' id='word_1_160' title='bbox 2144 1789 2597 1867; x_wconf 25' lang='lat' dir='ltr'><strong>insuisAltonori‘busj</strong></span> <span class='ocrx_word' id='word_1_161' title='bbox 2609 1788 2969 1867; x_wconf 46' lang='lat' dir='ltr'><strong>recipi;</strong></span> 
     </span>
    </p>
   </div>
   <div class='ocr_carea' id='block_1_24' title="bbox 416 1856 2062 1923">
    <p class='ocr_par' dir='ltr' id='par_1_24' title="bbox 416 1856 2062 1923">
     <span class='ocr_line' id='line_1_24' title="bbox 416 1856 2062 1923; baseline -0.007 -10"><span class='ocrx_word' id='word_1_162' title='bbox 416 1856 630 1923; x_wconf 58' lang='lat' dir='ltr'><strong>Ecclesia</strong></span> <span class='ocrx_word' id='word_1_163' title='bbox 650 1894 667 1920; x_wconf 83' lang='lat'><strong>,</strong></span> <span class='ocrx_word' id='word_1_164' title='bbox 706 1859 836 1923; x_wconf 84' lang='lat' dir='ltr'><strong>quod</strong></span> <span class='ocrx_word' id='word_1_165' title='bbox 883 1856 1059 1923; x_wconf 63' lang='lat' dir='ltr'><strong>praeter</strong></span> <span class='ocrx_word' id='word_1_166' title='bbox 1089 1860 1218 1923; x_wconf 82' lang='lat' dir='ltr'><strong>illam</strong></span> <span class='ocrx_word' id='word_1_167' title='bbox 1238 1862 1435 1910; x_wconf 87' lang='lat' dir='ltr'><strong>omnino</strong></span> <span class='ocrx_word' id='word_1_168' title='bbox 1464 1873 1561 1909; x_wconf 91' lang='lat' dir='ltr'><strong>non</strong></span> <span class='ocrx_word' id='word_1_169' title='bbox 1583 1859 1742 1916; x_wconf 87' lang='lat' dir='ltr'><strong>datur,</strong></span> <span class='ocrx_word' id='word_1_170' title='bbox 1767 1856 1915 1923; x_wconf 77' lang='lat' dir='ltr'><strong>idque</strong></span> <span class='ocrx_word' id='word_1_171' title='bbox 1937 1866 2062 1923; x_wconf 66' lang='lat' dir='ltr'><strong>esse</strong></span> 
     </span>
    </p>
   </div>
   <div class='ocr_carea' id='block_1_25' title="bbox 3251 1741 3718 1793">
    <p class='ocr_par' dir='ltr' id='par_1_25' title="bbox 3251 1741 3718 1793">
     <span class='ocr_line' id='line_1_25' title="bbox 3251 1741 3718 1793; baseline 0.013 -14"><span class='ocrx_word' id='word_1_172' title='bbox 3251 1743 3538 1793; x_wconf 84' lang='lat' dir='ltr'><strong>esse;qutn</strong></span> <span class='ocrx_word' id='word_1_173' title='bbox 3572 1741 3718 1785; x_wconf 65' lang='lat' dir='ltr'><strong>suam</strong></span> 
     </span>
    </p>
   </div>
   <div class='ocr_carea' id='block_1_26' title="bbox 3196 1793 3719 1851">
    <p class='ocr_par' dir='ltr' id='par_1_26' title="bbox 3196 1793 3719 1851">
     <span class='ocr_line' id='line_1_26' title="bbox 3196 1793 3719 1851; baseline 0.008 -10"><span class='ocrx_word' id='word_1_174' title='bbox 3196 1793 3522 1843; x_wconf 78' lang='lat' dir='ltr'><strong>redeuntibus</strong></span> <span class='ocrx_word' id='word_1_175' title='bbox 3536 1794 3642 1851; x_wconf 84' lang='lat' dir='ltr'><strong>dari</strong></span> <span class='ocrx_word' id='word_1_176' title='bbox 3668 1796 3719 1845; x_wconf 87' lang='lat' dir='ltr'><strong>in</strong></span> 
     </span>
    </p>
   </div>
   <div class='ocr_carea' id='block_1_27' title="bbox 2084 1828 3717 1911">
    <p class='ocr_par' dir='ltr' id='par_1_27' title="bbox 2084 1828 3717 1911">
     <span class='ocr_line' id='line_1_27' title="bbox 2084 1828 3717 1911; baseline 0.002 -9"><span class='ocrx_word' id='word_1_177' title='bbox 2084 1828 3004 1902; x_wconf 51' lang='lat' dir='ltr'><strong>do?u‘in&quot;eﬁ§r&quot;i&amp;i§ﬁdc2?&quot;&#39;uniiﬁ¥ﬁ</strong></span> <span class='ocrx_word' id='word_1_178' title='bbox 3010 1828 3522 1911; x_wconf 58' lang='grc' dir='ltr'><strong>ιῖὶῖἰῖ,”«ἐόιῖε“ἑῗὲἶἰἰῖὲ</strong></span> <span class='ocrx_word' id='word_1_179' title='bbox 3536 1828 3717 1905; x_wconf 61' lang='grc' dir='ltr'><strong>Ε’ξαῖ</strong></span> 
     </span>
    </p>
   </div>
   <div class='ocr_carea' id='block_1_28' title="bbox 420 1913 3717 1985">
    <p class='ocr_par' dir='ltr' id='par_1_28' title="bbox 420 1913 3717 1985">
     <span class='ocr_line' id='line_1_28' title="bbox 420 1913 3717 1985; baseline -0.001 -16"><span class='ocrx_word' id='word_1_180' title='bbox 420 1922 581 1985; x_wconf 74' lang='lat' dir='ltr'><strong>dantis</strong></span> <span class='ocrx_word' id='word_1_181' title='bbox 619 1913 914 1980; x_wconf 48' lang='lat' dir='ltr'><strong>attenditur}</strong></span> <span class='ocrx_word' id='word_1_182' title='bbox 959 1935 1070 1985; x_wconf 72' lang='lat' dir='ltr'><strong>qua:</strong></span> <span class='ocrx_word' id='word_1_183' title='bbox 1111 1922 1277 1985; x_wconf 80' lang='lat' dir='ltr'><strong>abluat</strong></span> <span class='ocrx_word' id='word_1_184' title='bbox 1313 1924 1609 1985; x_wconf 81' lang='lat' dir='ltr'><strong>accipientis,</strong></span> <span class='ocrx_word' id='word_1_185' title='bbox 1652 1937 1675 1965; x_wconf 74' lang='grc' dir='ltr'><strong>ι</strong></span> <span class='ocrx_word' id='word_1_186' title='bbox 1705 1913 1848 1969; x_wconf 59' lang='lat' dir='ltr'><strong>male&quot;</strong></span> <span class='ocrx_word' id='word_1_187' title='bbox 1866 1914 2065 1985; x_wconf 83' lang='lat' dir='ltr'><strong>defendi</strong></span> <span class='ocrx_word' id='word_1_188' title='bbox 2102 1927 2132 1964; x_wconf 87' lang='lat' dir='ltr'><strong>a</strong></span> <span class='ocrx_word' id='word_1_189' title='bbox 2168 1916 2426 1985; x_wconf 70' lang='lat' dir='ltr'><strong>aesconio</strong></span> <span class='ocrx_word' id='word_1_190' title='bbox 2448 1913 2767 1985; x_wconf 68' lang='lat' dir='ltr'><strong>demonstrat.</strong></span> <span class='ocrx_word' id='word_1_191' title='bbox 2788 1916 2978 1985; x_wconf 54' lang='lat' dir='ltr'><strong>Excitat</strong></span> <span class='ocrx_word' id='word_1_192' title='bbox 2997 1914 3142 1985; x_wconf 75' lang='lat' dir='ltr'><strong>allata</strong></span> <span class='ocrx_word' id='word_1_193' title='bbox 3163 1916 3227 1966; x_wconf 80' lang='lat' dir='ltr'><strong>ab</strong></span> <span class='ocrx_word' id='word_1_194' title='bbox 3458 1920 3717 1985; x_wconf 69' lang='lat' dir='ltr'><strong>scripture</strong></span> 
     </span>
    </p>
   </div>
   <div class='ocr_carea' id='block_1_29' title="bbox 422 1975 3716 2050">
    <p class='ocr_par' dir='ltr' id='par_1_29' title="bbox 422 1975 3716 2050">
     <span class='ocr_line' id='line_1_29' title="bbox 422 1975 3716 2050; baseline -0 -18"><span class='ocrx_word' id='word_1_195' title='bbox 422 1981 548 2044; x_wconf 85' lang='lat' dir='ltr'><strong>loca,</strong></span> <span class='ocrx_word' id='word_1_196' title='bbox 568 1985 703 2050; x_wconf 77' lang='lat' dir='ltr'><strong>istud</strong></span> <span class='ocrx_word' id='word_1_197' title='bbox 726 1975 1043 2047; x_wconf 74' lang='lat' dir='ltr'><strong>potissimum,</strong></span> <span class='ocrx_word' id='word_1_198' title='bbox 1068 1982 1157 2045; x_wconf 84' lang='lat' dir='ltr'><strong>Qui</strong></span> <span class='ocrx_word' id='word_1_199' title='bbox 1201 1975 1468 2050; x_wconf 66' lang='lat' dir='ltr'><strong>baptizatur</strong></span> <span class='ocrx_word' id='word_1_200' title='bbox 1489 2000 1522 2035; x_wconf 80' lang='grc' dir='ltr'><em>α</em></span> <span class='ocrx_word' id='word_1_201' title='bbox 1559 1975 1765 2043; x_wconf 73' lang='lat' dir='ltr'><strong>mortuo,</strong></span> <span class='ocrx_word' id='word_1_202' title='bbox 1805 1986 1899 2030; x_wconf 77' lang='lat' dir='ltr'><strong>etc.</strong></span> <span class='ocrx_word' id='word_1_203' title='bbox 1927 1983 2174 2029; x_wconf 76' lang='lat' dir='ltr'><strong>Postremo</strong></span> <span class='ocrx_word' id='word_1_204' title='bbox 2194 1975 2256 2025; x_wconf 86' lang='lat' dir='ltr'><strong>ad</strong></span> <span class='ocrx_word' id='word_1_205' title='bbox 2284 1975 2500 2040; x_wconf 62' lang='lat' dir='ltr'><strong>Cypriani</strong></span> <span class='ocrx_word' id='word_1_206' title='bbox 2519 1977 2857 2027; x_wconf 67' lang='lat' dir='ltr'><strong>macritatem</strong></span> <span class='ocrx_word' id='word_1_207' title='bbox 2877 1975 2942 2028; x_wconf 86' lang='lat' dir='ltr'><strong>de</strong></span> <span class='ocrx_word' id='word_1_208' title='bbox 2963 1978 3320 2040; x_wconf 77' lang='lat' dir='ltr'><strong>rebapunndis</strong></span> <span class='ocrx_word' id='word_1_209' title='bbox 3634 1992 3716 2031; x_wconf 84' lang='lat' dir='ltr'><strong>re-</strong></span> 
     </span>
    </p>
   </div>
   <div class='ocr_carea' id='block_1_30' title="bbox 424 2046 652 2108">
    <p class='ocr_par' dir='ltr' id='par_1_30' title="bbox 424 2046 652 2108">
     <span class='ocr_line' id='line_1_30' title="bbox 424 2046 652 2108; baseline 0.009 -14"><span class='ocrx_word' id='word_1_210' title='bbox 424 2046 652 2108; x_wconf 83' lang='lat' dir='ltr'><strong>spondet.</strong></span> 
     </span>
    </p>
   </div>
   <div class='ocr_carea' id='block_1_31' title="bbox 496 2149 2008 2225">
    <p class='ocr_par' dir='ltr' id='par_1_31' title="bbox 496 2149 2008 2225">
     <span class='ocr_line' id='line_1_31' title="bbox 496 2149 2008 2225; baseline -0.005 -16"><span class='ocrx_word' id='word_1_211' title='bbox 496 2152 720 2211; x_wconf 84' lang='lat' dir='ltr'><strong>CAPUT</strong></span> <span class='ocrx_word' id='word_1_212' title='bbox 764 2150 1047 2210; x_wconf 70' lang='lat' dir='ltr'><strong>PRIMUM.</strong></span> <span class='ocrx_word' id='word_1_213' title='bbox 1076 2183 1146 2193; x_wconf 91' lang='lat'><strong>—</strong></span> <span class='ocrx_word' id='word_1_214' title='bbox 1176 2152 1229 2210; x_wconf 77' lang='grc' dir='ltr'><strong>Ι.</strong></span> <span class='ocrx_word' id='word_1_215' title='bbox 1254 2153 1556 2225; x_wconf 83' lang='lat' dir='ltr'><strong>Superioris</strong></span> <span class='ocrx_word' id='word_1_216' title='bbox 1578 2149 1870 2207; x_wconf 81' lang='lat' dir='ltr'><strong>voluminis</strong></span> <span class='ocrx_word' id='word_1_217' title='bbox 1899 2155 2008 2204; x_wconf 88' lang='lat' dir='ltr'><strong>tam</strong></span> 
     </span>
    </p>
   </div>
   <div class='ocr_carea' id='block_1_32' title="bbox 424 2240 2014 2316">
    <p class='ocr_par' dir='ltr' id='par_1_32' title="bbox 424 2240 2014 2316">
     <span class='ocr_line' id='line_1_32' title="bbox 424 2240 2014 2316; baseline -0.003 -17"><span class='ocrx_word' id='word_1_218' title='bbox 424 2243 637 2315; x_wconf 79' lang='lat' dir='ltr'><strong>prolixo</strong></span> <span class='ocrx_word' id='word_1_219' title='bbox 664 2257 937 2309; x_wconf 83' lang='lat' dir='ltr'><strong>sermone,</strong></span> <span class='ocrx_word' id='word_1_220' title='bbox 970 2253 1099 2316; x_wconf 87' lang='lat' dir='ltr'><strong>puto</strong></span> <span class='ocrx_word' id='word_1_221' title='bbox 1125 2242 1267 2316; x_wconf 90' lang='lat' dir='ltr'><strong>quod</strong></span> <span class='ocrx_word' id='word_1_222' title='bbox 1315 2243 1527 2299; x_wconf 88' lang='lat' dir='ltr'><strong>tandem</strong></span> <span class='ocrx_word' id='word_1_223' title='bbox 1556 2240 1838 2313; x_wconf 82' lang='lat' dir='ltr'><strong>aliquando</strong></span> <span class='ocrx_word' id='word_1_224' title='bbox 1882 2254 2014 2311; x_wconf 87' lang='lat' dir='ltr'><strong>per-</strong></span> 
     </span>
    </p>
   </div>
   <div class='ocr_carea' id='block_1_33' title="bbox 426 2333 2016 2403">
    <p class='ocr_par' dir='ltr' id='par_1_33' title="bbox 426 2333 2016 2403">
     <span class='ocr_line' id='line_1_33' title="bbox 426 2333 2016 2403; baseline -0.003 -11"><span class='ocrx_word' id='word_1_225' title='bbox 426 2336 713 2402; x_wconf 81' lang='lat' dir='ltr'><strong>suasimus,</strong></span> <span class='ocrx_word' id='word_1_226' title='bbox 740 2350 848 2390; x_wconf 89' lang='lat' dir='ltr'><strong>non</strong></span> <span class='ocrx_word' id='word_1_227' title='bbox 878 2350 998 2391; x_wconf 89' lang='lat' dir='ltr'><strong>esse</strong></span> <span class='ocrx_word' id='word_1_228' title='bbox 1024 2337 1077 2391; x_wconf 90' lang='lat' dir='ltr'><strong>in</strong></span> <span class='ocrx_word' id='word_1_229' title='bbox 1124 2335 1225 2391; x_wconf 91' lang='lat' dir='ltr'><strong>hoc</strong></span> <span class='ocrx_word' id='word_1_230' title='bbox 1255 2334 1547 2391; x_wconf 86' lang='lat' dir='ltr'><strong>laudandos</strong></span> <span class='ocrx_word' id='word_1_231' title='bbox 1570 2342 1778 2389; x_wconf 90' lang='lat' dir='ltr'><strong>vestros</strong></span> <span class='ocrx_word' id='word_1_232' title='bbox 1806 2333 2016 2403; x_wconf 90' lang='lat' dir='ltr'><strong>episco-</strong></span> 
     </span>
    </p>
   </div>
   <div class='ocr_carea' id='block_1_34' title="bbox 420 2424 2008 2500">
    <p class='ocr_par' dir='ltr' id='par_1_34' title="bbox 420 2424 2008 2500">
     <span class='ocr_line' id='line_1_34' title="bbox 420 2424 2008 2500; baseline -0.003 -16"><span class='ocrx_word' id='word_1_233' title='bbox 420 2442 526 2500; x_wconf 87' lang='lat' dir='ltr'><strong>pos</strong></span> <span class='ocrx_word' id='word_1_234' title='bbox 549 2443 723 2499; x_wconf 87' lang='lat' dir='ltr'><strong>neqne</strong></span> <span class='ocrx_word' id='word_1_235' title='bbox 750 2429 1123 2499; x_wconf 89' lang='lat' dir='ltr'><strong>approbandos</strong></span> <span class='ocrx_word' id='word_1_236' title='bbox 1142 2471 1155 2493; x_wconf 93' lang='lat'><strong>,</strong></span> <span class='ocrx_word' id='word_1_237' title='bbox 1191 2428 1330 2499; x_wconf 82' lang='lat' dir='ltr'><strong>quod</strong></span> <span class='ocrx_word' id='word_1_238' title='bbox 1360 2429 1428 2485; x_wconf 88' lang='lat' dir='ltr'><strong>de</strong></span> <span class='ocrx_word' id='word_1_239' title='bbox 1456 2443 1618 2483; x_wconf 89' lang='lat' dir='ltr'><strong>causa</strong></span> <span class='ocrx_word' id='word_1_240' title='bbox 1653 2424 2008 2482; x_wconf 85' lang='lat' dir='ltr'><strong>dissensionis</strong></span> 
     </span>
    </p>
   </div>
   <div class='ocr_carea' id='block_1_35' title="bbox 429 2517 2017 2593">
    <p class='ocr_par' dir='ltr' id='par_1_35' title="bbox 429 2517 2017 2593">
     <span class='ocr_line' id='line_1_35' title="bbox 429 2517 2017 2593; baseline -0.003 -17"><span class='ocrx_word' id='word_1_241' title='bbox 429 2534 550 2593; x_wconf 80' lang='lat' dir='ltr'><strong>quae</strong></span> <span class='ocrx_word' id='word_1_242' title='bbox 579 2529 816 2575; x_wconf 86' lang='lat' dir='ltr'><strong>nostram</strong></span> <span class='ocrx_word' id='word_1_243' title='bbox 844 2520 1276 2576; x_wconf 86' lang='lat' dir='ltr'><strong>communionem</strong></span> <span class='ocrx_word' id='word_1_244' title='bbox 1308 2520 1546 2587; x_wconf 88' lang='lat' dir='ltr'><strong>dirimit,</strong></span> <span class='ocrx_word' id='word_1_245' title='bbox 1591 2519 1783 2574; x_wconf 88' lang='lat' dir='ltr'><strong>nolunt</strong></span> <span class='ocrx_word' id='word_1_246' title='bbox 1827 2517 2017 2572; x_wconf 90' lang='lat' dir='ltr'><strong>nobis-</strong></span> 
     </span>
    </p>
   </div>
   <div class='ocr_carea' id='block_1_36' title="bbox 425 2608 2021 2682">
    <p class='ocr_par' dir='ltr' id='par_1_36' title="bbox 425 2608 2021 2682">
     <span class='ocr_line' id='line_1_36' title="bbox 425 2608 2021 2682; baseline -0.003 -14"><span class='ocrx_word' id='word_1_247' title='bbox 425 2626 551 2668; x_wconf 85' lang='lat' dir='ltr'><strong>cum</strong></span> <span class='ocrx_word' id='word_1_248' title='bbox 594 2610 792 2667; x_wconf 85' lang='lat' dir='ltr'><strong>habere</strong></span> <span class='ocrx_word' id='word_1_249' title='bbox 837 2611 1184 2682; x_wconf 78' lang='lat' dir='ltr'><strong>colloquium.</strong></span> <span class='ocrx_word' id='word_1_250' title='bbox 1220 2610 1329 2667; x_wconf 80' lang='lat' dir='ltr'><strong>Hac</strong></span> <span class='ocrx_word' id='word_1_251' title='bbox 1376 2612 1519 2667; x_wconf 90' lang='lat' dir='ltr'><strong>enim</strong></span> <span class='ocrx_word' id='word_1_252' title='bbox 1573 2610 1728 2682; x_wconf 88' lang='lat' dir='ltr'><strong>quasi</strong></span> <span class='ocrx_word' id='word_1_253' title='bbox 1775 2608 2021 2681; x_wconf 72' lang='lat' dir='ltr'><strong>prtescri-</strong></span> 
     </span>
    </p>
   </div>
   <div class='ocr_carea' id='block_1_37' title="bbox 426 2703 2016 2777">
    <p class='ocr_par' dir='ltr' id='par_1_37' title="bbox 426 2703 2016 2777">
     <span class='ocr_line' id='line_1_37' title="bbox 426 2703 2016 2777; baseline -0.002 -17"><span class='ocrx_word' id='word_1_254' title='bbox 426 2705 758 2777; x_wconf 86' lang='lat' dir='ltr'><strong>ptionesein</strong></span> <span class='ocrx_word' id='word_1_255' title='bbox 777 2718 934 2761; x_wconf 89' lang='lat' dir='ltr'><strong>causa</strong></span> <span class='ocrx_word' id='word_1_256' title='bbox 957 2705 1188 2776; x_wconf 77' lang='lat' dir='ltr'><strong>pessima</strong></span> <span class='ocrx_word' id='word_1_257' title='bbox 1210 2714 1400 2776; x_wconf 90' lang='lat' dir='ltr'><strong>putant</strong></span> <span class='ocrx_word' id='word_1_258' title='bbox 1419 2704 1758 2761; x_wconf 85' lang='lat' dir='ltr'><strong>acutissimos</strong></span> <span class='ocrx_word' id='word_1_259' title='bbox 1781 2703 1822 2771; x_wconf 86' lang='grc'><strong>¹,</strong></span> <span class='ocrx_word' id='word_1_260' title='bbox 1837 2716 2016 2774; x_wconf 88' lang='lat' dir='ltr'><strong>quam,</strong></span> 
     </span>
    </p>
   </div>
   <div class='ocr_carea' id='block_1_38' title="bbox 426 2798 2021 2871">
    <p class='ocr_par' dir='ltr' id='par_1_38' title="bbox 426 2798 2021 2871">
     <span class='ocr_line' id='line_1_38' title="bbox 426 2798 2021 2871; baseline 0.001 -18"><span class='ocrx_word' id='word_1_261' title='bbox 426 2798 534 2854; x_wconf 87' lang='lat' dir='ltr'><strong>nisi</strong></span> <span class='ocrx_word' id='word_1_262' title='bbox 566 2798 743 2868; x_wconf 87' lang='lat' dir='ltr'><strong>fallor,</strong></span> <span class='ocrx_word' id='word_1_263' title='bbox 794 2808 849 2856; x_wconf 89' lang='lat' dir='ltr'><strong>et</strong></span> <span class='ocrx_word' id='word_1_264' title='bbox 877 2801 1018 2856; x_wconf 91' lang='lat' dir='ltr'><strong>veris</strong></span> <span class='ocrx_word' id='word_1_265' title='bbox 1060 2800 1328 2871; x_wconf 87' lang='lat' dir='ltr'><strong>certisque</strong></span> <span class='ocrx_word' id='word_1_266' title='bbox 1356 2798 1672 2868; x_wconf 80' lang='lat' dir='ltr'><strong>rationibus,</strong></span> <span class='ocrx_word' id='word_1_267' title='bbox 1705 2808 1758 2855; x_wconf 89' lang='lat' dir='ltr'><strong>et</strong></span> <span class='ocrx_word' id='word_1_268' title='bbox 1784 2798 2021 2854; x_wconf 78' lang='lat' dir='ltr'><strong>maxime</strong></span> 
     </span>
    </p>
   </div>
   <div class='ocr_carea' id='block_1_39' title="bbox 434 2886 2019 2962">
    <p class='ocr_par' dir='ltr' id='par_1_39' title="bbox 434 2886 2019 2962">
     <span class='ocr_line' id='line_1_39' title="bbox 434 2886 2019 2962; baseline 0.001 -17"><span class='ocrx_word' id='word_1_269' title='bbox 434 2890 735 2946; x_wconf 82' lang='lat' dir='ltr'><strong>divinarum</strong></span> <span class='ocrx_word' id='word_1_270' title='bbox 756 2891 1153 2962; x_wconf 86' lang='lat' dir='ltr'><strong>Scripturarum</strong></span> <span class='ocrx_word' id='word_1_271' title='bbox 1182 2891 1443 2962; x_wconf 81' lang='lat' dir='ltr'><strong>exemplis</strong></span> <span class='ocrx_word' id='word_1_272' title='bbox 1471 2892 1681 2962; x_wconf 87' lang='lat' dir='ltr'><strong>penitus</strong></span> <span class='ocrx_word' id='word_1_273' title='bbox 1706 2886 1979 2961; x_wconf 86' lang='lat' dir='ltr'><strong>amputavi</strong></span> <span class='ocrx_word' id='word_1_274' title='bbox 2005 2932 2019 2955; x_wconf 95' lang='lat'><strong>,</strong></span> 
     </span>
    </p>
   </div>
   <div class='ocr_carea' id='block_1_40' title="bbox 435 2982 2023 3053">
    <p class='ocr_par' dir='ltr' id='par_1_40' title="bbox 435 2982 2023 3053">
     <span class='ocr_line' id='line_1_40' title="bbox 435 2982 2023 3053; baseline 0.001 -17"><span class='ocrx_word' id='word_1_275' title='bbox 435 2982 628 3052; x_wconf 87' lang='lat' dir='ltr'><strong>quibus</strong></span> <span class='ocrx_word' id='word_1_276' title='bbox 654 2983 1037 3039; x_wconf 88' lang='lat' dir='ltr'><strong>dilucidissime</strong></span> <span class='ocrx_word' id='word_1_277' title='bbox 1065 2982 1245 3052; x_wconf 89' lang='lat' dir='ltr'><strong>docui,</strong></span> <span class='ocrx_word' id='word_1_278' title='bbox 1273 2997 1304 3037; x_wconf 88' lang='lat' dir='ltr'><strong>a</strong></span> <span class='ocrx_word' id='word_1_279' title='bbox 1331 2984 1534 3039; x_wconf 86' lang='lat' dir='ltr'><strong>sanctis</strong></span> <span class='ocrx_word' id='word_1_280' title='bbox 1580 2982 2023 3053; x_wconf 66' lang='lat' dir='ltr'><strong>praedicatoribus</strong></span> 
     </span>
    </p>
   </div>
   <div class='ocr_carea' id='block_1_41' title="bbox 432 3074 2026 3144">
    <p class='ocr_par' dir='ltr' id='par_1_41' title="bbox 432 3074 2026 3144">
     <span class='ocr_line' id='line_1_41' title="bbox 432 3074 2026 3144; baseline 0.001 -17"><span class='ocrx_word' id='word_1_281' title='bbox 432 3079 594 3143; x_wconf 88' lang='lat' dir='ltr'><strong>atque</strong></span> <span class='ocrx_word' id='word_1_282' title='bbox 618 3074 974 3130; x_wconf 82' lang='lat' dir='ltr'><strong>assertoribus</strong></span> <span class='ocrx_word' id='word_1_283' title='bbox 998 3074 1257 3141; x_wconf 80' lang='lat' dir='ltr'><strong>veritatis,</strong></span> <span class='ocrx_word' id='word_1_284' title='bbox 1301 3075 1462 3129; x_wconf 82' lang='lat' dir='ltr'><strong>etiam</strong></span> <span class='ocrx_word' id='word_1_285' title='bbox 1491 3085 1679 3129; x_wconf 90' lang='lat' dir='ltr'><strong>contra</strong></span> <span class='ocrx_word' id='word_1_286' title='bbox 1728 3080 2026 3144; x_wconf 66' lang='lat' dir='ltr'><strong>praesentes</strong></span> 
     </span>
    </p>
   </div>
   <div class='ocr_carea' id='block_1_42' title="bbox 434 3162 2025 3237">
    <p class='ocr_par' dir='ltr' id='par_1_42' title="bbox 434 3162 2025 3237">
     <span class='ocr_line' id='line_1_42' title="bbox 434 3162 2025 3237; baseline 0.001 -19"><span class='ocrx_word' id='word_1_287' title='bbox 434 3163 553 3234; x_wconf 85' lang='lat' dir='ltr'><strong>ejus</strong></span> <span class='ocrx_word' id='word_1_288' title='bbox 596 3164 929 3221; x_wconf 74' lang='lat' dir='ltr'><strong>adversarios</strong></span> <span class='ocrx_word' id='word_1_289' title='bbox 950 3208 966 3233; x_wconf 90' lang='lat'><strong>,</strong></span> <span class='ocrx_word' id='word_1_290' title='bbox 994 3180 1095 3222; x_wconf 90' lang='lat' dir='ltr'><strong>nec</strong></span> <span class='ocrx_word' id='word_1_291' title='bbox 1130 3173 1338 3221; x_wconf 88' lang='lat' dir='ltr'><strong>tantum</strong></span> <span class='ocrx_word' id='word_1_292' title='bbox 1369 3167 1461 3237; x_wconf 89' lang='lat' dir='ltr'><strong>qui</strong></span> <span class='ocrx_word' id='word_1_293' title='bbox 1505 3181 1573 3221; x_wconf 86' lang='lat' dir='ltr'><strong>ex</strong></span> <span class='ocrx_word' id='word_1_294' title='bbox 1600 3165 1794 3222; x_wconf 90' lang='lat' dir='ltr'><strong>eodem</strong></span> <span class='ocrx_word' id='word_1_295' title='bbox 1825 3162 2025 3236; x_wconf 82' lang='lat' dir='ltr'><strong>populo</strong></span> 
     </span>
    </p>
   </div>
   <div class='ocr_carea' id='block_1_43' title="bbox 436 3256 2026 3330">
    <p class='ocr_par' dir='ltr' id='par_1_43' title="bbox 436 3256 2026 3330">
     <span class='ocr_line' id='line_1_43' title="bbox 436 3256 2026 3330; baseline 0.001 -17"><span class='ocrx_word' id='word_1_296' title='bbox 436 3270 543 3328; x_wconf 84' lang='lat' dir='ltr'><strong>quo</strong></span> <span class='ocrx_word' id='word_1_297' title='bbox 566 3267 623 3314; x_wconf 83' lang='lat' dir='ltr'><strong>et</strong></span> <span class='ocrx_word' id='word_1_298' title='bbox 664 3259 741 3315; x_wconf 88' lang='lat' dir='ltr'><strong>illi</strong></span> <span class='ocrx_word' id='word_1_299' title='bbox 784 3259 1004 3316; x_wconf 86' lang='lat' dir='ltr'><strong>fuerunt</strong></span> <span class='ocrx_word' id='word_1_300' title='bbox 1025 3301 1040 3325; x_wconf 97' lang='lat'><strong>,</strong></span> <span class='ocrx_word' id='word_1_301' title='bbox 1072 3276 1260 3317; x_wconf 88' lang='lat' dir='ltr'><strong>verum</strong></span> <span class='ocrx_word' id='word_1_302' title='bbox 1285 3260 1445 3316; x_wconf 83' lang='lat' dir='ltr'><strong>etiam</strong></span> <span class='ocrx_word' id='word_1_303' title='bbox 1482 3267 1669 3315; x_wconf 91' lang='lat' dir='ltr'><strong>contra</strong></span> <span class='ocrx_word' id='word_1_304' title='bbox 1695 3256 2026 3330; x_wconf 76' lang='lat' dir='ltr'><strong>alienigenas</strong></span> 
     </span>
    </p>
   </div>
   <div class='ocr_carea' id='block_1_44' title="bbox 434 3353 2028 3424">
    <p class='ocr_par' dir='ltr' id='par_1_44' title="bbox 434 3353 2028 3424">
     <span class='ocr_line' id='line_1_44' title="bbox 434 3353 2028 3424; baseline 0.003 -19"><span class='ocrx_word' id='word_1_305' title='bbox 434 3358 495 3405; x_wconf 86' lang='lat' dir='ltr'><strong>et</strong></span> <span class='ocrx_word' id='word_1_306' title='bbox 518 3360 835 3419; x_wconf 87' lang='lat' dir='ltr'><strong>extraneos;</strong></span> <span class='ocrx_word' id='word_1_307' title='bbox 867 3362 922 3407; x_wconf 87' lang='lat' dir='ltr'><strong>et</strong></span> <span class='ocrx_word' id='word_1_308' title='bbox 964 3353 1105 3409; x_wconf 91' lang='lat' dir='ltr'><strong>unde</strong></span> <span class='ocrx_word' id='word_1_309' title='bbox 1126 3354 1397 3424; x_wconf 82' lang='lat' dir='ltr'><strong>praecipue</strong></span> <span class='ocrx_word' id='word_1_310' title='bbox 1420 3369 1584 3410; x_wconf 88' lang='lat' dir='ltr'><strong>vanas</strong></span> <span class='ocrx_word' id='word_1_311' title='bbox 1611 3353 1924 3409; x_wconf 78' lang='lat' dir='ltr'><strong>formidines</strong></span> <span class='ocrx_word' id='word_1_312' title='bbox 1944 3353 2028 3408; x_wconf 84' lang='lat' dir='ltr'><strong>in—</strong></span> 
     </span>
    </p>
   </div>
   <div class='ocr_carea' id='block_1_45' title="bbox 432 3441 2027 3518">
    <p class='ocr_par' dir='ltr' id='par_1_45' title="bbox 432 3441 2027 3518">
     <span class='ocr_line' id='line_1_45' title="bbox 432 3441 2027 3518; baseline 0.004 -22"><span class='ocrx_word' id='word_1_313' title='bbox 432 3441 599 3513; x_wconf 68' lang='lat' dir='ltr'><strong>iieitis</strong></span> <span class='ocrx_word' id='word_1_314' title='bbox 638 3443 917 3514; x_wconf 83' lang='lat' dir='ltr'><strong>imperitis,</strong></span> <span class='ocrx_word' id='word_1_315' title='bbox 946 3456 1129 3501; x_wconf 89' lang='lat' dir='ltr'><strong>contra</strong></span> <span class='ocrx_word' id='word_1_316' title='bbox 1178 3461 1273 3503; x_wconf 91' lang='lat' dir='ltr'><strong>eos</strong></span> <span class='ocrx_word' id='word_1_317' title='bbox 1313 3447 1403 3518; x_wconf 89' lang='lat' dir='ltr'><strong>qui</strong></span> <span class='ocrx_word' id='word_1_318' title='bbox 1432 3446 1764 3502; x_wconf 89' lang='lat' dir='ltr'><strong>dialecticam</strong></span> <span class='ocrx_word' id='word_1_319' title='bbox 1794 3446 2027 3503; x_wconf 81' lang='lat' dir='ltr'><strong>maxime</strong></span> 
     </span>
    </p>
   </div>
   <div class='ocr_carea' id='block_1_46' title="bbox 432 3535 2028 3606">
    <p class='ocr_par' dir='ltr' id='par_1_46' title="bbox 432 3535 2028 3606">
     <span class='ocr_line' id='line_1_46' title="bbox 432 3535 2028 3606; baseline 0.003 -17"><span class='ocrx_word' id='word_1_320' title='bbox 432 3535 844 3606; x_wconf 79' lang='lat' dir='ltr'><strong>proﬁterentur,</strong></span> <span class='ocrx_word' id='word_1_321' title='bbox 873 3538 1112 3593; x_wconf 88' lang='lat' dir='ltr'><strong>habitum</strong></span> <span class='ocrx_word' id='word_1_322' title='bbox 1139 3538 1307 3595; x_wconf 88' lang='lat' dir='ltr'><strong>fuisse</strong></span> <span class='ocrx_word' id='word_1_323' title='bbox 1340 3552 1642 3594; x_wconf 89' lang='lat' dir='ltr'><strong>sermonem</strong></span> <span class='ocrx_word' id='word_1_324' title='bbox 1668 3556 1681 3592; x_wconf 90' lang='lat'>:</span> <span class='ocrx_word' id='word_1_325' title='bbox 1712 3553 1780 3593; x_wconf 88' lang='lat' dir='ltr'><strong>ne</strong></span> <span class='ocrx_word' id='word_1_326' title='bbox 1804 3547 2028 3593; x_wconf 86' lang='lat' dir='ltr'><strong>conten-</strong></span> 
     </span>
    </p>
   </div>
   <div class='ocr_carea' id='block_1_47' title="bbox 438 3627 2030 3703">
    <p class='ocr_par' dir='ltr' id='par_1_47' title="bbox 438 3627 2030 3703">
     <span class='ocr_line' id='line_1_47' title="bbox 438 3627 2030 3703; baseline 0.003 -20"><span class='ocrx_word' id='word_1_327' title='bbox 438 3627 762 3684; x_wconf 84' lang='lat' dir='ltr'><strong>tiostssimus</strong></span> <span class='ocrx_word' id='word_1_328' title='bbox 815 3629 1072 3687; x_wconf 86' lang='lat' dir='ltr'><strong>habeatur</strong></span> <span class='ocrx_word' id='word_1_329' title='bbox 1113 3631 1554 3703; x_wconf 83' lang='lat' dir='ltr'><strong>diligentissimus</strong></span> <span class='ocrx_word' id='word_1_330' title='bbox 1593 3630 1931 3702; x_wconf 81' lang='lat' dir='ltr'><strong>praedicator,</strong></span> <span class='ocrx_word' id='word_1_331' title='bbox 1974 3638 2030 3687; x_wconf 88' lang='lat' dir='ltr'><strong>et</strong></span> 
     </span>
    </p>
   </div>
   <div class='ocr_carea' id='block_1_48' title="bbox 434 3720 2026 3797">
    <p class='ocr_par' dir='ltr' id='par_1_48' title="bbox 434 3720 2026 3797">
     <span class='ocr_line' id='line_1_48' title="bbox 434 3720 2026 3797; baseline 0.004 -23"><span class='ocrx_word' id='word_1_332' title='bbox 434 3734 512 3775; x_wconf 86' lang='lat' dir='ltr'><strong>ne</strong></span> <span class='ocrx_word' id='word_1_333' title='bbox 540 3720 773 3792; x_wconf 78' lang='lat' dir='ltr'><strong>litigator</strong></span> <span class='ocrx_word' id='word_1_334' title='bbox 814 3730 1028 3793; x_wconf 86' lang='lat' dir='ltr'><strong>putetur</strong></span> <span class='ocrx_word' id='word_1_335' title='bbox 1062 3723 1291 3796; x_wconf 82' lang='lat' dir='ltr'><strong>impiger</strong></span> <span class='ocrx_word' id='word_1_336' title='bbox 1319 3722 1638 3797; x_wconf 83' lang='lat' dir='ltr'><strong>disputator,</strong></span> <span class='ocrx_word' id='word_1_337' title='bbox 1687 3723 1893 3780; x_wconf 88' lang='lat' dir='ltr'><strong>instans</strong></span> <span class='ocrx_word' id='word_1_338' title='bbox 1935 3736 2026 3780; x_wconf 88' lang='lat' dir='ltr'><strong>se-</strong></span> 
     </span>
    </p>
   </div>
   <div class='ocr_carea' id='block_1_49' title="bbox 438 3811 2030 3887">
    <p class='ocr_par' dir='ltr' id='par_1_49' title="bbox 438 3811 2030 3887">
     <span class='ocr_line' id='line_1_49' title="bbox 438 3811 2030 3887; baseline 0.004 -22"><span class='ocrx_word' id='word_1_339' title='bbox 438 3811 672 3867; x_wconf 84' lang='lat' dir='ltr'><strong>cundum</strong></span> <span class='ocrx_word' id='word_1_340' title='bbox 712 3822 1039 3884; x_wconf 69' lang='lat' dir='ltr'><strong>prmceptum</strong></span> <span class='ocrx_word' id='word_1_341' title='bbox 1067 3816 1307 3886; x_wconf 81' lang='lat' dir='ltr'><strong>Apostoli</strong></span> <span class='ocrx_word' id='word_1_342' title='bbox 1336 3823 1635 3886; x_wconf 84' lang='lat' dir='ltr'><strong>opportune</strong></span> <span class='ocrx_word' id='word_1_343' title='bbox 1663 3856 1679 3882; x_wconf 93' lang='lat'><strong>,</strong></span> <span class='ocrx_word' id='word_1_344' title='bbox 1718 3812 2030 3887; x_wconf 82' lang='lat' dir='ltr'><strong>importune</strong></span> 
     </span>
    </p>
   </div>
   <div class='ocr_carea' id='block_1_50' title="bbox 434 3901 2031 3977">
    <p class='ocr_par' dir='ltr' id='par_1_50' title="bbox 434 3901 2031 3977">
     <span class='ocr_line' id='line_1_50' title="bbox 434 3901 2031 3977; baseline 0.004 -20"><span class='ocrx_word' id='word_1_345' title='bbox 434 3901 510 3975; x_wconf 75' lang='lat' dir='ltr'><strong>&#39;(ll</strong></span> <span class='ocrx_word' id='word_1_346' title='bbox 539 3902 675 3960; x_wconf 70' lang='lat' dir='ltr'><strong>Tim.</strong></span> <span class='ocrx_word' id='word_1_347' title='bbox 704 3920 781 3972; x_wconf 77' lang='lat' dir='ltr'><strong>tv,</strong></span> <span class='ocrx_word' id='word_1_348' title='bbox 810 3905 891 3977; x_wconf 74' lang='lat'><strong>2),</strong></span> <span class='ocrx_word' id='word_1_349' title='bbox 921 3916 981 3962; x_wconf 89' lang='lat' dir='ltr'><strong>ut</strong></span> <span class='ocrx_word' id='word_1_350' title='bbox 1027 3906 1266 3964; x_wconf 80' lang='lat' dir='ltr'><strong>doetrina</strong></span> <span class='ocrx_word' id='word_1_351' title='bbox 1296 3921 1427 3963; x_wconf 88' lang='lat' dir='ltr'><strong>sana</strong></span> <span class='ocrx_word' id='word_1_352' title='bbox 1468 3907 1899 3964; x_wconf 83' lang='lat' dir='ltr'><strong>contradicentes</strong></span> <span class='ocrx_word' id='word_1_353' title='bbox 1939 3920 2031 3965; x_wconf 82' lang='lat' dir='ltr'><strong>re-</strong></span> 
     </span>
    </p>
   </div>
   <div class='ocr_carea' id='block_1_51' title="bbox 436 3995 2029 4076">
    <p class='ocr_par' dir='ltr' id='par_1_51' title="bbox 436 3995 2029 4076">
     <span class='ocr_line' id='line_1_51' title="bbox 436 3995 2029 4076; baseline 0.006 -27"><span class='ocrx_word' id='word_1_354' title='bbox 436 3995 790 4066; x_wconf 64' lang='lat' dir='ltr'><strong>tlarguantur,</strong></span> <span class='ocrx_word' id='word_1_355' title='bbox 830 4000 1099 4071; x_wconf 88' lang='lat' dir='ltr'><strong>vaniloqui</strong></span> <span class='ocrx_word' id='word_1_356' title='bbox 1146 4000 1461 4057; x_wconf 80' lang='lat' dir='ltr'><strong>refellantur</strong></span> <span class='ocrx_word' id='word_1_357' title='bbox 1506 4000 1633 4076; x_wconf 85' lang='lat' dir='ltr'><strong>(Tit.</strong></span> <span class='ocrx_word' id='word_1_358' title='bbox 1666 4019 1704 4070; x_wconf 84' lang='grc' dir='ltr'><strong>ι,</strong></span> <span class='ocrx_word' id='word_1_359' title='bbox 1734 4003 1913 4074; x_wconf 77' lang='grc'><strong>9-11),</strong></span> <span class='ocrx_word' id='word_1_360' title='bbox 1940 4003 2029 4059; x_wconf 88' lang='lat' dir='ltr'><strong>in-</strong></span> 
     </span>
    </p>
   </div>
   <div class='ocr_carea' id='block_1_52' title="bbox 438 4088 2031 4163">
    <p class='ocr_par' dir='ltr' id='par_1_52' title="bbox 438 4088 2031 4163">
     <span class='ocr_line' id='line_1_52' title="bbox 438 4088 2031 4163; baseline 0.006 -22"><span class='ocrx_word' id='word_1_361' title='bbox 438 4088 609 4157; x_wconf 82' lang='lat' dir='ltr'><strong>quieti</strong></span> <span class='ocrx_word' id='word_1_362' title='bbox 638 4091 1014 4161; x_wconf 86' lang='lat' dir='ltr'><strong>corripiantur,</strong></span> <span class='ocrx_word' id='word_1_363' title='bbox 1050 4093 1418 4163; x_wconf 86' lang='lat' dir='ltr'><strong>pusillanimes</strong></span> <span class='ocrx_word' id='word_1_364' title='bbox 1440 4095 1807 4163; x_wconf 86' lang='lat' dir='ltr'><strong>consolentur,</strong></span> <span class='ocrx_word' id='word_1_365' title='bbox 1832 4095 2031 4151; x_wconf 85' lang='lat' dir='ltr'><strong>intlrmi</strong></span> 
     </span>
    </p>
   </div>
   <div class='ocr_carea' id='block_1_53' title="bbox 440 4179 2033 4255">
    <p class='ocr_par' dir='ltr' id='par_1_53' title="bbox 440 4179 2033 4255">
     <span class='ocr_line' id='line_1_53' title="bbox 440 4179 2033 4255; baseline 0.009 -24"><span class='ocrx_word' id='word_1_366' title='bbox 440 4179 801 4248; x_wconf 78' lang='lat' dir='ltr'><strong>suscipiantur</strong></span> <span class='ocrx_word' id='word_1_367' title='bbox 850 4182 892 4253; x_wconf 91' lang='lat' dir='ltr'><strong>(l</strong></span> <span class='ocrx_word' id='word_1_368' title='bbox 922 4182 1100 4239; x_wconf 80' lang='lat' dir='ltr'><strong>Thess.</strong></span> <span class='ocrx_word' id='word_1_369' title='bbox 1133 4199 1190 4252; x_wconf 90' lang='lat' dir='ltr'><strong>v,</strong></span> <span class='ocrx_word' id='word_1_370' title='bbox 1224 4184 1338 4255; x_wconf 70' lang='lat' dir='ltr'><strong>l4),</strong></span> <span class='ocrx_word' id='word_1_371' title='bbox 1376 4186 1504 4241; x_wconf 87' lang='lat' dir='ltr'><strong>dum</strong></span> <span class='ocrx_word' id='word_1_372' title='bbox 1541 4187 1799 4244; x_wconf 84' lang='lat' dir='ltr'><strong>adversus</strong></span> <span class='ocrx_word' id='word_1_373' title='bbox 1843 4203 2033 4245; x_wconf 91' lang='lat' dir='ltr'><strong>omnes</strong></span> 
     </span>
    </p>
   </div>
   <div class='ocr_carea' id='block_1_54' title="bbox 440 4270 2031 4350">
    <p class='ocr_par' dir='ltr' id='par_1_54' title="bbox 440 4270 2031 4350">
     <span class='ocr_line' id='line_1_54' title="bbox 440 4270 2031 4350; baseline 0.006 -26"><span class='ocrx_word' id='word_1_374' title='bbox 440 4270 781 4339; x_wconf 72' lang='lat' dir='ltr'><strong>resistentes,</strong></span> <span class='ocrx_word' id='word_1_375' title='bbox 809 4275 1029 4330; x_wconf 79' lang='lat' dir='ltr'><strong>verbum</strong></span> <span class='ocrx_word' id='word_1_376' title='bbox 1072 4276 1259 4332; x_wconf 90' lang='lat' dir='ltr'><strong>salutis</strong></span> <span class='ocrx_word' id='word_1_377' title='bbox 1285 4278 1604 4349; x_wconf 81' lang='lat' dir='ltr'><strong>evangelicae</strong></span> <span class='ocrx_word' id='word_1_378' title='bbox 1632 4294 1752 4333; x_wconf 89' lang='lat' dir='ltr'><strong>cum</strong></span> <span class='ocrx_word' id='word_1_379' title='bbox 1780 4280 2031 4350; x_wconf 86' lang='lat' dir='ltr'><strong>patientia</strong></span> 
     </span>
    </p>
   </div>
   <div class='ocr_carea' id='block_1_55' title="bbox 445 4360 2031 4437">
    <p class='ocr_par' dir='ltr' id='par_1_55' title="bbox 445 4360 2031 4437">
     <span class='ocr_line' id='line_1_55' title="bbox 445 4360 2031 4437; baseline 0.007 -22"><span class='ocrx_word' id='word_1_380' title='bbox 445 4360 775 4431; x_wconf 89' lang='lat' dir='ltr'><strong>defenditur,</strong></span> <span class='ocrx_word' id='word_1_381' title='bbox 799 4364 915 4418; x_wconf 91' lang='lat' dir='ltr'><strong>sine</strong></span> <span class='ocrx_word' id='word_1_382' title='bbox 942 4365 1235 4423; x_wconf 80' lang='lat' dir='ltr'><strong>diffidentia</strong></span> <span class='ocrx_word' id='word_1_383' title='bbox 1260 4369 1598 4437; x_wconf 52' lang='lat' dir='ltr'><strong>praedicatur.</strong></span> <span class='ocrx_word' id='word_1_384' title='bbox 1630 4369 1849 4426; x_wconf 87' lang='lat' dir='ltr'><strong>Ostendi</strong></span> <span class='ocrx_word' id='word_1_385' title='bbox 1870 4370 2031 4426; x_wconf 87' lang='lat' dir='ltr'><strong>etiam</strong></span> 
     </span>
    </p>
   </div>
   <div class='ocr_carea' id='block_1_56' title="bbox 446 4453 2033 4530">
    <p class='ocr_par' dir='ltr' id='par_1_56' title="bbox 446 4453 2033 4530">
     <span class='ocr_line' id='line_1_56' title="bbox 446 4453 2033 4530; baseline 0.007 -23"><span class='ocrx_word' id='word_1_386' title='bbox 446 4468 605 4523; x_wconf 87' lang='lat' dir='ltr'><strong>quam</strong></span> <span class='ocrx_word' id='word_1_387' title='bbox 629 4469 734 4509; x_wconf 91' lang='lat' dir='ltr'><strong>non</strong></span> <span class='ocrx_word' id='word_1_388' title='bbox 760 4453 1001 4512; x_wconf 80' lang='lat' dir='ltr'><strong>debeatis</strong></span> <span class='ocrx_word' id='word_1_389' title='bbox 1040 4458 1162 4513; x_wconf 90' lang='lat' dir='ltr'><strong>ideo</strong></span> <span class='ocrx_word' id='word_1_390' title='bbox 1198 4467 1386 4530; x_wconf 88' lang='lat' dir='ltr'><strong>putare</strong></span> <span class='ocrx_word' id='word_1_391' title='bbox 1415 4460 1553 4529; x_wconf 91' lang='lat' dir='ltr'><strong>apud</strong></span> <span class='ocrx_word' id='word_1_392' title='bbox 1598 4477 1693 4517; x_wconf 88' lang='lat' dir='ltr'><strong>vos</strong></span> <span class='ocrx_word' id='word_1_393' title='bbox 1711 4475 1831 4517; x_wconf 89' lang='lat' dir='ltr'><strong>esse</strong></span> <span class='ocrx_word' id='word_1_394' title='bbox 1858 4462 2033 4518; x_wconf 87' lang='lat' dir='ltr'><strong>homi-</strong></span> 
     </span>
    </p>
   </div>
   <div class='ocr_carea' id='block_1_57' title="bbox 444 4547 2036 4624">
    <p class='ocr_par' dir='ltr' id='par_1_57' title="bbox 444 4547 2036 4624">
     <span class='ocr_line' id='line_1_57' title="bbox 444 4547 2036 4624; baseline 0.004 -23"><span class='ocrx_word' id='word_1_395' title='bbox 444 4560 571 4602; x_wconf 87' lang='lat' dir='ltr'><strong>nem</strong></span> <span class='ocrx_word' id='word_1_396' title='bbox 596 4547 999 4617; x_wconf 79' lang='lat' dir='ltr'><strong>baptizandum,</strong></span> <span class='ocrx_word' id='word_1_397' title='bbox 1038 4550 1163 4619; x_wconf 85' lang='lat' dir='ltr'><strong>quia</strong></span> <span class='ocrx_word' id='word_1_398' title='bbox 1195 4559 1250 4605; x_wconf 89' lang='lat' dir='ltr'><strong>et</strong></span> <span class='ocrx_word' id='word_1_399' title='bbox 1273 4565 1370 4606; x_wconf 90' lang='lat' dir='ltr'><strong>nos</strong></span> <span class='ocrx_word' id='word_1_400' title='bbox 1411 4552 1776 4608; x_wconf 89' lang='lat' dir='ltr'><strong>consentimus</strong></span> <span class='ocrx_word' id='word_1_401' title='bbox 1799 4551 1943 4624; x_wconf 87' lang='lat' dir='ltr'><strong>quod</strong></span> <span class='ocrx_word' id='word_1_402' title='bbox 1978 4561 2036 4609; x_wconf 88' lang='lat' dir='ltr'><strong>et</strong></span> 
     </span>
    </p>
   </div>
   <div class='ocr_carea' id='block_1_58' title="bbox 450 4639 2033 4714">
    <p class='ocr_par' dir='ltr' id='par_1_58' title="bbox 450 4639 2033 4714">
     <span class='ocr_line' id='line_1_58' title="bbox 450 4639 2033 4714; baseline 0.005 -21"><span class='ocrx_word' id='word_1_403' title='bbox 450 4639 636 4696; x_wconf 88' lang='lat' dir='ltr'><strong>haberi</strong></span> <span class='ocrx_word' id='word_1_404' title='bbox 655 4655 686 4695; x_wconf 89' lang='lat' dir='ltr'><strong>a</strong></span> <span class='ocrx_word' id='word_1_405' title='bbox 713 4641 866 4697; x_wconf 87' lang='lat' dir='ltr'><strong>vobis</strong></span> <span class='ocrx_word' id='word_1_406' title='bbox 886 4641 1188 4713; x_wconf 85' lang='lat' dir='ltr'><strong>Baptismus</strong></span> <span class='ocrx_word' id='word_1_407' title='bbox 1221 4644 1388 4714; x_wconf 89' lang='lat' dir='ltr'><strong>possit</strong></span> <span class='ocrx_word' id='word_1_408' title='bbox 1415 4653 1469 4699; x_wconf 91' lang='lat' dir='ltr'><strong>et</strong></span> <span class='ocrx_word' id='word_1_409' title='bbox 1497 4644 1611 4700; x_wconf 88' lang='lat' dir='ltr'><strong>dari</strong></span> <span class='ocrx_word' id='word_1_410' title='bbox 1637 4660 1791 4700; x_wconf 90' lang='lat' dir='ltr'><strong>:cum</strong></span> <span class='ocrx_word' id='word_1_411' title='bbox 1826 4653 1881 4701; x_wconf 91' lang='lat' dir='ltr'><strong>et</strong></span> <span class='ocrx_word' id='word_1_412' title='bbox 1905 4645 2033 4702; x_wconf 91' lang='lat' dir='ltr'><strong>illud</strong></span> 
     </span>
    </p>
   </div>
   <div class='ocr_carea' id='block_1_59' title="bbox 448 4732 2037 4811">
    <p class='ocr_par' dir='ltr' id='par_1_59' title="bbox 448 4732 2037 4811">
     <span class='ocr_line' id='line_1_59' title="bbox 448 4732 2037 4811; baseline 0.004 -22"><span class='ocrx_word' id='word_1_413' title='bbox 448 4732 692 4789; x_wconf 88' lang='lat' dir='ltr'><strong>dicamus</strong></span> <span class='ocrx_word' id='word_1_414' title='bbox 734 4735 1036 4805; x_wconf 88' lang='lat' dir='ltr'><strong>perniciose</strong></span> <span class='ocrx_word' id='word_1_415' title='bbox 1088 4737 1273 4795; x_wconf 86' lang='lat' dir='ltr'><strong>haberi</strong></span> <span class='ocrx_word' id='word_1_416' title='bbox 1302 4746 1357 4794; x_wconf 89' lang='lat' dir='ltr'><strong>et</strong></span> <span class='ocrx_word' id='word_1_417' title='bbox 1385 4738 1683 4809; x_wconf 89' lang='lat' dir='ltr'><strong>perniciose</strong></span> <span class='ocrx_word' id='word_1_418' title='bbox 1722 4738 1871 4805; x_wconf 90' lang='lat' dir='ltr'><strong>dari;</strong></span> <span class='ocrx_word' id='word_1_419' title='bbox 1902 4752 2037 4811; x_wconf 86' lang='lat' dir='ltr'><strong>quo-</strong></span> 
     </span>
    </p>
   </div>
   <div class='ocr_carea' id='block_1_60' title="bbox 447 4812 2034 4903">
    <p class='ocr_par' dir='ltr' id='par_1_60' title="bbox 447 4812 2034 4903">
     <span class='ocr_line' id='line_1_60' title="bbox 447 4812 2034 4903; baseline 0.003 -22"><span class='ocrx_word' id='word_1_420' title='bbox 447 4826 592 4882; x_wconf 87' lang='lat' dir='ltr'><strong>niam</strong></span> <span class='ocrx_word' id='word_1_421' title='bbox 621 4826 707 4881; x_wconf 90' lang='lat' dir='ltr'><strong>illa</strong></span> <span class='ocrx_word' id='word_1_422' title='bbox 739 4835 923 4883; x_wconf 87' lang='lat' dir='ltr'><strong>sancta</strong></span> <span class='ocrx_word' id='word_1_423' title='bbox 943 4870 958 4896; x_wconf 95' lang='lat'><strong>,</strong></span> <span class='ocrx_word' id='word_1_424' title='bbox 999 4828 1191 4900; x_wconf 89' lang='lat' dir='ltr'><strong>quibus</strong></span> <span class='ocrx_word' id='word_1_425' title='bbox 1219 4826 1294 4885; x_wconf 89' lang='lat' dir='ltr'><strong>uti</strong></span> <span class='ocrx_word' id='word_1_426' title='bbox 1316 4837 1372 4885; x_wconf 88' lang='lat' dir='ltr'><strong>et</strong></span> <span class='ocrx_word' id='word_1_427' title='bbox 1394 4830 1517 4885; x_wconf 87' lang='lat' dir='ltr'><strong>mali</strong></span> <span class='ocrx_word' id='word_1_428' title='bbox 1545 4838 1800 4900; x_wconf 90' lang='lat' dir='ltr'><strong>possunt,</strong></span> <span class='ocrx_word' id='word_1_429' title='bbox 1832 4812 2034 4903; x_wconf 79' lang='lat' dir='ltr'><strong>quanto</strong></span> 
     </span>
    </p>
   </div>
   <div class='ocr_carea' id='block_1_61' title="bbox 449 4920 2035 4994">
    <p class='ocr_par' dir='ltr' id='par_1_61' title="bbox 449 4920 2035 4994">
     <span class='ocr_line' id='line_1_61' title="bbox 449 4920 2035 4994; baseline 0.003 -19"><span class='ocrx_word' id='word_1_430' title='bbox 449 4920 717 4975; x_wconf 81' lang='lat' dir='ltr'><strong>sanctiora</strong></span> <span class='ocrx_word' id='word_1_431' title='bbox 755 4929 918 4985; x_wconf 89' lang='lat' dir='ltr'><strong>sunt,</strong></span> <span class='ocrx_word' id='word_1_432' title='bbox 964 4930 1109 4976; x_wconf 78' lang='lat' dir='ltr'><strong>tanto</strong></span> <span class='ocrx_word' id='word_1_433' title='bbox 1137 4923 1205 4978; x_wconf 91' lang='lat' dir='ltr'><strong>ab</strong></span> <span class='ocrx_word' id='word_1_434' title='bbox 1247 4922 1326 4979; x_wconf 89' lang='lat' dir='ltr'><strong>eis</strong></span> <span class='ocrx_word' id='word_1_435' title='bbox 1370 4920 1617 4979; x_wconf 83' lang='lat' dir='ltr'><strong>inutilius</strong></span> <span class='ocrx_word' id='word_1_436' title='bbox 1664 4923 2035 4994; x_wconf 72' lang='lat' dir='ltr'><strong>poenaliusqne</strong></span> 
     </span>
    </p>
   </div>
   <div class='ocr_carea' id='block_1_62' title="bbox 447 5010 2031 5083">
    <p class='ocr_par' dir='ltr' id='par_1_62' title="bbox 447 5010 2031 5083">
     <span class='ocr_line' id='line_1_62' title="bbox 447 5010 2031 5083; baseline 0.003 -17"><span class='ocrx_word' id='word_1_437' title='bbox 447 5019 764 5067; x_wconf 85' lang='lat' dir='ltr'><strong>tractantur.</strong></span> <span class='ocrx_word' id='word_1_438' title='bbox 791 5010 944 5069; x_wconf 92' lang='lat' dir='ltr'><strong>Unde</strong></span> <span class='ocrx_word' id='word_1_439' title='bbox 968 5026 1086 5068; x_wconf 91' lang='lat' dir='ltr'><strong>cum</strong></span> <span class='ocrx_word' id='word_1_440' title='bbox 1114 5014 1179 5069; x_wconf 91' lang='lat' dir='ltr'><strong>ad</strong></span> <span class='ocrx_word' id='word_1_441' title='bbox 1203 5013 1500 5072; x_wconf 88' lang='lat' dir='ltr'><strong>Ecclesiam</strong></span> <span class='ocrx_word' id='word_1_442' title='bbox 1521 5022 1759 5071; x_wconf 84' lang='lat' dir='ltr'><strong>sanctam</strong></span> <span class='ocrx_word' id='word_1_443' title='bbox 1786 5014 2031 5083; x_wconf 89' lang='lat' dir='ltr'><strong>veniunt,</strong></span> 
     </span>
    </p>
   </div>
   <div class='ocr_carea' id='block_1_63' title="bbox 448 5103 2035 5178">
    <p class='ocr_par' dir='ltr' id='par_1_63' title="bbox 448 5103 2035 5178">
     <span class='ocr_line' id='line_1_63' title="bbox 448 5103 2035 5178; baseline 0.002 -20"><span class='ocrx_word' id='word_1_444' title='bbox 448 5103 550 5173; x_wconf 82' lang='lat' dir='ltr'><strong>ipsi</strong></span> <span class='ocrx_word' id='word_1_445' title='bbox 590 5103 891 5175; x_wconf 77' lang='lat' dir='ltr'><strong>corrigendi</strong></span> <span class='ocrx_word' id='word_1_446' title='bbox 924 5114 1047 5159; x_wconf 92' lang='lat' dir='ltr'><strong>sunt</strong></span> <span class='ocrx_word' id='word_1_447' title='bbox 1075 5127 1089 5160; x_wconf 86' lang='lat'><strong>:</strong></span> <span class='ocrx_word' id='word_1_448' title='bbox 1122 5121 1229 5161; x_wconf 91' lang='lat' dir='ltr'><strong>non</strong></span> <span class='ocrx_word' id='word_1_449' title='bbox 1257 5119 1287 5161; x_wconf 91' lang='lat' dir='ltr'><strong>a</strong></span> <span class='ocrx_word' id='word_1_450' title='bbox 1316 5105 1471 5175; x_wconf 87' lang='lat' dir='ltr'><strong>nobis</strong></span> <span class='ocrx_word' id='word_1_451' title='bbox 1508 5105 1597 5160; x_wconf 87' lang='lat' dir='ltr'><strong>illa</strong></span> <span class='ocrx_word' id='word_1_452' title='bbox 1619 5105 1888 5176; x_wconf 86' lang='lat' dir='ltr'><strong>violanda,</strong></span> <span class='ocrx_word' id='word_1_453' title='bbox 1915 5121 2035 5178; x_wconf 70' lang='lat' dir='ltr'><strong>qua:</strong></span> 
     </span>
    </p>
   </div>
   <div class='ocr_carea' id='block_1_64' title="bbox 449 5195 1181 5251">
    <p class='ocr_par' dir='ltr' id='par_1_64' title="bbox 449 5195 1181 5251">
     <span class='ocr_line' id='line_1_64' title="bbox 449 5195 1181 5251; baseline -0.001 -1"><span class='ocrx_word' id='word_1_454' title='bbox 449 5207 551 5250; x_wconf 84' lang='lat' dir='ltr'><strong>nec</strong></span> <span class='ocrx_word' id='word_1_455' title='bbox 573 5208 604 5248; x_wconf 89' lang='lat' dir='ltr'><strong>a</strong></span> <span class='ocrx_word' id='word_1_456' title='bbox 629 5195 785 5250; x_wconf 89' lang='lat' dir='ltr'><strong>malis</strong></span> <span class='ocrx_word' id='word_1_457' title='bbox 816 5203 1016 5250; x_wconf 88' lang='lat' dir='ltr'><strong>mutata</strong></span> <span class='ocrx_word' id='word_1_458' title='bbox 1037 5206 1181 5251; x_wconf 89' lang='lat' dir='ltr'><strong>sunt.</strong></span> 
     </span>
    </p>
   </div>
   <div class='ocr_carea' id='block_1_65' title="bbox 516 5280 2036 5359">
    <p class='ocr_par' dir='ltr' id='par_1_65' title="bbox 516 5280 2036 5359">
     <span class='ocr_line' id='line_1_65' title="bbox 516 5280 2036 5359; baseline 0.003 -19"><span class='ocrx_word' id='word_1_459' title='bbox 516 5284 575 5340; x_wconf 77' lang='grc'><strong>9..</strong></span> <span class='ocrx_word' id='word_1_460' title='bbox 604 5286 741 5343; x_wconf 82' lang='lat' dir='ltr'><strong>Audi</strong></span> <span class='ocrx_word' id='word_1_461' title='bbox 766 5301 911 5359; x_wconf 86' lang='lat' dir='ltr'><strong>ergo,</strong></span> <span class='ocrx_word' id='word_1_462' title='bbox 941 5280 1211 5353; x_wconf 77' lang='lat' dir='ltr'><strong>Cresconi,</strong></span> <span class='ocrx_word' id='word_1_463' title='bbox 1260 5286 1385 5342; x_wconf 90' lang='lat' dir='ltr'><strong>dum</strong></span> <span class='ocrx_word' id='word_1_464' title='bbox 1410 5286 1648 5343; x_wconf 85' lang='lat' dir='ltr'><strong>breviter</strong></span> <span class='ocrx_word' id='word_1_465' title='bbox 1688 5296 1743 5344; x_wconf 93' lang='lat' dir='ltr'><strong>et</strong></span> <span class='ocrx_word' id='word_1_466' title='bbox 1784 5286 1893 5344; x_wconf 83' lang='lat' dir='ltr'><strong>hoc</strong></span> <span class='ocrx_word' id='word_1_467' title='bbox 1940 5286 2036 5344; x_wconf 89' lang='lat' dir='ltr'><strong>de-</strong></span> 
     </span>
    </p>
   </div>
   <div class='ocr_carea' id='block_1_66' title="bbox 448 5376 2036 5449">
    <p class='ocr_par' dir='ltr' id='par_1_66' title="bbox 448 5376 2036 5449">
     <span class='ocr_line' id='line_1_66' title="bbox 448 5376 2036 5449; baseline 0.001 -16"><span class='ocrx_word' id='word_1_468' title='bbox 448 5377 779 5444; x_wconf 85' lang='lat' dir='ltr'><strong>monstrabo,</strong></span> <span class='ocrx_word' id='word_1_469' title='bbox 808 5377 940 5433; x_wconf 83' lang='lat' dir='ltr'><strong>nihil</strong></span> <span class='ocrx_word' id='word_1_470' title='bbox 977 5386 1028 5434; x_wconf 91' lang='lat' dir='ltr'><strong>te</strong></span> <span class='ocrx_word' id='word_1_471' title='bbox 1053 5376 1250 5433; x_wconf 85' lang='lat' dir='ltr'><strong>dixisse</strong></span> <span class='ocrx_word' id='word_1_472' title='bbox 1277 5392 1372 5448; x_wconf 90' lang='lat' dir='ltr'><strong>per</strong></span> <span class='ocrx_word' id='word_1_473' title='bbox 1392 5387 1555 5433; x_wconf 88' lang='lat' dir='ltr'><strong>totam</strong></span> <span class='ocrx_word' id='word_1_474' title='bbox 1584 5378 1861 5449; x_wconf 86' lang='lat' dir='ltr'><strong>epistolam</strong></span> <span class='ocrx_word' id='word_1_475' title='bbox 1892 5388 2036 5435; x_wconf 88' lang='lat' dir='ltr'><strong>tuam</strong></span> 
     </span>
    </p>
   </div>
   <div class='ocr_carea' id='block_1_67' title="bbox 448 5468 2036 5543">
    <p class='ocr_par' dir='ltr' id='par_1_67' title="bbox 448 5468 2036 5543">
     <span class='ocr_line' id='line_1_67' title="bbox 448 5468 2036 5543; baseline 0.002 -20"><span class='ocrx_word' id='word_1_476' title='bbox 448 5484 557 5540; x_wconf 90' lang='lat' dir='ltr'><strong>quo</strong></span> <span class='ocrx_word' id='word_1_477' title='bbox 575 5468 852 5526; x_wconf 85' lang='lat' dir='ltr'><strong>refelleres</strong></span> <span class='ocrx_word' id='word_1_478' title='bbox 872 5483 1064 5539; x_wconf 83' lang='lat' dir='ltr'><strong>meam,</strong></span> <span class='ocrx_word' id='word_1_479' title='bbox 1094 5470 1194 5525; x_wconf 89' lang='lat' dir='ltr'><strong>nisi</strong></span> <span class='ocrx_word' id='word_1_480' title='bbox 1220 5469 1357 5526; x_wconf 86' lang='lat' dir='ltr'><strong>forte</strong></span> <span class='ocrx_word' id='word_1_481' title='bbox 1381 5469 1521 5543; x_wconf 90' lang='lat' dir='ltr'><strong>quod</strong></span> <span class='ocrx_word' id='word_1_482' title='bbox 1548 5485 1635 5526; x_wconf 90' lang='lat' dir='ltr'><strong>me</strong></span> <span class='ocrx_word' id='word_1_483' title='bbox 1648 5472 1870 5526; x_wconf 89' lang='lat' dir='ltr'><strong>nomina</strong></span> <span class='ocrx_word' id='word_1_484' title='bbox 1889 5470 2036 5526; x_wconf 82' lang='lat' dir='ltr'><strong>deri-</strong></span> 
     </span>
    </p>
   </div>
   <div class='ocr_carea' id='block_1_68' title="bbox 452 5560 2038 5630">
    <p class='ocr_par' dir='ltr' id='par_1_68' title="bbox 452 5560 2038 5630">
     <span class='ocr_line' id='line_1_68' title="bbox 452 5560 2038 5630; baseline 0.002 -15"><span class='ocrx_word' id='word_1_485' title='bbox 452 5578 579 5617; x_wconf 84' lang='lat' dir='ltr'><strong>vare</strong></span> <span class='ocrx_word' id='word_1_486' title='bbox 610 5563 696 5618; x_wconf 90' lang='lat' dir='ltr'><strong>vel</strong></span> <span class='ocrx_word' id='word_1_487' title='bbox 722 5563 990 5620; x_wconf 88' lang='lat' dir='ltr'><strong>declinare</strong></span> <span class='ocrx_word' id='word_1_488' title='bbox 1031 5560 1278 5630; x_wconf 86' lang='lat' dir='ltr'><strong>docuisti,</strong></span> <span class='ocrx_word' id='word_1_489' title='bbox 1311 5571 1365 5617; x_wconf 81' lang='lat' dir='ltr'><strong>ut</strong></span> <span class='ocrx_word' id='word_1_490' title='bbox 1394 5576 1431 5617; x_wconf 73' lang='grc' dir='ltr'><strong><em>ἀ</em></strong></span> <span class='ocrx_word' id='word_1_491' title='bbox 1474 5560 1677 5619; x_wconf 78' lang='lat' dir='ltr'><strong>Donato</strong></span> <span class='ocrx_word' id='word_1_492' title='bbox 1718 5561 2038 5619; x_wconf 70' lang='lat' dir='ltr'><strong>Donatianos</strong></span> 
     </span>
    </p>
   </div>
   <div class='ocr_carea' id='block_1_69' title="bbox 453 5653 2038 5728">
    <p class='ocr_par' dir='ltr' id='par_1_69' title="bbox 453 5653 2038 5728">
     <span class='ocr_line' id='line_1_69' title="bbox 453 5653 2038 5728; baseline 0.004 -22"><span class='ocrx_word' id='word_1_493' title='bbox 453 5653 619 5723; x_wconf 76' lang='lat' dir='ltr'><strong>potius</strong></span> <span class='ocrx_word' id='word_1_494' title='bbox 638 5670 790 5722; x_wconf 84' lang='lat' dir='ltr'><strong>quam</strong></span> <span class='ocrx_word' id='word_1_495' title='bbox 818 5654 1112 5711; x_wconf 82' lang='lat' dir='ltr'><strong>Donatistas</strong></span> <span class='ocrx_word' id='word_1_496' title='bbox 1141 5654 1396 5724; x_wconf 85' lang='lat' dir='ltr'><strong>dicerem,</strong></span> <span class='ocrx_word' id='word_1_497' title='bbox 1433 5670 1588 5727; x_wconf 83' lang='lat' dir='ltr'><strong>quam</strong></span> <span class='ocrx_word' id='word_1_498' title='bbox 1617 5663 1797 5712; x_wconf 79' lang='lat' dir='ltr'><strong>tamen</strong></span> <span class='ocrx_word' id='word_1_499' title='bbox 1821 5672 2038 5728; x_wconf 65' lang='lat' dir='ltr'><strong>grecam</strong></span> 
     </span>
    </p>
   </div>
   <div class='ocr_carea' id='block_1_70' title="bbox 453 5746 2041 5822">
    <p class='ocr_par' dir='ltr' id='par_1_70' title="bbox 453 5746 2041 5822">
     <span class='ocr_line' id='line_1_70' title="bbox 453 5746 2041 5822; baseline 0.006 -23"><span class='ocrx_word' id='word_1_500' title='bbox 453 5746 640 5800; x_wconf 85' lang='lat' dir='ltr'><strong>saltem</strong></span> <span class='ocrx_word' id='word_1_501' title='bbox 686 5746 1071 5804; x_wconf 77' lang='lat' dir='ltr'><strong>declinationem</strong></span> <span class='ocrx_word' id='word_1_502' title='bbox 1100 5766 1204 5804; x_wconf 80' lang='lat' dir='ltr'><strong>esse</strong></span> <span class='ocrx_word' id='word_1_503' title='bbox 1228 5750 1499 5818; x_wconf 89' lang='lat' dir='ltr'><strong>concedis,</strong></span> <span class='ocrx_word' id='word_1_504' title='bbox 1531 5750 1776 5807; x_wconf 90' lang='lat' dir='ltr'><strong>videlicet</strong></span> <span class='ocrx_word' id='word_1_505' title='bbox 1803 5752 1937 5822; x_wconf 86' lang='lat' dir='ltr'><strong>quod</strong></span> <span class='ocrx_word' id='word_1_506' title='bbox 1965 5753 2041 5809; x_wconf 85' lang='lat' dir='ltr'><strong>ita</strong></span> 
     </span>
    </p>
   </div>
   <div class='ocr_carea' id='block_1_71' title="bbox 521 5860 2039 5927">
    <p class='ocr_par' dir='ltr' id='par_1_71' title="bbox 521 5860 2039 5927">
     <span class='ocr_line' id='line_1_71' title="bbox 521 5860 2039 5927; baseline 0.007 -18"><span class='ocrx_word' id='word_1_507' title='bbox 521 5863 537 5894; x_wconf 80' lang='grc' dir='ltr'><strong><em>ι</em></strong></span> <span class='ocrx_word' id='word_1_508' title='bbox 573 5860 767 5927; x_wconf 77' lang='lat' dir='ltr'><strong>Quidam</strong></span> <span class='ocrx_word' id='word_1_509' title='bbox 791 5870 991 5927; x_wconf 81' lang='lat' dir='ltr'><strong>veteres</strong></span> <span class='ocrx_word' id='word_1_510' title='bbox 1020 5863 1227 5924; x_wconf 78' lang='lat' dir='ltr'><strong>codices,</strong></span> <span class='ocrx_word' id='word_1_511' title='bbox 1264 5870 1483 5927; x_wconf 78' lang='lat' dir='ltr'><strong>putantes</strong></span> <span class='ocrx_word' id='word_1_512' title='bbox 1516 5864 1866 5921; x_wconf 63' lang='lat' dir='ltr'><strong>nouissima.</strong></span> <span class='ocrx_word' id='word_1_513' title='bbox 1908 5868 2039 5920; x_wconf 73' lang='lat' dir='ltr'><strong>Arbi-</strong></span> 
     </span>
    </p>
   </div>
   <div class='ocr_carea' id='block_1_72' title="bbox 461 5922 1538 5990">
    <p class='ocr_par' dir='ltr' id='par_1_72' title="bbox 461 5922 1538 5990">
     <span class='ocr_line' id='line_1_72' title="bbox 461 5922 1538 5990; baseline 0.004 -14"><span class='ocrx_word' id='word_1_514' title='bbox 461 5935 626 5976; x_wconf 77' lang='lat' dir='ltr'><strong>ratnur</strong></span> <span class='ocrx_word' id='word_1_515' title='bbox 650 5922 933 5990; x_wconf 86' lang='lat' dir='ltr'><strong>legendum,</strong></span> <span class='ocrx_word' id='word_1_516' title='bbox 954 5931 1119 5990; x_wconf 84' lang='lat' dir='ltr'><strong>putant</strong></span> <span class='ocrx_word' id='word_1_517' title='bbox 1143 5922 1242 5977; x_wconf 78' lang='lat' dir='ltr'><strong>esse</strong></span> 
     </span>
    </p>
   </div>
   <div class='ocr_carea' id='block_1_73' title="bbox 2119 2140 3719 2219">
    <p class='ocr_par' dir='ltr' id='par_1_73' title="bbox 2119 2140 3719 2219">
     <span class='ocr_line' id='line_1_73' title="bbox 2119 2140 3719 2219; baseline 0.003 -20"><span class='ocrx_word' id='word_1_518' title='bbox 2119 2142 2451 2199; x_wconf 64' lang='lat' dir='ltr'><strong>Donatistae</strong></span> <span class='ocrx_word' id='word_1_519' title='bbox 2468 2140 2695 2212; x_wconf 85' lang='lat' dir='ltr'><strong>Donato,</strong></span> <span class='ocrx_word' id='word_1_520' title='bbox 2724 2153 2781 2199; x_wconf 84' lang='lat' dir='ltr'><strong>ut</strong></span> <span class='ocrx_word' id='word_1_521' title='bbox 2798 2142 3140 2217; x_wconf 72' lang='lat' dir='ltr'><strong>Evangelistw</strong></span> <span class='ocrx_word' id='word_1_522' title='bbox 3166 2145 3229 2200; x_wconf 81' lang='lat' dir='ltr'><strong>ab</strong></span> <span class='ocrx_word' id='word_1_523' title='bbox 3255 2144 3533 2219; x_wconf 80' lang='lat' dir='ltr'><strong>Evangelia</strong></span> <span class='ocrx_word' id='word_1_524' title='bbox 3554 2149 3719 2204; x_wconf 82' lang='lat' dir='ltr'><strong>nomi-</strong></span> 
     </span>
    </p>
   </div>
   <div class='ocr_carea' id='block_1_74' title="bbox 2130 2234 3719 2315">
    <p class='ocr_par' dir='ltr' id='par_1_74' title="bbox 2130 2234 3719 2315">
     <span class='ocr_line' id='line_1_74' title="bbox 2130 2234 3719 2315; baseline 0.003 -23"><span class='ocrx_word' id='word_1_525' title='bbox 2130 2243 2334 2302; x_wconf 81' lang='lat' dir='ltr'><strong>nentur;</strong></span> <span class='ocrx_word' id='word_1_526' title='bbox 2384 2251 2482 2307; x_wconf 85' lang='lat' dir='ltr'><strong>quo</strong></span> <span class='ocrx_word' id='word_1_527' title='bbox 2507 2244 2555 2290; x_wconf 90' lang='lat' dir='ltr'><strong>te</strong></span> <span class='ocrx_word' id='word_1_528' title='bbox 2604 2236 2842 2291; x_wconf 80' lang='lat' dir='ltr'><strong>delectari</strong></span> <span class='ocrx_word' id='word_1_529' title='bbox 2892 2236 3043 2304; x_wconf 89' lang='lat' dir='ltr'><strong>dicis,</strong></span> <span class='ocrx_word' id='word_1_530' title='bbox 3074 2246 3130 2291; x_wconf 85' lang='lat' dir='ltr'><strong>ut</strong></span> <span class='ocrx_word' id='word_1_531' title='bbox 3172 2239 3347 2293; x_wconf 79' lang='lat' dir='ltr'><strong>vestris</strong></span> <span class='ocrx_word' id='word_1_532' title='bbox 3385 2234 3719 2315; x_wconf 58' lang='lat' dir='ltr'><strong>Evangelia»:</strong></span> 
     </span>
    </p>
   </div>
   <div class='ocr_carea' id='block_1_75' title="bbox 2121 2327 3716 2400">
    <p class='ocr_par' dir='ltr' id='par_1_75' title="bbox 2121 2327 3716 2400">
     <span class='ocr_line' id='line_1_75' title="bbox 2121 2327 3716 2400; baseline 0.003 -18"><span class='ocrx_word' id='word_1_533' title='bbox 2121 2327 2540 2400; x_wconf 67' lang='lat' dir='ltr'><strong>praedicantibus,</strong></span> <span class='ocrx_word' id='word_1_534' title='bbox 2572 2343 2607 2381; x_wconf 88' lang='lat' dir='ltr'><strong>a</strong></span> <span class='ocrx_word' id='word_1_535' title='bbox 2633 2327 2792 2382; x_wconf 77' lang='lat' dir='ltr'><strong>simili</strong></span> <span class='ocrx_word' id='word_1_536' title='bbox 2814 2336 3011 2382; x_wconf 83' lang='lat' dir='ltr'><strong>mutata</strong></span> <span class='ocrx_word' id='word_1_537' title='bbox 3035 2329 3100 2382; x_wconf 82' lang='lat' dir='ltr'><strong>sit</strong></span> <span class='ocrx_word' id='word_1_538' title='bbox 3128 2328 3145 2359; x_wconf 75' lang='grc'>⁸</span> <span class='ocrx_word' id='word_1_539' title='bbox 3173 2328 3403 2383; x_wconf 78' lang='lat' dir='ltr'><strong>vocabuli</strong></span> <span class='ocrx_word' id='word_1_540' title='bbox 3426 2330 3716 2386; x_wconf 80' lang='lat' dir='ltr'><strong>declinatio.</strong></span> 
     </span>
    </p>
   </div>
   <div class='ocr_carea' id='block_1_76' title="bbox 2120 2418 3720 2501">
    <p class='ocr_par' dir='ltr' id='par_1_76' title="bbox 2120 2418 3720 2501">
     <span class='ocr_line' id='line_1_76' title="bbox 2120 2418 3720 2501; baseline 0.004 -27"><span class='ocrx_word' id='word_1_541' title='bbox 2120 2419 2260 2478; x_wconf 77' lang='lat' dir='ltr'><strong>Vide</strong></span> <span class='ocrx_word' id='word_1_542' title='bbox 2289 2435 2417 2491; x_wconf 90' lang='lat' dir='ltr'><strong>ergo</strong></span> <span class='ocrx_word' id='word_1_543' title='bbox 2443 2434 2510 2477; x_wconf 92' lang='lat' dir='ltr'><strong>ne</strong></span> <span class='ocrx_word' id='word_1_544' title='bbox 2536 2418 2675 2476; x_wconf 85' lang='lat' dir='ltr'><strong>forte</strong></span> <span class='ocrx_word' id='word_1_545' title='bbox 2716 2419 2817 2492; x_wconf 85' lang='lat' dir='ltr'><strong>ipsi</strong></span> <span class='ocrx_word' id='word_1_546' title='bbox 2845 2420 3051 2492; x_wconf 89' lang='lat' dir='ltr'><strong>priores</strong></span> <span class='ocrx_word' id='word_1_547' title='bbox 3094 2420 3198 2476; x_wconf 88' lang='lat' dir='ltr'><strong>hoc</strong></span> <span class='ocrx_word' id='word_1_548' title='bbox 3233 2422 3504 2489; x_wconf 84' lang='lat' dir='ltr'><strong>voluerint</strong></span> <span class='ocrx_word' id='word_1_549' title='bbox 3539 2424 3720 2501; x_wconf 80' lang='lat' dir='ltr'><strong>appel-</strong></span> 
     </span>
    </p>
   </div>
   <div class='ocr_carea' id='block_1_77' title="bbox 2122 2510 3720 2585">
    <p class='ocr_par' dir='ltr' id='par_1_77' title="bbox 2122 2510 3720 2585">
     <span class='ocr_line' id='line_1_77' title="bbox 2122 2510 3720 2585; baseline 0.001 -18"><span class='ocrx_word' id='word_1_550' title='bbox 2122 2511 2245 2579; x_wconf 88' lang='lat' dir='ltr'><strong>lari,</strong></span> <span class='ocrx_word' id='word_1_551' title='bbox 2294 2512 2417 2582; x_wconf 87' lang='lat' dir='ltr'><strong>quia</strong></span> <span class='ocrx_word' id='word_1_552' title='bbox 2446 2511 2714 2569; x_wconf 87' lang='lat' dir='ltr'><strong>Donatum</strong></span> <span class='ocrx_word' id='word_1_553' title='bbox 2740 2511 2941 2568; x_wconf 86' lang='lat' dir='ltr'><strong>habent</strong></span> <span class='ocrx_word' id='word_1_554' title='bbox 2978 2527 3077 2585; x_wconf 91' lang='lat' dir='ltr'><strong>pro</strong></span> <span class='ocrx_word' id='word_1_555' title='bbox 3115 2510 3448 2585; x_wconf 87' lang='lat' dir='ltr'><strong>Evangelio:</strong></span> <span class='ocrx_word' id='word_1_556' title='bbox 3478 2530 3603 2569; x_wconf 88' lang='lat' dir='ltr'><strong>nam</strong></span> <span class='ocrx_word' id='word_1_557' title='bbox 3642 2515 3720 2581; x_wconf 77' lang='lat' dir='ltr'><strong>sic</strong></span> 
     </span>
    </p>
   </div>
   <div class='ocr_carea' id='block_1_78' title="bbox 2124 2599 3720 2681">
    <p class='ocr_par' dir='ltr' id='par_1_78' title="bbox 2124 2599 3720 2681">
     <span class='ocr_line' id='line_1_78' title="bbox 2124 2599 3720 2681; baseline 0.001 -23"><span class='ocrx_word' id='word_1_558' title='bbox 2124 2601 2213 2681; x_wconf 83' lang='lat' dir='ltr'><strong>isti</strong></span> <span class='ocrx_word' id='word_1_559' title='bbox 2240 2618 2269 2657; x_wconf 88' lang='lat' dir='ltr'><strong>a</strong></span> <span class='ocrx_word' id='word_1_560' title='bbox 2295 2599 2510 2672; x_wconf 89' lang='lat' dir='ltr'><strong>Donati,</strong></span> <span class='ocrx_word' id='word_1_561' title='bbox 2541 2601 2810 2674; x_wconf 90' lang='lat' dir='ltr'><strong>quomodo</strong></span> <span class='ocrx_word' id='word_1_562' title='bbox 2839 2601 3010 2658; x_wconf 90' lang='lat' dir='ltr'><strong>sancti</strong></span> <span class='ocrx_word' id='word_1_563' title='bbox 3032 2617 3220 2658; x_wconf 89' lang='lat' dir='ltr'><strong>omnes</strong></span> <span class='ocrx_word' id='word_1_564' title='bbox 3249 2603 3438 2658; x_wconf 91' lang='lat' dir='ltr'><strong>nolunt</strong></span> <span class='ocrx_word' id='word_1_565' title='bbox 3458 2604 3525 2659; x_wconf 89' lang='lat' dir='ltr'><strong>ab</strong></span> <span class='ocrx_word' id='word_1_566' title='bbox 3544 2602 3720 2660; x_wconf 81' lang='lat' dir='ltr'><strong>Evan-</strong></span> 
     </span>
    </p>
   </div>
   <div class='ocr_carea' id='block_1_79' title="bbox 2120 2690 3720 2769">
    <p class='ocr_par' dir='ltr' id='par_1_79' title="bbox 2120 2690 3720 2769">
     <span class='ocr_line' id='line_1_79' title="bbox 2120 2690 3720 2769; baseline -0.001 -19"><span class='ocrx_word' id='word_1_567' title='bbox 2120 2695 2251 2769; x_wconf 79' lang='lat' dir='ltr'><strong>gelii</strong></span> <span class='ocrx_word' id='word_1_568' title='bbox 2277 2696 2535 2750; x_wconf 89' lang='lat' dir='ltr'><strong>societate</strong></span> <span class='ocrx_word' id='word_1_569' title='bbox 2571 2690 2883 2761; x_wconf 88' lang='lat' dir='ltr'><strong>discedere;</strong></span> <span class='ocrx_word' id='word_1_570' title='bbox 2924 2704 2978 2750; x_wconf 90' lang='lat' dir='ltr'><strong>et</strong></span> <span class='ocrx_word' id='word_1_571' title='bbox 3016 2694 3138 2750; x_wconf 87' lang='lat' dir='ltr'><strong>ideo</strong></span> <span class='ocrx_word' id='word_1_572' title='bbox 3167 2694 3505 2751; x_wconf 86' lang='lat' dir='ltr'><strong>delectantur</strong></span> <span class='ocrx_word' id='word_1_573' title='bbox 3541 2695 3720 2769; x_wconf 76' lang='lat' dir='ltr'><strong>vocari</strong></span> 
     </span>
    </p>
   </div>
   <div class='ocr_carea' id='block_1_80' title="bbox 2128 2786 3719 2860">
    <p class='ocr_par' dir='ltr' id='par_1_80' title="bbox 2128 2786 3719 2860">
     <span class='ocr_line' id='line_1_80' title="bbox 2128 2786 3719 2860; baseline 0.001 -16"><span class='ocrx_word' id='word_1_574' title='bbox 2128 2788 2437 2857; x_wconf 51' lang='lat' dir='ltr'><strong>Donatista},</strong></span> <span class='ocrx_word' id='word_1_575' title='bbox 2468 2788 2604 2844; x_wconf 90' lang='lat' dir='ltr'><strong>sicut</strong></span> <span class='ocrx_word' id='word_1_576' title='bbox 2632 2786 2990 2859; x_wconf 71' lang='lat' dir='ltr'><strong>Evangelista:</strong></span> <span class='ocrx_word' id='word_1_577' title='bbox 3022 2805 3035 2841; x_wconf 91' lang='lat'><strong>:</strong></span> <span class='ocrx_word' id='word_1_578' title='bbox 3067 2797 3229 2860; x_wconf 89' lang='lat' dir='ltr'><strong>tuque</strong></span> <span class='ocrx_word' id='word_1_579' title='bbox 3270 2787 3447 2860; x_wconf 90' lang='lat' dir='ltr'><strong>potius</strong></span> <span class='ocrx_word' id='word_1_580' title='bbox 3485 2787 3564 2844; x_wconf 82' lang='lat' dir='ltr'><strong>eis</strong></span> <span class='ocrx_word' id='word_1_581' title='bbox 3592 2787 3719 2845; x_wconf 88' lang='lat' dir='ltr'><strong>facis</strong></span> 
     </span>
    </p>
   </div>
   <div class='ocr_carea' id='block_1_81' title="bbox 2122 2876 3718 2952">
    <p class='ocr_par' dir='ltr' id='par_1_81' title="bbox 2122 2876 3718 2952">
     <span class='ocr_line' id='line_1_81' title="bbox 2122 2876 3718 2952; baseline -0.001 -16"><span class='ocrx_word' id='word_1_582' title='bbox 2122 2876 2397 2952; x_wconf 59' lang='lat' dir='ltr'><strong>&#39;injuriam,</strong></span> <span class='ocrx_word' id='word_1_583' title='bbox 2427 2894 2549 2935; x_wconf 90' lang='lat' dir='ltr'><strong>cum</strong></span> <span class='ocrx_word' id='word_1_584' title='bbox 2566 2878 2775 2946; x_wconf 90' lang='lat' dir='ltr'><strong>scribis,</strong></span> <span class='ocrx_word' id='word_1_585' title='bbox 2827 2879 2881 2933; x_wconf 89' lang='lat' dir='ltr'><strong>in</strong></span> <span class='ocrx_word' id='word_1_586' title='bbox 2901 2878 3060 2933; x_wconf 85' lang='lat' dir='ltr'><strong>latino</strong></span> <span class='ocrx_word' id='word_1_587' title='bbox 3086 2895 3333 2951; x_wconf 81' lang='lat' dir='ltr'><strong>sermone,</strong></span> <span class='ocrx_word' id='word_1_588' title='bbox 3356 2880 3573 2934; x_wconf 88' lang='lat' dir='ltr'><strong>nonnisi</strong></span> <span class='ocrx_word' id='word_1_589' title='bbox 3597 2879 3718 2935; x_wconf 89' lang='lat' dir='ltr'><strong>lati-</strong></span> 
     </span>
    </p>
   </div>
   <div class='ocr_carea' id='block_1_82' title="bbox 2129 2968 3719 3044">
    <p class='ocr_par' dir='ltr' id='par_1_82' title="bbox 2129 2968 3719 3044">
     <span class='ocr_line' id='line_1_82' title="bbox 2129 2968 3719 3044; baseline -0.003 -15"><span class='ocrx_word' id='word_1_590' title='bbox 2129 2989 2252 3030; x_wconf 88' lang='lat' dir='ltr'><strong>nam</strong></span> <span class='ocrx_word' id='word_1_591' title='bbox 2278 2972 2515 3044; x_wconf 81' lang='lat' dir='ltr'><strong>regulam</strong></span> <span class='ocrx_word' id='word_1_592' title='bbox 2544 2970 2797 3041; x_wconf 90' lang='lat' dir='ltr'><strong>probans,</strong></span> <span class='ocrx_word' id='word_1_593' title='bbox 2843 2968 3155 3027; x_wconf 84' lang='lat' dir='ltr'><strong>Donatianos</strong></span> <span class='ocrx_word' id='word_1_594' title='bbox 3176 2988 3207 3025; x_wconf 93' lang='lat' dir='ltr'><strong>a</strong></span> <span class='ocrx_word' id='word_1_595' title='bbox 3250 2968 3475 3039; x_wconf 84' lang='lat' dir='ltr'><strong>Donato,</strong></span> <span class='ocrx_word' id='word_1_596' title='bbox 3496 2971 3625 3025; x_wconf 81' lang='lat' dir='ltr'><strong>sicut</strong></span> <span class='ocrx_word' id='word_1_597' title='bbox 3658 2969 3719 3025; x_wconf 79' lang='lat' dir='ltr'><strong>ab</strong></span> 
     </span>
    </p>
   </div>
   <div class='ocr_carea' id='block_1_83' title="bbox 2130 3060 3717 3133">
    <p class='ocr_par' dir='ltr' id='par_1_83' title="bbox 2130 3060 3717 3133">
     <span class='ocr_line' id='line_1_83' title="bbox 2130 3060 3717 3133; baseline -0.001 -15"><span class='ocrx_word' id='word_1_598' title='bbox 2130 3065 2253 3120; x_wconf 77' lang='lat' dir='ltr'><strong>Aria</strong></span> <span class='ocrx_word' id='word_1_599' title='bbox 2283 3074 2331 3118; x_wconf 89' lang='lat' dir='ltr'><strong>et</strong></span> <span class='ocrx_word' id='word_1_600' title='bbox 2373 3062 2572 3117; x_wconf 81' lang='lat' dir='ltr'><strong>Novato</strong></span> <span class='ocrx_word' id='word_1_601' title='bbox 2614 3060 2835 3121; x_wconf 77' lang='lat' dir='ltr'><strong>Arianos</strong></span> <span class='ocrx_word' id='word_1_602' title='bbox 2877 3071 2926 3118; x_wconf 86' lang='lat' dir='ltr'><strong>et</strong></span> <span class='ocrx_word' id='word_1_603' title='bbox 2962 3061 3302 3133; x_wconf 86' lang='lat' dir='ltr'><strong>Novatianos,</strong></span> <span class='ocrx_word' id='word_1_604' title='bbox 3352 3063 3503 3117; x_wconf 83' lang='lat' dir='ltr'><strong>velles</strong></span> <span class='ocrx_word' id='word_1_605' title='bbox 3532 3062 3717 3117; x_wconf 84' lang='lat' dir='ltr'><strong>vocari.</strong></span> 
     </span>
    </p>
   </div>
   <div class='ocr_carea' id='block_1_84' title="bbox 2125 3150 3719 3227">
    <p class='ocr_par' dir='ltr' id='par_1_84' title="bbox 2125 3150 3719 3227">
     <span class='ocr_line' id='line_1_84' title="bbox 2125 3150 3719 3227; baseline -0.002 -15"><span class='ocrx_word' id='word_1_606' title='bbox 2125 3150 2261 3212; x_wconf 82' lang='lat' dir='ltr'><strong>Nam</strong></span> <span class='ocrx_word' id='word_1_607' title='bbox 2292 3168 2392 3227; x_wconf 84' lang='lat' dir='ltr'><strong>ego</strong></span> <span class='ocrx_word' id='word_1_608' title='bbox 2420 3169 2542 3210; x_wconf 90' lang='lat' dir='ltr'><strong>cum</strong></span> <span class='ocrx_word' id='word_1_609' title='bbox 2567 3152 2880 3221; x_wconf 90' lang='lat' dir='ltr'><strong>scriberem,</strong></span> <span class='ocrx_word' id='word_1_610' title='bbox 2907 3152 3018 3224; x_wconf 88' lang='lat' dir='ltr'><strong>jam</strong></span> <span class='ocrx_word' id='word_1_611' title='bbox 3044 3169 3075 3209; x_wconf 90' lang='lat' dir='ltr'><strong>a</strong></span> <span class='ocrx_word' id='word_1_612' title='bbox 3098 3154 3281 3209; x_wconf 90' lang='lat' dir='ltr'><strong>nescio</strong></span> <span class='ocrx_word' id='word_1_613' title='bbox 3305 3153 3498 3226; x_wconf 89' lang='lat' dir='ltr'><strong>quibus</strong></span> <span class='ocrx_word' id='word_1_614' title='bbox 3525 3168 3719 3225; x_wconf 87' lang='lat' dir='ltr'><strong>propa-</strong></span> 
     </span>
    </p>
   </div>
   <div class='ocr_carea' id='block_1_85' title="bbox 2130 3242 3719 3319">
    <p class='ocr_par' dir='ltr' id='par_1_85' title="bbox 2130 3242 3719 3319">
     <span class='ocr_line' id='line_1_85' title="bbox 2130 3242 3719 3319; baseline -0.001 -17"><span class='ocrx_word' id='word_1_615' title='bbox 2130 3256 2309 3319; x_wconf 83' lang='lat' dir='ltr'><strong>gatum</strong></span> <span class='ocrx_word' id='word_1_616' title='bbox 2340 3246 2563 3301; x_wconf 86' lang='lat' dir='ltr'><strong>sonabat</strong></span> <span class='ocrx_word' id='word_1_617' title='bbox 2583 3245 2685 3301; x_wconf 90' lang='lat' dir='ltr'><strong>hoc</strong></span> <span class='ocrx_word' id='word_1_618' title='bbox 2712 3259 2936 3315; x_wconf 90' lang='lat' dir='ltr'><strong>nomen,</strong></span> <span class='ocrx_word' id='word_1_619' title='bbox 2967 3260 3140 3317; x_wconf 88' lang='lat' dir='ltr'><strong>neque</strong></span> <span class='ocrx_word' id='word_1_620' title='bbox 3182 3242 3238 3301; x_wconf 89' lang='lat' dir='ltr'><strong>id</strong></span> <span class='ocrx_word' id='word_1_621' title='bbox 3277 3255 3487 3302; x_wconf 89' lang='lat' dir='ltr'><strong>mutare</strong></span> <span class='ocrx_word' id='word_1_622' title='bbox 3513 3246 3719 3316; x_wconf 88' lang='lat' dir='ltr'><strong>curavi,</strong></span> 
     </span>
    </p>
   </div>
   <div class='ocr_carea' id='block_1_86' title="bbox 2131 3336 3726 3409">
    <p class='ocr_par' dir='ltr' id='par_1_86' title="bbox 2131 3336 3726 3409">
     <span class='ocr_line' id='line_1_86' title="bbox 2131 3336 3726 3409; baseline -0.001 -14"><span class='ocrx_word' id='word_1_623' title='bbox 2131 3355 2255 3395; x_wconf 89' lang='lat' dir='ltr'><strong>cum</strong></span> <span class='ocrx_word' id='word_1_624' title='bbox 2283 3347 2337 3394; x_wconf 89' lang='lat' dir='ltr'><strong>et</strong></span> <span class='ocrx_word' id='word_1_625' title='bbox 2364 3338 2467 3394; x_wconf 88' lang='lat' dir='ltr'><strong>hoc</strong></span> <span class='ocrx_word' id='word_1_626' title='bbox 2496 3338 2561 3394; x_wconf 89' lang='lat' dir='ltr'><strong>ad</strong></span> <span class='ocrx_word' id='word_1_627' title='bbox 2583 3336 2982 3393; x_wconf 90' lang='lat' dir='ltr'><strong>distinctionem</strong></span> <span class='ocrx_word' id='word_1_628' title='bbox 3008 3353 3167 3409; x_wconf 89' lang='lat' dir='ltr'><strong>quam</strong></span> <span class='ocrx_word' id='word_1_629' title='bbox 3188 3338 3435 3395; x_wconf 88' lang='lat' dir='ltr'><strong>volebam</strong></span> <span class='ocrx_word' id='word_1_630' title='bbox 3463 3338 3593 3395; x_wconf 88' lang='lat' dir='ltr'><strong>satis</strong></span> <span class='ocrx_word' id='word_1_631' title='bbox 3616 3338 3726 3394; x_wconf 82' lang='lat' dir='ltr'><strong>suf—</strong></span> 
     </span>
    </p>
   </div>
   <div class='ocr_carea' id='block_1_87' title="bbox 2126 3428 3722 3497">
    <p class='ocr_par' dir='ltr' id='par_1_87' title="bbox 2126 3428 3722 3497">
     <span class='ocr_line' id='line_1_87' title="bbox 2126 3428 3722 3497; baseline 0.001 -13"><span class='ocrx_word' id='word_1_632' title='bbox 2126 3428 2292 3486; x_wconf 74' lang='lat' dir='ltr'><strong>‘licere</strong></span> <span class='ocrx_word' id='word_1_633' title='bbox 2320 3430 2702 3486; x_wconf 81' lang='lat' dir='ltr'><strong>existimarem.</strong></span> <span class='ocrx_word' id='word_1_634' title='bbox 2741 3429 2799 3487; x_wconf 89' lang='lat' dir='ltr'><strong>Si</strong></span> <span class='ocrx_word' id='word_1_635' title='bbox 2823 3430 2965 3485; x_wconf 90' lang='lat' dir='ltr'><strong>enim</strong></span> <span class='ocrx_word' id='word_1_636' title='bbox 2982 3430 3368 3487; x_wconf 88' lang='lat' dir='ltr'><strong>Demosthenes</strong></span> <span class='ocrx_word' id='word_1_637' title='bbox 3393 3431 3722 3497; x_wconf 84' lang='lat' dir='ltr'><strong>clarissimus</strong></span> 
     </span>
    </p>
   </div>
   <div class='ocr_carea' id='block_1_88' title="bbox 2132 3522 3720 3595">
    <p class='ocr_par' dir='ltr' id='par_1_88' title="bbox 2132 3522 3720 3595">
     <span class='ocr_line' id='line_1_88' title="bbox 2132 3522 3720 3595; baseline -0.001 -16"><span class='ocrx_word' id='word_1_638' title='bbox 2132 3532 2427 3588; x_wconf 85' lang='lat' dir='ltr'><strong>oratorum,</strong></span> <span class='ocrx_word' id='word_1_639' title='bbox 2455 3524 2648 3595; x_wconf 88' lang='lat' dir='ltr'><strong>quibus</strong></span> <span class='ocrx_word' id='word_1_640' title='bbox 2675 3523 2962 3579; x_wconf 89' lang='lat' dir='ltr'><strong>verborum</strong></span> <span class='ocrx_word' id='word_1_641' title='bbox 2998 3533 3139 3579; x_wconf 87' lang='lat' dir='ltr'><strong>tanta</strong></span> <span class='ocrx_word' id='word_1_642' title='bbox 3183 3522 3283 3579; x_wconf 90' lang='lat' dir='ltr'><strong>fuit</strong></span> <span class='ocrx_word' id='word_1_643' title='bbox 3325 3539 3474 3593; x_wconf 89' lang='lat' dir='ltr'><strong>cura,</strong></span> <span class='ocrx_word' id='word_1_644' title='bbox 3520 3531 3720 3594; x_wconf 79' lang='lat' dir='ltr'><strong>quanta</strong></span> 
     </span>
    </p>
   </div>
   <div class='ocr_carea' id='block_1_89' title="bbox 2131 3614 3724 3684">
    <p class='ocr_par' dir='ltr' id='par_1_89' title="bbox 2131 3614 3724 3684">
     <span class='ocr_line' id='line_1_89' title="bbox 2131 3614 3724 3684; baseline 0.001 -13"><span class='ocrx_word' id='word_1_645' title='bbox 2131 3628 2310 3671; x_wconf 89' lang='lat' dir='ltr'><strong>rerum</strong></span> <span class='ocrx_word' id='word_1_646' title='bbox 2345 3614 2651 3672; x_wconf 85' lang='lat' dir='ltr'><strong>auctoribus</strong></span> <span class='ocrx_word' id='word_1_647' title='bbox 2687 3616 2905 3684; x_wconf 85' lang='lat' dir='ltr'><strong>nostris,</strong></span> <span class='ocrx_word' id='word_1_648' title='bbox 2928 3617 3063 3683; x_wconf 48' lang='lat' dir='ltr'><strong>:cum</strong></span> <span class='ocrx_word' id='word_1_649' title='bbox 3090 3622 3274 3671; x_wconf 84' lang='lat' dir='ltr'><strong>tamen</strong></span> <span class='ocrx_word' id='word_1_650' title='bbox 3320 3616 3370 3672; x_wconf 90' lang='lat' dir='ltr'><strong>ei</strong></span> <span class='ocrx_word' id='word_1_651' title='bbox 3413 3617 3724 3673; x_wconf 87' lang='lat' dir='ltr'><strong>nonnullam</strong></span> 
     </span>
    </p>
   </div>
   <div class='ocr_carea' id='block_1_90' title="bbox 2130 3694 3725 3781">
    <p class='ocr_par' dir='ltr' id='par_1_90' title="bbox 2130 3694 3725 3781">
     <span class='ocr_line' id='line_1_90' title="bbox 2130 3694 3725 3781; baseline 0.001 -17"><span class='ocrx_word' id='word_1_652' title='bbox 2130 3708 2416 3764; x_wconf 89' lang='lat' dir='ltr'><strong>locutionis</strong></span> <span class='ocrx_word' id='word_1_653' title='bbox 2453 3707 2789 3764; x_wconf 90' lang='lat' dir='ltr'><strong>insolentiam</strong></span> <span class='ocrx_word' id='word_1_654' title='bbox 2825 3694 3111 3778; x_wconf 57' lang='lat' dir='ltr'><strong>obiecisset</strong></span> <span class='ocrx_word' id='word_1_655' title='bbox 3153 3707 3460 3777; x_wconf 70' lang='lat' dir='ltr'><strong>Eschines,</strong></span> <span class='ocrx_word' id='word_1_656' title='bbox 3511 3707 3725 3781; x_wconf 81' lang='lat' dir='ltr'><strong>negavit</strong></span> 
     </span>
    </p>
   </div>
   <div class='ocr_carea' id='block_1_91' title="bbox 2131 3798 3723 3871">
    <p class='ocr_par' dir='ltr' id='par_1_91' title="bbox 2131 3798 3723 3871">
     <span class='ocr_line' id='line_1_91' title="bbox 2131 3798 3723 3871; baseline 0.003 -17"><span class='ocrx_word' id='word_1_657' title='bbox 2131 3800 2222 3856; x_wconf 89' lang='lat' dir='ltr'><strong>illc</strong></span> <span class='ocrx_word' id='word_1_658' title='bbox 2251 3800 2303 3854; x_wconf 90' lang='lat' dir='ltr'><strong>in</strong></span> <span class='ocrx_word' id='word_1_659' title='bbox 2330 3814 2395 3856; x_wconf 90' lang='lat' dir='ltr'><strong>eo</strong></span> <span class='ocrx_word' id='word_1_660' title='bbox 2422 3800 2624 3871; x_wconf 91' lang='lat' dir='ltr'><strong>positas</strong></span> <span class='ocrx_word' id='word_1_661' title='bbox 2644 3814 2765 3858; x_wconf 86' lang='lat' dir='ltr'><strong>esse</strong></span> <span class='ocrx_word' id='word_1_662' title='bbox 2800 3798 3045 3856; x_wconf 84' lang='lat' dir='ltr'><strong>fortunas</strong></span> <span class='ocrx_word' id='word_1_663' title='bbox 3071 3799 3313 3868; x_wconf 68' lang='lat' dir='ltr'><strong>Graeciae,</strong></span> <span class='ocrx_word' id='word_1_664' title='bbox 3345 3801 3511 3857; x_wconf 86' lang='lat' dir='ltr'><strong>illone</strong></span> <span class='ocrx_word' id='word_1_665' title='bbox 3538 3817 3606 3857; x_wconf 91' lang='lat' dir='ltr'><strong>an</strong></span> <span class='ocrx_word' id='word_1_666' title='bbox 3630 3802 3723 3859; x_wconf 87' lang='lat' dir='ltr'><strong>illo</strong></span> 
     </span>
    </p>
   </div>
   <div class='ocr_carea' id='block_1_92' title="bbox 2132 3888 3726 3964">
    <p class='ocr_par' dir='ltr' id='par_1_92' title="bbox 2132 3888 3726 3964">
     <span class='ocr_line' id='line_1_92' title="bbox 2132 3888 3726 3964; baseline 0.003 -18"><span class='ocrx_word' id='word_1_667' title='bbox 2132 3890 2297 3947; x_wconf 87' lang='lat' dir='ltr'><strong>verbo</strong></span> <span class='ocrx_word' id='word_1_668' title='bbox 2318 3906 2448 3947; x_wconf 90' lang='lat' dir='ltr'><strong>usus</strong></span> <span class='ocrx_word' id='word_1_669' title='bbox 2473 3890 2651 3958; x_wconf 83' lang='lat' dir='ltr'><strong>fuerit,</strong></span> <span class='ocrx_word' id='word_1_670' title='bbox 2680 3900 2735 3949; x_wconf 91' lang='lat' dir='ltr'><strong>et</strong></span> <span class='ocrx_word' id='word_1_671' title='bbox 2764 3888 2874 3949; x_wconf 79' lang='lat' dir='ltr'><strong>huc</strong></span> <span class='ocrx_word' id='word_1_672' title='bbox 2897 3908 2966 3948; x_wconf 91' lang='lat' dir='ltr'><strong>an</strong></span> <span class='ocrx_word' id='word_1_673' title='bbox 3010 3892 3141 3949; x_wconf 89' lang='lat' dir='ltr'><strong>illuc</strong></span> <span class='ocrx_word' id='word_1_674' title='bbox 3177 3908 3394 3949; x_wconf 91' lang='lat' dir='ltr'><strong>manum</strong></span> <span class='ocrx_word' id='word_1_675' title='bbox 3427 3894 3726 3964; x_wconf 78' lang='lat' dir='ltr'><strong>porrexerit</strong></span> 
     </span>
    </p>
   </div>
   <div class='ocr_carea' id='block_1_93' title="bbox 2137 3981 3727 4058">
    <p class='ocr_par' dir='ltr' id='par_1_93' title="bbox 2137 3981 3727 4058">
     <span class='ocr_line' id='line_1_93' title="bbox 2137 3981 3727 4058; baseline 0.003 -21"><span class='ocrx_word' id='word_1_676' title='bbox 2137 3981 2307 4054; x_wconf 86' lang='lat' dir='ltr'><strong>(Orat.</strong></span> <span class='ocrx_word' id='word_1_677' title='bbox 2337 4000 2430 4056; x_wconf 79' lang='lat' dir='ltr'><strong>pro</strong></span> <span class='ocrx_word' id='word_1_678' title='bbox 2457 3983 2779 4055; x_wconf 80' lang='lat' dir='ltr'><strong>Ctesiphonte</strong></span> <span class='ocrx_word' id='word_1_679' title='bbox 2797 3993 2976 4039; x_wconf 88' lang='lat' dir='ltr'><strong>contra</strong></span> <span class='ocrx_word' id='word_1_680' title='bbox 3004 3983 3328 4058; x_wconf 62' lang='lat' dir='ltr'><strong>JEschiuem)</strong></span> <span class='ocrx_word' id='word_1_681' title='bbox 3358 4001 3372 4039; x_wconf 88' lang='lat'><strong>:</strong></span> <span class='ocrx_word' id='word_1_682' title='bbox 3403 3993 3605 4056; x_wconf 87' lang='lat' dir='ltr'><strong>quanto</strong></span> <span class='ocrx_word' id='word_1_683' title='bbox 3625 3984 3727 4042; x_wconf 58' lang='lat' dir='ltr'><strong>mi.</strong></span> 
     </span>
    </p>
   </div>
   <div class='ocr_carea' id='block_1_94' title="bbox 2134 4074 3724 4148">
    <p class='ocr_par' dir='ltr' id='par_1_94' title="bbox 2134 4074 3724 4148">
     <span class='ocr_line' id='line_1_94' title="bbox 2134 4074 3724 4148; baseline 0.001 -19"><span class='ocrx_word' id='word_1_684' title='bbox 2134 4090 2235 4131; x_wconf 89' lang='lat' dir='ltr'><strong>nus</strong></span> <span class='ocrx_word' id='word_1_685' title='bbox 2257 4091 2356 4131; x_wconf 93' lang='lat' dir='ltr'><strong>nos</strong></span> <span class='ocrx_word' id='word_1_686' title='bbox 2385 4075 2629 4131; x_wconf 89' lang='lat' dir='ltr'><strong>laborare</strong></span> <span class='ocrx_word' id='word_1_687' title='bbox 2669 4075 2927 4131; x_wconf 91' lang='lat' dir='ltr'><strong>debemus</strong></span> <span class='ocrx_word' id='word_1_688' title='bbox 2955 4074 3024 4131; x_wconf 91' lang='lat' dir='ltr'><strong>de</strong></span> <span class='ocrx_word' id='word_1_689' title='bbox 3070 4076 3269 4148; x_wconf 87' lang='lat' dir='ltr'><strong>regulis</strong></span> <span class='ocrx_word' id='word_1_690' title='bbox 3303 4076 3724 4132; x_wconf 88' lang='lat' dir='ltr'><strong>derivandornm</strong></span> 
     </span>
    </p>
   </div>
   <div class='ocr_carea' id='block_1_95' title="bbox 2134 4165 3727 4237">
    <p class='ocr_par' dir='ltr' id='par_1_95' title="bbox 2134 4165 3727 4237">
     <span class='ocr_line' id='line_1_95' title="bbox 2134 4165 3727 4237; baseline 0.001 -17"><span class='ocrx_word' id='word_1_691' title='bbox 2134 4165 2659 4237; x_wconf 90' lang='lat' dir='ltr'><strong>nominum,quando</strong></span> <span class='ocrx_word' id='word_1_692' title='bbox 2685 4166 2796 4221; x_wconf 89' lang='lat' dir='ltr'><strong>sive</strong></span> <span class='ocrx_word' id='word_1_693' title='bbox 2816 4165 2920 4222; x_wconf 91' lang='lat' dir='ltr'><strong>hoc</strong></span> <span class='ocrx_word' id='word_1_694' title='bbox 2946 4166 3059 4221; x_wconf 91' lang='lat' dir='ltr'><strong>sive</strong></span> <span class='ocrx_word' id='word_1_695' title='bbox 3082 4165 3210 4221; x_wconf 86' lang='lat' dir='ltr'><strong>illud</strong></span> <span class='ocrx_word' id='word_1_696' title='bbox 3233 4165 3497 4234; x_wconf 87' lang='lat' dir='ltr'><strong>dicamus,</strong></span> <span class='ocrx_word' id='word_1_697' title='bbox 3529 4166 3727 4237; x_wconf 87' lang='lat' dir='ltr'><strong>intelli-</strong></span> 
     </span>
    </p>
   </div>
   <div class='ocr_carea' id='block_1_96' title="bbox 2133 4257 3727 4329">
    <p class='ocr_par' dir='ltr' id='par_1_96' title="bbox 2133 4257 3727 4329">
     <span class='ocr_line' id='line_1_96' title="bbox 2133 4257 3727 4329; baseline 0.002 -18"><span class='ocrx_word' id='word_1_698' title='bbox 2133 4258 2273 4328; x_wconf 83' lang='lat' dir='ltr'><strong>gitur</strong></span> <span class='ocrx_word' id='word_1_699' title='bbox 2302 4259 2419 4314; x_wconf 91' lang='lat' dir='ltr'><strong>sine</strong></span> <span class='ocrx_word' id='word_1_700' title='bbox 2439 4258 2783 4326; x_wconf 81' lang='lat' dir='ltr'><strong>ambiguitate</strong></span> <span class='ocrx_word' id='word_1_701' title='bbox 2803 4257 2945 4329; x_wconf 88' lang='lat' dir='ltr'><strong>quod</strong></span> <span class='ocrx_word' id='word_1_702' title='bbox 2970 4257 3227 4326; x_wconf 88' lang='lat' dir='ltr'><strong>dicimus;</strong></span> <span class='ocrx_word' id='word_1_703' title='bbox 3273 4272 3500 4329; x_wconf 90' lang='lat' dir='ltr'><strong>quorum</strong></span> <span class='ocrx_word' id='word_1_704' title='bbox 3537 4272 3646 4313; x_wconf 91' lang='lat' dir='ltr'><strong>non</strong></span> <span class='ocrx_word' id='word_1_705' title='bbox 3672 4258 3727 4314; x_wconf 89' lang='lat' dir='ltr'><strong>in</strong></span> 
     </span>
    </p>
   </div>
   <div class='ocr_carea' id='block_1_97' title="bbox 2135 4349 3730 4421">
    <p class='ocr_par' dir='ltr' id='par_1_97' title="bbox 2135 4349 3730 4421">
     <span class='ocr_line' id='line_1_97' title="bbox 2135 4349 3730 4421; baseline -0.001 -16"><span class='ocrx_word' id='word_1_706' title='bbox 2135 4351 2459 4421; x_wconf 89' lang='lat' dir='ltr'><strong>expolitione</strong></span> <span class='ocrx_word' id='word_1_707' title='bbox 2486 4352 2769 4415; x_wconf 89' lang='lat' dir='ltr'><strong>sermonis,</strong></span> <span class='ocrx_word' id='word_1_708' title='bbox 2823 4350 2917 4406; x_wconf 87' lang='lat' dir='ltr'><strong>sed</strong></span> <span class='ocrx_word' id='word_1_709' title='bbox 2943 4350 2997 4405; x_wconf 89' lang='lat' dir='ltr'><strong>in</strong></span> <span class='ocrx_word' id='word_1_710' title='bbox 3026 4349 3484 4407; x_wconf 88' lang='lat' dir='ltr'><strong>demonstratione</strong></span> <span class='ocrx_word' id='word_1_711' title='bbox 3528 4351 3730 4405; x_wconf 80' lang='lat' dir='ltr'><strong>verita-</strong></span> 
     </span>
    </p>
   </div>
   <div class='ocr_carea' id='block_1_98' title="bbox 2136 4440 3725 4514">
    <p class='ocr_par' dir='ltr' id='par_1_98' title="bbox 2136 4440 3725 4514">
     <span class='ocr_line' id='line_1_98' title="bbox 2136 4440 3725 4514; baseline -0.001 -15"><span class='ocrx_word' id='word_1_712' title='bbox 2136 4444 2204 4499; x_wconf 88' lang='lat' dir='ltr'><strong>tis</strong></span> <span class='ocrx_word' id='word_1_713' title='bbox 2229 4452 2313 4499; x_wconf 89' lang='lat' dir='ltr'><strong>est</strong></span> <span class='ocrx_word' id='word_1_714' title='bbox 2340 4444 2511 4514; x_wconf 91' lang='lat' dir='ltr'><strong>major</strong></span> <span class='ocrx_word' id='word_1_715' title='bbox 2536 4443 2803 4498; x_wconf 85' lang='lat' dir='ltr'><strong>intentio?</strong></span> <span class='ocrx_word' id='word_1_716' title='bbox 2830 4440 2888 4500; x_wconf 90' lang='lat' dir='ltr'><strong>Si</strong></span> <span class='ocrx_word' id='word_1_717' title='bbox 2908 4451 3086 4498; x_wconf 89' lang='lat' dir='ltr'><strong>autem</strong></span> <span class='ocrx_word' id='word_1_718' title='bbox 3108 4443 3391 4514; x_wconf 89' lang='lat' dir='ltr'><strong>quisquam</strong></span> <span class='ocrx_word' id='word_1_719' title='bbox 3416 4450 3725 4498; x_wconf 89' lang='lat' dir='ltr'><strong>nostrorum</strong></span> 
     </span>
    </p>
   </div>
   <div class='ocr_carea' id='block_1_99' title="bbox 2136 4530 3728 4608">
    <p class='ocr_par' dir='ltr' id='par_1_99' title="bbox 2136 4530 3728 4608">
     <span class='ocr_line' id='line_1_99' title="bbox 2136 4530 3728 4608; baseline -0.002 -17"><span class='ocrx_word' id='word_1_720' title='bbox 2136 4537 2342 4608; x_wconf 88' lang='lat' dir='ltr'><strong>primus</strong></span> <span class='ocrx_word' id='word_1_721' title='bbox 2377 4533 2525 4591; x_wconf 84' lang='lat' dir='ltr'><strong>flexit</strong></span> <span class='ocrx_word' id='word_1_722' title='bbox 2552 4534 2657 4590; x_wconf 87' lang='lat' dir='ltr'><strong>hoc</strong></span> <span class='ocrx_word' id='word_1_723' title='bbox 2699 4549 2918 4602; x_wconf 91' lang='lat' dir='ltr'><strong>nomen,</strong></span> <span class='ocrx_word' id='word_1_724' title='bbox 2964 4535 3112 4590; x_wconf 90' lang='lat' dir='ltr'><strong>nullo</strong></span> <span class='ocrx_word' id='word_1_725' title='bbox 3154 4533 3317 4589; x_wconf 89' lang='lat' dir='ltr'><strong>modo</strong></span> <span class='ocrx_word' id='word_1_726' title='bbox 3346 4530 3477 4589; x_wconf 87' lang='lat' dir='ltr'><strong>mihi</strong></span> <span class='ocrx_word' id='word_1_727' title='bbox 3516 4532 3728 4588; x_wconf 89' lang='lat' dir='ltr'><strong>videtur</strong></span> 
     </span>
    </p>
   </div>
   <div class='ocr_carea' id='block_1_100' title="bbox 2136 4626 3730 4707">
    <p class='ocr_par' dir='ltr' id='par_1_100' title="bbox 2136 4626 3730 4707">
     <span class='ocr_line' id='line_1_100' title="bbox 2136 4626 3730 4707; baseline -0.001 -23"><span class='ocrx_word' id='word_1_728' title='bbox 2136 4628 2265 4685; x_wconf 91' lang='lat' dir='ltr'><strong>illud</strong></span> <span class='ocrx_word' id='word_1_729' title='bbox 2290 4629 2463 4685; x_wconf 91' lang='lat' dir='ltr'><strong>simile</strong></span> <span class='ocrx_word' id='word_1_730' title='bbox 2499 4628 2741 4697; x_wconf 84' lang='lat' dir='ltr'><strong>intuitus,</strong></span> <span class='ocrx_word' id='word_1_731' title='bbox 2786 4627 2931 4700; x_wconf 90' lang='lat' dir='ltr'><strong>quod</strong></span> <span class='ocrx_word' id='word_1_732' title='bbox 2967 4627 3321 4701; x_wconf 76' lang='lat' dir='ltr'><strong>Evangelistzn</strong></span> <span class='ocrx_word' id='word_1_733' title='bbox 3343 4626 3408 4683; x_wconf 88' lang='lat' dir='ltr'><strong>ab</strong></span> <span class='ocrx_word' id='word_1_734' title='bbox 3434 4626 3730 4707; x_wconf 62' lang='lat' dir='ltr'><strong>Evangelia</strong></span> 
     </span>
    </p>
   </div>
   <div class='ocr_carea' id='block_1_101' title="bbox 2138 4719 3730 4791">
    <p class='ocr_par' dir='ltr' id='par_1_101' title="bbox 2138 4719 3730 4791">
     <span class='ocr_line' id='line_1_101' title="bbox 2138 4719 3730 4791; baseline -0.002 -14"><span class='ocrx_word' id='word_1_735' title='bbox 2138 4727 2514 4791; x_wconf 87' lang='lat' dir='ltr'><strong>nuncupantur</strong></span> <span class='ocrx_word' id='word_1_736' title='bbox 2545 4738 2558 4775; x_wconf 87' lang='lat'><strong>:</strong></span> <span class='ocrx_word' id='word_1_737' title='bbox 2589 4720 2685 4777; x_wconf 86' lang='lat' dir='ltr'><strong>sed</strong></span> <span class='ocrx_word' id='word_1_738' title='bbox 2729 4719 2851 4790; x_wconf 86' lang='lat' dir='ltr'><strong>quia</strong></span> <span class='ocrx_word' id='word_1_739' title='bbox 2907 4734 3002 4790; x_wconf 90' lang='lat' dir='ltr'><strong>per</strong></span> <span class='ocrx_word' id='word_1_740' title='bbox 3041 4719 3325 4786; x_wconf 89' lang='lat' dir='ltr'><strong>Donatum,</strong></span> <span class='ocrx_word' id='word_1_741' title='bbox 3368 4734 3476 4774; x_wconf 90' lang='lat' dir='ltr'><strong>non</strong></span> <span class='ocrx_word' id='word_1_742' title='bbox 3524 4726 3730 4774; x_wconf 88' lang='lat' dir='ltr'><strong>tantum</strong></span> 
     </span>
    </p>
   </div>
   <div class='ocr_carea' id='block_1_102' title="bbox 2138 4812 3733 4886">
    <p class='ocr_par' dir='ltr' id='par_1_102' title="bbox 2138 4812 3733 4886">
     <span class='ocr_line' id='line_1_102' title="bbox 2138 4812 3733 4886; baseline -0.001 -15"><span class='ocrx_word' id='word_1_743' title='bbox 2138 4812 2504 4886; x_wconf 84' lang='lat' dir='ltr'><strong>Carthaginis,</strong></span> <span class='ocrx_word' id='word_1_744' title='bbox 2553 4816 2641 4886; x_wconf 88' lang='lat' dir='ltr'><strong>qui</strong></span> <span class='ocrx_word' id='word_1_745' title='bbox 2671 4814 2809 4870; x_wconf 88' lang='lat' dir='ltr'><strong>hanc</strong></span> <span class='ocrx_word' id='word_1_746' title='bbox 2854 4812 3105 4869; x_wconf 60' lang='lat' dir='ltr'><strong>haeresim</strong></span> <span class='ocrx_word' id='word_1_747' title='bbox 3169 4813 3398 4869; x_wconf 87' lang='lat' dir='ltr'><strong>maxime</strong></span> <span class='ocrx_word' id='word_1_748' title='bbox 3444 4813 3733 4870; x_wconf 88' lang='lat' dir='ltr'><strong>roborasse</strong></span> 
     </span>
    </p>
   </div>
   <div class='ocr_carea' id='block_1_103' title="bbox 2139 4902 3733 4978">
    <p class='ocr_par' dir='ltr' id='par_1_103' title="bbox 2139 4902 3733 4978">
     <span class='ocr_line' id='line_1_103' title="bbox 2139 4902 3733 4978; baseline -0.001 -15"><span class='ocrx_word' id='word_1_749' title='bbox 2139 4906 2485 4978; x_wconf 88' lang='lat' dir='ltr'><strong>perhibetur;</strong></span> <span class='ocrx_word' id='word_1_750' title='bbox 2522 4906 2618 4963; x_wconf 88' lang='lat' dir='ltr'><strong>sed</strong></span> <span class='ocrx_word' id='word_1_751' title='bbox 2639 4906 2800 4962; x_wconf 89' lang='lat' dir='ltr'><strong>etiam</strong></span> <span class='ocrx_word' id='word_1_752' title='bbox 2830 4907 3086 4977; x_wconf 86' lang='lat' dir='ltr'><strong>majorem</strong></span> <span class='ocrx_word' id='word_1_753' title='bbox 3115 4903 3383 4960; x_wconf 88' lang='lat' dir='ltr'><strong>Donatum</strong></span> <span class='ocrx_word' id='word_1_754' title='bbox 3409 4920 3437 4959; x_wconf 90' lang='lat' dir='ltr'><strong>a</strong></span> <span class='ocrx_word' id='word_1_755' title='bbox 3459 4902 3733 4961; x_wconf 78' lang='lat' dir='ltr'><strong>Casis-Ni-</strong></span> 
     </span>
    </p>
   </div>
   <div class='ocr_carea' id='block_1_104' title="bbox 2139 4992 3727 5073">
    <p class='ocr_par' dir='ltr' id='par_1_104' title="bbox 2139 4992 3727 5073">
     <span class='ocr_line' id='line_1_104' title="bbox 2139 4992 3727 5073; baseline -0.003 -16"><span class='ocrx_word' id='word_1_756' title='bbox 2139 4992 2267 5073; x_wconf 89' lang='lat' dir='ltr'><strong>gris,</strong></span> <span class='ocrx_word' id='word_1_757' title='bbox 2297 5000 2389 5072; x_wconf 90' lang='lat' dir='ltr'><strong>qui</strong></span> <span class='ocrx_word' id='word_1_758' title='bbox 2425 4999 2593 5056; x_wconf 90' lang='lat' dir='ltr'><strong>altare</strong></span> <span class='ocrx_word' id='word_1_759' title='bbox 2620 5006 2803 5055; x_wconf 89' lang='lat' dir='ltr'><strong>contra</strong></span> <span class='ocrx_word' id='word_1_760' title='bbox 2832 4998 3000 5053; x_wconf 88' lang='lat' dir='ltr'><strong>altare</strong></span> <span class='ocrx_word' id='word_1_761' title='bbox 3040 4998 3093 5051; x_wconf 90' lang='lat' dir='ltr'><strong>in</strong></span> <span class='ocrx_word' id='word_1_762' title='bbox 3141 4997 3329 5053; x_wconf 88' lang='lat' dir='ltr'><strong>eadem</strong></span> <span class='ocrx_word' id='word_1_763' title='bbox 3364 4997 3579 5054; x_wconf 87' lang='lat' dir='ltr'><strong>civitate</strong></span> <span class='ocrx_word' id='word_1_764' title='bbox 3617 4997 3727 5068; x_wconf 89' lang='lat' dir='ltr'><strong>pri-</strong></span> 
     </span>
    </p>
   </div>
   <div class='ocr_carea' id='block_1_105' title="bbox 2140 5086 3731 5162">
    <p class='ocr_par' dir='ltr' id='par_1_105' title="bbox 2140 5086 3731 5162">
     <span class='ocr_line' id='line_1_105' title="bbox 2140 5086 3731 5162; baseline -0.004 -14"><span class='ocrx_word' id='word_1_765' title='bbox 2140 5106 2259 5148; x_wconf 89' lang='lat' dir='ltr'><strong>mus</strong></span> <span class='ocrx_word' id='word_1_766' title='bbox 2288 5093 2477 5158; x_wconf 87' lang='lat' dir='ltr'><strong>erexit,</strong></span> <span class='ocrx_word' id='word_1_767' title='bbox 2510 5102 2759 5162; x_wconf 84' lang='lat' dir='ltr'><strong>magnum</strong></span> <span class='ocrx_word' id='word_1_768' title='bbox 2786 5089 3095 5145; x_wconf 86' lang='lat' dir='ltr'><strong>scandalum</strong></span> <span class='ocrx_word' id='word_1_769' title='bbox 3127 5086 3321 5143; x_wconf 86' lang='lat' dir='ltr'><strong>factum</strong></span> <span class='ocrx_word' id='word_1_770' title='bbox 3350 5096 3469 5155; x_wconf 89' lang='lat' dir='ltr'><strong>est;</strong></span> <span class='ocrx_word' id='word_1_771' title='bbox 3512 5089 3587 5143; x_wconf 90' lang='lat' dir='ltr'><strong>ita</strong></span> <span class='ocrx_word' id='word_1_772' title='bbox 3618 5087 3731 5143; x_wconf 83' lang='lat' dir='ltr'><strong>for-</strong></span> 
     </span>
    </p>
   </div>
   <div class='ocr_carea' id='block_1_106' title="bbox 2140 5178 3729 5247">
    <p class='ocr_par' dir='ltr' id='par_1_106' title="bbox 2140 5178 3729 5247">
     <span class='ocr_line' id='line_1_106' title="bbox 2140 5178 3729 5247; baseline -0.003 -8"><span class='ocrx_word' id='word_1_773' title='bbox 2140 5184 2297 5239; x_wconf 85' lang='lat' dir='ltr'><strong>tassis</strong></span> <span class='ocrx_word' id='word_1_774' title='bbox 2317 5197 2347 5237; x_wconf 89' lang='lat' dir='ltr'><strong>a</strong></span> <span class='ocrx_word' id='word_1_775' title='bbox 2362 5181 2569 5237; x_wconf 88' lang='lat' dir='ltr'><strong>Donato</strong></span> <span class='ocrx_word' id='word_1_776' title='bbox 2580 5180 2907 5247; x_wconf 88' lang='lat' dir='ltr'><strong>Donatistas,</strong></span> <span class='ocrx_word' id='word_1_777' title='bbox 2923 5187 2979 5235; x_wconf 92' lang='lat' dir='ltr'><strong>ut</strong></span> <span class='ocrx_word' id='word_1_778' title='bbox 2999 5179 3067 5235; x_wconf 88' lang='lat' dir='ltr'><strong>ab</strong></span> <span class='ocrx_word' id='word_1_779' title='bbox 3086 5179 3342 5241; x_wconf 86' lang='lat' dir='ltr'><strong>seandalo</strong></span> <span class='ocrx_word' id='word_1_780' title='bbox 3366 5178 3729 5237; x_wconf 85' lang='lat' dir='ltr'><strong>Scandalistas</strong></span> 
     </span>
    </p>
   </div>
   <div class='ocr_carea' id='block_1_107' title="bbox 2139 5270 2626 5342">
    <p class='ocr_par' dir='ltr' id='par_1_107' title="bbox 2139 5270 2626 5342">
     <span class='ocr_line' id='line_1_107' title="bbox 2139 5270 2626 5342; baseline -0.008 -11"><span class='ocrx_word' id='word_1_781' title='bbox 2139 5270 2308 5331; x_wconf 84' lang='lat' dir='ltr'><strong>voluit</strong></span> <span class='ocrx_word' id='word_1_782' title='bbox 2332 5271 2626 5342; x_wconf 88' lang='lat' dir='ltr'><strong>appellare.</strong></span> 
     </span>
    </p>
   </div>
   <div class='ocr_carea' id='block_1_108' title="bbox 2211 5362 3727 5443">
    <p class='ocr_par' dir='ltr' id='par_1_108' title="bbox 2211 5362 3727 5443">
     <span class='ocr_line' id='line_1_108' title="bbox 2211 5362 3727 5443; baseline -0.001 -21"><span class='ocrx_word' id='word_1_783' title='bbox 2211 5364 2439 5423; x_wconf 84' lang='lat' dir='ltr'><strong>CAPUT</strong></span> <span class='ocrx_word' id='word_1_784' title='bbox 2480 5365 2546 5422; x_wconf 88' lang='lat' dir='ltr'><strong>ll.</strong></span> <span class='ocrx_word' id='word_1_785' title='bbox 2573 5362 2724 5422; x_wconf 80' lang='lat'><strong>—-&#39;5.</strong></span> <span class='ocrx_word' id='word_1_786' title='bbox 2775 5364 2879 5424; x_wconf 92' lang='lat' dir='ltr'><strong>Sed</strong></span> <span class='ocrx_word' id='word_1_787' title='bbox 2924 5381 3025 5439; x_wconf 77' lang='lat' dir='ltr'><strong>ego</strong></span> <span class='ocrx_word' id='word_1_788' title='bbox 3050 5364 3193 5423; x_wconf 88' lang='lat' dir='ltr'><strong>eain</strong></span> <span class='ocrx_word' id='word_1_789' title='bbox 3242 5381 3323 5432; x_wconf 91' lang='lat' dir='ltr'><strong>re,</strong></span> <span class='ocrx_word' id='word_1_790' title='bbox 3358 5365 3415 5443; x_wconf 80' lang='lat' dir='ltr'><strong>in</strong></span> <span class='ocrx_word' id='word_1_791' title='bbox 3458 5380 3563 5439; x_wconf 89' lang='lat' dir='ltr'><strong>qua</strong></span> <span class='ocrx_word' id='word_1_792' title='bbox 3598 5365 3727 5433; x_wconf 80' lang='lat' dir='ltr'><strong>nihil</strong></span> 
     </span>
    </p>
   </div>
   <div class='ocr_carea' id='block_1_109' title="bbox 2141 5461 3727 5535">
    <p class='ocr_par' dir='ltr' id='par_1_109' title="bbox 2141 5461 3727 5535">
     <span class='ocr_line' id='line_1_109' title="bbox 2141 5461 3727 5535; baseline -0.003 -14"><span class='ocrx_word' id='word_1_793' title='bbox 2141 5478 2315 5522; x_wconf 65' lang='lat' dir='ltr'><strong>causa:</strong></span> <span class='ocrx_word' id='word_1_794' title='bbox 2360 5473 2559 5520; x_wconf 66' lang='lat' dir='ltr'><strong>nostrre</strong></span> <span class='ocrx_word' id='word_1_795' title='bbox 2606 5463 2883 5533; x_wconf 87' lang='lat' dir='ltr'><strong>minuitur,</strong></span> <span class='ocrx_word' id='word_1_796' title='bbox 2927 5478 3013 5518; x_wconf 91' lang='lat' dir='ltr'><strong>me</strong></span> <span class='ocrx_word' id='word_1_797' title='bbox 3052 5461 3365 5519; x_wconf 83' lang='lat' dir='ltr'><strong>facillimum</strong></span> <span class='ocrx_word' id='word_1_798' title='bbox 3396 5462 3633 5535; x_wconf 69' lang='lat' dir='ltr'><strong>praebeo,</strong></span> <span class='ocrx_word' id='word_1_799' title='bbox 3676 5470 3727 5519; x_wconf 91' lang='lat' dir='ltr'><strong>et</strong></span> 
     </span>
    </p>
   </div>
   <div class='ocr_carea' id='block_1_110' title="bbox 2141 5554 3723 5632">
    <p class='ocr_par' dir='ltr' id='par_1_110' title="bbox 2141 5554 3723 5632">
     <span class='ocr_line' id='line_1_110' title="bbox 2141 5554 3723 5632; baseline -0.001 -20"><span class='ocrx_word' id='word_1_800' title='bbox 2141 5556 2352 5632; x_wconf 84' lang='lat' dir='ltr'><strong>quando</strong></span> <span class='ocrx_word' id='word_1_801' title='bbox 2393 5565 2568 5614; x_wconf 90' lang='lat' dir='ltr'><strong>tecum</strong></span> <span class='ocrx_word' id='word_1_802' title='bbox 2610 5573 2731 5629; x_wconf 87' lang='lat' dir='ltr'><strong>ago,</strong></span> <span class='ocrx_word' id='word_1_803' title='bbox 2773 5556 2881 5629; x_wconf 88' lang='lat' dir='ltr'><strong>jam</strong></span> <span class='ocrx_word' id='word_1_804' title='bbox 2936 5556 3259 5612; x_wconf 90' lang='lat' dir='ltr'><strong>Donatianos</strong></span> <span class='ocrx_word' id='word_1_805' title='bbox 3308 5572 3443 5612; x_wconf 86' lang='lat' dir='ltr'><strong>voco</strong></span> <span class='ocrx_word' id='word_1_806' title='bbox 3472 5554 3723 5631; x_wconf 34' lang='lat' dir='ltr'><strong>;.quando</strong></span> 
     </span>
    </p>
   </div>
   <div class='ocr_carea' id='block_1_111' title="bbox 2141 5651 3722 5723">
    <p class='ocr_par' dir='ltr' id='par_1_111' title="bbox 2141 5651 3722 5723">
     <span class='ocr_line' id='line_1_111' title="bbox 2141 5651 3722 5723; baseline -0.003 -14"><span class='ocrx_word' id='word_1_807' title='bbox 2141 5663 2319 5710; x_wconf 88' lang='lat' dir='ltr'><strong>autem</strong></span> <span class='ocrx_word' id='word_1_808' title='bbox 2345 5668 2464 5709; x_wconf 89' lang='lat' dir='ltr'><strong>cum</strong></span> <span class='ocrx_word' id='word_1_809' title='bbox 2490 5652 2630 5721; x_wconf 90' lang='lat' dir='ltr'><strong>aliis,</strong></span> <span class='ocrx_word' id='word_1_810' title='bbox 2674 5651 3111 5708; x_wconf 87' lang='lat' dir='ltr'><strong>consuetudinem</strong></span> <span class='ocrx_word' id='word_1_811' title='bbox 3144 5652 3318 5723; x_wconf 90' lang='lat' dir='ltr'><strong>potius</strong></span> <span class='ocrx_word' id='word_1_812' title='bbox 3345 5666 3561 5723; x_wconf 89' lang='lat' dir='ltr'><strong>sequor,</strong></span> <span class='ocrx_word' id='word_1_813' title='bbox 3610 5664 3722 5723; x_wconf 71' lang='lat' dir='ltr'><strong>qua:</strong></span> 
     </span>
    </p>
   </div>
   <div class='ocr_carea' id='block_1_112' title="bbox 2143 5744 3757 5816">
    <p class='ocr_par' dir='ltr' id='par_1_112' title="bbox 2143 5744 3757 5816">
     <span class='ocr_line' id='line_1_112' title="bbox 2143 5744 3757 5816; baseline -0.003 -11"><span class='ocrx_word' id='word_1_814' title='bbox 2143 5744 3004 5816; x_wconf 67' lang='lat' dir='ltr'><strong>bissenisjnredominaturun</strong></span> <span class='ocrx_word' id='word_1_815' title='bbox 3044 5752 3253 5802; x_wconf 73' lang='lat' dir='ltr'><strong>tantum</strong></span> <span class='ocrx_word' id='word_1_816' title='bbox 3292 5753 3572 5801; x_wconf 68' lang='lat' dir='ltr'><strong>memento</strong></span> <span class='ocrx_word' id='word_1_817' title='bbox 3606 5756 3757 5812; x_wconf 72' lang='lat' dir='ltr'><strong>Ine,-</strong></span> 
     </span>
    </p>
   </div>
   <div class='ocr_carea' id='block_1_113' title="bbox 2207 5923 3240 5988">
    <p class='ocr_par' dir='ltr' id='par_1_113' title="bbox 2207 5923 3240 5988">
     <span class='ocr_line' id='line_1_113' title="bbox 2207 5923 3240 5988; baseline -0.001 -10"><span class='ocrx_word' id='word_1_818' title='bbox 2207 5929 2224 5961; x_wconf 79' lang='grc' dir='ltr'>ί</span> <span class='ocrx_word' id='word_1_819' title='bbox 2258 5926 2453 5987; x_wconf 82' lang='lat' dir='ltr'><strong>Quidam</strong></span> <span class='ocrx_word' id='word_1_820' title='bbox 2475 5934 2675 5978; x_wconf 86' lang='lat' dir='ltr'><strong>veteres</strong></span> <span class='ocrx_word' id='word_1_821' title='bbox 2694 5923 2906 5988; x_wconf 84' lang='lat' dir='ltr'><strong>codices,</strong></span> <span class='ocrx_word' id='word_1_822' title='bbox 2924 5924 3240 5981; x_wconf 63' lang='lat' dir='ltr'><strong>mansit.</strong></span> 
     </span>
    </p>
   </div>
  </div>
