3998 6462
273 385 376 442 £69

269 501 354 557 cui
381 505 587 554 tantam
617 491 846 552 tribuisti
869 492 1250 566 eloquentiam,
1290 492 1526 550 nondum
1557 505 1716 548 nosse
1755 501 1855 544 no-

272 595 414 652 mina
443 591 734 656 declinare,
767 599 820 644 et
839 589 1020 643 nuntia
1047 589 1239 643 vestris
1264 587 1626 654 securitatem,
1659 601 1724 641 ne
1747 585 1858 656 jam

272 689 495 743 timeant
515 693 765 755 tanquam
796 681 1156 748 dialecticum,
1188 682 1273 736 cui
1300 681 1448 736 vides
1471 680 1643 735 adhuc
1671 695 1860 735 neces-

271 782 472 839 sarium
497 794 618 835 esse
659 777 1081 850 grammaticum.
1115 775 1268 844 Quod
1298 776 1343 831 si
1374 775 1647 846 disciplina
1673 773 1859 846 dispu-

275 874 437 939 tandi,
495 874 610 929 sive
660 872 807 926 illam
846 870 1177 926 dialecticam
1198 869 1332 924 velis
1377 869 1678 939 appellare,
1747 866 1860 922 sive

274 966 396 1038 quid
433 965 614 1029 aliud;
669 963 798 1019 satis
842 971 1019 1017 tamen
1063 962 1241 1018 sobrie
1291 961 1464 1026 docet,
1514 976 1634 1017 cum
1679 960 1746 1016 de
1800 975 1861 1016 re

274 1066 500 1120 constat,
533 1071 642 1112 non
671 1072 789 1111 esse
818 1055 884 1111 de
916 1053 1133 1110 nomine
1166 1053 1514 1109 laborandum
1545 1072 1558 1108 :
1591 1055 1728 1110 sicut
1754 1069 1860 1111 non

275 1164 401 1206 curo
447 1157 626 1203 utrum
670 1164 730 1203 ea
775 1147 889 1218 ipsa
923 1148 1199 1204 dialectica
1239 1156 1478 1212 vocetur,
1525 1159 1860 1214 cumtamen

275 1249 529 1313 quantum
563 1241 738 1307 valeo,
788 1255 946 1296 nosse
991 1255 1053 1296 ac
1082 1255 1240 1311 posse
1285 1239 1580 1312 disputare,
1625 1241 1726 1297 hoc
1754 1249 1857 1310 est,

277 1335 555 1390 veritatem
581 1349 610 1386 a
640 1333 865 1388 falsitate
895 1334 946 1389 in
968 1333 1232 1405 loquendo
1247 1333 1584 1402 discernere;
1610 1335 1732 1407 quia
1761 1335 1864 1391 hoc

281 1427 375 1482 nisi
416 1441 694 1492 curavero,
737 1426 1192 1498 perniciosissime
1235 1428 1425 1482 errabo
1456 1447 1468 1482 :
1499 1428 1570 1484 ila
1603 1445 1708 1484 non
1733 1444 1863 1485 curo

279 1530 453 1577 utrum
484 1521 798 1586 Donatistm,
829 1535 898 1575 an
927 1520 1203 1575 Donatiani
1234 1522 1457 1591 peritius
1486 1531 1540 1577 et
1581 1522 1864 1578 litteratius

279 1612 654 1677 declinemini;
691 1623 864 1666 utrum
895 1621 1167 1683 postremo
1193 1628 1222 1666 a
1264 1613 1468 1668 Donato
1497 1614 1579 1669 vel
1623 1614 1713 1686 qui
1757 1615 1866 1687 pri-

277 1720 392 1760 mus
416 1712 565 1760 extra
595 1703 888 1759 Ecclesium
937 1703 1276 1766 sacrificavit.
1305 1705 1390 1760 vel
1433 1707 1521 1776 qui
1571 1706 1711 1762 hanc
1750 1708 1864 1764 dis-

283 1796 586 1851 sensionem
638 1795 868 1850 maxime
916 1796 1206 1862 roboravit,
1265 1811 1332 1850 an
1396 1812 1426 1850 a
1470 1797 1726 1869 Majorino
1776 1801 1862 1872 qui

279 1891 480 1962 primus
521 1897 705 1945 contra
749 1890 1088 1945 Caicilianum
1135 1899 1327 1945 vestrm
1377 1892 1542 1960 partis
1585 1893 1866 1964 episcopus

279 1981 552 2036 ordinatus
581 1988 682 2047 est,
707 1980 898 2034 debeat
924 1981 1092 2047 vobis,
1118 1981 1330 2051 quando
1359 1981 1645 2052 loquimur,
1677 1983 1865 2039 distin-

278 2073 469 2128 ctionis
494 2087 651 2128 causa
692 2071 803 2127 indi
839 2073 1175 2128 vocabulum.
1223 2073 1377 2142 Quod
1414 2084 1590 2130 tamen
1628 2075 1865 2134 iiseretici
1931 2075 1933 2078 ⁴

278 2164 412 2231 sitis,
446 2174 502 2219 et
534 2164 655 2220 ideo
686 2180 753 2219 ne
779 2164 1075 2234 decipiatis,
1105 2166 1412 2221 cautissime
1442 2165 1733 2236 devitandi,
1763 2170 1865 2226 nisi

279 2254 558 2326 diligenter
586 2256 953 2311 demonstrare
983 2271 1266 2323 curavero,
1305 2272 1408 2312 non
1438 2274 1653 2330 parvam
1697 2264 1867 2334 negli-

280 2350 467 2420 gentia:
499 2348 710 2420 culpam
731 2364 828 2419 pro
859 2349 961 2403 mei
991 2349 1148 2403 officii
1172 2350 1379 2405 sarcina
1410 2351 1700 2408 incurram.

344 2442 576 2499 CAPUT
599 2439 693 2500 ill.
715 2473 783 2482 —
802 2443 855 2498 4.
899 2441 1210 2513 Quanquam
1239 2443 1290 2498 id
1320 2445 1461 2514 quod
1485 2446 1622 2500 inter
1649 2462 1747 2503 nos
1772 2463 1864 2505 ac-

281 2537 406 2594 cidit
428 2535 695 2602 ,schisma
729 2537 902 2605 potius
931 2551 1087 2606 quam
1121 2535 1366 2592 haeresim
1399 2553 1590 2594 censes
1607 2542 1866 2611 appellari

279 2640 546 2698 oportere,
588 2636 643 2682 et
679 2626 820 2697 quod
848 2642 966 2680 raro
988 2626 1184 2682 audere
1204 2627 1464 2682 dialectici
1485 2631 1676 2698 solent,
1701 2633 1861 2688 etiam

279 2721 672 2780 definitionibus
701 2721 800 2776 ista
840 2721 1136 2787 discernis;
1170 2722 1256 2776 ubi
1280 2730 1532 2794 quantum
1570 2740 1666 2780 nos
1709 2725 1863 2797 adju-

277 2829 389 2882 ves,
434 2816 564 2870 satis
601 2814 972 2869 demonstrare
1000 2831 1104 2869 non
1137 2825 1344 2885 potero,
1389 2817 1486 2871 nisi
1532 2834 1599 2873 ex
1640 2820 1863 2890 epistola

282 2916 366 2962 tua
391 2908 624 2962 inseram
652 2906 810 2961 verba
838 2915 944 2960 tua.
975 2907 1109 2972 Quid
1133 2907 1228 2961 sibi
1257 2908 1380 2974 vult,
1411 2910 1603 2980 inquis,
1632 2913 1767 2980 quod
1787 2915 1864 2970 ais

281 2999 626 3054 htereticorum
650 2998 949 3068 sacrilegum
977 3015 1195 3052 errorem
1234 2995 1372 3070 (Lib.
1397 2999 1418 3054 ι
1443 3012 1617 3056 contra
1647 3002 1865 3060 Litteras

278 3089 538 3155 Petiliani,
588 3107 644 3144 η.
684 3090 780 3159 1)?
823 3088 959 3143 Nam
1000 3089 1212 3169 hazrcses
1253 3091 1454 3145 nonnisi
1497 3095 1626 3148 inter
1668 3096 1865 3153 diversa

273 3194 529 3258 sequentes
557 3186 668 3255 ﬁeri
697 3185 878 3252 solent,
927 3201 1017 3240 nec
1043 3187 1309 3242 hrereticus
1334 3189 1433 3244 nisi
1475 3192 1746 3246 contraria:
1786 3192 1866 3248 vel

275 3277 418 3332 aliter
446 3279 791 3348 interpretata?
819 3276 1076 3348 religionis
1101 3287 1174 3332 est
1195 3278 1380 3348 cultor,
1427 3289 1484 3336 ut
1524 3293 1639 3336 sunt
1683 3282 1862 3338 Mani-

274 3369 424 3436 chai,
447 3369 645 3437 Ariani,
694 3369 1014 3424 Marcionita:
1036 3411 1051 3437 ,
1102 3368 1398 3440 Novatiani,
1436 3376 1700 3445 cwterique
1735 3393 1864 3448 quo-

275 3477 394 3515 rum
421 3461 552 3514 inter
575 3478 625 3514 se
650 3471 818 3515 contra
845 3462 998 3530 ﬁdem
1027 3461 1354 3517 christianam
1396 3465 1590 3520 diversa
1618 3469 1864 3524 sententia

273 3552 392 3610 stat.
428 3553 577 3609 Inter
601 3571 709 3622 nos,
737 3557 913 3627 quibus
936 3555 1067 3610 idem
1093 3555 1322 3612 Christus
1344 3569 1514 3630 natus,
1555 3572 1780 3620 mortuus
1817 3573 1864 3620 et

272 3664 559 3719 resurgens,
619 3663 720 3700 una
769 3649 967 3719 religio,
1014 3649 1189 3702 eadem
1217 3649 1582 3722 Sacramenta,
1639 3656 1767 3711 nihil
1808 3656 1862 3712 in

274 3743 550 3798 christiana
569 3742 906 3797 observatione
935 3742 1206 3810 diversum,
1235 3745 1453 3800 scltisntu
1493 3750 1706 3820 factum,
1758 3767 1862 3808 non

275 3837 475 3892 haeresis
503 3836 708 3890 dicitur.
760 3836 1022 3908 Siquidem
1051 3837 1254 3891 han-esis
1302 3846 1372 3893 est
1411 3839 1608 3895 diversa
1647 3860 1861 3913 sequen-

270 3928 393 3982 tium
418 3937 591 3982 secta:
617 3928 835 3982 scltisma
871 3944 1001 3994 vero,
1036 3928 1210 3981 cadent
1240 3931 1547 3997 sequentium
1585 3937 1857 4003 separatio.

277 4021 444 4088 Quare
461 4031 507 4075 et
527 4021 581 4075 in
598 4021 712 4089 hoc,
726 4020 894 4075 studio
916 4021 1240 4089 criminandi,
1258 4040 1402 4094 quem
1424 4034 1476 4078 tu
1500 4026 1769 4083 incurreris
1790 4031 1863 4086 vi-

273 4111 354 4167 des
372 4130 595 4167 errorem
619 4115 657 4179 ¹,
677 4130 791 4167 cum
806 4112 941 4184 quod
962 4113 1175 4169 schisma
1199 4125 1270 4169 est
1292 4117 1524 4172 hwresim
1554 4137 1720 4175 vocas.
1737 4121 1863 4180 Haec

271 4221 462 4278 nempe
502 4206 663 4261 verba
687 4215 775 4260 tua
817 4214 962 4273 sunt,
1009 4223 1126 4277 quae
1162 4211 1312 4278 posui
1342 4227 1408 4266 ex
1438 4213 1659 4280 cpistola
1692 4223 1799 4270 tua.

339 4297 567 4356 C.\PUT
600 4298 688 4356 Ν.
721 4329 791 4339 -
817 4299 868 4354 5.
899 4299 1016 4354 iam
1058 4316 1198 4356 nunc
1241 4301 1479 4370 attende,
1527 4305 1571 4356 si
1617 4307 1858 4374 pertinax

272 4405 376 4445 non
397 4390 493 4458 sis,
517 4405 678 4462 quam
708 4389 848 4444 facili
870 4391 1185 4460 compendio
1207 4392 1257 4447 id
1281 4393 1420 4463 quod
1444 4394 1582 4448 inter
1608 4411 1706 4451 nos
1731 4412 1860 4468 age—

267 4478 446 4547 batur,
476 4482 592 4552 ipse
617 4481 840 4536 ﬁnieris.
882 4481 938 4536 Si
963 4483 1104 4537 enim
1134 4493 1187 4539 et
1218 4483 1370 4540 nobis
1418 4492 1473 4540 et
1515 4486 1672 4542 vobis
1718 4488 1858 4546 idem

269 4570 515 4628 Christus
553 4581 726 4639 natus,
778 4582 1020 4628 mortuus
1059 4589 1122 4629 ac
1170 4589 1477 4647 resurgens,
1521 4594 1622 4634 una
1651 4581 1857 4652 religio,

269 4663 456 4721 eadem
486 4665 849 4730 Sacramenta,
901 4665 1030 4720 nihil
1063 4667 1115 4721 in
1159 4665 1446 4722 christiana
1488 4669 1860 4730 observatione

270 4756 541 4813 diversum
571 4768 672 4820 est.
703 4771 880 4814 nonne
901 4757 1230 4827 rebaptizare
1253 4774 1560 4828 perversum
1589 4762 1710 4816 est?
1737 4763 1858 4819 Tria

271 4864 500 4922 namque
529 4848 775 4920 posuisti,
809 4863 1035 4919 quorum
1084 4849 1128 4902 si
1178 4865 1340 4904 unum
1383 4853 1672 4922 posuisses,
1726 4856 1858 4912 satis

269 4957 534 5015 superque
548 4942 837 4998 sufficeret.
885 4941 991 4997 Sed
1006 4941 1156 5012 quasi
1174 4952 1358 4996 contra
1386 4943 1707 5002 Donatianos
1726 4948 1858 5005 lide-

268 5035 388 5092 liter
412 5051 622 5112 ageres,
653 5053 719 5092 ne
747 5036 1023 5108 quisquam
1045 5035 1130 5090 vel
1173 5036 1330 5091 nimis
1360 5048 1567 5104 acutus,
1619 5040 1670 5094 id
1715 5042 1858 5112 quod

267 5129 434 5183 semel
460 5127 802 5198 breviterque
832 5129 1081 5194 dixisses,
1112 5128 1448 5198 interpretari
1495 5131 1647 5185 aliter
1691 5147 1855 5190 cona—

267 5230 435 5289 retur,
464 5221 624 5276 etiam
657 5221 861 5276 obtusis
888 5220 1107 5276 auribus
1134 5228 1189 5276 et
1211 5221 1459 5276 cordibus
1492 5231 1632 5278 tuam
1659 5226 1857 5281 curasti

267 5312 588 5385 immergere
614 5323 772 5384 atque
799 5313 1066 5368 inculcare
1095 5315 1438 5380 sententiam,
1487 5315 1624 5384 Una,
1658 5318 1852 5390 inquis,

269 5405 463 5477 religio,
488 5405 663 5460 eadem
693 5404 1045 5470 Sacramenta,
1088 5405 1218 5459 nihil
1241 5406 1294 5459 in
1323 5407 1599 5462 christiana
1628 5410 1859 5465 observa-

269 5499 399 5554 tione
420 5499 690 5554 diversum.
705 5499 774 5554 Et
803 5498 975 5554 adhuc
999 5498 1254 5554 adversus
1273 5497 1496 5554 invicem
1515 5501 1859 5558 laboramus?

268 5585 380 5648 iam
408 5591 625 5649 tandem
664 5592 948 5663 aliquando
977 5591 1220 5646 cohibete
1248 5589 1660 5661 dissensionem,
1701 5595 1856 5651 ﬁnite

269 5683 435 5760 litem,
465 5693 642 5742 amate
671 5700 879 5756 pacem.
927 5683 1065 5751 Quid
1113 5683 1451 5754 reprobatis?
1499 5685 1625 5754 quid
1671 5686 1855 5742 exsuf-

254 5823 256 5826 '
329 5826 346 5855 ι
543 5829 760 5894 W13;
801 5822 1033 5894 ειρςωτὶδ,
1075 5835 1168 5873 non
1203 5820 1338 5894 sides
1356 5833 1591 5874 errorem.
1631 5830 1688 5877 Αι
1725 5833 1856 5890 Μεδη

269 5885 479 5948 querula
494 5884 778 5950 incurreris,
802 5884 952 5950 vides,
974 5898 1220 5948 errorem;
1238 5884 1430 5947 omisso,
1457 5896 1567 5936 non.

1586 368 1787 428 LIBER
1823 357 2199 427 SECUNDUS.

3432 387 3538 456 £70

1969 479 2153 582 italis?
2197 489 2370 560 Quare
2427 494 2810 570 rebaptizatis?
2860 502 2977 564 Una
3024 509 3200 581 religio
3243 521 3343 582 est,
3381 518 3554 574 eadem

1969 577 2320 650 Sacramenta,
2349 587 2477 643 nihil
2515 592 2568 646 in
2587 593 2866 652 christiana
2893 598 3234 662 observatione
3277 607 3552 668 diversum.

1967 673 2099 730 Nam
2129 676 2174 731 si
2202 679 2351 736 vobis
2379 693 2434 738 et
2460 686 2612 743 nobis
2661 705 2767 747 non
2797 703 2881 749 est
2904 711 3041 754 unus
3067 700 3393 774 Baptismus,
3421 725 3557 779 quo-

1923 769 1927 775 “
1968 769 2128 826 modo
2147 779 2252 876 es:
2250 790 2351 830 una
2371 777 2596 851 religio?
2621 782 2727 840 Sed
2747 794 2798 841 tu
2822 787 3021 858 dixisti,
3046 769 3164 850 Una
3188 799 3365 872 religio
3378 769 3399 856 ν.
3423 769 3556 876 ergo

1968 869 2024 915 et
2049 878 2184 918 unus
2213 863 2529 935 Baptismus.
2557 872 2834 941 Quomodo
2861 891 2985 937 sunt
3012 885 3198 942 eadem
3229 863 3554 954 sacramus

1969 956 2055 1009 ta?
2077 955 2180 1012 Sed
2206 967 2258 1014 tu
2291 961 2491 1030 dixisti,
2527 970 2700 1025 eadem
2732 971 3068 1033 Sacramenta
3089 996 3108 1034 :
3137 981 3277 1040 idem
3321 1002 3454 1059 ergo
3493 1000 3556 1048 et

1968 1047 2287 1120 Baptismus.
2319 1055 2445 1110 Item
2474 1059 2517 1112 si
2547 1062 2698 1118 nobis
2719 1073 2772 1120 et
2801 1068 2950 1124 vobis
2973 1070 3222 1132 diversus
3243 1089 3327 1134 est
3371 1047 3554 1152 Septi-

1968 1158 2135 1212 smus,
2166 1151 2430 1218 quomodo
2459 1153 2586 1210 nihil
2609 1167 2691 1218 est
2737 1160 2790 1215 in
2835 1164 3124 1222 christiana
3173 1151 3552 1236 observatione

1969 1233 2284 1294 diversum?
2314 1241 2420 1308 Sed
2451 1253 2505 1300 tu
2538 1247 2738 1318 dixisti,
2773 1254 2901 1308 nihil
2925 1256 2977 1310 in
3009 1259 3286 1320 christiana
3313 1233 3552 1324 observa;

1969 1329 2100 1384 tione
2129 1333 2379 1389 diversum
2410 1355 2421 1390 :
2453 1355 2560 1394 non
2585 1357 2712 1414 ergo
2737 1353 2819 1400 est
2842 1347 3083 1408 diversus
3102 1363 3158 1410 et
3179 1355 3483 1427 Baptismus
3510 1363 3553 1417 ί.

1969 1420 2099 1488 Quae
2127 1438 2247 1478 cum
2277 1426 2348 1482 ita
2373 1429 2499 1494 sint,
2544 1447 2642 1488 nos
2669 1445 2816 1493 recte
2839 1441 2979 1508 quod
3007 1459 3168 1502 unum
3197 1447 3354 1520 atque
3385 1452 3552 1524 idem,

1971 1530 2142 1586 neque
2170 1518 2437 1576 diversum
2467 1533 2568 1591 est,
2603 1542 2702 1583 nec
2742 1529 3125 1605 improbamus,
3166 1518 3557 1602 nec—exsufﬂa-

1969 1623 2108 1676 mus,
2157 1627 2256 1666 nec
2309 1614 2602 1683 iteramus;
2655 1620 2751 1676 sed
2792 1626 3161 1695 agnoscimus,
3211 1635 3556 1710 suscipimus,

1971 1713 2327 1773 acceptamus.
2359 1707 2466 1764 Vos
2495 1726 2623 1766 vero
2649 1712 2834 1784 impie,
2859 1718 2998 1788 quod
3029 1735 3189 1776 unum
3211 1732 3371 1795 atque
3391 1707 3557 1799 idem,

1972 1809 2142 1864 neque
2168 1797 2434 1854 diversum
2454 1811 2555 1866 est,
2571 1803 2920 1864 dissimulatis
2939 1825 3254 1881 agnoscere,
3283 1797 3560 1891 suscipere

1971 1889 2248 1956 recusatis,
2295 1905 2574 1963 acceptare
2601 1913 2704 1954 non
2746 1900 2940 1968 vultis;
2989 1906 3083 1960 sed
3115 1908 3308 1978 eligitis
3353 1889 3560 1983 impro-

1971 1977 2121 2044 bare,
2141 1982 2346 2038 audetis
2371 1988 2673 2056 exsufﬂare,
2704 2007 2810 2047 non
2837 1997 3075 2053 metuitis
3099 1977 3314 2058 iterare.
3344 1977 3561 2064 Et

1975 2072 2028 2126 in
2061 2073 2162 2129 hoc
2189 2077 2302 2147 ipso
2331 2079 2473 2149 quod
2502 2096 2564 2136 ea
2593 2100 2712 2153 qua:
2739 2086 2877 2148 inter
2916 2105 3016 2145 nos
3043 2101 3241 2148 mutata
3277 2112 3383 2152 uon
3411 2110 3559 2168 sunt,

1975 2179 2073 2220 nos
2100 2168 2435 2237 suscipimus,
2485 2187 2578 2228 vos
2609 2176 2904 2246 repellitis;
2951 2195 3050 2237 nos
3101 2184 3144 2237 si
3189 2200 3220 2239 a
3250 2187 3403 2242 vobis
3431 2189 3564 2246 data

1973 2269 2116 2329 sunt,
2149 2261 2270 2319 data
2294 2265 2616 2334 iudicamus,
2660 2284 2755 2324 vos
2781 2271 2826 2325 si
2854 2288 2885 2326 a
2917 2274 3072 2330 nobis
3099 2276 3221 2333 data
3251 2288 3396 2348 sunt,
3423 2285 3567 2346 ,tan-

1973 2367 2130 2420 quam
2159 2369 2263 2408 non
2282 2354 2402 2410 data
2426 2359 2665 2428 repetitis
2695 2378 2709 2414 :
2738 2377 2858 2416 cum
2881 2372 2985 2419 tam
3007 2366 3215 2424 diversa
3236 2373 3558 2443 sequamini,

1972 2445 2227 2513 appellari
2260 2463 2354 2501 vos
2379 2447 2658 2505 ltmreticos
2679 2451 3064 2524 dedignamitti.

2046 2535 2098 2589 6.
2131 2537 2360 2593 Attende
2399 2539 2683 2611 diligenter
2719 2543 2846 2613 quid
2881 2544 3050 2617 dicas,
3095 2556 3150 2604 et
3192 2551 3321 2622 quid
3361 2552 3561 2614 dicam.

1973 2627 2052 2682 Tu
2079 2639 2222 2684 certe
2253 2631 2485 2688 definisti
2519 2643 2573 2689 et
2609 2635 2812 2704 dixisti,
2863 2637 3087 2697 [heresis
3131 2651 3204 2697 est
3248 2645 3448 2701 diversa
3471 2665 3558 2704 se-

1972 2723 2230 2791 quentium
2249 2735 2385 2778 secta
2413 2742 2431 2780 :
2461 2727 2681 2781 schisma
2712 2743 2846 2798 vero,
2875 2730 3047 2785 eadem
3067 2736 3384 2804 sequentium
3403 2754 3564 2808 sepa-

1971 2813 2121 2866 ratio.
2154 2811 2283 2868 Item
2309 2823 2366 2869 tu
2395 2815 2592 2882 dixisti,
2622 2820 2762 2874 nobis
2783 2829 2829 2874 et
2861 2822 2997 2876 vobis
3030 2840 3186 2879 unam
3220 2844 3327 2884 esse
3357 2830 3566 2902 religie-

1972 2919 2106 2970 nem,
2135 2905 2310 2959 eadem
2339 2906 2692 2978 Sacramenta,
2713 2912 2841 2966 nihil
2866 2913 2917 2966 in
2933 2915 3208 2971 christiana
3221 2919 3567 2980 observatione

1972 2995 2246 3051 diversum.
2304 2999 2481 3065 Quare
2517 3017 2645 3072 ergo
2693 3005 2992 3074 rebaptizas
3039 3009 3412 3080 christianum,
3462 3031 3564 3086 ego

1939 3102 2077 3164 'non
2121 3089 2434 3159 rebaptizo?
2477 3093 2698 3150 Diversa
2746 3096 2927 3167 utique
2945 3101 3238 3171 sequimur.
3287 3104 3462 3172 Quare
3511 3118 3565 3165 te

1970 3181 2075 3237 dici
2103 3197 2210 3237 non
2237 3185 2315 3239 vis
2347 3183 2658 3242 litereticum
2683 3189 2745 3242 '?
2771 3189 2905 3246 Puto
2930 3193 3072 3262 quod
3089 3209 3192 3248 non
3217 3210 3380 3266 parvo
3405 3199 3562 3270 signo

1969 3288 2321 3345 agnoscamus
2348 3275 2649 3347 haereticos,
2691 3281 2926 3350 quicum
2957 3285 3059 3339 sibi
3107 3297 3159 3342 et
3203 3290 3357 3348 nobis
3401 3308 3565 3351 unam

1969 3366 2302 3436 religionem,
2353 3370 2538 3425 eadem
2572 3371 2938 3441 Sacramenta,
2990 3377 3124 3434 nihil
3171 3381 3228 3436 iu
3269 3381 3564 3444 christiana

1968 3455 2341 3514 observatione
2393 3461 2663 3518 diversum
2719 3479 2838 3522 esse
2887 3467 3172 3538 fateantur,
3219 3473 3412 3531 nolunt
3461 3493 3562 3536 nos

1968 3566 2262 3622 agnoscere
2298 3553 2614 3625 baptizatos.
2660 3558 2742 3613 An
2775 3567 2920 3615 tanta
2953 3563 3309 3623 obstinatione
3337 3578 3564 3630 conten-

1967 3641 2112 3707 ditis,
2161 3652 2303 3698 tanta
2324 3645 2661 3704 dissensione
2700 3651 2908 3705 veritati
2950 3654 3218 3722 resistitis,
3278 3668 3337 3713 ut
3376 3675 3406 3713 a
3431 3661 3565 3718 reli-

1968 3735 2144 3805 gione,
2167 3752 2197 3790 a
2219 3737 2597 3805 Sacramentis,
2622 3755 2650 3794 a
2669 3740 2956 3799 christiana
2985 3746 3360 3812 observatione
3371 3750 3558 3823 Bapti-

1967 3841 2143 3883 smum
2195 3830 2455 3898 separetis
2472 3831 2496 3884 ἲ
2515 3831 2665 3899 Quod
2695 3834 2741 3887 si
2786 3833 2977 3901 facitis,
3003 3837 3055 3891 in
3068 3852 3134 3892 eo
3152 3839 3558 3912 estisbaeretici,

1968 3909 2109 3990 quod
2134 3919 2200 3975 ad
2226 3921 2559 3990 religionem,
2609 3923 2675 3977 ad
2705 3922 3073 3994 Sacramenta,
3121 3929 3190 3985 ad
3232 3909 3560 3994 observatio;

1969 4025 2094 4066 nem
2123 4010 2470 4066 christianam
2498 4012 2829 4084 Baptismum
2857 4018 3126 4088 pertinere
3152 4035 3263 4078 non
3291 4025 3470 4082 vultis.
3498 4027 3560 4088 Si

1969 4111 2149 4157 autem
2177 4119 2283 4158 non
2310 4103 2508 4169 facitis,
2540 4106 2592 4160 in
2625 4122 2690 4163 eo
2716 4109 2844 4164 estis
2871 4109 3132 4181 lueretici,
3155 4116 3298 4185 quod
3341 4133 3436 4176 eos
3464 4122 3556 4194 qui

1967 4193 2241 4249 vobiscum
2301 4195 2495 4252 habent
2541 4215 2698 4253 unam
2749 4200 3080 4271 religionem,
3130 4206 3319 4263 eadem
3363 4193 3557 4267 Sacra-

1967 4294 2168 4354 menta,
2218 4287 2349 4341 nihil
2395 4289 2448 4343 in
2496 4289 2786 4346 christiana
2836 4293 3210 4355 observatione
3260 4301 3555 4370 diversum,

1967 4392 2088 4434 cum
2113 4387 2168 4434 et
2187 4379 2513 4450 Baptismum
2541 4385 2608 4439 ad
2629 4385 2963 4456 religionem,
2995 4390 3063 4446 ad
3092 4390 3456 4468 Sacramenta,
3485 4399 3555 4456 ad

1966 4469 2312 4527 christianam
2343 4474 2774 4533 observationem
2816 4481 3090 4552 pertinere
3129 4482 3424 4552 fateamini,
3475 4497 3556 4546 ta-

1967 4580 2089 4619 men
2121 4565 2479 4636 rebaptizatis.
2521 4569 2750 4626 Attende
2790 4573 2932 4626 enim
2960 4573 3244 4645 diligenter
3287 4577 3556 4641 deﬁnitio-

1968 4671 2091 4712 nem
2124 4665 2286 4725 tuam,
2319 4657 2370 4713 in
2401 4674 2501 4730 qua
2524 4659 2724 4728 dixisti,
2756 4661 2983 4719 Haeresis
3010 4674 3084 4720 est
3110 4667 3308 4726 diversa
3337 4685 3555 4743 sequen-

1969 4749 2094 4802 tium
2132 4757 2302 4803 secta:
2329 4759 2382 4804 et
2419 4751 2538 4805 vide
2567 4761 2746 4807 utrum
2787 4769 2890 4810 non
2933 4756 3200 4814 diversum
3244 4747 3553 4834 sequimini,

1967 4850 2057 4895 aut
2095 4841 2392 4910 separando
2439 4843 2764 4912 Baptismum
2805 4862 2834 4901 a
2877 4849 3128 4919 religiosa
3175 4852 3556 4912 observatione

1968 4934 2378 4990 Christianorum
2403 4934 2896 5005 Sacramentorum,
2927 4942 3121 5014 quibus
3142 4959 3262 5000 eum
3289 4959 3389 5000 nos
3413 4947 3555 5018 inter

1968 5045 2158 5100 magna
2184 5029 2592 5102 eonjungimus;
2623 5044 2713 5090 aut
2742 5049 2835 5091 eos
2855 5052 2974 5092 cum
2998 5039 3189 5109 quibus
3215 5038 3271 5093 in
3303 5053 3406 5094 una
3431 5041 3554 5098 reii-

1962 5123 2112 5194 giosa
2164 5121 2534 5182 observatione
2608 5127 3018 5184 Christianorum
3079 5130 3552 5190 Sacramentorum

1967 5217 2125 5271 etiam
2153 5217 2454 5288 Baptismus
2476 5236 2615 5278 unus
2639 5231 2740 5288 est,
2771 5232 2946 5280 tamen
2976 5223 3380 5295 rebaptizando,
3406 5227 3554 5298 quod

1965 5325 2063 5368 nos
2091 5311 2433 5368 detestamur.
3599 5375 3604 5380 ,

2037 5409 2261 5466 CAPUT
2305 5409 2368 5465 V.
2396 5440 2468 5450 —
2499 5411 2552 5466 7.
2603 5410 2772 5478 Quam
2801 5409 3013 5478 vellem,
3055 5410 3100 5466 si
3139 5425 3374 5482 possem,
3419 5428 3543 5472 cum

1966 5499 2194 5572 aliquem
2221 5500 2502 5574 deceptum
2524 5517 2586 5558 ex
2614 5502 2809 5558 nostris
2835 5500 3102 5570 fidelibus,
3155 5505 3318 5560 vestri
3358 5505 3548 5564 nefan-

2029 5636 2144 5684 ίεν.
2170 5635 2316 5698 Lugd.
2365 5643 2579 5706 et_Ven.,
2602 5645 2694 5706 non
2734 5644 2849 5706 ergo
2886 5634 3106 5706 diversus
3142 5643 3214 5689 est
3259 5637 3551 5705 Baptismus.
3591 5625 3597 5650 θ

1966 5705 2098 5756 Lov.,
2122 5711 2215 5746 non
2236 5697 2350 5762 ergo
2375 5697 2593 5748 diversus
2615 5701 2684 5745 est
2696 5702 2750 5768 et
2775 5697 3064 5768 uttptisntus:
3092 5706 3187 5768 ΑΜ.

1997 5764 2002 5769 ·
2031 5762 2169 5809 ὀυο
2344 5757 2926 5835 οιςαναξριηοχφαρρεξαε,
2939 5758 3262 5835 Christum»:
3279 5763 3304 5815 ρ
3324 5765 3376 5835 ες
3395 5767 3555 5835 autem

1964 5823 2020 5897 5'3.
2037 5835 2092 5871 σο
2114 5823 2315 5897 W041"
2330 5817 2607 5897 ᾐνίείξίέρὲξψ
2627 5817 2990 5897 ,ν
3010 5837 3116 5896 ,θθο
3157 5839 3260 5897 ne".
3293 5825 3536 5897 τεθρρτίω

1969 5882 2159 5936 diversa
2182 5882 2342 5947 utique
2365 5882 2640 5945 sequimur;
2675 5893 2828 5945 quare
2851 5889 2898 5936 te
2919 5885 3020 5940 dici
3041 5882 3135 5941 rion
3157 5890 3225 5940 vis
3243 5882 3526 5942 lucreticum
