3998 6466
483 325 582 386 ιτι

483 439 568 498 dis
595 438 1011 497 interimendum
1054 437 1263 497 insidiis
1310 438 1604 509 excipiunt,
1634 452 1758 494 cum
1795 437 1936 509 apud
1977 451 2078 496 nos

477 529 591 604 jam
632 529 979 603 baptizatum,
1036 544 1135 587 nec
1177 529 1406 600 coepisse
1449 528 1633 584 dicunt
1661 544 1781 585 esse
1829 528 2077 584 christia-

481 639 637 690 num,
689 638 808 678 cum
835 630 1083 693 tanquam
1120 636 1382 692 paganum
1408 620 1711 690 exsufﬂant,
1761 636 1883 677 cum
1930 632 2074 676 cate-

483 716 808 772 chumenum
829 715 1045 780 faciunt,
1067 723 1126 769 ut
1146 723 1448 785 praeparent
1462 715 1656 770 deinde
1677 713 2070 784 retingendum,

483 809 568 865 vel
602 810 778 880 potius
803 806 1291 879 exstinguendum;
1337 817 1557 878 repente
1601 806 1847 862 alicunde
1875 807 2074 862 existe-

481 917 543 961 re
565 903 607 970 ⁸,
639 917 759 957 cum
790 901 890 956 bac
915 901 1140 972 epistola
1172 911 1282 966 tua,
1309 901 1524 968 ethunc
1551 902 1722 971 ipsum
1751 901 1867 971 ejus
1896 901 2073 956 locum

483 995 535 1048 in
567 992 756 1047 mediis
772 1008 957 1048 eorum
985 994 1206 1049 ausibus
1226 993 1501 1048 recitando
1521 994 1794 1065 porrigere
1820 1002 1874 1048 et
1893 992 2074 1048 excla-

480 1099 666 1141 mare:
689 1085 825 1152 Quid
855 1085 1071 1142 facitis?
1101 1088 1258 1156 Ecce,
1291 1088 1490 1155 audite,
1521 1087 1717 1155 videte,
1747 1088 1908 1160 legite
1929 1104 1944 1155 ;
1965 1103 2070 1144 una

481 1183 564 1231 est
583 1176 737 1233 nobis
763 1179 1019 1249 vobisque
1059 1180 1267 1250 religio,
1300 1180 1489 1236 eadem
1522 1179 1889 1247 Sacramenta,
1937 1180 2073 1236 nihil

479 1269 534 1322 'm
588 1268 881 1326 christiana
921 1271 1298 1328 observatione
1337 1272 1606 1328 diversum
1642 1273 1735 1328 :in
1782 1273 1934 1342 cujus
1970 1288 2073 1330 no-

483 1359 627 1417 mine
654 1362 754 1418 iste
781 1363 1078 1433 baptizatus
1115 1366 1184 1419 sit
1210 1366 1355 1435 prius
1394 1367 1738 1437 interrogate,
1773 1375 1826 1421 et
1860 1375 1986 1422 tunc
2025 1367 2071 1423 si

479 1453 640 1509 alium
669 1456 946 1512 meliorem
992 1457 1044 1512 in
1075 1467 1254 1512 vestro
1285 1458 1556 1529 Baptismo
1587 1458 1892 1524 nominatis,
1924 1459 2067 1516 date.

478 1545 630 1618 Tunc
655 1547 732 1601 illi
769 1547 1016 1615 fortasse,
1051 1549 1096 1603 si
1140 1563 1245 1604 non
1276 1549 1390 1620 ipsa
1415 1566 1596 1605 rerum
1643 1549 1906 1605 evidentia
1933 1566 2068 1608 con-

477 1640 873 1709 tremiscerent,
902 1643 1158 1698 continuo
1181 1643 1466 1698 consilium
1498 1659 1674 1710 suum,
1707 1659 1958 1715 magnum
1990 1645 2069 1700 vi-

476 1733 673 1789 delicet
717 1743 878 1805 atque
923 1744 1155 1805 acutum,
1180 1738 1479 1806 proferrent
1521 1746 1575 1792 et
1626 1736 1866 1792 dicereut
1892 1755 1906 1792 :
1937 1738 2067 1807 Quis

475 1824 578 1881 iste
602 1841 633 1882 e
661 1829 815 1883 nobis
841 1837 944 1894 est,
976 1831 1127 1900 cujus
1150 1831 1432 1900 epistolam
1458 1831 1635 1902 geris?
1663 1831 1854 1886 Laicus
1885 1843 2068 1889 noster

475 1925 560 1972 est
588 1936 601 1971 :
634 1919 784 1974 nobis
814 1922 1072 1988 vinceret,
1098 1923 1328 1976 vincitur
1366 1923 1489 1978 sibi.
1537 1922 1670 1977 Tum
1699 1939 1799 1995 ego
1830 1925 1875 1979 si
1905 1925 2065 1981 ades-

473 2022 608 2075 sem,
639 2027 929 2068 conversus
951 2015 1014 2068 ad
1049 2023 1099 2069 te
1127 2014 1362 2069 dicerem
1395 2032 1409 2068 :
1441 2015 1520 2069 Tu
1560 2015 1768 2078 saltem,
1816 2016 2062 2086 obsecro,

472 2099 560 2155 dic
586 2103 761 2169 nobis,
801 2105 925 2174 quid
948 2105 1035 2159 isti
1065 2105 1308 2160 faciunt?
1357 2106 1497 2161 Ecce
1527 2107 1667 2176 apud
1700 2123 1796 2162 nos
1825 2109 2062 2179 baptiza-

470 2200 584 2248 tum
612 2195 942 2265 rebaptizare
970 2198 1276 2268 disponunt.
1309 2198 1466 2254 Certe
1493 2215 1620 2271 ergo
1646 2201 1786 2256 nobis
1829 2211 1877 2255 et
1925 2204 2063 2258 vobis

471 2302 576 2340 una
601 2285 800 2357 religio,
832 2288 1005 2342 eadem
1032 2290 1383 2357 Sacramenta,
1407 2291 1538 2344 nihil
1580 2292 1632 2345 in
1663 2293 1939 2347 christiana
1969 2295 2061 2348 ob-

437 2380 748 2434 servatione
791 2381 1082 2436 diversum?
1143 2384 1224 2437 An
1268 2383 1643 2453 responderes,
1701 2383 1809 2439 Sed
1863 2386 2062 2444 Christi

467 2469 770 2540 Baptismus
797 2489 902 2528 non
919 2483 1001 2528 est
1026 2474 1234 2545 religio,
1255 2489 1358 2530 non
1383 2484 1465 2530 est
1491 2475 1919 2545 Sacramentum,
1954 2496 2060 2536 non

463 2572 550 2619 est
573 2565 875 2621 observatio
909 2567 1242 2622 christiana?
1274 2570 1542 2625 Avertcrit
1577 2570 1718 2626 Deus
1747 2571 1882 2626 hanc
1903 2586 1934 2626 a
1971 2581 2060 2628 tua

461 2665 645 2713 mente
673 2658 1019 2715 dementiam.
1065 2660 1202 2728 Quid
1233 2661 1391 2732 igitur
1418 2663 1548 2716 mihi
1583 2662 1937 2732 responderes
1966 2680 2060 2720 ur-

460 2751 605 2820 genti
634 2767 695 2806 ac
716 2750 938 2808 dicenti.
968 2752 1083 2808 Una
1106 2753 1264 2808 nobis
1291 2754 1548 2824 vobisque
1569 2755 1756 2825 religio
1790 2765 1910 2810 est:
1942 2758 2060 2829 qui-

458 2840 563 2896 bus
590 2851 768 2898 autem
794 2845 1096 2915 Baptismus
1124 2862 1263 2902 unus
1290 2863 1395 2902 non
1426 2857 1528 2912 est,
1559 2863 1664 2903 non
1683 2855 1764 2902 est
1793 2864 1895 2904 una
1927 2850 2058 2906 reli-

458 2934 548 3005 gio
579 2953 594 2991 :
622 2951 751 3008 ergo
780 2938 934 2993 nobis
955 2940 1210 3010 vobisque
1239 2956 1376 2995 unus
1392 2948 1474 2996 est
1494 2941 1815 3010 Baptismus.
1849 2942 2054 2999 Eadem

459 3023 618 3080 nobis
642 3034 697 3082 et
725 3028 878 3082 vobis
900 3036 1023 3082 sunt
1066 3028 1408 3084 Sacramenta
1444 3049 1457 3085 :
1487 3031 1680 3101 quibus
1727 3039 1907 3087 autem
1951 3033 2057 3088 Ba-

457 3118 688 3188 ptismus
713 3120 853 3176 idem
881 3138 986 3176 non
1013 3131 1116 3188 est,
1152 3137 1259 3176 non
1289 3131 1413 3177 sunt
1444 3123 1630 3179 eadem
1667 3125 2013 3181 Sacramenta
2038 3144 2054 3183 :

458 3224 589 3281 ergo
617 3210 756 3266 idem
793 3214 948 3268 nobis
998 3223 1052 3268 et
1088 3213 1240 3269 vobis
1292 3223 1376 3270 est
1423 3215 1744 3286 Baptismus.
1787 3216 1928 3270 Nihil
1972 3224 2056 3273 est

457 3305 616 3360 nobis
641 3314 696 3360 et
725 3307 875 3362 vobis
907 3308 960 3361 in
986 3307 1275 3362 christiana
1316 3308 1690 3366 observatione
1735 3309 2004 3365 diversum
2034 3325 2049 3365 :

463 3397 656 3466 quibus
696 3407 872 3453 autem
922 3399 1164 3454 diversus
1206 3411 1287 3454 est
1331 3400 1665 3472 Baptismus,
1713 3417 1817 3455 non
1867 3403 2052 3472 utique

459 3487 590 3541 nihil
614 3497 696 3544 est
736 3489 789 3544 in
839 3489 1133 3544 christiana
1153 3491 1528 3546 observatione
1574 3491 1846 3547 diversum
1891 3511 1905 3547 :
1943 3508 2050 3548 non

463 3594 592 3650 ergo
642 3581 796 3635 nobis
844 3591 898 3635 et
944 3582 1095 3636 vobis
1120 3582 1364 3638 diversus
1411 3593 1493 3638 est
1554 3584 1876 3654 Baptismus.
1940 3583 2050 3640 Cur

457 3673 601 3743 quod
629 3690 790 3728 unum
819 3683 898 3729 est
927 3675 1294 3745 improbatur?
1338 3692 1432 3730 cur
1448 3676 1588 3745 quod
1609 3676 1747 3731 idem
1762 3685 1845 3733 est
1870 3677 2050 3733 exsuf-

459 3762 644 3820 ﬂatur?
673 3782 770 3820 cur
799 3767 939 3836 quod
966 3783 1070 3821 non
1099 3767 1366 3822 diversum
1389 3776 1470 3822 est
1501 3768 1762 3823 iteratur?

525 3857 753 3914 CAPUT
793 3859 880 3912 Vl.
913 3889 983 3901 -—
1009 3860 1059 3915 8.
1095 3859 1178 3913 Me
1225 3860 1303 3914 sic
1332 3869 1522 3930 agente
1556 3861 1606 3914 in
1643 3861 1942 3930 praesentia,
1969 3862 2048 3918 sic

454 3951 705 4017 instante,
759 3951 824 4006 ad
857 3966 989 4022 quas
1018 3952 1478 4023 tergiversationes
1505 3951 1862 4021 confugeretis
1889 3953 1913 4007 ἲ
1957 3953 2050 4008 Vi-

454 4042 646 4100 delicet
675 4052 1077 4100 contemnerent
1109 4043 1160 4097 in
1192 4043 1413 4113 epistola
1447 4052 1531 4098 tua
1551 4043 1624 4098 illi
1644 4044 2041 4114 grammaticos,

455 4145 512 4190 tu
557 4152 836 4193 accusares
863 4138 914 4192 in
971 4146 1151 4191 nostra
1195 4135 1533 4191 dialecticos:
1586 4137 1678 4190 sed
1726 4138 1922 4192 veritas
1978 4153 2046 4195 ex

452 4236 676 4298 utraque
707 4238 984 4298 superaret
1008 4229 1310 4296 haereticos,
1359 4229 1462 4284 hoc
1491 4229 1658 4284 solum
1689 4230 1744 4284 in
1765 4231 1843 4286 eis
1863 4238 2044 4286 osten-

453 4319 588 4375 dens
612 4336 641 4374 a
666 4322 817 4375 nobis
842 4338 960 4376 esse
976 4322 1264 4389 diversum,
1291 4321 1430 4391 quod
1455 4331 1664 4376 constat
1683 4338 1800 4378 csse
1826 4339 2045 4393 perver-

452 4425 571 4466 sum
604 4413 762 4481 :quia
793 4427 890 4466 nos
918 4411 1259 4466 Sacramenta
1279 4419 1458 4466 nostra
1483 4413 1872 4482 cognoscimus,
1893 4430 2046 4469 erro-

450 4519 567 4561 rem
596 4505 827 4559 alienum
880 4503 1225 4559 emendamus
1256 4520 1271 4570 ;
1300 4517 1395 4558 vos
1424 4513 1598 4559 autem
1629 4505 1813 4558 eadem
1854 4505 2043 4560 Sacra-

454 4605 633 4650 menta
659 4595 918 4662 fatemini,
943 4611 1060 4666 qum
1086 4605 1333 4666 tanquam
1360 4596 1505 4650 nulla
1531 4596 1636 4650 sint
1667 4597 1888 4664 iteratis,
1923 4605 2039 4652 ma-

449 4700 550 4757 gna
596 4686 903 4743 diversitate
930 4686 1275 4757 reprobantes
1299 4686 1440 4758 quod
1493 4687 1761 4742 diversum
1789 4702 1896 4742 non
1922 4702 2042 4745 esse

449 4779 760 4834 conceditis.

519 4868 746 4926 CAPUT
785 4870 895 4925 VII.
922 4900 994 4911 —
1014 4870 1066 4927 9.
1098 4869 1329 4925 Proinde
1355 4871 1596 4941 quamvis
1651 4870 1786 4926 inter
1807 4872 2037 4928 schisma

451 4971 508 5018 et
535 4961 781 5017 hmresim
811 4962 977 5033 magis
1003 4978 1118 5017 eam
1139 4961 1537 5018 distinctionem
1569 4963 1856 5033 approbent
1882 5005 1896 5031 ,
1931 4977 2035 5033 qua

447 5053 643 5110 dicitur
668 5053 898 5108 schisma
931 5069 1047 5108 esse
1070 5070 1259 5110 recens
1280 5056 1705 5126 congregationis
1743 5073 1808 5110 ex
1855 5056 2033 5126 aliqua

445 5149 830 5204 sententiarum
869 5148 1170 5204 diversitate
1207 5150 1473 5204 dissensio
1530 5150 1545 5221 (
1581 5165 1750 5219 neque
1796 5151 1936 5205 enim
1981 5159 2035 5206 et

443 5242 678 5296 schisma
703 5242 815 5296 ﬁeri
848 5251 1040 5312 potest,
1064 5242 1161 5296 nisi
1192 5243 1459 5297 diversum
1512 5242 1707 5312 aliquid
1744 5251 2035 5312 sequantur

444 5336 534 5405 qui
558 5335 794 5405 faciunt)
822 5352 836 5400 ;
867 5335 1089 5390 lucresis
1122 5344 1315 5398 autem,
1350 5336 1580 5390 schisma
1634 5335 1985 5390 inveteratum
2015 5354 2027 5390 :

446 5436 622 5482 tamen
651 5427 774 5498 quid
804 5427 927 5480 hinc
954 5443 1088 5496 opus
1135 5436 1216 5480 est
1259 5427 1323 5480 ad
1370 5427 1606 5481 laborem
1651 5425 1748 5497 (a),
1782 5441 1900 5481 cum
1942 5444 2030 5484 me

445 5526 652 5572 tantum
681 5518 928 5588 adjuvent
959 5518 1293 5572 definitiones
1338 5528 1458 5580 tum,
1517 5527 1572 5572 ut
1599 5518 1643 5572 si
1695 5518 1824 5572 mihi
1854 5529 1904 5573 et
1933 5535 2027 5589 per

444 5610 586 5665 Ilios
612 5619 816 5663 vestros
837 5610 1236 5673 concederetur,
1270 5608 1636 5666 schismaticos
1661 5623 1756 5665 vos
1781 5610 2026 5667 libentius

506 5745 526 5775 ⁸
550 5749 682 5798 Lov.,
706 5745 898 5800 repente
921 5739 1114 5790 aliimde
1131 5745 1356 5791 existere.

501 5806 576 5868 (a)
593 5803 788 5853 videtur
805 5800 1086 5865 legendum,
1104 5809 1154 5854 ut
1173 5802 1394 5856 laborem.
1460 5809 1517 5854 lt.

1229 321 1506 380 CONTRA
1543 316 1976 378 CRESCONIUM
2002 316 2464 390 DONATISTAM,
2506 321 2566 380 S.
2608 321 2976 383 AUGUSTINI

3669 340 3778 397 872

2193 452 2350 510 quam
2383 439 2661 497 haereticos
2707 441 2959 499 dicerem.
3006 442 3062 501 Si
3095 444 3233 502 enim
3286 448 3521 509 schisma
3553 453 3779 526 faciunt,

2187 531 2377 600 quibus
2404 547 2522 587 cum
2551 534 2628 590 eis
2659 549 2688 588 a
2719 536 2911 606 quibus
2955 552 3013 594 se
3038 537 3281 596 dividunt
3309 559 3410 599 una
3456 547 3647 618 religio
3675 567 3779 620 est,

2183 623 2369 678 eadem
2399 625 2739 683 Sacramenta
2761 670 2775 696 ,
2803 629 2934 684 nihil
2962 630 3015 686 in
3067 630 3354 690 christiana
3405 637 3782 700 observatione

2183 715 2454 772 diversum
2489 737 2501 772 :
2530 717 2654 775 hinc
2683 730 2764 776 est
2790 732 2963 777 vestra
3010 724 3356 795 rebaptizatio
3381 727 3778 803 damnabilior;

2183 811 2304 882 quia
2335 811 2386 865 in
2428 827 2532 866 una
2563 814 2839 886 religione,
2869 816 3070 873 eisdem
3099 817 3482 891 Sacramenlis,
3513 826 3688 882 nihilo
3727 829 3780 885 in
3829 865 3838 874 ο

2183 903 2467 960 christiana
2489 908 2860 965 observatione
2879 909 3113 979 diverso,
3139 915 3274 969 alius
3301 927 3355 972 et
3381 917 3631 975 diversus
3657 937 3779 980 esse

2183 1011 2288 1051 non
2321 1007 2495 1068 potest
2542 999 2838 1070 Baptismus
2861 1004 2898 1057 ³.
2933 1003 3037 1060 Sed
3061 1008 3310 1075 quoniam
3338 1025 3436 1066 nec
3461 1011 3671 1068 nullum
3699 1025 3778 1070 est

2182 1101 2283 1142 nec
2306 1090 2499 1159 aliquid
2531 1107 2774 1162 parvum,
2815 1095 2956 1165 quod
2986 1097 3255 1154 diversum
3312 1103 3620 1172 sequimini,
3655 1120 3776 1162 cum

2182 1178 2250 1234 ab
2275 1180 2491 1235 unitatis
2521 1184 2730 1239 vinculo
2747 1188 2998 1254 separati,
3021 1189 3182 1244 etiam
3229 1191 3297 1247 de
3321 1195 3649 1264 repetitione
3670 1198 3773 1253 Ba-

2182 1269 2360 1339 ptismi
2382 1271 2674 1328 dissentitis
2695 1291 2724 1328 a
2746 1276 2899 1331 nobis
2922 1295 2936 1344 ;
2971 1278 3026 1333 ﬁt
3042 1282 3400 1338 utsecundum
3420 1285 3576 1341 istam
3603 1289 3776 1358 ipsam

2181 1359 2542 1420 deﬁnitionem
2572 1375 2712 1422 tuam
2759 1385 2861 1440 qua
2903 1369 3118 1438 dixisti,
3158 1373 3380 1431 Heresis
3407 1388 3481 1431 est
3499 1390 3673 1434 autem
3700 1382 3778 1435 di-

2180 1472 2321 1513 versa
2343 1462 2652 1531 sequentium
2668 1473 2821 1530 secta,
2855 1473 2908 1521 et
2953 1467 3188 1524 hazretici
3212 1472 3346 1538 sitis,
3377 1483 3432 1528 et
3459 1476 3583 1530 victi
3611 1492 3774 1548 appa-

2179 1552 2342 1606 reatis
2373 1553 2644 1609 :hzeretici
2670 1557 2905 1626 quidem,
2931 1559 3072 1630 quod
3096 1576 3201 1616 non
3233 1573 3435 1620 tantum
3467 1566 3645 1635 divisi,
3677 1587 3772 1626 ve-

2177 1655 2295 1696 rum
2322 1650 2376 1697 et
2395 1643 2448 1698 in
2474 1645 2848 1716 rebaptizando
2869 1651 3138 1708 diversum
3167 1656 3488 1726 sequimini;
3519 1659 3642 1715 victi
3673 1675 3774 1717 au-

2178 1745 2308 1802 tem,
2335 1738 2458 1807 quia
2498 1737 2676 1793 datum
2732 1757 2829 1810 per
2858 1759 2955 1798 nos
3001 1745 3331 1815 Baptismum
3379 1757 3635 1824 tanquam
3665 1771 3773 1814 non

2177 1827 2350 1900 ipsum
2377 1831 2459 1884 vel
2487 1843 2733 1904 tanquam
2756 1836 2958 1891 nullum
2989 1839 3056 1893 sit
3086 1840 3306 1906 iteratis,
3329 1845 3471 1914 quod
3497 1863 3666 1905 unum
3695 1861 3773 1907 at-

2176 1934 2282 1990 que
2304 1921 2469 1989 idem,
2498 1939 2599 1979 nec
2624 1925 2896 1982 diversum
2938 1944 3056 1985 esse
3095 1930 3354 1990 fatemini.
3407 1936 3521 1993 Tua
3569 1942 3768 2014 quippe

2174 2013 2334 2068 verba
2374 2026 2519 2085 sunt,
2546 2020 2687 2089 quod
2726 2022 2866 2075 nobis
2897 2024 3128 2094 vobisque
3155 2027 3220 2081 sit
3246 2045 3350 2084 una
3367 2032 3564 2103 religio,
3597 2013 3773 2093 eadem

2175 2106 2527 2179 Sacramenta,
2555 2114 2684 2168 nihil
2728 2115 2780 2169 in
2806 2117 3084 2172 christiana
3108 2120 3450 2180 obseruatione
3477 2128 3762 2187 diversum.

2243 2199 2469 2257 CAPUT
2507 2203 2642 2258 Vlll.
2676 2237 2748 2245 —
2778 2209 2865 2263 l0.
2913 2209 3270 2282 Quapropter,
3324 2216 3368 2270 si
3421 2216 3616 2274 litteris
3666 2223 3770 2280 tuis

2173 2309 2295 2365 pars
2325 2297 2513 2352 Donati
2542 2300 2917 2370 subscriberet,
2957 2320 3022 2360 ac
3055 2306 3248 2363 deinde
3275 2308 3375 2364 ista
3401 2327 3522 2382 qua:
3547 2329 3580 2368 a
3609 2323 3663 2370 te
3687 2326 3771 2372 at-

2171 2402 2274 2456 que
2293 2403 2322 2442 a
2345 2405 2430 2445 me
2451 2390 2588 2445 dicta
2610 2403 2754 2454 sunt.
2783 2397 2898 2452 sine
2927 2399 3110 2454 insana
3136 2403 3429 2471 pertinacia
3455 2407 3542 2462 vel
3586 2409 3768 2479 impu-

2171 2478 2349 2535 dentia
2373 2485 2648 2553 cogitaret,
2680 2487 2813 2542 nihil
2858 2491 3080 2548 ulterius
3106 2494 3362 2553 adversus
3390 2515 3489 2555 nos
3538 2478 3771 2563 sentiret

2169 2570 2492 2628 autdiceret.
2519 2575 2622 2631 Sed
2652 2580 2899 2646 quoniam
2923 2592 2978 2635 tu
3003 2598 3060 2637 es
3077 2586 3160 2639 cui
3188 2590 3506 2658 respondeo,
3524 2593 3641 2664 jam
3665 2613 3768 2666 pu-

2169 2669 2224 2717 to
2245 2665 2386 2735 quod
2415 2667 2596 2737 etipse
2618 2670 2817 2737 videas,
2866 2690 3022 2743 quam
3048 2693 3152 2732 non
3197 2681 3376 2737 studio
3413 2665 3765 2757 criminandi,

2167 2755 2263 2810 sed
2287 2759 2634 2826 perniciosam
2679 2763 3030 2836 redarguendi
3079 2767 3364 2840 fallaciam,
3398 2773 3634 2832 dixerim
3659 2755 3771 2834 Do?

2168 2847 2472 2905 natistarum
2509 2851 2858 2909 ha’reticorum
2883 2859 3185 2930 sacrilegum
3209 2879 3449 2919 errorem.
3483 2867 3540 2922 ln
3566 2871 3767 2939 quibus

2167 2951 2396 3010 quatuor
2416 2944 2591 3000 verbis
2637 2947 2750 3004 sive
2789 2951 3113 3020 nominibus,
3158 2956 3280 3024 quia
3310 2956 3413 3013 hoc
3438 2961 3518 3014 vel
3549 2962 3646 3016 tibi
3678 2965 3766 3020 vel

2165 3034 2267 3088 arti
2313 3036 2673 3104 grammatica:
2717 3040 2910 3110 placet,
2954 3044 3181 3112 primum
3212 3049 3354 3115 quod
3412 3052 3648 3120 positum
3683 3063 3769 3110 est

2163 3123 2573 3190 Donatistarum,
2617 3132 2827 3202 corrigo
2852 3143 2906 3188 et
2935 3145 3103 3204 muto,
3136 3147 3190 3193 et
3219 3140 3639 3198 Donatianorum
3674 3145 3766 3201 di-

2161 3232 2227 3274 co
2256 3237 2268 3273 :
2298 3228 2490 3275 caetera
2515 3236 2644 3277 vero
2693 3225 2812 3291 tria,
2856 3227 3104 3296 quoniam
3157 3231 3432 3288 verissime
3472 3234 3610 3290 dicta
3642 3251 3768 3294 esse

2155 3309 2299 3379 jam,
2347 3320 2404 3365 ut
2459 3324 2586 3381 puto
2615 3355 2632 3380 ,
2674 3317 2878 3382 sentis,
2931 3333 3025 3373 vos
3076 3321 3346 3391 corrigite,
3391 3339 3489 3379 vos
3532 3337 3763 3386 mutate.

2159 3399 2668 3472 Mutate,inquam,
2725 3413 2780 3460 et
2849 3408 3097 3478 corrigite
3150 3411 3605 3483 Donatianorum,
3676 3419 3765 3475 vel

2159 3494 2431 3562 quodlibet
2454 3495 2595 3549 aliud
2638 3497 2862 3552 vocandi
2901 3501 3038 3567 sitis,
3081 3510 3254 3558 tamen
3301 3507 3765 3565 hwreticorumsa—

2158 3589 2398 3657 crilegum
2423 3607 2642 3644 errorem
2666 3607 2683 3644 :
2711 3608 2833 3646 nam
2860 3602 2913 3647 et
2953 3595 3186 3651 hzerctici
3223 3600 3373 3666 estis,
3413 3603 3491 3656 vel
3525 3603 3678 3671 quod
3709 3605 3762 3660 in

2157 3679 2447 3734 schismate
2473 3681 2774 3737 inveterato
2822 3686 3194 3754 remansistis;
3227 3692 3307 3745 vel
3341 3708 3406 3746 ex
3441 3703 3528 3748 tua
3560 3695 3760 3752 defini-

2157 3772 2323 3839 tione,
2356 3773 2496 3842 quod
2540 3774 2607 3830 de
2639 3776 2897 3845 Ecclesia,
2931 3795 3049 3848 qua:
3087 3797 3282 3851 corpus
3314 3795 3395 3841 est
3421 3786 3645 3854 Christi,
3672 3792 3759 3847 vel

2155 3861 2224 3917 de
2256 3864 2536 3921 iteratione
2562 3865 2836 3923 christiani
2863 3869 3116 3940 Baptismi
3145 3873 3414 3931 diversum
3442 3881 3753 3948 sequimini.

2155 3955 2224 4010 Et
2247 3957 2539 4028 sacrilegus
2559 3975 2712 4014 error
2739 3971 2841 4030 est,
2869 3978 2974 4018 non
3004 3966 3173 4020 solum
3196 3983 3223 4020 a
3247 3967 3533 4026 christiana
3564 3975 3750 4030 unita-

2155 4050 2512 4118 teseparatio,
2566 4067 2751 4107 verum
2781 4056 2938 4109 etiam
2988 4056 3476 4130 Sacramentorum,
3513 4080 3636 4134 qum
3657 4081 3752 4122 se-

2154 4143 2384 4197 cundum
2419 4153 2560 4199 tuam
2586 4146 2977 4204 confessionem
2997 4167 3101 4206 una
3130 4153 3424 4224 eademque
3442 4168 3589 4221 sunt,
3622 4159 3747 4215 vio-

2151 4233 2279 4288 latio
2315 4242 2473 4305 atque
2510 4236 2779 4291 rescissio.
2839 4238 2991 4306 Quod
3035 4241 3079 4295 si
3135 4245 3398 4313 corrigitis
3419 4257 3473 4300 et
3497 4250 3741 4317 mutatis,

2150 4328 2419 4398 quomodo
2442 4328 2568 4385 tales
2593 4346 2678 4383 vos
2689 4332 2996 4401 suscipimus
3015 4335 3186 4403 quales
3216 4339 3367 4391 eratis
3388 4340 3414 4392 ?
3440 4339 3595 4395 Unde
3620 4342 3741 4396 ina-

2150 4421 2289 4475 niter
2319 4430 2424 4476 tam
2476 4423 2638 4476 multa
2662 4423 2869 4479 locutus
2919 4441 2998 4492 es,
3025 4437 3078 4481 et
3107 4443 3228 4482 cum
3259 4430 3332 4484 sis
3373 4430 3584 4500 ingenio
3627 4442 3738 4490 tam

2147 4521 2323 4577 acuto,
2345 4513 2730 4569 consuetudine
2755 4515 3031 4571 audiendze
3051 4520 3297 4575 vanitatis
3318 4521 3652 4584 obtunderis,
3680 4533 3738 4580 ut

2147 4604 2390 4659 videatur
2416 4604 2508 4659 tibi
2533 4606 2673 4676 quod
2710 4623 2827 4660 cum
2855 4608 2924 4661 ad
2952 4626 3042 4663 nos
3069 4626 3100 4663 α
3129 4612 3266 4665 vobis
3295 4621 3578 4676 transeunt,
3609 4615 3737 4670 tales

2146 4713 2230 4752 eos
2257 4697 2430 4768 quales
2469 4707 2610 4752 erant
2652 4700 2956 4770 suscipimus
2981 4718 2999 4755 :
3026 4703 3146 4771 quia
3179 4703 3230 4757 in
3285 4705 3363 4758 eis
3393 4705 3733 4762 traditionem

2145 4788 2590 4855 Christianorum,
2623 4805 2781 4860 quam
2831 4807 2929 4848 nec
2965 4793 3175 4848 alienati
3216 4795 3602 4864 alienaverunt,
3637 4813 3735 4854 nec

2145 4882 2379 4952 perversi
2409 4892 2793 4953 perverterant,
2824 4886 3178 4954 approbamus
3203 4903 3217 4951 ;
3251 4904 3368 4957 quze
3394 4887 3737 4946 Sacramenta

2143 4976 2304 5030 etiam
2362 4984 2439 5043 tu,
2472 4977 2714 5047 quamvis
2761 4993 2868 5032 non
2925 4980 3042 5033 talis
3067 4981 3248 5050 quales
3273 4996 3369 5035 nos
3394 4997 3603 5051 sumus,
3627 4999 3736 5042 non

2143 5069 2360 5138 potuisti
2378 5077 2551 5124 tamen
2582 5069 2680 5123 nisi
2706 5071 2846 5134 talia,
2879 5086 2978 5125 nec
3019 5073 3096 5126 sic
3127 5073 3251 5127 talia
3281 5075 3430 5144 quasi
3456 5075 3562 5130 alia
3581 5074 3736 5132 simi.

2143 5159 2232 5226 lia,
2258 5159 2351 5215 sed
2373 5162 2591 5214 omnino
2617 5161 2802 5216 eadem
2831 5161 3098 5217 conﬁteri.

2211 5250 2434 5306 CAPUT
2475 5251 2564 5305 IX.
2593 5282 2663 5292 —
2689 5253 2775 5306 11.
2805 5254 3038 5309 Obsecro
3069 5263 3140 5322 te,
3170 5253 3257 5310 dic
3282 5256 3430 5323 mihi,
3465 5258 3734 5327 quomodo

2140 5344 2261 5397 talis
2317 5351 2399 5398 est
2437 5343 2605 5412 qualis
2646 5343 2760 5409 fuit,
2796 5347 2884 5416 qui
2926 5357 3210 5402 veneratur
3253 5349 3546 5406 Ecclesiam
3575 5367 3731 5422 quam

2137 5433 2559 5503 blasphemabat,
2592 5436 2679 5505 qui
2710 5445 2854 5492 tenet
2884 5439 3140 5494 unitatem
3172 5456 3330 5510 quam
3351 5458 3460 5497 non
3490 5445 3726 5512 tenebat,

2138 5529 2226 5598 qui
2252 5527 2409 5583 habet
2432 5528 2742 5584 charitatem
2791 5545 2951 5600 quam
2980 5547 3086 5586 non
3119 5531 3366 5601 habebat,
3398 5535 3490 5605 qui
3541 5537 3731 5606 accipit

2139 5633 2320 5690 pacem
2347 5635 2501 5689 quam
2548 5621 2852 5690 respuebat,
2901 5624 2990 5692 qui
3018 5625 3275 5694 approbat
3319 5625 3721 5682 Sacramentum

2137 5711 2278 5781 quod
2307 5709 2660 5765 exsumabat?
2687 5716 2766 5765 An
2793 5727 2920 5767 vero
2948 5715 3019 5768 ita
3064 5725 3188 5770 sunt
3214 5717 3391 5772 omnia
3420 5717 3570 5775 falsis
3597 5732 3718 5776 vera

2204 5829 2221 5859 ¹
2247 5825 2411 5878 Plin-es
2431 5831 2563 5890 Mss,
2585 5826 2712 5882 alius
2729 5841 2758 5881 c
2779 5827 2968 5886 diverso
2987 5843 3090 5886 esse
3110 5844 3206 5886 non
3225 5839 3376 5898 potest
3398 5843 3690 5902 Baptisms.
