3998 6466
248 386 347 447 ηδ
983 421 987 425 -
1088 407 1093 412 ’
1162 405 1191 411 νο
1281 404 1289 411 ·
1558 380 1762 439 LlBER
1797 379 2173 445 SECUNDUS.

244 506 650 576 przeposterata,
696 505 755 554 ut
789 493 1154 556 nondicantur
1210 498 1399 556 mutati
1446 498 1502 555 in
1539 499 1735 570 quibus
1759 512 1824 554 ea

3414 412 3519 472 674

1935 500 2121 573 sbyter,
2144 505 2501 579 presbyterum.
2531 508 2726 570 Posses
2768 512 2901 571 mihi
2934 524 2988 573 et
3015 514 3115 575 hoc
3164 517 3375 579 dicere:
3410 526 3518 583 lio-

240 613 359 672 qute
390 596 604 652 diversa
642 595 851 650 fuerant
897 593 1122 649 veritate
1168 594 1521 664 corriguntur,
1554 601 1609 648 et
1638 590 1825 647 mutati

238 692 485 747 dicantur
507 689 559 742 in
580 688 774 758 quibus
804 702 868 744 ea
889 702 1008 757 quae
1039 686 1233 741 similia
1251 701 1354 741 una
1380 686 1676 756 eademque
1704 684 1819 741 fue-

236 792 357 841 rant
386 782 622 837 vanitate
652 780 945 835 iterantur?
972 779 1093 835 Noli
1137 794 1263 850 ergo
1292 779 1518 834 ulterius
1538 779 1593 833 in
1619 779 1717 834 hac
1738 794 1817 847 re,

236 893 344 933 non
357 886 565 931 tantum
584 874 889 941 carnaliter,
920 888 1107 928 verum
1129 873 1286 928 etiam
1312 873 1586 941 pueriliter
1609 887 1817 942 sapere,

232 977 290 1025 ut
316 969 450 1023 tales
502 966 689 1038 quales
734 974 886 1020 erant
913 974 1118 1021 vestros
1148 979 1179 1018 a
1210 963 1363 1019 nobis
1401 964 1595 1033 suscipi
1633 964 1820 1019 existi-

230 1060 487 1131 mes;qui
518 1059 867 1114 conversione
915 1056 1199 1112 voluntatis
1235 1056 1301 1110 ab
1341 1071 1526 1111 errore
1573 1056 1639 1110 ad
1676 1056 1817 1111 veri-

230 1161 416 1217 tatem,
459 1166 490 1205 a
519 1150 784 1205 divisione
818 1148 884 1204 ad
917 1148 1191 1211 unitatem,
1219 1162 1249 1201 a
1273 1146 1603 1201 dissensione
1630 1146 1695 1201 ad
1728 1162 1819 1216 pa-

229 1260 368 1311 cem,
398 1246 467 1298 ab
492 1244 781 1298 inimicitiis
830 1242 894 1296 ad
938 1243 1274 1305 charitatem,
1300 1242 1367 1295 ab
1399 1241 1628 1295 humana
1676 1256 1815 1310 prte-

229 1337 537 1406 sumptione
565 1336 631 1389 ad
657 1334 954 1390 divinarum
998 1334 1389 1401 Seripturarum
1422 1333 1811 1398 auctoritatem,

229 1444 331 1482 non
364 1438 489 1483 ante
519 1429 775 1497 incipiunt
802 1441 921 1481 esse
969 1425 1133 1479 nostri
1166 1441 1322 1494 quam
1366 1441 1485 1479 esse
1518 1425 1817 1480 destiterint

226 1520 411 1575 vestri.
448 1520 573 1574 Hcce
626 1519 905 1573 conversio
961 1518 1248 1571 voluntatis
1288 1527 1509 1586 repente
1562 1516 1809 1579 mutavit,

226 1628 328 1667 non
348 1612 524 1665 solum
555 1612 607 1664 in
634 1610 831 1665 telonio
862 1609 1236 1678 peccatorem(
1268 1607 1451 1660 Matth.
1484 1623 1563 1673 ιι,
1593 1606 1692 1679 9),
1719 1622 1812 1662 ve-

224 1721 339 1761 rum
370 1704 531 1758 etiam
578 1703 629 1757 in
661 1717 818 1757 cruce
853 1702 1136 1756 latronem.
1172 1699 1283 1754 Nisi
1310 1709 1462 1769 putas
1487 1699 1627 1768 quod
1666 1698 1813 1752 Chri-

222 1806 333 1850 stus
360 1796 413 1847 in
435 1793 681 1864 paradiso
711 1808 892 1847 secum
920 1806 1037 1846 esse
1053 1791 1306 1845 voluisset
1335 1798 1610 1843 cruentum
1639 1788 1809 1842 scele-

222 1896 507 1955 ratumque
522 1885 814 1952 hominem,
837 1885 880 1939 si
908 1899 1013 1937 non
1063 1884 1239 1937 cordis
1260 1881 1350 1935 illa
1383 1881 1659 1934 conversio
1679 1894 1810 1933 con-

221 1982 366 2035 tinuo
390 1979 588 2033 faceret
634 1980 991 2044 innocentem,
1042 1986 1101 2031 ut
1129 1991 1194 2031 eo
1246 1975 1352 2040 die,
1389 1990 1452 2028 ex
1476 1989 1540 2027 eo
1566 1973 1703 2039 loco,
1743 1988 1811 2028 ex

217 2088 280 2130 eo
310 2073 457 2142 ligno
486 2070 734 2126 transiret
754 2071 820 2124 ad
852 2069 1153 2124 immortale
1205 2066 1331 2121 fidei
1392 2066 1672 2136 praemium
1701 2065 1803 2136 (a),

217 2165 268 2220 in
313 2180 425 2235 quo
472 2172 757 2234 exceperat
796 2163 982 2216 mortis
1027 2176 1121 2231 pro
1167 2158 1442 2228 iniquitate
1490 2157 1808 2227 supplicium

221 2258 237 2329 (
266 2256 391 2310 Luc.
437 2273 592 2323 χχιιι,
622 2256 786 2311 40.45
815 2253 857 2325 ).
888 2254 1009 2309 Sive
1063 2254 1206 2307 enim
1259 2251 1325 2305 ad
1358 2250 1555 2304 malum
1593 2250 1705 2304 sive
1733 2248 1801 2303 ad

217 2349 409 2403 bonum
428 2363 591 2418 parvo
613 2355 884 2400 momento
912 2345 1123 2399 animus
1164 2350 1539 2406 commutatur,
1570 2340 1666 2395 sed
1699 2355 1806 2396 non

216 2439 332 2494 ideo
348 2453 570 2509 parvum
606 2435 851 2505 estquod
902 2443 1154 2489 meretur.
1182 2434 1235 2486 In
1286 2433 1413 2502 ipsis
1442 2430 1806 2500 corporalibus

215 2541 267 2587 et
287 2529 669 2600 temporalibus
684 2528 854 2597 poenis
875 2534 928 2579 et
946 2525 1214 2579 beneﬂciis
1235 2524 1324 2577 diu
1350 2523 1601 2576 nutritam
1620 2537 1806 2592 quam-

214 2625 340 2680 libet
379 2632 592 2677 aetatem
622 2637 756 2675 unus
807 2617 1236 2683 ictusinterimit,
1282 2624 1336 2670 et
1374 2615 1587 2685 triginta
1613 2623 1803 2670 etocto

212 2730 473 2771 annorum
502 2712 870 2785 aegritudinem
900 2725 1025 2764 mox
1065 2718 1125 2763 ut.
1168 2708 1422 2762 Dominus
1452 2706 1698 2776 dignatus
1719 2719 1803 2764 est

207 2808 419 2878 jubere.
470 2806 675 2862 sanavit
700 2806 719 2878 (
743 2803 898 2858 Joan.
919 2819 970 2867 v,
992 2802 1096 2857 5-9
1125 2803 1164 2872 ).
1194 2800 1365 2856 Crede
1401 2800 1559 2855 certis
1584 2800 1796 2868 rebus‘,

209 2915 320 2955 non
345 2899 524 2953 verbis
549 2896 813 2951 inanibus.
847 2894 1031 2949 Mutati
1057 2892 1123 2947 ad
1169 2906 1267 2946 nos
1301 2890 1459 2946 vestri
1481 2899 1797 2958 transeunt;

210 2992 349 3047 absit
371 3001 423 3046 ut
440 2990 538 3061 ipsi
558 2990 667 3043 sint
686 2988 775 3058 qui
802 2987 1035 3041 fuerunt.
1064 2984 1215 3052 Quod
1238 2984 1437 3038 utinam
1462 2990 1516 3039 et
1532 2991 1587 3037 tu
1609 2981 1793 3049 facias,

207 3094 260 3139 et
286 3099 449 3154 quam
476 3096 659 3137 verum
700 3080 769 3134 sit
798 3080 852 3133 in
883 3086 933 3132 te
962 3076 1059 3131 tibi
1086 3075 1295 3131 eredas.

273 3174 505 3230 CAPUT
543 3173 613 3228 Χ.
640 3202 712 3213 —-
741 3170 827 3227 12.
879 3170 1121 3239 Magnum
1169 3165 1367 3237 aliquid
1401 3165 1490 3221 tibi
1522 3164 1700 3220 dicere
1719 3164 1798 3219 vi-

201 3284 293 3326 sus
330 3284 414 3331 es,
470 3265 791 3323 nominando
820 3262 1104 3319 Candidum
1146 3261 1577 3331 Villaregiensem,
1610 3268 1656 3312 et
1684 3257 1799 3313 Do.

200 3372 384 3415 natum
423 3358 904 3423 Macomodiensem,
950 3355 1035 3426 qui
1066 3371 1128 3408 ea:
1164 3354 1338 3407 vestris
1368 3352 1613 3422 episcopis
1646 3352 1797 3407 etiam

197 3452 350 3522 apud
376 3466 471 3504 nos
506 3450 720 3520 episcOpi
747 3453 967 3519 fuerunt,
1008 3457 1063 3501 et
1092 3447 1315 3515 probata
1368 3446 1475 3498 vita
1528 3444 1595 3498 ad
1624 3444 1798 3499 hono—

197 3544 431 3599 rabilius
459 3543 480 3573 ²
511 3542 691 3597 senilis
711 3542 876 3596 aetatis
914 3539 1162 3593 meritum
1208 3544 1564 3608 pervenerunt
1594 3552 1607 3588 :
1641 3535 1795 3606 quasi

199 3637 555 3692 Sacramenta
582 3642 636 3689 et
656 3633 916 3689 invocatio
935 3632 1164 3687 nominis
1183 3631 1273 3685 Dei
1301 3647 1419 3701 quae
1442 3632 1502 3683 ﬁt
1520 3629 1659 3700 apud
1677 3645 1792 3697 vos,

202 3730 316 3800 ipsa
349 3729 570 3784 inimica
596 3728 665 3783 sit
691 3728 877 3792 nobis;
910 3742 1032 3781 eum
1054 3732 1108 3780 et
1134 3725 1185 3779 in
1217 3724 1295 3779 eis
1322 3726 1408 3795 qui
1431 3735 1579 3779 extra
1604 3724 1795 3779 Eccle-

202 3823 334 3876 siam
386 3830 549 3887 sunt,
606 3836 713 3876 non
762 3820 832 3875 sit
882 3819 1100 3873 omnino
1148 3816 1251 3871 nisi
1303 3816 1573 3871 Ecclesiae.
1607 3815 1665 3871 In
1691 3830 1796 3887 qua

201 3913 500 3985 quaestione
525 3912 568 3967 si
600 3912 733 3966 meis
781 3910 963 3965 verbis
988 3910 1307 3971 laborarem,
1360 3906 1463 3961 tuis
1488 3906 1790 3976 adjuvarer.

201 4004 332 4060 Nam
361 4005 407 4060 si
439 4013 588 4059 extra
616 4003 911 4058 Ecclesiam
966 4001 1098 4055 nihil
1153 3999 1577 4055 ecclesiasticum
1630 4012 1790 4069 posse

202 4111 319 4152 esse
345 4096 600 4161 sentires,
632 4112 738 4150 non
769 4096 881 4164 ipse
907 4092 1151 4158 dixisses,
1182 4091 1324 4146 nobis
1366 4101 1415 4145 et
1467 4091 1603 4146 vobis
1634 4107 1788 4146 unam

201 4204 304 4242 esse
331 4188 650 4258 religionem,
675 4186 849 4240 eadem
880 4185 1233 4248 Sacramenta,
1268 4181 1401 4236 nihil
1440 4182 1492 4235 in
1517 4182 1795 4236 christiana

201 4280 549 4335 observatione
593 4279 862 4332 diversum.
912 4276 1117 4343 Quibus
1144 4275 1321 4329 verbis
1356 4275 1461 4328 tuis
1487 4288 1594 4329 non
1619 4274 1671 4327 in
1702 4282 1790 4328 to-

202 4378 311 4424 tum
352 4370 661 4425 consentio.
705 4367 1003 4422 Christiana
1064 4366 1260 4436 quippe
1298 4363 1540 4418 Ecclesia
1576 4363 1789 4429 caretis,

199 4460 554 4516 christianam
581 4458 895 4513 charitatem
921 4471 1025 4511 non
1067 4455 1294 4510 habetis.
1323 4453 1628 4509 Christiana
1653 4467 1788 4510 sane

199 4553 249 4608 in
283 4553 446 4607 vobis
473 4551 817 4606 Sacramenta
856 4562 1139 4618 cognosco,
1167 4555 1222 4601 et
1242 4546 1294 4600 in
1320 4545 1404 4601 his
1432 4545 1565 4600 illud
1586 4558 1797 4616 quoque

197 4644 474 4700 diversum
504 4643 747 4713 improbo
762 4657 823 4697 ac
847 4657 1061 4712 respuo,
1086 4638 1228 4710 quod
1268 4654 1390 4693 eum
1415 4637 1604 4694 eadem
1634 4638 1794 4694 etiam

198 4736 247 4790 in
267 4736 568 4791 schismate
591 4733 849 4797 habeatis,
872 4733 1058 4787 eadem
1083 4733 1135 4785 in
1161 4730 1450 4787 Catholicis
1468 4730 1784 4788 exsufﬂatis.

198 4824 432 4881 Prorsus
457 4826 695 4896 agnoscit
725 4825 777 4879 in
795 4824 947 4879 vobis
1004 4823 1241 4879 Ecclesia
1280 4832 1473 4879 cuncta
1520 4838 1641 4893 quae
1696 4837 1791 4878 sua

198 4930 361 4975 sunt:
394 4932 505 4974 nec
528 4918 650 4973 ideo
706 4933 810 4972 non
854 4926 977 4972 sunt
1017 4917 1153 4987 ejus,
1183 4918 1305 4985 quia
1351 4926 1405 4972 et
1432 4918 1571 4987 apud
1592 4932 1689 4973 vos
1710 4918 1795 4972 in-

195 5013 516 5067 veniuntur.
564 5010 717 5081 Apud
748 5026 841 5065 vos
888 5010 1083 5080 quippe
1120 5010 1293 5063 aliena
1339 5018 1495 5063 sunt:
1534 5010 1627 5065 sed
1672 5025 1794 5066 cum

196 5119 289 5160 vos
307 5113 593 5161 correctos
621 5104 812 5173 recipit
838 5103 989 5172 cujus
1032 5110 1175 5166 sunt,
1210 5100 1340 5157 ﬁunt
1368 5103 1526 5157 etiam
1562 5102 1795 5158 salubri-

198 5205 277 5251 ter
300 5207 512 5262 vestra,
543 5211 662 5266 qua:
680 5196 975 5265 perniciose
1004 5194 1280 5251 habebatis
1304 5195 1495 5250 aliena.
1521 5195 1794 5254 Discordia

198 5300 289 5343 vos
308 5286 562 5359 possidet
586 5288 685 5343 sub
710 5288 861 5343 titulo
887 5288 1051 5357 pacis.
1082 5288 1223 5359 Ergo
1250 5288 1523 5344 discordia
1542 5291 1790 5360 pellatur,

197 5394 302 5450 pax
349 5380 748 5437 introdueatur.
780 5382 916 5450 Quid
946 5395 1120 5438 causae
1144 5390 1226 5438 est
1254 5391 1311 5438 ut
1340 5371 1523 5439 titulus
1556 5384 1795 5455 depona-

196 5474 325 5527 tur?
356 5473 653 5545 Episcopus
686 5482 776 5539 est,
828 5474 1019 5543 inquis,
1069 5475 1363 5545 episcOpum
1400 5477 1628 5546 recipis;
1678 5495 1793 5550 pre-

260 5566 277 5596 ι
303 5567 382 5617 sic
406 5573 517 5613 Mss.
544 5572 599 5615 At
624 5564 769 5614 editi:
792 5566 946 5614 crede
963 5570 1090 5615 certe
1111 5564 1269 5615 rebus.

258 5629 278 5658 ²
302 5627 453 5683 Editi,
476 5624 787 5677 honorabilia.
809 5640 872 5675 ex
896 5634 1002 5676 Mss.
1024 5628 1378 5687 substituimus,
1398 5627 1737 5681 honorabilius.

259 5689 334 5762 (α)
362 5689 910 5762 tm'anienseshinbunc
926 5690 1116 5762 locum;
1134 5708 1167 5762 .e
1182 5696 1418 5762 Justarum
1442 5705 1578 5753 ergo,
1589 5708 1617 5762 γ
1641 5694 1793 5757 aiunt,

203 5766 226 5795 ι
249 5750 528 5799 animarum
566 5750 829 5813 beatitudo,
854 5753 903 5799 in
935 5754 1019 5801 Dei
1056 5752 1242 5801 visione
1276 5750 1548 5801 consistens
1584 5754 1713 5813 (nam
1736 5750 1796 5810 ea

203 5829 226 5858 ι
247 5814 354 5885 sola
381 5820 466 5861 est
483 5811 752 5885 immprtale
773 5812 886 5885 ﬁdei
908 5814 1195 5877 praemium),
1215 5827 1311 5866 non
1323 5814 1541 5869 differtur
1564 5811 1794 5879 usquead

204 5890 228 5922 ι
249 5880 541 5929 extremum
561 5873 883 5937 diemjudicii.
896 5873 920 5922 ἱ

1933 610 2023 649 mo
2048 606 2150 665 est,
2182 598 2447 657 hominem
2495 606 2708 677 recipis.
2742 607 2871 664 Tam
2897 612 3092 682 quippe
3120 613 3175 668 in
3196 614 3287 671 illo
3319 616 3507 677 Sacra-

1931 698 2110 745 menta
2137 691 2443 765 christiana,
2471 714 2628 768 quam
2669 704 2907 760 membra
2935 705 3163 764 humana
3192 726 3457 783 cognosco
3488 733 3504 773 :

1930 794 2031 835 nec
2061 796 2189 836 curo
2210 800 2304 854 per
2334 802 2492 857 quem
2516 789 2713 847 fuerint
2735 796 3019 864 seminata,
3049 799 3145 855 sed
3169 816 3200 856 a
3226 819 3330 872 quo
3353 820 3511 861 erea-

1932 875 2226 967 ta.Quibus
2273 880 2316 933 si
2365 882 2503 938 male
2547 886 2623 940 uti
2658 888 2905 955 voluerit,
2933 906 2997 947 eo
3049 893 3165 962 ipso
3206 897 3376 953 malus
3417 898 3498 967 ﬁt,

1928 966 2070 1034 quod
2124 968 2428 1026 Creatorem
2476 973 2543 1029 de
2581 976 2732 1032 bonis
2772 980 2886 1050 ejus
2926 981 3187 1039 offendit:
3235 987 3282 1041 si
3331 966 3510 1044 autem

1928 1058 2064 1114 bene
2094 1062 2169 1115 uti
2198 1065 2441 1133 cmperit,
2466 1082 2523 1123 se
2550 1072 2800 1141 corriget,
2830 1089 2932 1129 non
2956 1074 3039 1129 illa
3065 1079 3304 1135 mutabit.

1996 1153 2220 1212 CAPUT
2260 1156 2349 1212 XI.
2377 1189 2449 1199 ——-
2485 1162 2572 1217 i3.
2622 1163 2690 1218 Et
2726 1164 2793 1220 de
2840 1168 3104 1241 episcopis
3143 1172 3358 1241 quidem
3412 1176 3501 1232 vel

1923 1243 2131 1300 clericis
2170 1248 2492 1318 recipiendis
2534 1253 2637 1308 alia
2672 1257 2897 1325 qmestio
2945 1268 3047 1314 est.
3080 1261 3330 1329 Quamvis
3360 1267 3502 1321 enim

1923 1350 2043 1391 cum
2073 1339 2211 1407 apud
2243 1356 2338 1396 vos
2385 1344 2719 1416 ordinantur,
2766 1364 2870 1405 non
2899 1368 3061 1423 super
3103 1370 3196 1410 eos
3226 1357 3501 1415 invocetur

1922 1442 2113 1484 nomen
2147 1432 2353 1498 Donati,
2400 1436 2494 1491 sed
2522 1438 2650 1493 Dei:
2700 1449 2873 1496 tamen
2919 1444 2987 1497 ita
3029 1447 3409 1516 suscipiuntur,
3444 1458 3503 1506 ut

1919 1523 2130 1581 videtur
2155 1529 2270 1597 paci
2300 1538 2353 1584 et
2392 1532 2604 1586 utilitati
2656 1533 2910 1589 Ecclesiae
2950 1541 3234 1595 convenire
3263 1543 3363 1612 (a).
3395 1542 3500 1598 Ne-

1920 1634 2021 1690 que
2050 1621 2191 1675 enim
2232 1623 2468 1695 episcopi
2520 1636 2738 1696 propter
2772 1644 2869 1683 nos
2898 1645 3101 1697 sumus,
3129 1632 3223 1687 sed
3280 1643 3498 1703 propter

1918 1726 2010 1766 eos
2039 1713 2230 1782 quibus
2256 1716 2475 1771 verbum
2527 1727 2582 1772 et
2631 1729 3021 1775 sacramentum
3054 1722 3376 1781 dominicum
3400 1727 3501 1781 mi-

1917 1806 2203 1863 nistsamus
2237 1826 2249 1861 :
2294 1825 2356 1864 ac
2379 1826 2474 1880 per
2502 1812 2601 1867 hoc
2624 1823 2681 1866 ut
2713 1829 2896 1869 eorum
2947 1816 3062 1871 sine
3110 1818 3359 1873 seandalo
3400 1835 3500 1889 gu-

1915 1896 2309 1953 bernandorum
2331 1916 2450 1957 sese
2478 1904 2763 1960 necessitas
2798 1906 2992 1971 tulerit,
3025 1908 3098 1961 ita
3132 1909 3217 1962 vel
3240 1924 3380 1975 esse,
3413 1912 3497 1968 vel

1916 2003 2021 2041 non
2052 2005 2171 2043 esse
2227 1991 2506 2056 debemus,
2547 1995 2687 2062 quod
2716 2012 2821 2049 non
2849 2005 3066 2064 promer
3093 2013 3210 2064 nos,
3243 2000 3333 2053 sed
3366 2016 3496 2070 pro~

1915 2088 2033 2150 pter
2048 2081 2179 2136 alios
2207 2096 2407 2137 sumus.
2440 2084 2678 2153 Denique
2720 2088 2960 2140 nonnulli
2987 2098 3167 2143 saneta
3198 2090 3495 2147 humilitate

1915 2176 2119 2243 przediti
2144 2176 2261 2242 viri,
2284 2186 2497 2247 propter
2517 2178 2757 2247 quaedam
2790 2180 2846 2234 in
2868 2195 2926 2235 se
2946 2180 3282 2245 offendicula,
3305 2185 3496 2254 quibus

1915 2266 2003 2335 pie
2036 2268 2385 2338 religioseque
2432 2270 2823 2338 movebantur,
2868 2271 3205 2343 episcopatus
3255 2274 3493 2332 ofﬁcium

1912 2373 2017 2413 non
2043 2360 2212 2413 solum
2235 2361 2351 2415 sine
2379 2362 2554 2430 culpa,
2578 2377 2759 2416 verum
2788 2362 2947 2417 etiam
2965 2378 3082 2419 cum
3112 2365 3266 2419 laude
3296 2364 3491 2435 posue-

1910 2457 2052 2503 runt.
2076 2448 2339 2520 Numquid
2364 2452 2438 2505 sic
2467 2451 2623 2505 etiam
2647 2451 2997 2509 christianum
3024 2471 3219 2511 nomen
3242 2466 3295 2511 et
3328 2457 3489 2513 {idem

1910 2536 2265 2605 laudabiliter,
2304 2556 2366 2595 ac
2394 2556 2500 2595 non
2540 2543 2716 2611 potius
2767 2543 3142 2600 damnabiliter
3177 2550 3487 2617 ponerent?

1907 2630 2055 2685 Sicut
2098 2631 2152 2685 in
2199 2632 2519 2702 accipiendis
2569 2632 2652 2688 his
2698 2633 2860 2691 rebus
2902 2644 3126 2705 possunt
3167 2652 3285 2693 esse
3328 2638 3488 2708 justas

1908 2737 2103 2790 causae,
2135 2739 2228 2778 cur
2272 2733 2491 2781 excuset
2536 2726 2757 2797 quisque
2784 2727 2899 2782 fieri
2926 2729 3246 2799 episcopus;
3279 2746 3378 2785 nec
3402 2741 3484 2786 ta-

1907 2831 2030 2871 men
2051 2816 2294 2871 similiter
2330 2826 2508 2888 potest
2530 2818 2637 2873 ulla
2684 2833 2841 2874 causa
2880 2834 2999 2876 esse
3050 2821 3213 2890 justa,
3242 2836 3338 2877 cur
3365 2822 3486 2892 quis

1906 2917 2124 2964 excuset
2146 2908 2259 2965 ﬁeri
2276 2910 2615 2966 ehristianus.
2647 2911 2781 2979 Quid
2803 2913 2895 2979 ita,
2948 2914 3049 2968 nisi
3075 2915 3196 2985 quia
3222 2916 3338 2971 sine
3363 2917 3479 2986 epi-

1904 3008 2126 3070 scopatu
2149 3000 2229 3055 vel
2257 3002 2509 3057 elericatu
2529 3002 2661 3058 salvi
2717 3018 2837 3059 esse
2880 3020 3185 3075 possumus,
3209 3009 3323 3063 sine
3337 3008 3480 3064 chri-

1904 3094 2074 3149 stiana
2092 3109 2219 3148 vero
2243 3094 2502 3164 religione
2532 3108 2637 3150 non
2666 3097 2991 3165 possumus?

1975 3184 2200 3240 CAPUT
2232 3184 2346 3239 ΧΗ.
2366 3216 2433 3225 -
2453 3186 2541 3241 lt.
2564 3186 2792 3243 Proinde
2815 3188 2977 3244 vestri
3000 3189 3234 3261 episcopi
3256 3204 3351 3247 seu
3372 3192 3490 3263 qui-

1905 3277 2035 3333 libet
2057 3278 2260 3346 clerici,
2289 3288 2543 3350 quantum
2567 3280 2635 3335 ad
2660 3280 2771 3349 ipsa
2794 3282 3150 3337 ecclesiastica
3172 3283 3344 3340 officia
3367 3300 3490 3355 per-

1905 3370 2057 3436 tinet,
2090 3371 2241 3425 sicin
2260 3372 2576 3427 catholicam
2599 3374 2830 3442 suscepti
2852 3384 2976 3430 sunt
2996 3375 3271 3443 unitatem,
3300 3392 3489 3447 quem-

1903 3460 2189 3516 admodum
2239 3462 2489 3532 expedire
2515 3463 2793 3519 videbatur
2829 3464 2894 3520 iis
2918 3505 2934 3533 ,
2961 3480 3186 3536 quorum
3211 3467 3367 3523 saluti
3394 3483 3489 3538 per

1903 3568 2089 3609 eorum
2110 3554 2485 3610 consulebatur
2504 3554 2733 3610 oliicium
2755 3556 2840 3611 vel
2860 3559 3215 3614 exercendum
3236 3561 3320 3616 vel
3339 3560 3491 3617 omit-

1903 3644 2120 3700 tendum
2150 3644 2248 3715 (ὁ).
2282 3644 2663 3701 Verumtamen
2693 3646 2855 3702 etiam
2884 3648 2950 3703 de
2984 3650 3110 3719 ipsis
3147 3650 3237 3720 qui
3267 3659 3324 3707 et
3346 3651 3487 3720 apud

1903 3750 2002 3791 nos
2027 3735 2243 3791 eosdem
2267 3736 2783 3793 administraverunt
2802 3739 3054 3807 honores,
3078 3741 3332 3810 numquid
3349 3742 3487 3800 sicut

1902 3828 2080 3886 dicere
2115 3831 2350 3900 potuisti,
2388 3831 2674 3901 Episcopus
2709 3843 2781 3887 est
2802 3875 2818 3901 ,
2846 3835 3136 3904 episcOpum
3161 3835 3381 3907 recipis;
3410 3835 3485 3891 ita

1900 3924 2104 3993 poteris
2137 3923 2315 3979 dicere
2339 3965 2353 3988 ,
2400 3925 2691 3980 Haereticus
2730 3934 2813 3981 est
2836 3966 2850 3991 ,
2894 3925 3205 3983 hacreticum
3243 3929 3481 4000 recipis;

1901 4024 2031 4083 aut,
2062 4016 2444 4073 Schismaticus
2488 4025 2605 4084 est,
2636 4018 3034 4075 schismaticum
3076 4020 3311 4091 recipis;
3356 4031 3481 4091 aut,

1902 4107 2226 4163 Donatianus
2251 4117 2352 4176 est,
2381 4109 2731 4166 Donatiauum
2760 4112 2990 4182 recipis?
3016 4112 3109 4166 His
3135 4113 3275 4167 enim
3307 4113 3482 4169 nomi-

1902 4200 2055 4255 nibus
2101 4216 2208 4255 non
2247 4201 2442 4272 gradus
2484 4201 2703 4257 honoris
2742 4218 2773 4257 a
2815 4203 3022 4273 plebeia
3064 4203 3336 4274 dignitate,
3387 4204 3486 4261 sed

1900 4294 2104 4349 crimen
2135 4294 2333 4349 erroris
2363 4309 2392 4348 a
2422 4295 2682 4351 catholica
2707 4295 2929 4351 veritate
2956 4295 3313 4366 distinguitur.
3346 4296 3483 4352 Pro-

1900 4384 2024 4440 inde
2050 4385 2135 4440 illa
2167 4395 2412 4457 tanquam
2439 4386 2795 4443 ecclesiastica
2817 4403 3060 4456 munera,
3089 4389 3249 4443 etiam
3274 4388 3326 4443 in
3350 4388 3484 4444 alie-

1901 4476 1983 4532 nis
2001 4478 2339 4548 inventa,qui
2366 4493 2460 4533 vos
2488 4479 2837 4551 relinquendo
2864 4487 2917 4534 et
2940 4479 3007 4534 ad
3034 4494 3132 4535 nos
3160 4479 3483 4535 transeundo

1903 4571 2073 4624 nostri
2108 4569 2259 4636 ﬁunt,
2277 4585 2373 4640 pro
2400 4570 2624 4626 utilitate
2654 4570 2966 4640 populorum
2990 4610 3006 4637 ,
3038 4570 3228 4641 quibus
3254 4570 3352 4627 hac
3374 4570 3481 4627 dis-

1900 4662 2213 4731 pensatione
2242 4662 2525 4731 servimus,
2557 4663 2642 4717 vel
2671 4663 3045 4733 suscipiuntur,
3080 4663 3163 4718 vel
3191 4680 3294 4718 non
3318 4664 3335 4695 ¹
3358 4678 3481 4720 sus-

1900 4755 2172 4824 cipiuntur
2197 4772 2210 4808 :
2234 4754 2323 4807 illa
2352 4768 2481 4809 vero
2533 4754 2721 4809 vitiosa
2748 4764 2800 4808 et
2830 4755 3040 4825 proprie
3066 4766 3261 4825 vestra,
3288 4771 3481 4812 sanan-

1902 4853 2006 4909 tur,
2026 4844 2382 4914 corriguntur,
2403 4853 2699 4911 mutantur;
2723 4845 2847 4901 dum
2867 4855 3040 4902 tamen
3059 4863 3120 4902 ea
3138 4848 3479 4904 Sacramenta

1900 4938 2015 5016 sine
2053 4937 2242 5007 quibus
2271 4937 2429 4992 homo
2458 4953 2563 4992 non
2595 4950 2770 5009 potest
2807 4938 2919 4996 ﬁeri
2950 4941 3288 5009 christianus,
3320 4941 3480 4995 etiam

1901 5031 1954 5085 in
1990 5030 2257 5085 haereticis
2286 5031 2362 5085 sic
2392 5039 2706 5098 tractentur,
2731 5042 2789 5087 ut
2816 5048 2934 5088 cum
2966 5033 3033 5088 ad
3062 5033 3352 5088 Ecclesiam
3382 5046 3478 5087 ve-

1900 5123 2068 5189 niunt,
2086 5121 2224 5191 quod
2253 5121 2479 5178 defuerit
2507 5124 2749 5191 addatur,
2778 5125 2917 5194 quod
2946 5126 3176 5195 agnitum
3206 5123 3363 5178 fuerit
3387 5138 3481 5193 ap-

1900 5215 2189 5288 probetur;
2232 5232 2299 5272 ne
2340 5217 2463 5272 dum
2504 5219 2661 5274 nimis
2700 5218 3016 5274 ollendimur
3052 5219 3133 5273 eis
3170 5218 3323 5272 malis
3359 5232 3479 5287 quas

1900 5318 2083 5364 contra
2109 5309 2400 5366 Ecclesiam
2430 5321 2766 5382 pepererunt,
2797 5326 3174 5382 persequamur
3201 5310 3362 5365 etiam
3384 5311 3479 5366 bo-

1899 5420 1965 5459 na
1987 5418 2104 5474 quae
2148 5404 2216 5460 de
2237 5404 2471 5460 Ecclesia
2511 5404 2830 5461 discedendo
2851 5414 3137 5459 traxerunt.
3161 5402 3292 5458 Nam
3318 5404 3478 5458 etiam

1900 5511 2080 5552 ramus
2110 5496 2328 5566 fractus,
2358 5498 2402 5552 si
2428 5512 2633 5565 rursus,
2660 5497 2796 5552 sicut
2814 5496 2889 5551 ait
2910 5496 3219 5567 Apostolus,
3242 5496 3480 5553 inseren-

1964 5634 1981 5665 ι
2008 5639 2057 5682 In
2083 5633 2227 5683 editis
2262 5633 2528 5687 exciderat.
2552 5632 2623 5683 vel
2646 5631 2967 5695 suscipiuntur
2985 5672 2997 5693 ,
3026 5635 3097 5685 ι·δί
3121 5652 3227 5688 non.
3258 5638 3479 5687 Restitui-

1899 5700 2535 5829 Tugagxagfsoartbaginense
2558 5754 2813 5805 concilium
2830 5759 2940 5807 anni
2964 5759 3071 5822 ⁴101,
3090 5762 3171 5814 die
3197 5764 3257 5815 15
3273 5769 3482 5826 septem-

1898 5818 2031 5945 ωδ)
2053 5882 2150 5936 Lib.
2171 5880 2203 5932 2
2222 5889 2385 5936 contra
2405 5879 2879 5945 Parmenianummn.
2905 5883 2985 5951 27,
3001 5884 3076 5942 28.
