3998 6462
529 391 637 447 475

529 512 633 567 dus
659 505 931 580 sitatam.
959 523 1014 567 ιι
1037 549 1055 579 ,
1082 503 1179 580 εδδ
1197 543 1215 576 ,
1243 505 1396 562 radix
1423 503 1474 561 ei
1499 500 1744 560 redditur
1765 541 1780 568 ,
1805 511 1918 553 non
1939 493 2118 551 {arma

523 610 794 663 mutetur.

597 696 696 759 45.
737 703 803 755 At
830 700 960 758 attint
985 696 1105 769 quia
1124 702 1342 757 nostros,
1371 688 1578 761 inquis,
1610 684 1867 742 haereticos
1890 690 1938 736 et
1961 680 2120 736 sacri-

531 795 672 868 legos
693 807 877 857 uocas,
905 789 1040 861 quod
1077 787 1331 859 nefarium
1351 792 1401 838 et
1432 779 1738 850 inexpiabile
1780 777 1970 868 crimen
2005 780 2118 838 est;

807 882 1120 938 tatibus-sine
1142 879 1318 950 aliqua
1347 875 1631 947 expiatione
1651 870 1842 943 ignosci
1865 867 2005 923 debet
2029 873 2117 920 aut

533 981 740 1056 potest!
766 980 1031 1049 Cur‘ergo,
1061 975 1258 1044 inquis,
1281 987 1382 1026 non
1406 967 1660 1025 emacutas
1673 962 1996 1056 uenientem?
2015 959 2120 1056 Cur

535 1053 637 1130 non
667 1072 830 1143 primo
865 1071 1030 1124 abluis
1064 1076 1111 1122 et
1139 1064 1382 1120 emundas
1401 1105 1416 1130 ,
1448 1071 1494 1116 et
1521 1061 1594 1115 sic
1623 1059 1708 1112 tibi
1737 1053 2122 1113 communicat?

535 1165 693 1235 Quid,
739 1163 880 1234 quod
911 1173 985 1216 ex
1017 1159 1108 1214 ‘his
1147 1157 1325 1213 verbis
1362 1154 1473 1210 tuis
1515 1152 1684 1208 multo
1707 1146 2120 1205 conveniendus

537 1259 672 1314 alius
713 1254 925 1321 dixerit,
957 1250 1160 1307 talibus
1201 1258 1306 1304 tam
1331 1249 1347 1279 ι
1371 1244 1572 1318 ignosci
1615 1257 1714 1299 nec
1747 1241 1977 1305 debere,
2013 1249 2121 1293 nec

536 1363 695 1420 posse
737 1364 751 1402 :
794 1356 949 1417 teque
977 1343 1082 1399 tibi
1124 1341 1220 1412 ipsi
1257 1337 1522 1396 contraria
1542 1337 1784 1392 locutum
1813 1346 1935 1389 esse
1959 1343 2121 1386 mon-

536 1439 815 1505 straverit,
847 1446 905 1491 ut
927 1437 1051 1491 ideo
1075 1434 1282 1490 diceres
1307 1446 1430 1488 cum
1456 1429 1630 1500 aliqua
1663 1427 1963 1498 expiatione
1997 1423 2121 1480 tali-

533 1534 636 1588 bus
675 1529 1057 1602 ignoscendum
1083 1569 1097 1594 ,
1137 1525 1260 1596 quia
1290 1522 1343 1580 id
1373 1521 1513 1594 quod
1539 1521 1788 1591 objicitur
1810 1515 2123 1588 inexpiabile

535 1626 727 1679 crimen
757 1622 876 1676 est?
905 1618 1182 1688 Quomodo
1209 1630 1338 1687 ergo
1363 1614 1606 1685 expiatur
1631 1610 1774 1683 quod
1801 1607 2122 1678 inexpiabile

537 1715 656 1771 est?
685 1710 961 1782 Quomodo
983 1695 1198 1782 sperem
1225 1718 1284 1764 te
1313 1707 1612 1762 auditurum
1645 1717 1764 1759 esse
1788 1700 1938 1772 quod
1963 1700 2085 1755 dico
2103 1741 2116 1764 ,

537 1809 628 1879 qui
663 1817 773 1861 tam
815 1808 868 1861 in
911 1805 1152 1876 proximo
1189 1815 1296 1858 non
1323 1798 1474 1854 audis
1501 1799 1614 1867 ipse
1643 1793 1785 1866 quod
1809 1793 1965 1859 dicis,
1999 1806 2121 1846 cum

537 1900 632 1955 tibi
661 1899 920 1954 continuo
955 1895 1296 1960 contradicis,
1321 1889 1596 1948 censendo
1615 1886 1948 1957 expiandum
1978 1882 2121 1955 quod

538 1991 858 2062 inexpiabile
895 1988 1136 2044 dixeris?
1176 1986 1282 2041 Nos
1313 1993 1493 2041 autem
1529 1982 1599 2036 ita
1631 1987 1869 2034 vestrum
1895 1977 2123 2034 dicimus

539 2083 850 2139 lucreticum
881 2090 934 2136 et
960 2080 1277 2149 sacrilegum
1307 2088 1565 2139 errorem,
1599 2080 1655 2128 ut
1680 2079 1857 2127 tamen
1879 2067 2125 2138 inexpia-

539 2175 700 2230 biletn
726 2189 830 2229 non
849 2170 1096 2228 dicamus
1127 2189 1141 2226 :
1170 2169 1403 2240 alioquin
1419 2167 1622 2222 =frustra
1645 2163 1943 2230 vobiscum,
1973 2169 2033 2216 ut
2059 2175 2125 2216 eo

533 2268 730 2326 Irelicto
771 2266 996 2322 correcti
1033 2263 1100 2319 ad
1144 2263 1439 2319 Ecclesium
1462 2259 1788 2316 catholicam
1819 2255 2119 2321 tronseatis,

543 2361 738 2432 quibus
781 2360 953 2416 modis
992 2373 1295 2428 possumus,
1338 2353 1600 2426 agendum
1637 2365 1756 2408 esse
1791 2351 2118 2406 censuimus.

535 2452 655 2508 AlNec
684 2459 873 2514 nostro,
906 2451 1042 2504 sicut
1067 2447 1278 2515 scribis,
1307 2446 1453 2501 uerbo
1480 2454 1527 2499 te
1551 2445 1624 2498 uti
1647 2442 1944 2509 arbitreris,
1972 2441 2123 2512 quasi

539 2545 633 2600 hoc
659 2545 848 2599 malum
869 2544 977 2598 sine
997 2543 1139 2597 venia
1163 2551 1209 2597 et
1228 2543 1335 2596 sine
1352 2540 1544 2594 medico
1565 2555 1669 2593 esse
1687 2537 1955 2602 dicamus;
1982 2536 2124 2607 quod

531 2637 756 2692 omnino
791 2647 896 2691 non
933 2634 1192 2700 dicimus;
1224 2634 1345 2705 quia
1374 2641 1428 2688 et
1457 2631 1664 2686 veniam
1689 2635 1960 2684 merentur
1989 2639 2124 2698 quos

531 2728 698 2800 hujus
719 2728 844 2782 mali
866 2726 1176 2797 ptenituerit
1193 2768 1208 2792 ,
1230 2734 1285 2781 et
1308 2723 1646 2793 omnipotens
1664 2733 1748 2777 est
1773 2721 2012 2776 medicus
2033 2720 2123 2790 qui

535 2829 637 2890 per
661 2817 973 2888 prophetam
999 2818 1145 2884 dicit,
1175 2815 1237 2872 Si
1259 2821 1526 2870 conversus
1549 2814 1706 2884 fueris
1729 2821 1776 2867 et
1800 2811 2118 2883 ingemueris,

541 2918 662 2965 tunc
697 2909 865 2964 salvus
894 2910 999 2967 eris
1025 2907 1420 2981 (Ezechmvm).
1456 2909 1812 2976 Quapropter,
1840 2904 1896 2959 si
1936 2904 1988 2958 in
2023 2903 2124 2958 ali-

541 3008 700 3063 quem
719 2991 856 3048 forte
875 2992 1107 3047 incidisti
1126 2992 1211 3046 vel
1231 2992 1405 3047 minus
1418 2993 1479 3046 'in
1497 2991 1582 3046 his
1603 2990 1764 3046 rebus
1783 2990 2120 3054 instructum,

541 3087 626 3141 vel
660 3086 834 3141 minus
875 3085 999 3156 quid
1025 3087 1334 3158 loqueretur
1361 3085 1652 3140 intuentem
1677 3123 1692 3150 ,
1735 3083 1977 3153 quamvis
1998 3095 2125 3139 esse

539 3176 932 3234 communionis
957 3176 1235 3232 catholicae
1263 3175 1533 3231 videretur
1555 3216 1574 3243 ,
1603 3174 1691 3246 qui
1723 3173 1825 3228 hoc
1849 3172 1946 3228 tibi
1975 3171 2123 3228 dice-

533 3278 664 3338 ret;
714 3270 829 3338 ipse
875 3269 1052 3340 potius
1086 3270 1252 3339 hujus
1294 3268 1678 3351 inconsiderati
1721 3266 1870 3323 verbi
1912 3266 2124 3322 veniam

541 3372 811 3420 mereatur
835 3381 848 3418 :
872 3364 1009 3418 sicut
1039 3372 1094 3418 tu
1123 3364 1212 3433 qui
1240 3378 1362 3418 cum
1380 3363 1466 3418 sis
1485 3371 1596 3418 tam
1628 3362 1920 3419 liberaliter
1947 3360 2127 3418 emdi-

542 3463 650 3522 tus,
680 3456 811 3510 etin
839 3465 954 3512 arte
975 3458 1260 3512 verborum
1287 3470 1393 3511 non
1419 3456 1760 3512 mediocriter
1785 3455 1994 3518 doctus,
2016 3454 2124 3508 mi-

540 3561 644 3602 nus
671 3557 844 3602 tamen
863 3548 991 3618 quid
1018 3548 1252 3617 loquaris
1271 3547 1569 3612 attendens,
1588 3545 1913 3618 expiandum
1935 3559 2124 3601 censes

527 3637 680 3708 quod
702 3637 1027 3707 inexpiabile
1059 3638 1254 3694 dixeris
1279 3654 1294 3704 ;
1326 3647 1380 3694 et
1407 3638 1552 3710 quod
1579 3649 1663 3694 est
1691 3639 2083 3694 monstruosius
2106 3677 2121 3704 ,

539 3727 662 3782 ideo
687 3727 1030 3798 expiandum,
1061 3730 1184 3800 quia
1213 3730 1550 3800 inexpiabile.
1581 3730 1697 3786 Non
1727 3740 1808 3786 est
1835 3740 2009 3786 autem
2035 3745 2126 3786 ca-

535 3818 796 3875 tholicum
835 3836 927 3876 eos
966 3821 1189 3886 hortari,
1225 3830 1284 3876 ut
1321 3836 1503 3879 errore
1540 3832 1786 3879 correcta
1813 3823 1944 3882 salvi
1971 3822 2117 3888 ﬁant,

541 3927 674 3982 quos
714 3914 1111 3984 inexpiabiliter
1153 3924 1312 3986 atque
1353 3916 1720 3972 insanabiliter
1759 3924 2122 3972 asscreretnus

538 4007 782 4059 errare-1'.
813 4006 916 4062 Sed
954 4007 1069 4062 ideo
1098 4007 1249 4062 vobis
1277 4024 1381 4063 non
1412 4009 1659 4064 videntur
1687 4009 1929 4064 mundari
1952 4049 1968 4074 ,
1999 4017 2122 4063 cunt

537 4096 604 4152 ad
626 4113 722 4152 nos
743 4114 773 4152 a
794 4099 945 4154 vobis
966 4108 1258 4167 transeunt,
1283 4102 1406 4172 quia
1427 4117 1533 4157 non
1555 4102 1729 4159 denuo
1751 4104 2117 4174 baptizantur:

539 4191 689 4257 quasi
719 4191 835 4245 solo
864 4192 1134 4262 Baptismo
1155 4236 1169 4260 ,
1203 4209 1360 4264 quem
1390 4196 1558 4265 repeti
1588 4209 1692 4250 non
1723 4205 1964 4265 oportet,
1995 4211 2120 4251 cum

543 4278 682 4333 idem
713 4291 870 4351 atque
901 4299 1037 4338 unus
1065 4295 1168 4351 est,
1201 4286 1444 4342 homines
1471 4288 1539 4342 ab
1565 4301 1746 4344 errore
1771 4289 2116 4344 mundentu‘r.

535 4371 861 4428 laudantur
885 4385 939 4428 et
961 4377 1122 4431 verbo
1148 4379 1387 4433 veritatis
1421 4380 1488 4432 ab
1523 4381 1614 4434 illo
1641 4382 1730 4451 qui
1761 4382 1854 4448 ait,
1882 4381 2004 4436 1am
2033 4399 2120 4438 vos

539 4462 717 4516 mundi
762 4465 878 4518 estis
921 4475 1128 4536 propter
1167 4466 1373 4522 uerbum
1415 4470 1550 4540 quod
1599 4471 1791 4526 locutus
1831 4489 1942 4527 sum
1981 4475 2119 4530 vobis

539 4553 722 4623 (Joan.
754 4571 824 4611 xv
845 4593 862 4624 ,
891 4556 969 4628 ὅ).
998 4557 1315 4614 Mundantur
1341 4569 1395 4616 et
1418 4562 1677 4616 sacrificio
1701 4565 1916 4619 contriti
1939 4567 2121 4624 cordis

541 4647 608 4702 ab
649 4648 736 4703 illo
775 4650 842 4704 de
879 4665 985 4720 quo
1023 4652 1221 4709 dictum
1255 4663 1365 4722 est,
1408 4656 1730 4726 Sacriﬁcium
1767 4658 1876 4715 Deo
1914 4662 2122 4732 spiritus

539 4741 943 4809 contribulium;
985 4759 1074 4798 cor
1115 4747 1384 4801 contritum
1421 4757 1468 4802 et
1497 4749 1814 4804 humiliatum
1853 4751 1992 4808 Deus
2017 4769 2121 4810 non

539 4833 727 4901 spernit
755 4834 774 4904 (
797 4833 937 4890 Psat.
967 4852 999 4892 ι.
1025 4879 1040 4906 ,
1071 4837 1193 4910 19).
1238 4839 1554 4898 Mundantur
1581 4850 1635 4899 et
1671 4844 2024 4919 eleemosynis
2053 4848 2120 4904 ab

539 4925 630 4980 illo
651 4928 748 4997 qui
769 4929 849 4984 ait
871 4971 886 4996 ,
931 4930 1061 4986 Date
1093 4934 1456 5007 elemosynam
1478 4980 1492 5004 ,
1525 4947 1572 4992 et
1599 4947 1710 4993 ecce
1735 4941 1902 4995 omnia
1928 4941 2119 4997 munda

539 5028 656 5073 sunt
683 5023 820 5076 vobis
845 5023 1006 5092 (Luc.
1037 5041 1112 5088 χι,
1144 5027 1203 5081 il
1233 5028 1272 5097 ).
1301 5029 1618 5086 Mundantur
1644 5032 1754 5102 ipsa
1785 5041 1902 5103 quae
1929 5048 2120 5106 super-

538 5113 740 5168 eminet
777 5117 1023 5172 omnibus
1053 5117 1308 5176 charitate
1341 5123 1406 5178 ab
1441 5124 1534 5179 illo
1565 5125 1652 5196 qui
1691 5141 1784 5196 per
1817 5129 2118 5197 apostolum

540 5204 758 5262 Petrum
783 5209 917 5264 dixit
945 5229 958 5264 :
987 5211 1214 5268 Charitas
1243 5217 1467 5286 cooperit
1491 5217 1865 5273 multitudinem
1893 5230 2122 5290 peccato-

540 5313 652 5352 rum
673 5299 719 5369 (Ι
748 5299 887 5355 Petr.
905 5317 977 5368 tv,
1009 5302 1064 5377 8)
1087 5323 1107 5358 ~:
1135 5319 1253 5376 quae
1279 5321 1379 5361 una
1405 5309 1450 5363 si
1478 5308 1634 5374 adsit,
1657 5311 1833 5364 omnia
1854 5312 1949 5366 illa
1978 5322 2120 5368 recte
2219 5323 2222 5326 ’

542 5388 712 5454 ﬁunt;
742 5393 786 5446 si
826 5404 1001 5449 autem
1039 5396 1178 5451 desit
1204 5397 1290 5452 illa
1317 5441 1332 5466 ,
1363 5401 1761 5456 omniafrustra
1805 5404 1952 5458 (lunt.
1995 5405 2122 5460 limo

545 5494 672 5535 vero
699 5483 839 5540 unde
857 5487 969 5546 sit,
999 5488 1120 5542 audi
1143 5489 1427 5546 decentem
1460 5495 1772 5561 Apestolum
1799 5513 1816 5548 ς
1845 5495 2076 5552 Charitas
2101 5537 2116 5562 ,

546 5569 748 5642 inquit,
780 5575 872 5630 Dei
899 5577 1086 5646 diﬂ'usa
1116 5589 1185 5634 est
1216 5581 1266 5636 in
1291 5584 1523 5650 cordibus
1547 5587 1730 5642 nostris
1756 5603 1844 5658 per
1869 5587 2118 5658 Spiritum

468 5817 517 5845 ‘“‘
608 5817 627 5887 ξ
653 5818 792 5887 Filii.
816 5828 988 5887 tamen.
1016 5831 1072 5876 At
1244 5835 1357 5879 tam.

607 5881 628 5914 ³
651 5880 798 5946 Editi,
825 5883 1083 5940 meum
1104 5880 1290 5942 errare.
1333 5897 1438 5944 ms.
1453 5928 1470 5958 ,
1515 5897 1778 5950 asserem
1798 5899 1985 5950 errare.

1277 383 1551 444 CONTRA
1585 370 2019 440 CRESCONMI
2055 367 2512 448 ΒΟΠΑἮΒΤᾹΜ,
2551 380 2610 439 S.
2650 383 3023 443 AUGUSTINI

3693 389 3803 456 επ

2223 505 2454 552 sanctum
2477 500 2564 569 qui
2587 499 2733 556 dotus
2759 511 2831 558 est
2854 497 2996 559 nobis
3019 500 3196 574 (Rom.
3225 521 3262 560 v
3284 549 3299 575 ,
3327 507 3405 580 5).
3431 505 3586 566 Unde
3611 516 3803 574 merito

2222 589 2515 646 creduntur
2551 593 2641 663 qui
2680 603 2830 650 extra
2861 594 3157 652 Ecclesiam
3187 598 3512 670 Baptismum
3553 603 3808 665 Ecclesiae

2217 693 2598 753 perceperunt,
2628 701 2735 742 non
2763 685 2960 743 habere
2985 687 3239 777 Spiritum
3268 696 3530 760 sanetum,
3559 696 3659 752 nisi
3681 707 3806 754 cum

2221 775 2328 848 ipsi
2349 779 2596 836 Ecclesiae
2618 781 2827 840 vinculo
2848 785 2993 854 pacis
3009 801 3104 856 per
3121 775 3508 846 connexionem
3530 790 3806 850 charitatis

2225 871 2614 931 adhaerescdnt.

2298 977 2523 1044 CAPUT
2559 979 2699 1044 XIII.
2723 1019 2793 1030 —
2816 989 2901 1046 16.
2943 990 3061 1047 Jam
3091 992 3231 1048 enim
3263 993 3412 1050 locus
3439 1005 3520 1051 est
3549 1005 3607 1051 ut
3631 1006 3808 1053 osten-

2227 1077 2371 1145 dam,
2395 1081 2532 1152 quod
2558 1081 2608 1137 in
2631 1083 2800 1153 primo
2821 1084 2956 1139 libro
2977 1084 3349 1143 distuleramus
3371 1087 3555 1160 (Nam.
3573 1091 3803 1161 ultimo),

2227 1170 2352 1240 quid
2373 1173 2425 1227 in
2445 1173 2700 1242 Ecclesia,
2726 1190 2846 1246 quae
2867 1185 3107 1232 sanctum
3131 1193 3328 1249 corpus
3349 1189 3432 1235 est
3449 1179 3670 1244 Christi,
3698 1198 3809 1252 pro-

2231 1265 2343 1332 prie
2370 1265 2537 1335 possit
2565 1267 2754 1338 accipi,
2783 1267 2926 1340 quod
2951 1277 3144 1339 praeter
3170 1269 3314 1324 illam
3343 1287 3446 1325 non
3471 1281 3648 1344 potest
3672 1274 3807 1329 acci-

2227 1360 2302 1430 pi.
2333 1359 2406 1414 De
2431 1359 2515 1416 his
2537 1360 2679 1416 enim
2702 1363 2790 1434 qui
2812 1363 3098 1420 schismata
3122 1364 3405 1432 faciebant,
3433 1366 3573 1422 idem
3597 1378 3808 1438 aposto-

2228 1451 2311 1508 lus
2350 1453 2496 1521 dicit,
2536 1455 2784 1512 Animalis
2824 1467 2990 1513 autem
3029 1459 3178 1514 homo
3219 1477 3318 1514 non
3354 1461 3563 1532 percipit
3603 1478 3666 1516 ea
3703 1478 3810 1534 quo:

2227 1560 2343 1604 sunt
2374 1551 2597 1619 Spiritus
2625 1549 2722 1606 Dei
2750 1552 2810 1625 (Ι
2837 1552 3028 1609 συνίῃ
3049 1596 3062 1621 ,
3097 1552 3224 1626 14).
3257 1554 3489 1610 Primam
3529 1555 3594 1610 ad
3627 1556 3813 1612 Corin-

2229 1641 2368 1696 thios
2406 1641 2693 1712 Epistolam
2732 1644 2883 1716 lege,
2921 1654 2976 1701 et
3004 1646 3263 1702 invenies.
3311 1645 3607 1718 Baptismus
3648 1649 3812 1719 igitur

2229 1729 2626 1787 Sacramentum
2653 1743 2737 1790 est
2759 1749 2912 1790 novae
2940 1736 3061 1792 vita:
3083 1752 3147 1792 ac
3171 1738 3357 1794 salutis
3381 1748 3625 1808 aeternae;
3656 1757 3812 1814 quem

2229 1825 2377 1879 multi
2414 1825 2611 1881 habent
2639 1843 2745 1883 non
2774 1828 2840 1885 ad
2870 1829 3030 1884 vitam
3061 1839 3317 1887 aeternam
3337 1872 3351 1897 ,
3385 1833 3479 1890 sed
3507 1833 3572 1888 ad
3601 1849 3811 1904 poenam

2229 1926 2503 1986 aeternam,
2549 1934 2655 1975 non
2697 1919 2834 1978 bene
2873 1930 3081 1978 utentes
3109 1932 3258 1979 tanto
3287 1924 3429 1980 bono
3458 1942 3472 1980 :
3501 1913 3814 1983 charitatem

2228 2025 2357 2066 vero
2384 2021 2620 2067 sanctam
2642 2055 2656 2080 ,
2690 2030 2810 2086 quas
2837 2023 2921 2071 est
2947 2015 3218 2072 vinculum
3246 2017 3590 2088 perfectionis
3611 2060 3628 2086 ,
3658 2035 3813 2075 nemo

2229 2112 2404 2173 potest
2448 2103 2643 2159 habere
2681 2121 2788 2161 non
2830 2105 3037 2173 bonus;
3078 2123 3236 2163 nemo
3278 2110 3367 2180 qui
3409 2110 3598 2178 habet,
3646 2119 3814 2182 potest

2229 2209 2348 2250 esse
2381 2195 2465 2250 vel
2498 2195 2868 2253 schismaticus
2898 2197 2977 2254 vel
3013 2197 3314 2255 hzereticus.
3354 2198 3487 2256 Cum
3515 2216 3649 2272 ergo
3677 2201 3816 2276 quis-

2229 2302 2333 2356 que
2357 2287 2422 2342 ad
2450 2279 2705 2344 Ecclesia:
2728 2289 2948 2345 veniens
2973 2292 3248 2359 unitatem,
3275 2306 3396 2346 cum
3421 2291 3538 2362 ejus
3565 2292 3815 2348 membris

2230 2379 2491 2435 veraciter
2523 2382 2836 2451 copulatur,
2874 2383 3099 2453 accipiat
3131 2383 3383 2453 Spiritum
3419 2393 3696 2451 sanctum,
3729 2401 3816 2456 per

2230 2484 2387 2540 quem
2417 2471 2727 2526 dilfunditur
2751 2472 2983 2529 charitas
3007 2473 3060 2528 in
3085 2474 3336 2529 cordibus
3359 2477 3575 2540 nostris,
3603 2478 3817 2533 eadem-

2230 2577 2336 2633 que
2372 2563 2605 2619 charitas
2634 2565 2908 2635 cooperiat
2937 2566 3327 2623 multitudinem
3355 2580 3702 2639 peccatorum
3724 2611 3738 2632 ,
3765 2579 3818 2625 ut

2230 2651 2559 2723 Baptismum
2590 2670 2747 2725 quem
2779 2656 3010 2726 primum
3041 2656 3269 2713 habebat
3298 2657 3363 2712 ad
3390 2659 3654 2728 judicium
3677 2700 3696 2728 ,
3727 2661 3816 2713 ha-

2229 2744 2358 2802 bere
2373 2746 2483 2816 jam
2509 2757 2778 2803 mereatur
2800 2748 2866 2803 ad
2892 2750 3168 2818 praemium
3191 2768 3206 2816 ;
3233 2753 3502 2821 quomodo
3522 2769 3646 2808 eum
3674 2771 3819 2809 mune

2231 2837 2343 2892 dari
2373 2854 2534 2908 negas
2556 2882 2570 2905 ,
2601 2840 2700 2896 nisi
2733 2843 2854 2910 quia
2879 2841 3099 2897 omnino
3123 2857 3240 2912 qua:
3265 2843 3334 2898 sit
3360 2844 3634 2902 mundatio
3662 2845 3818 2916 spiri-

2231 2929 2387 2985 tualis
2415 2931 2662 3001 ignoras?
2687 2932 2801 2988 Non
2830 2933 3007 3004 igitur,
3041 2934 3178 2989 sicut
3200 2936 3512 2993 conviciaris
3532 2977 3548 3002 ,
3579 2948 3817 3008 tanquam

2229 3021 2283 3075 in
2309 3023 2508 3092 asylum
2531 3023 2737 3078 Romuli
2757 3035 2943 3081 vestros
2964 3037 3198 3084 nocentes
3218 3029 3508 3100 recipimus,
3532 3046 3671 3100 quos
3691 3033 3822 3086 civi-

2230 3125 2314 3174 tas
2337 3117 2429 3172 Dei
2450 3119 2759 3189 recipiendo
2779 3119 2944 3176 efiicit
2970 3122 3281 3179 innocentes
3301 3164 3317 3193 ,
3342 3140 3465 3180 cum
3487 3125 3554 3180 ad
3575 3125 3819 3184 eamdem

2228 3210 2404 3266 veraci
2419 3210 2581 3266 corde
2595 3213 2922 3282 transierint,
2941 3214 3008 3271 de
3024 3231 3126 3286 qua
3141 3215 3256 3286 ejus
3271 3217 3514 3273 conditor
3531 3218 3687 3287 dicit,
3705 3219 3821 3275 Non

2230 3310 2390 3384 potest
2405 3303 2576 3358 civitas
2593 3304 2832 3360 abscondi
2849 3323 3002 3376 super
3019 3319 3236 3364 montem
3254 3311 3548 3384 constituta(
3554 3311 3747 3368 Matth.
3766 3329 3818 3381 v,

2226 3379 2339 3463 Li).
2357 3392 2476 3448 Non
2491 3394 2633 3449 enim
2651 3411 2767 3452 eam
2795 3398 3052 3466 condidit,
3071 3402 3160 3470 qui
3187 3400 3402 3458 fratrem
3421 3379 3653 3473 superbe
3681 3379 3820 3462 oeci;

2229 3483 2308 3539 dit
2332 3486 2520 3555 iratus,
2547 3488 2639 3544 sed
2667 3489 2756 3560 qui
2781 3490 2971 3546 fratres
3008 3492 3282 3550 humiliter
3326 3495 3554 3552 redemit
3585 3502 3818 3557 occisus.

2228 3574 2376 3660 Hanc
2397 3577 2596 3648 Spiritu
2623 3590 2808 3637 sancto
2834 3583 3124 3641 mundante
3151 3586 3402 3655 laetificat,
3421 3589 3486 3645 de
3504 3604 3611 3660 quo
3630 3592 3822 3647 clama-

2227 3659 2318 3723 bat
2347 3669 2549 3737 dicens,
2571 3671 2631 3728 Si
2656 3673 2767 3742 quis
2792 3673 2917 3741 sitit,
2938 3687 3100 3730 vemat
3126 3687 3172 3734 et
3201 3678 3332 3734 bibat
3359 3659 3537 3753 (Joan.
3565 3697 3664 3750 vn,
3700 3686 3819 3755 57):

2227 3778 2334 3846 non
2376 3779 2567 3834 aquam
2605 3765 2865 3822 visibilem
2905 3771 3286 3826 commendans
3310 3788 3429 3844 quae
3457 3774 3609 3830 datur
3638 3777 3699 3832 in
3726 3777 3821 3834 Ba-

2227 3855 2492 3926 ptismatis
2530 3867 2884 3925 sacramento,
2927 3875 3089 3930 quam
3127 3870 3182 3918 et
3219 3863 3344 3919 boui
3378 3875 3433 3921 et
3461 3865 3585 3920 mali
3615 3865 3820 3926 habere

2225 3958 2470 4021 possunt,
2499 3950 2742 4021 quamvis
2762 3952 2878 4008 sine
2903 3953 2991 4007 illa
3016 3953 3140 4010 boni
3165 3956 3295 4011 salvi
3317 3955 3432 4016 fieri
3458 3973 3561 4014 non
3587 3961 3816 4032 possint.

2226 4041 2356 4110 Quae
2381 4043 2623 4112 quamvis
2645 4043 2899 4099 Ecclesia}
2919 4045 3006 4110 sit,
3032 4053 3207 4102 tamen
3230 4047 3388 4104 etiam
3412 4049 3552 4106 foras
3567 4051 3817 4122 proﬂuit,

2227 4145 2346 4186 cum
2378 4141 2430 4186 et
2466 4131 2607 4201 apud
2638 4132 2756 4188 illos
2787 4133 3075 4203 invenitur,
3125 4136 3214 4206 qui
3244 4153 3310 4192 ex
3336 4126 3490 4194 nebis
3525 4140 3780 4196 exierunt
3800 4184 3814 4209 ,

2225 4223 2320 4279 sed
2351 4239 2457 4278 non
2483 4233 2636 4279 erant
2661 4239 2728 4280 ex
2756 4225 2911 4284 nobis
2940 4225 2981 4297 (Ι
3009 4225 3164 4282 Joan.
3193 4245 3250 4295 ιι,
3279 4229 3367 4300 i9)
3394 4248 3407 4288 :
3432 4233 3570 4288 sicut
3597 4247 3742 4304 aqua
3768 4235 3816 4290 in

2226 4316 2402 4390 aliquo
2432 4332 2494 4372 ex
2527 4316 2633 4370 illis
2663 4318 3099 4375 memorabilibus
3124 4331 3352 4392 quatuor
3377 4322 3695 4382 fluminibus
3721 4343 3814 4382 ne-

2221 4395 2338 4480 gari
2372 4424 2478 4466 non
2505 4418 2686 4480 potest
2711 4411 2853 4484 quod
2879 4412 2951 4468 sit
2977 4428 3112 4483 aqua
3138 4415 3404 4485 paradisi,
3430 4420 3686 4488 quamvis
3709 4434 3812 4476 non

2223 4502 2294 4576 sit
2317 4502 2370 4558 in
2397 4503 2512 4558 solo
2535 4503 2805 4576 paradiso.
2832 4520 2952 4574 quae
2978 4506 3136 4562 etiam
3163 4517 3311 4563 extra
3335 4509 3458 4566 inde
3481 4515 3745 4572 manavit.

2294 4582 2521 4653 CAPUT
2561 4595 2900 4652 XlV.—l7.
2943 4596 3060 4653 Non
3097 4613 3225 4670 ergo
3263 4601 3399 4658 hanc
3438 4617 3673 4672 aquam,
3723 4604 3815 4660 sed

2224 4705 2376 4759 aqua:
2403 4689 2618 4744 nomine
2648 4688 2910 4745 invisibile
2935 4689 3029 4744 Dei
3056 4690 3252 4746 donum
3281 4686 3522 4748 sanctum
3551 4694 3811 4766 Spiritum

2225 4780 2664 4846 commendabat,
2705 4779 2922 4856 dicens,
2953 4780 3014 4836 Si
3043 4783 3154 4850 quis
3181 4783 3288 4840 sitit
3307 4821 3322 4850 ,
3356 4784 3520 4838 veniat
3549 4795 3599 4842 et
3627 4787 3766 4846 bibat
3793 4805 3814 4853 ,’

2226 4873 2364 4930 sicut
2401 4872 3041 4944 evidentcrEvangelista
3081 4883 3301 4930 testatur
3336 4875 3655 4948 adjungens,
3701 4878 3811 4938 Hoc

2223 4974 2390 5020 autem
2407 4964 2597 5020 dicebat
2623 4965 2687 5019 de
2712 4963 2910 5036 Spiritu
2933 4982 3077 5038 quem
3097 4968 3354 5037 accepturi
3382 4978 3524 5022 erant
3553 4971 3812 5044 credentes

2225 5058 2277 5113 in
2313 5075 2447 5114 eum.
2489 5058 2714 5130 Spiritus
2754 5075 2888 5114 enim
2916 5059 3140 5114 nondum
3166 5070 3274 5115 erat
3303 5061 3450 5118 datus
3475 5103 3490 5128 ,
3515 5064 3638 5134 quia
3664 5064 3813 5120 Jesus

2227 5151 2452 5204 nondum
2483 5154 2650 5222 fuerat
2683 5151 2989 5220 clariﬁcatus
3029 5150 3204 5221 (Joan.
3231 5167 3326 5218 vn,
3351 5153 3438 5217 '57,
3462 5152 3579 5226 59).
3615 5157 3684 5212 Et
3712 5157 3812 5212 uti-

2226 5256 2330 5320 que
2353 5250 2610 5310 quantum
2640 5242 2705 5297 ad
2733 5242 3137 5299 Sacramentum
3179 5245 3370 5300 attinet
3399 5245 3597 5302 lavacri
3627 5249 3815 5304 visibi-

2225 5334 2291 5392 lis
2313 5374 2327 5399 ,
2363 5344 2645 5405 antequam
2674 5347 2817 5392 esset
2845 5338 3174 5410 resurgendo
3197 5338 3518 5396 clariﬁcatus
3537 5341 3693 5412 ,jam
3726 5342 3817 5396 ba-

2223 5411 2515 5505 ptizaverat
2539 5429 2719 5498 plures
2744 5445 2902 5499 quam
2930 5429 3183 5496 Joannes,
3212 5431 3349 5486 sicut
3374 5431 3550 5502 ipsum
3579 5411 3818 5505 loquitur

2227 5522 2570 5591 Evangelium
2613 5523 2736 5596 (Id.
2774 5541 2854 5589 tv,
2888 5524 2978 5595 1).
3006 5524 3173 5583 Unde.
3195 5526 3324 5582 dicit
3349 5528 3626 5598 discipulis
3660 5531 3811 5584 suis:

2222 5613 2448 5668 Joannes
2464 5615 2663 5684 quidem
2685 5616 2955 5688 baptizavit
2979 5627 3229 5690 aqua,ruos
3252 5629 3418 5675 autem
3432 5621 3818 5694 baptisobimini

2223 5707 2424 5779 Spiritu
2451 5717 2642 5776 sancto,
2672 5727 2818 5780 quem
2844 5719 2889 5764 et
2916 5714 3171 5783 accepturi
3202 5716 3322 5770 estis
3348 5732 3448 5770 non
3477 5727 3592 5785 post
3623 5715 3810 5770 "mltos

2211 5802 2332 5858 ‘dies
2356 5803 2448 5856 nos
2472 5819 2630 5872 usque
2655 5804 2722 5857 ad
2752 5803 3078 5861 Pentecosten
3108 5808 3241 5878 (Act.
3266 5823 3328 5889 τί,
3361 5809 3439 5890 ὅ).
3467 5809 3567 5864 Hic
3593 5815 3814 5890 sanctus

2228 5897 2463 5966 Spiritus
2499 5895 2718 5955 veniens
2741 5897 2796 5955 iu
2820 5913 2914 5956 eos
2933 5939 2950 5968 ,
2981 5900 3084 5958 tale
3109 5887 3315 5974 signum
3341 5887 3587 5973 primitus
3622 5887 3817 5967 dedit,
