3998 6468
205 444 268 499 77
1470 431 1672 494 LIBER
1710 430 2083 496 SECUNDUS.

171 567 227 616 ut
264 554 354 630 qui
386 567 509 611 eum
539 552 881 627 acciperent,
909 551 1103 625 linguis
1133 553 1372 610 omnium
1399 552 1636 625 gentium
1666 551 1748 606 lo-

168 656 458 723 querentur
486 643 622 719 (Act.
646 663 705 716 ιι,
735 646 882 720 1-4);
933 647 1056 718 quia
1083 645 1432 717 portendebat
1457 644 1752 701 Ecclesiam

170 758 260 814 per
298 753 493 798 omnes
527 748 714 813 gentes
754 739 1003 805 futuram,
1033 753 1132 794 nec
1162 753 1480 809 quemquam
1506 744 1754 807 acceptu-

170 849 282 889 rum
321 831 585 905 Spiritum
623 841 885 900 sanetum,
919 831 1019 886 nisi
1049 830 1138 902 qui
1167 829 1284 900 ejus
1310 831 1512 885 unitate
1537 829 1753 901 capula-

169 937 334 985 retur.
367 927 535 999 Hujus
565 927 722 983 fontis
747 927 899 1003 largo
920 936 1077 997 atque
1104 923 1350 980 invisibili
1378 923 1592 978 flumine
1617 922 1755 977 laeti-

171 1019 289 1076 ficat
313 1019 457 1074 Deus
484 1018 753 1074 civitatem
779 1034 948 1086 suam,
977 1017 1044 1072 de
1065 1032 1167 1087 qua
1193 1015 1460 1086 Propheta
1487 1015 1752 1085 praedixit,

171 1112 426 1167 Fluminis
454 1112 667 1182 impetus
697 1112 920 1178 laetiﬁcat
946 1111 1193 1165 civitatem
1217 1108 1312 1162 Dei
1329 1106 1499 1180 (Psal.
1523 1123 1643 1175 XLV,
1674 1107 1753 1177 5).

171 1206 248 1262 Ad
288 1206 431 1260 hunc
467 1205 610 1260 enim
647 1204 848 1260 fontem
879 1205 1053 1259 nullus
1081 1211 1363 1259 extraneus
1386 1245 1400 1269 ,
1434 1202 1553 1274 quia
1582 1202 1756 1257 nullus

171 1298 266 1353 nisi
297 1297 405 1352 vita
433 1305 635 1352 interna
663 1295 852 1367 (lignus
875 1295 1100 1351 accedit.
1133 1295 1230 1352 Hic
1259 1303 1347 1351 est
1377 1293 1620 1365 proprius
1649 1292 1756 1349 Ec-

171 1390 342 1444 clesia:
373 1389 604 1456 Christi,
637 1389 718 1443 cui
751 1398 897 1444 tanto
923 1398 1048 1445 ante
1078 1389 1448 1460 pr0phetatum
1481 1397 1582 1456 est,
1615 1387 1757 1442 Fons

171 1500 307 1554 aqutz
335 1493 438 1537 tute
468 1484 533 1537 sit
563 1483 648 1537 tibi
678 1485 932 1554 proprius,
965 1492 1011 1537 et
1040 1501 1183 1537 nemo
1211 1483 1405 1538 alienus
1428 1481 1758 1537 communicet

171 1578 250 1630 tibi
275 1575 460 1647 (Prov.
497 1592 553 1644 v,
596 1575 705 1650 17).
750 1576 822 1631 De
868 1578 965 1630 hac
1003 1577 1143 1630 enim
1180 1576 1418 1632 Ecclesia
1458 1583 1512 1630 et
1548 1574 1616 1630 de
1655 1574 1758 1628 isto

171 1666 310 1723 fonte
337 1667 534 1722 dicitur
560 1677 614 1723 et
641 1669 690 1722 in
713 1666 933 1723 Cantico
959 1668 1310 1731 canticorum,
1337 1665 1533 1721 Hortus
1554 1666 1758 1721 conclu-

170 1776 267 1824 sus,
303 1763 421 1830 fons
447 1761 693 1830 signatus,
726 1770 903 1832 puteus
928 1777 1072 1830 aquw
1099 1761 1221 1814 vim
1249 1759 1422 1830 (Cant.
1452 1775 1526 1825 tv,
1559 1756 1671 1830 12).

235 1851 463 1908 CAPUT
502 1852 617 1908 XV.
641 1883 712 1894 —-
736 1853 822 1908 18.
865 1851 978 1907 lloc
1015 1851 1179 1908 vestri
1208 1851 1274 1906 de
1313 1850 1534 1906 visibilis
1573 1849 1756 1921 Bapti-

168 1946 352 2002 smatis
383 1955 719 2002 sacramento
747 1946 1086 2016 accipientes,
1109 1951 1312 1999 tantum
1341 1951 1547 2010 errant,
1583 1951 1639 1996 ut
1670 1957 1755 1997 res

171 2041 580 2096 absurdissimas
622 2040 772 2094 fateri
817 2047 1073 2110 cogantur
1114 2037 1261 2093 inviti
1293 2054 1306 2090 :
1336 2035 1478 2106 quod
1511 2036 1577 2090 ad
1607 2035 1756 2090 illum

172 2132 372 2186 scilicet
396 2131 653 2197 fontem‘,
681 2130 770 2202 qui
801 2129 1044 2200 proprius
1075 2137 1158 2184 est
1182 2129 1354 2183 unicae
1383 2127 1663 2195 columbai,
1690 2125 1756 2181 de

172 2241 268 2296 quo
312 2225 515 2280 dictum
557 2234 672 2290 est,
717 2223 884 2280 Nemo
927 2224 1121 2277 alienus
1165 2222 1494 2276 communicet
1533 2221 1660 2286 tibi;
1691 2219 1758 2274 ad

174 2317 380 2373 hortum
410 2318 720 2373 conclusum
756 2327 1078 2386 puteumque
1115 2316 1377 2386 signatum
1407 2313 1640 2386 potuerit
1665 2328 1754 2368 ac-

171 2409 356 2466 cedere
382 2408 568 2464 Simon
596 2407 797 2477 Magus,
825 2423 982 2478 quem
1013 2407 1235 2478 legimus
1259 2422 1289 2460 a
1317 2403 1561 2476 Philippo
1588 2405 1754 2474 bapti-

173 2511 346 2556 zatum
377 2499 514 2571 (Act.
548 2515 658 2564 vm,
695 2499 784 2569 15)
810 2518 824 2566 ;
851 2499 1119 2569 potuerint
1148 2497 1400 2553 accedere
1429 2506 1503 2552 tot
1533 2497 1660 2563 ficti,
1691 2497 1757 2552 de

172 2593 360 2662 quibus
385 2607 608 2662 gemens
646 2590 878 2661 loquitur
907 2590 1222 2662 Cyprianus,
1255 2589 1455 2646 chulo
1486 2589 1646 2643 verbis
1675 2605 1758 2643 so-

173 2682 229 2736 lis
263 2692 312 2736 et
341 2699 443 2736 non
483 2682 629 2752 factis
668 2680 1054 2745 renuntiantes;
1097 2689 1171 2734 tot
1205 2680 1439 2749 episcopi
1471 2679 1656 2744 avari,
1688 2679 1756 2735 de

170 2774 356 2843 quibus
382 2773 521 2828 idem
551 2772 664 2842 ipse
692 2780 937 2840 testatur,
973 2771 1186 2825 Fundos
1213 2771 1467 2826 insidiosis
1494 2770 1758 2842 fraudibus

171 2866 421 2936 rapientes
440 2906 457 2933 ,
481 2865 650 2919 usuris
672 2864 1122 2936 multiplicantibus
1143 2864 1288 2933 [enus
1303 2873 1541 2934 augentes
1559 2862 1752 2935 (Epist.

168 2974 256 3012 seu
283 2957 447 3014 Serm.
475 2957 538 3013 de
566 2956 793 3029 Lapsis).
829 2957 933 3012 ista
973 2956 1167 3028 quippe
1193 2957 1243 3010 in
1274 2956 1551 3026 baptizatis
1577 2966 1625 3011 et
1657 2955 1755 3010 ba-

169 3049 488 3120 ptizantibus
527 3049 720 3106 visibili
761 3048 1034 3119 Baptismo
1070 3049 1407 3119 reperiuntur
1428 3050 1469 3100 ’.
1499 3046 1578 3101 Ad
1609 3047 1756 3102 illum

167 3151 345 3198 tamen
374 3143 571 3197 fontem
603 3141 914 3212 proprium,
946 3141 1030 3201 cui
1060 3156 1219 3196 nemo
1246 3139 1604 3196 communicat
1629 3139 1756 3194 alic-

165 3250 299 3302 nus;
331 3235 398 3290 ad
430 3235 575 3298 illum
610 3233 806 3289 fontem
833 3233 1095 3304 signatum
1115 3276 1130 3301 ,
1159 3234 1262 3289 hoc
1290 3241 1405 3300 est,
1437 3232 1501 3287 ad
1529 3231 1758 3302 Spiritus

164 3327 338 3382 sancti
367 3327 566 3382 donum
589 3368 604 3393 ,
645 3343 750 3396 quo
778 3325 1011 3380 charitas
1039 3325 1136 3381 Dei
1164 3325 1474 3381 diffunditur
1501 3326 1552 3380 in
1580 3324 1757 3380 cordi-

163 3420 266 3476 bus
297 3421 500 3476 nostris
525 3461 540 3486 ,
567 3419 741 3474 nullus
766 3420 988 3474 istorum
1017 3419 1115 3475 nisi
1147 3428 1379 3474 mutatus
1406 3419 1651 3484 accedit,
1684 3419 1755 3473 ita

161 3509 394 3569 omnino
424 3509 772 3580 mandandus,
806 3520 862 3565 ut
887 3527 994 3566 non
1023 3510 1094 3566 sit
1119 3511 1342 3576 alienus,
1373 3510 1466 3564 sed
1499 3512 1567 3565 sit
1589 3511 1754 3566 coale-

164 3605 260 3661 stis
305 3603 577 3674 particeps
621 3603 784 3673 pacis,
827 3611 1026 3658 sancta:
1065 3603 1243 3658 socius
1282 3602 1518 3668 unitatis,
1566 3603 1755 3672 plenus

165 3696 454 3754 individua:
485 3694 775 3763 charitatis,
803 3695 935 3750 civis
960 3695 1212 3766 angelicae
1235 3695 1484 3750 civitatis.
1511 3693 1592 3748 Ad
1619 3693 1756 3748 hanc

170 3787 352 3858 itaque
379 3786 647 3842 civitatem
679 3785 920 3857 quisquis
949 3785 1172 3841 hzeresis
1199 3785 1283 3840 vel
1321 3784 1622 3840 schismatis
1657 3783 1755 3840 de-

166 3879 337 3951 posito
363 3891 575 3946 errore,
595 3877 852 3932 correctis
886 3877 1124 3932 moribus
1148 3919 1162 3946 ,
1199 3876 1283 3948 pia
1325 3885 1500 3931 mente
1529 3892 1754 3931 conver-

169 3970 312 4039 titur,
341 3971 387 4026 si
424 3971 535 4041 jam
575 3968 922 4025 Sacramenta
959 3969 1221 4042 gestabat,
1262 3985 1380 4037 qu:e
1421 3968 1560 4023 foras
1589 3968 1752 4024 etiam

167 4063 231 4120 ad
261 4063 507 4135 indignos
547 4062 809 4133 proﬂuere
837 4072 1163 4133 potuerunt,
1197 4063 1313 4119 htec
1342 4061 1670 4119 honorantur
1701 4064 1753 4118 in

167 4171 249 4222 eo,
291 4157 416 4227 quia
457 4161 510 4211 et
553 4155 607 4210 in
654 4154 840 4210 alienis
870 4171 974 4210 non
1005 4155 1251 4210 videntur
1280 4155 1489 4222 aliena;
1523 4155 1614 4210 sed
1641 4155 1752 4226 jam

169 4248 252 4304 illo
278 4248 499 4320 proprio
523 4247 608 4303 cui
634 4261 792 4302 nemo
819 4249 1176 4304 communicat
1200 4248 1426 4316 alienus,
1457 4248 1546 4302 illo
1575 4248 1752 4317 signa-

169 4347 221 4396 to
259 4340 490 4411 Spiritus
530 4342 698 4394 sancti
738 4339 883 4396 fonte
922 4341 1225 4420 inundatur,
1269 4357 1298 4394 a
1341 4356 1446 4410 quo
1487 4338 1625 4410 apud
1659 4355 1754 4395 vos

167 4433 323 4494 etiam
353 4433 596 4504 quisquis
624 4437 834 4492 caeteris
864 4435 1100 4490 moribus
1124 4432 1405 4489 laudabilis
1431 4431 1608 4497 fuerit,
1637 4431 1752 4487 solo

167 4523 467 4580 schismatis
492 4527 578 4582 vel
605 4528 825 4585 haeresis
849 4529 1070 4583 crimine
1095 4535 1392 4598 separatur.

225 4617 461 4675 CAPUT
487 4618 801 4676 XVl.—l9.
827 4619 955 4675 Cum
975 4634 1102 4690 ergo
1119 4618 1340 4673 veniunt
1358 4616 1424 4672 ad
1447 4631 1542 4672 nos
1566 4609 1751 4686 vestri,

166 4707 481 4767 desistentes
507 4727 626 4768 esse
656 4713 849 4776 vestri,
882 4711 1194 4782 incipientes
1225 4727 1344 4766 esse
1375 4711 1541 4766 nostri
1567 4753 1582 4778 ,
1611 4701 1754 4766 acci-

166 4801 311 4871 piunt
338 4802 484 4874 quod
529 4819 632 4860 non
657 4803 958 4870 habebant,
990 4812 1048 4858 ut
1075 4803 1360 4859 salubriter
1391 4803 1587 4858 habere
1615 4803 1749 4857 inci-

164 4893 300 4962 piant
333 4893 478 4966 quod
510 4904 654 4950 tanto
683 4895 1052 4966 perniciosius,
1079 4904 1276 4964 quanto
1307 4893 1574 4963 indignius
1599 4893 1754 4950 habe-

161 4983 304 5042 bant.
356 4987 642 5057 Accipiunt
687 4989 825 5044 enim
857 4988 1098 5060 primitus
1127 4987 1294 5062 ipsam
1343 4987 1634 5041 Ecclesiam
1655 5028 1671 5054 ,
1702 4996 1755 5043 et

164 5075 212 5132 in
237 5093 301 5134 ea
327 5094 520 5152 pacem
543 5120 560 5148 ,
587 5079 900 5136 charitatem
920 5121 934 5146 ,
971 5079 1255 5144 unitatem,
1285 5092 1382 5147 per
1411 5075 1610 5132 fontem
1637 5077 1753 5147 ejus

163 5171 434 5246 prOprium
475 5179 634 5244 atque
663 5172 979 5227 invisibilem
1023 5169 1274 5242 Spiritum
1317 5179 1590 5237 sanctum,
1636 5169 1752 5225 sine

162 5260 350 5328 quibus
398 5263 580 5340 utique
607 5264 752 5320 nullo
797 5263 1070 5320 dubitante
1097 5261 1470 5341 Iinteriissent,
1500 5262 1752 5334 quidquid

163 5353 300 5410 aliud
330 5357 475 5428 apud
506 5372 603 5412 vos
622 5399 637 5424 ,
664 5356 805 5428 quod
846 5357 912 5414 de
937 5357 1174 5413 Ecclesia
1205 5357 1347 5412 foras
1373 5357 1509 5411 trahi
1542 5357 1746 5428 potuit,

165 5444 478 5504 habuissent
508 5467 520 5502 :
553 5449 787 5505 faciliore
819 5458 993 5504 autem
1025 5450 1176 5505 venia
1207 5449 1350 5519 quod
1381 5449 1614 5504 nondum
1644 5450 1744 5504 ha-

158 5534 386 5596 buerunt
411 5541 713 5612 accipiunt,
740 5556 896 5612 quam
921 5542 966 5597 si
996 5541 1335 5608 habuissent,
1366 5549 1419 5597 et
1448 5550 1622 5597 tamen
1649 5541 1746 5598 de-

219 5695 236 5725 ι
261 5694 380 5744 ιτΔίιὶ
417 5694 497 5744 hic
519 5694 877 5753 addunt,vivum
905 5708 922 5745 :
946 5696 1034 5745 sed
1059 5710 1154 5746 non
1173 5697 1359 5747 habent
1394 5703 1502 5748 uss.
1549 5709 1643 5749 nec
1685 5712 1747 5751 ea

155 5757 418 5822 smpturre
437 5755 560 5822 loca,
585 5757 772 5808 scilicet
795 5760 1018 5809 Proverb.
1047 5771 1154 5822 cap.
1171 5761 1203 5810 5
1226 5767 1278 5809 et
1291 5763 1469 5810 Cautio.
1491 5771 1600 5822 cap.
1626 5759 1671 5822 4,
1694 5763 1746 5812 in

123 5827 135 5899 l
154 5820 824 5899 ΨΞε.¹ἰξῗὲΡῨῗίὲ.ἒξ¹β¹ἐξξΞ“Η³;

215 5881 236 5910 ³
252 5877 456 5952 aliquot
634 5879 715 5952 Isti
736 5881 909 5947 quippe
934 5882 1158 5948 baptismi
1178 5889 1222 5936 et
1260 5882 1551 5948 WW6

155 5938 389 6004 baptismo
411 5942 738 6006 reperiuntur.

1865 555 2180 613 scruissent.
2209 555 2278 615 Et
2304 557 2409 615 hoc
2432 557 2752 620 discernitur
2779 561 2918 637 apud
2946 577 3074 640 nos,
3104 578 3162 627 ut
3182 571 3337 630 aliter
3361 591 3448 632 re-

1862 651 2124 721 cipiantur
2150 654 2240 724 qui
2273 648 2605 712 Catholicam
2633 658 2993 733 reliquerunt,
3038 655 3198 720 aliter
3238 667 3327 736 qui
3375 667 3443 724 ad

1863 743 2006 797 illam
2036 745 2280 814 primitus
2309 750 2542 805 veniunt.
2569 751 2688 807 lllos
2712 753 2852 810 enim
2882 756 3111 826 amplius
3135 767 3320 829 gravat
3346 761 3450 816 cri-

1861 853 1985 893 men
2011 837 2327 897 desertionis
2356 860 2368 896 :
2401 842 2498 900 hos
2525 853 2702 902 autem
2731 861 2832 903 non
2865 865 2894 904 a
2922 865 2979 905 se
2999 850 3328 923 disruptum,
3355 855 3450 912 sed

1862 930 2130 999 cognitum
2156 941 2209 987 et
2231 940 2495 989 retentum
2519 936 2784 993 vinculum
2813 940 3012 997 relevat
3038 944 3271 998 unitatis.
3293 941 3450 1001 Unde

1863 1019 1976 1075 ﬁeri
2009 1030 2180 1092 potest
2207 1034 2263 1078 ut
2281 1040 2414 1095 quos
2435 1026 2680 1084 seductos
2707 1031 3165 1102 rebaptizaverunt
3185 1078 3199 1104 ,
3219 1038 3325 1108 'ipsi
3351 1051 3447 1107 pro

1862 1112 1940 1168 eis
1968 1114 2348 1182 paenitentibus
2381 1117 2660 1174 Dominum
2689 1122 3059 1193 deprecentur,
3109 1126 3150 1180 si
3184 1125 3332 1196 prius
3360 1126 3447 1183 isti

1861 1206 2154 1275 conciliati,
2211 1224 2368 1279 quam
2419 1211 2494 1267 illi
2549 1216 2876 1272 reconciliati
2931 1217 3185 1275 Ecclesiae
3228 1219 3443 1278 fuerint.

1861 1299 2008 1357 Sicut
2038 1304 2151 1359 lieri
2176 1314 2352 1375 potest
2383 1315 2439 1362 ut
2468 1309 2628 1364 etiam
2656 1313 2886 1368 cultores
2911 1309 3171 1374 idolorum
3191 1358 3206 1383 ,
3238 1317 3283 1371 si
3313 1331 3449 1387 quos

1860 1392 1998 1449 forte
2027 1396 2346 1454 christianos
2371 1399 2437 1455 ad
2460 1401 2600 1456 idola
2630 1403 2878 1461 seductos
2907 1415 3175 1475 apostatas
3203 1407 3449 1475 fecerint;

1861 1487 1905 1542 si
1934 1488 2137 1556 priores
2167 1491 2476 1548 seductores
2512 1493 2638 1549 facti
2669 1494 2862 1552 fuerint
2912 1498 3183 1554 christiani
3209 1542 3223 1564 ,
3255 1510 3308 1556 et
3331 1517 3449 1556 ma-

1859 1595 2023 1650 gnum
2043 1582 2255 1652 aliquod
2284 1585 2526 1639 meritum
2545 1586 2593 1640 in
2620 1587 2856 1643 Ecclesia
2881 1590 3173 1653 consecuti,
3193 1606 3287 1660 per
3307 1591 3452 1660 ipsos

1864 1671 1934 1725 illi
1965 1688 2098 1743 quos
2128 1674 2448 1745 dcccperant
2469 1679 2714 1746 redeant,
2738 1695 2830 1749 per
2851 1681 2994 1751 ipsos
3012 1683 3453 1738 commendantur

1862 1772 1917 1819 et
1943 1768 2352 1824 reconcilientur
2379 1771 2602 1828 Domino
2649 1790 2745 1844 per
2772 1791 2908 1845 quos
2934 1775 3248 1831 dimiserant
3267 1773 3455 1832 Domi-

1862 1871 2011 1910 num.
2040 1857 2192 1926 Quod
2240 1861 2382 1916 enim
2413 1863 2551 1919 valet
2575 1864 2642 1919 ad
2674 1867 2976 1923 mundanda
3005 1869 3278 1940 sacrilegia
3303 1869 3452 1926 Gen-

1865 1948 2068 2015 tilium,
2115 1961 2260 2007 reete
2306 1967 2608 2026 perceptum
2656 1970 3042 2016 sacramentum
3073 1961 3450 2032 Baptismatis;

1863 2041 1964 2096 hoc
1992 2043 2128 2100 valet
2153 2046 2219 2099 ad
2266 2047 2567 2104 mundanda
2613 2052 2885 2123 sacrilegia
2915 2052 3374 2110 schismaticorum
3400 2063 3456 2110 et

1863 2132 2264 2206 haereticorum,
2295 2141 2555 2194 veraciter
2584 2141 2917 2212 apprehensa
2957 2145 3188 2200 charitas
3215 2146 3453 2202 unitatis.

1862 2225 2254 2295 Quamobrem,
2287 2232 2421 2285 sicut
2450 2231 2760 2289 seductores
2789 2234 3020 2290 ﬁdelium
3047 2235 3455 2294 Christianorum

1861 2319 2138 2376 venientes
2177 2321 2243 2376 ad
2271 2321 2545 2378 Christum
2591 2326 2826 2381 seductis
2852 2327 3200 2384 redeuntibus
3243 2345 3455 2400 prapo-

1861 2421 2079 2478 nuntur,
2115 2412 2256 2468 unde
2284 2413 2369 2468 isti
2398 2415 2701 2486 etepiscopi
2749 2417 2865 2472 fieri
2912 2429 3172 2489 possunt,
3227 2421 3299 2475 illi
3347 2436 3454 2476 non

1862 2513 2081 2573 possunt
2100 2504 2206 2579 (a):
2234 2507 2302 2562 ita
2329 2508 2510 2563 mirari
2528 2525 2632 2564 non
2649 2509 3063 2584 debentdecepti
3084 2514 3152 2569 ab
3165 2514 3450 2582 haereticis,

1861 2598 2073 2676 quando
2102 2599 2168 2654 ad
2198 2597 2524 2657 Catholicam
2561 2603 2814 2670 redeunt,
2859 2619 2984 2661 suos
3012 2606 3324 2677 deceptores
3353 2607 3454 2663 sibi

1861 2692 2111 2760 anteponi
2139 2693 2352 2762 quando
2379 2694 2444 2749 ad
2475 2693 2805 2752 Catholicam
2835 2699 3073 2754 veniunt.
3104 2700 3195 2755 isti
3225 2716 3454 2771 namque

1861 2787 2222 2842 excusabilius
2261 2798 2450 2858 petunt
2477 2806 2595 2860 quae
2623 2792 2722 2847 sibi
2751 2793 3066 2861 defuerunt;
3095 2796 3170 2850 illi
3199 2795 3452 2851 humilius

1861 2886 2109 2947 repetunt
2158 2882 2300 2950 quod
2342 2882 2590 2938 fuerunt:
2623 2885 2752 2939 istos
2809 2885 3178 2942 honorabilius
3205 2887 3293 2942 ubi
3319 2902 3456 2941 non-

1862 2971 1986 3026 dum
2015 2981 2270 3029 steterant
2296 2975 2655 3044 advocamus;
2686 2977 2806 3034 illos
2832 2980 3131 3049 suspectius
3155 2979 3294 3036 unde
3321 2978 3454 3058 lapsi

1863 3064 2070 3120 fuerant
2094 3082 2425 3123 revocamus.

1931 3159 2019 3215 20.
2065 3160 2297 3216 Proinde
2329 3161 2440 3233 jam
2467 3163 2742 3234 pervides,
2783 3172 2841 3219 ut
2866 3163 3055 3235 opinor
3077 3205 3091 3228 ,
3121 3180 3224 3222 non
3257 3164 3454 3222 frustra

1861 3267 1949 3308 me
1972 3252 2171 3308 dixisse
2201 3252 2609 3324 Donatistarum,
2642 3255 2747 3322 vel,
2779 3265 2836 3311 ut
2861 3266 2914 3311 tu
2955 3258 3158 3326 mavis,
3206 3257 3455 3312 Donatiu-

1861 3359 2061 3411 norum,
2095 3345 2446 3399 Iiwreticorum
2474 3348 2776 3420 sacrilegum
2813 3364 3036 3404 errorem
3062 3348 3245 3417 (Initio
3295 3349 3386 3404 lib.
3421 3349 3449 3406 ί

1861 3445 2035 3488 contra
2063 3433 2282 3490 Litteras
2311 3435 2584 3506 Petiliani,
2610 3457 2664 3493 n.
2697 3439 2784 3512 1),
2814 3441 2860 3495 si
2907 3450 2960 3496 et
2988 3441 3056 3497 ab
3081 3441 3319 3496 Ecclesia
3360 3456 3454 3496 ca-

1863 3525 2057 3582 tholica
2083 3527 2381 3583 dissentitis
2400 3571 2414 3596 ,
2445 3538 2500 3585 et
2525 3545 2645 3602 quae
2675 3547 2781 3588 una
2813 3542 2972 3603 atque
2998 3533 3183 3588 eadem
3216 3531 3455 3588 fatemini

1859 3616 2205 3673 Sacramenta
2232 3620 2541 3676 rescinditis
2570 3640 2582 3675 :
2613 3638 2710 3678 nec
2740 3632 2914 3678 tamen
2942 3624 3057 3679 sine
3083 3624 3233 3679 venia
3260 3625 3343 3680 vel
3374 3624 3456 3678 in-

1859 3712 2126 3768 sanabiles
2169 3714 2298 3768 estis
2338 3714 2721 3771 misericordite
2783 3717 2908 3783 Dei;
2964 3719 3084 3788 quia
3125 3718 3454 3774 discordioso

1860 3817 2045 3858 errore
2071 3803 2348 3874 deposito,
2389 3804 2456 3859 ad
2482 3805 2799 3862 catholicam
2849 3809 3124 3862 veritatem
3163 3824 3454 3879 pacemque

1859 3895 2123 3960 conversi,
2147 3909 2243 3963 per
2263 3894 2458 3950 donum
2483 3895 2598 3966 ejus
2633 3898 2928 3968 proprium,
2959 3899 3058 3953 hoc
3085 3907 3184 3966 est,
3210 3908 3455 3955 sanctum

1859 3986 1977 4056 ejus
2006 3986 2290 4056 Spiritum,
2319 4003 2416 4060 per
2444 4003 2601 4058 quem
2641 3981 2953 4044 diffunditur
2981 3989 3212 4045 charitas
3255 3991 3307 4044 in
3335 4006 3455 4046 cor-

1858 4077 2015 4133 dibus
2045 4078 2275 4146 nostris,
2309 4079 2550 4134 mundari
2595 4081 2877 4152 sanarique
2913 4082 3155 4154 poteritis
3185 4100 3198 4136 :
3244 4097 3350 4138 non
3397 4092 3455 4141 ut

1859 4169 2204 4224 destruantur
2227 4169 2278 4224 in
2306 4170 2456 4226 vobis
2479 4171 2733 4227 Ecclesiae
2749 4172 3092 4228 Sacramenta
3111 4216 3124 4240 ,
3143 4191 3260 4245 quae
3282 4174 3453 4230 aliena

1860 4264 2162 4337 perniciose
2191 4267 2319 4323 foris
2359 4266 2666 4336 habebatis,
2695 4269 2790 4328 sed
2821 4278 2880 4326 ut
2928 4285 2991 4326 ea
3037 4272 3147 4344 ipsa
3177 4272 3318 4326 intus
3343 4270 3454 4342 jam

1859 4367 2034 4412 vestra
2071 4357 2356 4414 salubriter
2385 4359 2647 4417 habeatis.

1930 4447 2154 4516 CAPUT
2185 4449 2511 4506 XVll.—2l.
2536 4451 2685 4508 Nunc
2706 4452 2980 4508 videamus
3001 4442 3450 4524 quemadmodum

1858 4544 2145 4612 ostendas,
2184 4553 2331 4600 recte
2367 4543 2567 4601 dixisse
2611 4546 2929 4610 Petilianum
2955 4589 2970 4612 ,
3028 4547 3109 4601 vel
3161 4545 3455 4616 quemlibet

1859 4637 2019 4704 alium
2039 4679 2055 4706 ,
2085 4637 2404 4693 Conscientia
2428 4648 2598 4692 sancte
2619 4638 2786 4696 dantis
2820 4639 3116 4707 attenditur,
3141 4655 3255 4712 qua:
3282 4639 3454 4694 abluat

1859 4729 2173 4798 accipientis.
2213 4728 2310 4784 Ubi
2339 4745 2441 4799 ego
2470 4729 2578 4783 dixi
2613 4747 2625 4784 :
2663 4729 2801 4796 Quid
2824 4773 2840 4798 ,
2874 4732 2918 4786 si
2953 4733 3106 4788 lateat
3132 4725 3300 4787 dantis
3329 4749 3452 4786 con-

1857 4821 2070 4876 scientia
2091 4861 2107 4886 ,
2141 4829 2190 4874 et
2221 4823 2437 4892 fortasse
2462 4821 2721 4876 maculosa
2746 4823 2854 4878 sit?
2877 4825 3128 4894 quomodo
3155 4826 3337 4897 poterit
3362 4841 3451 4877 ac-

1857 4913 2086 4984 cipientis
2110 4913 2315 4970 abluere
2355 4913 2710 4968 conscientiam
2752 4913 2914 4987 (Ibid.
2939 4933 2992 4972 ιι.
3015 4915 3073 4984 2)
3096 4915 3119 4972 ‘2
3141 4917 3220 4971 Tu
3243 4924 3449 4979 contra,

1857 5020 1968 5064 non
1984 5005 2108 5076 quid
2129 5021 2160 5060 a
2181 5015 2234 5062 te
2259 5005 2478 5062 homine
2497 5016 2674 5074 acuto,
2694 5008 2790 5064 sed
2809 5009 2935 5080 quid
2953 5024 2982 5064 a
3006 5010 3194 5065 vestris
3219 4999 3444 5074 dicatur,

1857 5095 1948 5151 diu
1969 5097 2176 5156 locutus
2185 5111 2270 5164 es,
2287 5096 2428 5167 quod
2453 5105 2620 5154 totum
2633 5099 2868 5156 breviter
2885 5100 2954 5154 ita
2968 5099 3072 5156 dici
3091 5106 3267 5172 potest
3291 5116 3302 5150 :
3319 5096 3452 5150 Con-

1855 5189 2064 5248 scientia
2085 5189 2249 5243 dantis
2273 5191 2548 5246 attenditur
2570 5232 2587 5260 ,
2615 5208 2715 5250 non
2740 5194 3011 5254 secundant
3040 5194 3148 5264 ejus
3189 5191 3451 5254 sincerita-

1853 5291 2102 5351 νυμφίαν
2122 5282 2177 5335 in
2198 5280 2291 5336 illa
2319 5281 2478 5338 uideri
2505 5300 2605 5339 non
2632 5293 2824 5356 potest,
2843 5284 2938 5339 sed
2961 5284 3234 5342 secundum
3258 5287 3450 5354 famam

1853 5391 1967 5442 qua
2005 5375 2066 5428 de
2093 5375 2184 5430 illa
2216 5392 2304 5431 seu
2328 5391 2446 5432 vera
2467 5394 2556 5434 seu
2583 5378 2720 5448 falsa
2745 5388 2817 5434 est
2849 5394 2869 5432 :
2897 5377 3018 5448 quia
3059 5376 3306 5434 videlicet
3331 5377 3448 5446 ejus

1853 5475 1939 5522 est
1967 5466 2235 5534 hominis,
2276 5470 2368 5538 qui
2406 5470 2505 5526 etsi
2534 5472 2824 5526 sceleratus
2863 5469 3104 5530 occultus
3132 5469 3229 5535 sit,
3257 5468 3448 5524 sufficit

1853 5559 2136 5630 accipienti
2161 5560 2307 5631 quod
2337 5562 2491 5618 bona:
2525 5563 2595 5618 sit
2619 5561 3027 5624 existimationis
3050 5604 3063 5625 .
3093 5563 3327 5622 nondum
3358 5577 3448 5618 co-

1849 5651 2061 5721 ﬁnitus,
2096 5652 2332 5714 nondum
2356 5652 2659 5722 judicatus,
2704 5653 2937 5708 nondum
2979 5653 3046 5710 ab
3075 5655 3309 5715 Ecclesia
3360 5669 3449 5710 se-

1854 5753 2091 5813 paratus.
2118 5743 2282 5809 Vide,
2307 5733 2530 5799 obsecro
2557 5755 2638 5810 te,
2671 5745 2724 5800 in
2753 5746 2892 5817 quod
2923 5749 3271 5820 prmcipititlm
3299 5763 3447 5804 com-

1845 5838 2046 5908 pulerit
2068 5837 2313 5893 homines
2333 5839 2576 5908 angustia
2605 5851 2711 5895 non
2741 5842 3047 5910 iuseum
3063 5857 3176 5922 qua
3211 5842 3444 5910 exirem.

1915 5951 1991 6016 (a)
2001 5949 2120 6002 vide
2134 5948 2390 6014 Ep'utolam
2409 5948 2520 6014 245,
2537 5957 2654 6002 tom.
2680 5949 2729 6002 2.
