3998 6466
517 408 625 469 ιη

518 530 667 587 Itane
689 522 864 580 dantis
889 516 1157 578 maculosa
1177 510 1504 571 conscientia
1525 507 1901 565 conscientiam
1922 511 2101 577 potest

516 617 825 690 accipientis
850 613 1067 670 abluere
1088 652 1105 678 ,
1134 608 1178 664 si
1204 605 1397 662 habeat
1424 604 1618 659 famam
1647 601 1841 656 bonam
1861 640 1876 666 ,
1905 608 1959 654 et
1984 605 2102 651 tan-

515 720 630 768 tum
656 709 721 764 ad
750 704 1070 764 abluendum
1095 699 1292 773 poterit
1333 705 1589 769 quantum
1618 695 1755 750 bona
1775 734 1791 761 ,
1839 691 1884 746 si
1907 690 2100 746 bonam

515 804 713 860 famam
739 797 968 854 fallendo
989 791 1355 851 contraxerit?
1381 789 1624 846 Attendis
1652 785 1776 858 quid
1794 785 2020 850 dicatur,
2048 789 2104 837 et

516 898 598 953 vis
617 897 726 967 jam
754 900 1132 965 praetereamus
1158 887 1298 942 hunc
1319 886 1492 940 locum
1512 925 1526 948 ,
1548 897 1615 937 an
1642 880 1743 936 hoc
1770 878 1908 933 idem
1931 875 2102 931 adhuc

515 955 771 1052 versabo,
794 992 852 1039 ut
893 980 1195 1051 diligentius
1218 976 1425 1047 cogaris
1472 968 1787 1028 attendere?
1812 955 2102 1027 Petilianus

516 1078 648 1135 dixit
679 1094 693 1131 ε
722 1073 1036 1130 Conscientia
1073 1079 1243 1125 sancte
1270 1067 1441 1121 dantis
1467 1062 1759 1127 attenditur,
1791 1075 1904 1131 qua:
1932 1057 2104 1113 abluat

510 1168 825 1241 accipientis.
854 1166 968 1237 Ego
993 1164 1100 1220 dixi
1137 1182 1149 1218 τ
1182 1161 1316 1230 Quid
1337 1203 1352 1228 ,
1379 1160 1423 1215 si
1454 1158 1605 1212 lateat
1636 1154 1807 1209 dantis
1843 1153 2106 1207 conscien-

517 1264 589 1319 tia
608 1303 624 1329 ,
656 1269 704 1315 et
730 1265 945 1332 fortasse
963 1256 1222 1310 maculosa
1242 1252 1305 1307 sit
1328 1252 1353 1305 ?
1376 1248 1628 1322 quomodo
1648 1246 1827 1318 poterit
1847 1243 2103 1313 accipien-

519 1356 585 1411 tis
612 1354 814 1408 abluerc
849 1345 1247 1405 conscientiam?
1277 1343 1355 1398 Tu
1375 1385 1390 1409 ,
1422 1341 1509 1395 vel
1550 1339 1725 1411 potius
1752 1335 1912 1391 vestri
1955 1334 2105 1388 dixe-

516 1457 661 1515 runt,
692 1448 840 1517 (nam
867 1452 923 1499 tu
946 1444 1028 1497 vir
1057 1440 1174 1496 talis
1202 1434 1417 1508 quando
1440 1435 1543 1489 ista
1568 1429 1840 1499 dixisses?)
1866 1426 2105 1493 Quamvis

518 1540 699 1595 habeat
745 1535 1104 1593 conscientiam
1149 1531 1494 1593 maculosam;
1540 1525 1665 1578 mihi
1704 1534 1900 1587 tamen,
1933 1520 2018 1591 qui
2043 1517 2106 1572 ab

518 1648 577 1687 eo
603 1631 851 1701 baptizor,
878 1628 999 1699 quia
1031 1627 1150 1682 latet
1178 1633 1224 1680 et
1252 1622 1417 1679 nescio
1439 1662 1452 1685 ,
1482 1619 1658 1689 sufﬁcit
1681 1616 1816 1688 quod
1839 1614 1900 1669 ab
1931 1630 1990 1668 eo
2014 1629 2106 1668 ac-

516 1725 681 1796 cipio,
709 1723 852 1793 cujus
875 1722 1187 1774 innocentem
1204 1759 1219 1783 ,
1251 1715 1370 1785 quia
1393 1713 1445 1766 in
1467 1709 1695 1764 Ecclesia
1722 1715 1822 1774 est,
1853 1705 2105 1761 conscien-

521 1816 645 1871 tiam
674 1824 816 1886 puto.
848 1811 987 1866 Nam
1016 1810 1127 1863 ideo
1146 1849 1161 1873 ,
1213 1804 1417 1875 inquis,
1448 1799 1803 1857 conscientiam
1832 1797 1999 1850 dantis
2024 1804 2106 1848 at-

517 1904 701 1970 tendo,
730 1921 831 1958 non
856 1911 940 1968 ut,
968 1899 1104 1969 quod
1132 1896 1244 1967 ficri
1286 1912 1388 1948 non
1416 1898 1610 1964 potest,
1640 1889 1704 1943 de
1732 1886 1996 1942 latentibus
2011 1886 2107 1956 ju-

515 1998 677 2052 dicent
694 2039 710 2065 ,
738 1996 825 2052 sed
851 2004 904 2048 ut
932 1994 975 2049 si
998 1991 1120 2063 quid
1136 1990 1199 2044 de
1216 1988 1305 2043 illo
1326 1988 1379 2041 in
1407 1985 1607 2056 publica
1643 1980 1951 2036 conscientia
1975 1988 2047 2033 est
2065 1979 2104 2044 ί,

515 2107 619 2146 non
664 2091 908 2160 ignorem.
944 2085 1162 2157 PrOpter
1206 2082 1299 2136 hoc
1341 2079 1474 2133 enim
1521 2075 1583 2129 ab
1629 2074 1968 2142 omnipotente
2000 2069 2109 2124 Deo

522 2159 709 2235 dictum
732 2187 834 2244 est,
868 2176 1025 2242 «Quae
1053 2182 1172 2228 nota
1198 2178 1334 2237 sunt,
1354 2160 1487 2223 vobis
1510 2183 1527 2231 ;
1551 2180 1664 2236 φ.ιαῖ
1692 2162 1909 2228 occulta,
1937 2159 2060 2214 mihi
2082 2177 2103 2213 ι

527 2270 700 2344 (Deut.
732 2284 864 2324 χχιχ
885 2308 900 2335 ,
927 2265 1044 2336 29).
1103 2263 1320 2333 Semper
1346 2258 1500 2330 igitur
1524 2254 1729 2310 attendo
1753 2253 2110 2308 conscientiam

514 2365 716 2429 dantis;
736 2370 783 2416 et
810 2360 928 2432 quia
951 2359 1115 2430 ipsam
1139 2371 1240 2409 non
1278 2352 1421 2406 uideo
1439 2390 1454 2418 ,
1482 2348 1605 2420 quid
1633 2348 1696 2402 de
1718 2363 1777 2401 ea
1814 2346 1867 2399 in
1911 2345 2110 2414 publico

514 2468 688 2514 notum
709 2465 816 2521 est,
842 2470 1033 2525 quaero.
1063 2449 1174 2506 Nec
1199 2446 1268 2502 ad
1305 2462 1412 2500 rem
1436 2443 1682 2514 pertinet,
1726 2440 1771 2495 si
1798 2439 1944 2493 aliud
1967 2439 2032 2493 sit
2055 2438 2110 2492 in

511 2560 703 2607 secreta
724 2546 1027 2604 conscientia
1047 2586 1062 2614 ,
1090 2540 1236 2597 aliud
1264 2540 1318 2594 in
1349 2537 1551 2610 publica
1574 2539 1732 2607 fama.
1759 2532 1958 2602 Sufﬁcit
1977 2531 2112 2585 enim

512 2644 665 2698 scisse
685 2641 803 2713 quia
831 2638 1045 2695 necdum
1070 2635 1181 2707 ejus
1204 2649 1236 2687 a
1258 2645 1358 2702 quo
1377 2627 1570 2699 accipio
1591 2627 1833 2679 damnata
1852 2621 2111 2677 conscien-

513 2733 584 2787 tia
606 2741 697 2786 est.

583 2823 810 2880 CAPUT
832 2819 1013 2878 XVIII.
1030 2817 1203 2872 -—29.
1220 2814 1486 2884 Ecceipsa
1504 2809 1669 2867 verba
1689 2817 1779 2865 tua
1794 2808 1970 2880 posui,
1989 2807 2110 2878 qui-

515 2918 614 2975 bus
641 2924 694 2971 te
720 2915 900 2971 dicere
925 2911 1267 2969 ostenderem
1287 2950 1304 2976 ,
1336 2904 1478 2978 quod
1504 2904 1638 2959 meis
1662 2901 1845 2958 verbis
1879 2900 2113 2956 breviter

517 3014 809 3079 aperteque
857 3002 1166 3073 complexus
1211 3013 1362 3066 sum,
1394 2995 1535 3067 quod
1577 2992 1646 3049 ad
1674 2992 1778 3048 hoc
1804 2991 2112 3047 attendatur

517 3097 785 3155 abluentis
807 3094 1129 3152 conscientia
1150 3133 1166 3160 ,
1192 3099 1253 3147 ut
1299 3103 1418 3161 quae
1445 3087 1515 3144 de
1540 3087 1627 3142 illa
1655 3085 1796 3141 fama
1821 3084 1892 3139 sit
1915 3097 2114 3155 cogno-

518 3199 720 3249 scatur.
768 3188 885 3245 Non
931 3201 1057 3259 ergo
1095 3185 1210 3257 ipsa
1253 3179 1563 3246 attenditur,
1605 3176 1770 3233 homo
1807 3175 1980 3241 bone,
2005 3189 2112 3230 non

522 3283 638 3354 ipsa
665 3280 956 3336 attenditur
979 3291 1098 3348 quae
1136 3273 1306 3330 videri
1338 3287 1447 3328 non
1492 3276 1667 3341 potest
1693 3285 1706 3320 :
1737 3265 1831 3323 sed
1865 3266 2006 3320 fama
2034 3274 2115 3320 at-

520 3371 780 3438 tenditur,
813 3384 933 3439 quae
961 3367 1122 3423 etiam
1151 3365 1285 3420 falsa
1309 3377 1429 3418 esse
1461 3368 1657 3432 potest,
1673 3357 1815 3428 quod
1842 3357 1957 3427 ipse
1985 3370 2115 3411 con-

522 3463 691 3520 ﬁteris
733 3469 893 3532 atque
933 3456 1204 3515 concedis.
1235 3453 1369 3509 Nam
1395 3461 1451 3507 et
1475 3458 1533 3506 tu
1558 3448 1740 3504 vidisti
1785 3446 2115 3503 maculosam

527 3555 909 3614 conscientiam
954 3566 1062 3608 non
1104 3550 1287 3605 valere
1315 3546 1382 3602 ad
1424 3542 1770 3599 abluendum.
1821 3539 1938 3595 Non
1985 3552 2116 3609 ergo

522 3649 847 3708 conscientia
877 3654 1060 3703 sancte
1088 3642 1262 3698 dantis
1289 3636 1616 3701 attenditur,
1645 3648 1765 3704 qua:
1817 3631 1997 3687 abluat
2020 3644 2114 3685 ac-

522 3741 806 3813 cipientis;
843 3737 937 3794 sed
975 3735 1111 3791 fama
1140 3748 1244 3805 qua
1288 3737 1503 3801 putatur
1528 3731 1713 3782 sancte
1741 3722 1903 3788 dare,
1954 3720 2117 3775 etiam

524 3837 617 3909 qui
645 3842 830 3891 sancte
852 3848 960 3888 non
987 3830 1107 3896 dat,
1132 3836 1188 3884 et
1210 3834 1430 3900 putatur
1448 3821 1664 3877 abluere
1683 3817 1776 3890 qui
1801 3831 1907 3872 non
1929 3813 2114 3869 abluit.

524 3906 709 3984 Abluit
749 3940 877 3997 ergo
923 3922 1273 3993 accipientem
1314 3914 1442 3971 mali
1485 3911 1718 3967 hominis
1758 3909 1896 3961 fama
1943 3906 2114 3973 bona,

526 4037 635 4079 non
659 4019 824 4090 ipsius
844 4016 1017 4074 dantis
1044 4013 1247 4085 polluta
1271 4005 1617 4065 conscientia.
1643 4002 1752 4058 Cur
1769 4015 1898 4071 ergo
1918 3998 2119 4054 dictum

527 4120 641 4176 est,
686 4089 1004 4165 Conscientia
1031 4111 1203 4159 sancte
1238 4098 1408 4153 dantis
1453 4094 1748 4160 attenditur,
1794 4106 1907 4162 qua
1947 4089 2121 4144 abluat

529 4201 818 4272 accipientis
848 4216 867 4254 :
894 4197 995 4253 nisi
1040 4195 1162 4267 quia
1208 4206 1316 4247 non
1342 4187 1512 4244 abluit
1533 4183 1875 4256 accipientis,
1921 4182 1968 4238 si
2013 4195 2121 4235 non

529 4302 613 4350 est
630 4271 955 4347 conscientia
974 4294 1158 4343 sancte
1177 4281 1394 4340 dantis?
1412 4280 1468 4337 Si
1490 4278 1756 4335 maculosa
1777 4283 1831 4331 et
1849 4271 2122 4329 immunda

530 4391 647 4451 est,
691 4378 816 4452 quid
845 4393 971 4450 ergo
999 4385 1125 4432 tunc
1160 4372 1487 4429 attenditur?
1511 4370 1658 4441 Ipsa,
1690 4368 1899 4438 inquis,
1944 4371 2121 4420 alten-

532 4477 695 4540 ditnr,
724 4486 844 4527 cum
872 4468 1013 4525 fama
1042 4467 1160 4539 ejus
1186 4463 1508 4529 attenditur;
1536 4470 1590 4516 ει
1609 4460 1654 4515 si
1681 4459 1821 4514 bona
1849 4463 1933 4512 est
1958 4455 2121 4523 fama,

534 4567 664 4623 nihil
694 4567 917 4618 interest
942 4558 1008 4615 ad
1038 4556 1361 4615 abluendum
1388 4552 1769 4624 accipientem,
1803 4548 1963 4605 etiam
1998 4560 2123 4602 cum

532 4667 616 4714 est
644 4656 780 4711 mala
809 4651 1137 4712 conscientia
1157 4691 1174 4717 ,
1201 4648 1295 4711 sed
1316 4645 1483 4701 abluit
1502 4644 1639 4699 bona
1660 4641 1777 4712 ejus
1800 4639 1959 4695 fama.
1994 4637 2120 4707 Dic,

533 4763 663 4819 rogo
682 4756 751 4811 te,
778 4760 897 4800 cum
925 4742 1061 4798 mala
1083 4738 1406 4797 conscientia
1425 4748 1508 4791 est
1527 4777 1543 4802 ,
1564 4747 1690 4789 vera
1716 4740 1800 4787 est
1823 4731 1961 4786 bona
1984 4728 2123 4784 fama

533 4842 649 4913 ejus
669 4856 736 4895 an
767 4839 896 4894 falsa
915 4836 942 4890 ?
966 4834 1149 4908 procul
1172 4831 1335 4888 dubio
1361 4830 1542 4900 utique
1562 4825 1717 4881 falsa.
1739 4821 1970 4879 Proinde
2000 4833 2125 4875 cum

535 4935 673 4991 bona
705 4948 809 4989 non
835 4938 918 4988 est
938 4971 951 4996 ,
980 4937 1036 4985 et
1058 4927 1265 4983 occulta
1290 4931 1373 4978 est
1398 4919 1573 4976 dantis
1599 4913 1931 4973 conscientia
1949 4954 1965 4980 ,
1994 4924 2131 4982 quo-

533 5025 825 5082 modoiibet
888 5036 1008 5079 eam
1063 5018 1157 5074 tibi
1204 5013 1435 5071 videaris
1477 5009 1788 5073 attendere,
1833 5003 2126 5062 secundum

537 5120 676 5174 hanc
699 5114 1019 5171 sententiam
1040 5152 1055 5177 ,
1079 5124 1185 5164 non
1211 5106 1383 5162 abluit
1407 5103 1754 5173 accipientem
1780 5115 1795 5165 ;
1825 5097 1926 5153 nisi
1952 5095 2130 5152 dantis

537 5219 630 5265 aut
698 5207 839 5264 fama
896 5203 1061 5267 falsa,
1127 5208 1217 5255 aut
1258 5198 1459 5270 polluta
1520 5190 1866 5250 conscientia.
1908 5189 2129 5245 Utrum-

541 5316 644 5371 que
666 5299 911 5355 insanum
939 5304 1023 5352 est
1054 5312 1067 5349 :
1095 5293 1142 5348 si
1167 5301 1221 5347 te
1261 5290 1386 5345 talia
1415 5287 1715 5351 delectant,
1759 5292 1815 5339 tu
1839 5282 1974 5353 elige
2001 5278 2129 5351 quid

541 5395 612 5451 sit
637 5393 898 5448 insanius.
929 5389 1099 5444 Porro
1140 5384 1262 5456 quia
1293 5381 1490 5437 veritas
1514 5394 1620 5434 non
1650 5374 1883 5432 admittit
1907 5381 1965 5428 ut
1991 5371 2131 5427 acci-

544 5486 741 5560 pientis
761 5481 1143 5539 conscientiam
1169 5476 1251 5532 vel
1279 5474 1410 5530 falsa
1436 5471 1573 5527 fama
1603 5468 1778 5525 dantis
1803 5467 2012 5531 abluat,
2044 5461 2131 5517 vel

546 5558 748 5650 polluta
766 5572 1090 5630 conscientia
1109 5587 1125 5634 ;
1148 5574 1315 5625 restat
1330 5574 1388 5621 ut
1406 5564 1502 5621 abs
1520 5574 1572 5618 te
1588 5562 1747 5619 etiam
1762 5558 2096 5629 requiramus
2110 5595 2130 5623 ,

551 5645 695 5741 quod
719 5676 773 5723 et
796 5665 868 5722 ibi
896 5663 1235 5737 quaesivimus
1261 5656 1564 5733 (quoniam.
1579 5654 1718 5710 sicut
1743 5649 1873 5707 dicit
1916 5645 2133 5704 Petilia—

549 5838 1078 5979 f“:ml'tthnti‘:iitpublica
1100 5829 2137 5892 mpetconscisntiaest.tttlls.carent,

1259 393 1533 455 CONTRA
1572 387 2005 450 CRESCONIUM
2046 385 2496 456 DONATISTAM,
2526 385 2596 443 'S.
2636 382 3004 444 AUGUSTINI

3682 387 3796 448 ιω

2207 517 2308 558 nns
2346 501 2430 559 vel
2457 500 2681 574 quilibet
2720 500 2857 557 alius
2875 541 2892 570 ,
2934 498 3390 561 consentientibus
3431 502 3616 576 vobis,
3661 522 3793 568 cum

2205 602 2389 650 sancte
2425 593 2599 650 dantis
2644 593 2969 650 conscientia
2998 603 3115 662 est,
3160 594 3213 650 id
3259 604 3506 663 est,cum
3546 598 3687 656 bona
3737 610 3798 660 et

2205 684 2402 739 munda
2446 684 2768 741 conscientia
2796 692 2913 750 est,
2958 684 3125 740 abluit
3160 686 3468 757 accipientis
3512 692 3801 749 conscien-

2206 778 2392 848 tiam),
2422 776 2563 833 unde
2586 778 2830 833 abluatur
2853 777 3118 847 accipiens
3142 819 3156 844 ,
3202 780 3414 850 quando
3437 779 3570 838 latet
3615 784 3799 842 dantis

2208 869 2479 923 maculosa
2507 868 2848 923 conscientia.
2872 868 3006 924 Puto
3027 869 3166 925 enim
3192 868 3302 941 jam
3328 887 3433 927 non
3461 882 3515 928 te
3537 877 3798 945 repetitu-

2207 975 2328 1014 rum
2352 968 2513 1029 atque
2541 959 2803 1014 dicturum
2823 1000 2840 1025 ,
2859 960 3001 1031 quod
3020 961 3305 1031 impleatin
3330 962 3593 1020 abluendo
3616 967 3798 1024 vicem

2208 1051 2552 1108 conscientiae
2577 1052 2731 1107 bonae
2756 1051 2896 1107 fama
2921 1053 3036 1124 ejus
3061 1053 3191 1108 falsa
3218 1054 3356 1110 bona
3390 1074 3403 1111 :
3429 1057 3624 1113 sufficit
3647 1060 3798 1130 quod

2208 1142 2312 1199 hoc
2355 1152 2593 1210 vestros,
2642 1158 2747 1199 non
2776 1151 2864 1210 te,
2914 1143 3094 1200 dicere
3137 1146 3431 1201 asseruisti.
3477 1146 3695 1205 Illorum
3746 1160 3800 1208 te

2209 1236 2436 1307 pudeat,
2487 1251 2593 1292 non
2622 1237 2782 1292 etiam
2812 1237 2908 1292 tui.
2939 1237 3124 1293 Restat
3149 1255 3276 1310 ergo
3303 1248 3359 1294 ut
3385 1250 3509 1295 tunc
3539 1242 3623 1297 vel
3655 1243 3801 1300 Deus

2208 1330 2290 1384 vel
2334 1332 2610 1401 quisquam
2638 1340 2851 1387 sanctus
2877 1332 3094 1403 angelus
3118 1331 3315 1387 abluat.
3348 1332 3501 1401 Quod
3525 1336 3571 1390 si
3600 1335 3805 1392 dixeri-

2210 1423 2310 1490 tis,
2357 1422 2445 1477 illa
2482 1423 2749 1479 horrenda
2791 1431 3147 1494 consequetur
3175 1423 3510 1493 absurditas,
3538 1442 3699 1497 quam
3749 1428 3805 1483 in

2209 1513 2298 1568 illa
2324 1515 2546 1582 epistola
2573 1531 2691 1571 mea
2719 1525 3188 1570 commemoratam
3219 1513 3355 1589 (Lib.
3384 1518 3409 1571 l
3439 1528 3618 1571 contra
3642 1517 3805 1572 Litte-

2208 1622 2294 1659 ras
2338 1604 2601 1673 Petiliani,
2647 1625 2699 1661 η.
2731 1606 2821 1677 7),
2856 1621 2961 1661 nun
2994 1606 3115 1661 dico
3145 1606 3328 1663 videre
3378 1608 3629 1671 noluisti,
3673 1609 3806 1678 quia

2209 1712 2429 1767 prorsus
2457 1712 2562 1751 non
2590 1698 2808 1769 attigisti
2833 1715 2848 1762 ;
2889 1698 2983 1752 sed
3029 1707 3178 1752 tanto
3207 1701 3463 1753 attentius
3490 1700 3807 1771 acutiusque

2209 1788 2422 1856 vidisti,
2454 1798 2653 1860 quanto
2684 1790 2850 1860 magis
2874 1791 3136 1860 attingere
3165 1791 3404 1845 timuisti.
3435 1791 3491 1847 Si
3530 1793 3673 1847 enim
3701 1793 3808 1851 hoc

2210 1879 2416 1941 dicitis,
2448 1881 2588 1951 quod
2614 1897 2735 1935 cum
2766 1892 2981 1937 sanctus
3006 1881 3166 1936 homo
3191 1881 3420 1951 baptizat
3442 1923 3457 1949 ,
3481 1892 3669 1939 sancta
3688 1884 3804 1954 ejus

2210 1972 2537 2028 conscientia
2563 1973 2716 2028 diluit
2739 1975 3050 2044 accipientis
3074 1974 3492 2041 conscientiam,
3526 1990 3651 2030 cum
3675 1991 3805 2032 vero

2211 2065 2539 2122 conscientia
2584 2066 2759 2122 dantis
2804 2067 3030 2122 latenter
3057 2067 3329 2122 immunda
3359 2074 3475 2133 est,
3509 2078 3640 2125 tunc
3668 2070 3807 2128 Deus

2212 2157 2499 2226 angelusvc
2526 2157 2694 2211 abluit
2727 2175 2741 2211 :
2769 2168 2952 2213 cavete
2983 2173 3051 2213 ne
3076 2158 3167 2227 qui
3195 2158 3345 2212 vobis
3369 2158 3483 2213 haec
3505 2159 3807 2216 dicentibus

2212 2248 2470 2313 erodunt,
2494 2249 2735 2304 occultos
2764 2250 2933 2304 malos
2958 2257 3143 2319 optent
3169 2249 3409 2304 Invenire
3430 2265 3461 2304 a
3492 2251 3694 2321 quibus
3717 2251 3809 2305 ba-

2213 2339 2500 2410 ptizentur,
2545 2347 2603 2394 ut
2645 2340 2814 2395 multo
2853 2339 3088 2395 sanctius
3112 2339 3180 2395 ab
3226 2340 3342 2409 ipso
3367 2341 3476 2396 Deo
3502 2343 3587 2397 vel
3621 2343 3809 2414 angelo

2212 2429 2330 2499 ejus
2373 2430 2675 2485 abluantur.
2722 2429 2872 2485 Hanc
2902 2430 3282 2486 absurditatem
3329 2430 3412 2485 vel
3459 2432 3808 2489 deridendam

2212 2521 2297 2577 vel
2326 2520 2692 2577 detestandam
2717 2536 2838 2577 cum
2860 2522 3038 2579 verbis
3063 2524 3081 2555 ¹
3105 2522 3532 2593 praecedentibus
3566 2525 3809 2581 Petiliaui

2211 2615 2544 2683 perspiceres
2588 2624 2979 2685 consequenter
3020 2622 3075 2670 et
3102 2630 3135 2670 a
3181 2630 3269 2671 me
3315 2615 3368 2670 in
3413 2616 3641 2685 epistola
3694 2632 3809 2672 mea

2212 2714 2719 2774 commemoratam,
2766 2716 2919 2761 caute
2946 2716 3001 2762 tu
3031 2706 3245 2777 quidem
3277 2707 3426 2777 quasi
3454 2707 3591 2762 nihil
3620 2707 3810 2763 borum

2212 2795 2471 2865 dixerim,
2504 2812 2619 2853 rem
2665 2806 2865 2852 tantam
2914 2797 3175 2853 silendam
3207 2797 3431 2867 putasti;
3474 2797 3574 2852 sed
3619 2797 3811 2854 confu-

2212 2889 2337 2960 gisti
2364 2889 2432 2945 ad
2455 2890 2638 2946 nescio
2666 2891 2790 2961 quid
2817 2890 3122 2959 absurdius,
3143 2899 3204 2946 ut
3222 2907 3345 2947 cum
3371 2892 3647 2947 maculosa
3678 2908 3812 2948 con-

2214 2984 2437 3040 scientia
2464 2984 2644 3040 dantis
2663 2986 2870 3041 occulta
2899 2993 3003 3054 est,
3033 2993 3089 3041 et
3130 2984 3252 3042 ideo
3295 2999 3402 3041 non
3445 2992 3623 3055 potest
3667 2985 3813 3040 acci-

2215 3078 2410 3148 pientis
2434 3077 2652 3133 abluere
2672 3119 2687 3145 ,
2718 3086 2842 3133 tunc
2866 3076 2999 3133 falsa
3031 3076 3169 3132 fama
3190 3077 3305 3147 ejus
3330 3076 3602 3148 accipiens
3624 3075 3813 3132 ablua-

2216 3178 2325 3237 tur,
2353 3179 2408 3225 et
2434 3171 2487 3225 in
2513 3186 2579 3227 eo
2608 3170 2886 3227 veritatem
2916 3169 3120 3226 falsitas
3145 3180 3416 3241 operetur.

2286 3261 2375 3317 25.
2429 3261 2581 3318 Nunc
2629 3262 2725 3329 i',
2756 3262 2811 3317 ei
2867 3276 3059 3317 accusa
3114 3261 3443 3318 calumniose
3488 3262 3815 3331 dialecticos,

2217 3354 2358 3428 quod
2398 3354 2639 3426 fugienda
2667 3354 2884 3408 versutia
2920 3354 3166 3409 sermonis
3208 3353 3449 3423 efﬁciant,
3475 3362 3529 3408 ut
3553 3354 3598 3407 si
3624 3354 3818 3423 falsum

2216 3454 2318 3512 est,
2346 3462 2516 3500 verum
2539 3447 2642 3511 sit;
2664 3447 2710 3501 si
2737 3460 2907 3499 verum
2935 3454 3040 3511 est,
3069 3446 3259 3514 falsum
3284 3446 3369 3498 sit.
3405 3445 3540 3501 Ecce
3566 3444 3673 3500 tale
3711 3445 3818 3500 ali-

2218 3538 2345 3610 quid
2394 3539 2509 3609 ipse
2559 3538 2612 3592 in
2658 3538 3001 3593 Sacramenta
3045 3536 3351 3593 christianae
3393 3536 3818 3608 regenerationis

2219 3630 2625 3697 immittis,imo
2666 3630 2818 3701 pejus
2856 3629 3131 3701 magisque
3170 3629 3494 3701 fugiendum.
3543 3628 3626 3684 illi
3670 3630 3816 3684 enim

2220 3741 2326 3781 non
2351 3728 2403 3780 In
2433 3740 2527 3779 sua
2554 3722 2743 3779 fraude
2766 3740 2866 3780 nec
2894 3725 2947 3779 in
2977 3739 3161 3780 rerum
3191 3724 3452 3790 veritate,
3484 3722 3582 3778 sed
3609 3724 3665 3777 in
3693 3737 3818 3793 per-

2220 3819 2475 3891 plexitate
2520 3816 2799 3874 locutionis
2844 3818 3090 3872 humana:
3126 3815 3369 3887 quaedam
3419 3815 3583 3870 verba
3630 3813 3818 3870 dicunt

2221 3923 2347 3970 tunc
2369 3912 2536 3968 videri
2564 3926 2687 3967 vera
2715 3926 2837 3967 cum
2871 3910 2999 3965 falsa
3043 3919 3199 3974 sunt,
3233 3919 3358 3964 tunc
3384 3907 3516 3963 falsa
3542 3922 3664 3963 cum
3688 3920 3818 3963 vera

2222 4014 2381 4071 sunt;
2410 4019 2677 4075 quaecum
2719 4003 2771 4058 in
2814 4002 3225 4073 disputationem
3270 3999 3586 4065 inciderint,
3636 3999 3818 4053 animo

2224 4097 2489 4163 discerni;
2521 4095 2729 4152 etiamsi
2759 4094 2974 4150 dissolvi
3015 4107 3266 4149 sermone
3308 4107 3415 4146 non
3453 4099 3696 4161 possunt.
3737 4089 3819 4145 Tu

2224 4205 2355 4248 vero
2374 4204 2481 4245 non
2501 4189 2725 4244 verbum
2751 4187 3058 4258 quodlibet,
3090 4201 3192 4242 nec
3218 4200 3332 4241 rem
3363 4183 3693 4255 quamlibet,
3719 4180 3818 4239 sed

2224 4285 2396 4355 ipsam
2425 4297 2528 4354 qua
2558 4281 2609 4335 in
2641 4288 2894 4334 aeternam
2926 4278 3085 4332 vitam
3118 4276 3482 4341 renascimur,
3515 4274 3818 4330 mundatio-

2226 4391 2352 4433 nem
2401 4373 2742 4430 conscientiae
2787 4386 2966 4425 veram
3016 4369 3130 4424 fieri
3194 4383 3354 4439 posse
3418 4366 3553 4421 dicis
3604 4365 3663 4420 in
3726 4366 3817 4419 ho-

2226 4467 2374 4525 mine
2426 4481 2523 4538 per
2573 4463 2768 4519 famam
2819 4462 3008 4517 falsam
3058 4461 3249 4516 alienae
3313 4457 3682 4513 conscientiae.
3751 4454 3817 4510 Et

2227 4574 2300 4618 ne
2344 4558 2438 4615 tibi
2484 4557 2590 4613 hoc
2643 4556 2943 4624 tribuatur,
2993 4555 3116 4625 quia
3169 4552 3499 4608 dialecticam
3554 4548 3817 4616 didicisti,

2230 4658 2533 4709 vestrorum
2606 4647 2741 4702 dicis
2815 4645 2953 4701 hanc
3025 4659 3146 4699 esse
3198 4641 3515 4698 sententiam
3549 4682 3565 4705 ,
3630 4639 3818 4710 quibus

2229 4757 2336 4799 non
2382 4748 2441 4795 ut
2480 4738 2821 4802 dialecticus,
2875 4733 2971 4791 sed
3014 4735 3171 4806 plane
3221 4742 3279 4788 ut
3337 4731 3622 4786 iimreticus
3691 4743 3816 4784 con-

2230 4831 2465 4889 sensisti.
2511 4830 2616 4885 Per
2658 4837 2709 4884 te
2752 4827 2910 4899 igitur
2954 4836 3044 4881 aut
3083 4841 3178 4895 per
3215 4831 3420 4881 vestros
3459 4823 3576 4877 lucc
3603 4829 3689 4876 est
3712 4833 3817 4875 ma-

2230 4922 2424 4997 gnifica
2469 4922 2681 4976 inventa
2710 4919 2793 4974 vel
2822 4917 3185 4973 demonstrata
3215 4914 3453 4970 doctrina
3485 4932 3499 4969 :
3526 4912 3665 4969 Cum
3700 4926 3815 4966 san-

2232 5027 2318 5076 cte
2346 5016 2522 5073 dantis
2547 5015 2686 5071 bona
2707 5010 3031 5069 conscientia
3058 5018 3141 5065 est
3159 5051 3174 5076 ,
3203 5016 3331 5063 tunc
3354 5005 3422 5060 ab
3447 5022 3509 5059 ea
3536 5006 3596 5061 iit
3616 5001 3817 5061 bonns’

2233 5110 2324 5184 qui
2351 5107 2649 5178 baptizatur
2673 5147 2689 5173 ,
2731 5112 2856 5160 tunc
2882 5103 3043 5158 arbor
3070 5101 3208 5156 bona
3238 5099 3437 5154 bonum
3468 5095 3702 5151 fructum
3733 5109 3818 5165 pa-

2233 5204 2305 5259 rit
2350 5198 2579 5274 (Matth.
2610 5213 2681 5252 vu
2705 5238 2721 5264 ,
2778 5194 2883 5267 I7)
2913 5212 2927 5248 :
2957 5209 3077 5251 cum
3103 5206 3235 5248 vero
3280 5190 3607 5246 conscientia
3655 5184 3820 5244 dantis

2235 5291 2376 5347 mala
2421 5297 2475 5345 et
2519 5288 2724 5343 occulta
2769 5296 2884 5353 est.
2932 5295 3059 5341 tunc
3094 5284 3212 5353 ejus
3252 5296 3372 5353 qua:
3413 5281 3547 5335 falsa
3577 5287 3664 5335 est
3690 5277 3818 5333 bona

2236 5384 2380 5441 fama
2405 5381 2729 5449 consulitur;
2758 5388 2817 5436 ut
2842 5388 2967 5435 tunc
2985 5391 3016 5433 a
3041 5376 3257 5432 fallente
3279 5372 3507 5444 accipiat
3536 5371 3702 5428 homo
3726 5369 3818 5424 Ba-

2303 5614 3666 5686 'Er.etlov.,ctuninoerbis.ltedundat,in,necest
3702 5602 3819 5671 apud

2244 5700 2345 5743 Am.
2372 5698 2425 5741 et
2444 5688 2809 5750 manuscriptos.

2304 5740 2326 5788 ί
2351 5740 2449 5804 Am.
2476 5758 2529 5800 et
2546 5758 2673 5800 Mss;
2687 5740 2832 5799 'Nunc
2851 5754 2899 5799 et
2918 5758 3128 5808 accusa;
3142 5746 3336 5808 omisso,
3356 5740 3392 5808 ξ.
3442 5784 3447 5787 .

2306 5801 3073 5875 ιῇὀεωοωηεειιεεηιιοιεαά
3108 5801 3220 5861 "satu
3256 5801 3823 5870 ﬁt'bmrorte-o-

2241 5874 2694 5944 humauit.
