3998 6470
168 405 267 464 ιιι

168 520 420 591 ptismum
448 532 671 584 verum,
704 531 824 573 cum
853 516 921 573 de
950 516 1041 573 illo
1079 515 1368 574 crediderit
1412 515 1605 571 falsum
1630 535 1642 569 :
1666 524 1752 570 at-

167 628 266 684 que
295 613 366 666 ita
398 626 469 666 ne
490 611 627 666 desit
650 625 768 680 qua:
804 608 1031 663 fructum
1062 610 1232 679 pariat
1256 608 1490 663 haeretici
1516 608 1713 663 erroris
1735 648 1752 676 ,

165 707 220 762 ﬁt
243 714 419 760 mater
447 703 649 759 falsitas
671 702 931 758 veritatis.
964 701 1075 755 Hoc
1104 700 1225 756 ideo
1250 709 1421 756 totum
1454 710 1560 753 tam
1599 714 1756 755 exse-

165 798 393 862 crabile,
431 806 539 851 tam
579 794 895 850 mirabiliter
938 809 1248 864 perversum
1276 806 1330 848 et
1358 794 1641 857 insanum,
1687 806 1756 847 ne

164 894 300 966 quod
333 894 426 947 Dei
454 901 539 947 est
568 891 663 946 Dei
687 905 811 947 esse
835 890 1040 945 dicatur
1065 906 1078 956 ;
1112 896 1170 943 ut
1199 887 1342 959 quod
1370 904 1401 942 a
1446 888 1556 941 Deo
1583 886 1753 940 sumi-

165 995 275 1049 tur,
314 983 628 1040 hominibus
660 982 957 1048 tribuatur;
986 996 1055 1037 ne
1103 980 1193 1052 qui
1237 980 1405 1045 dixit,
1436 977 1755 1034 Conscientia

163 1086 334 1131 sancte
379 1076 551 1129 dantis
596 1073 869 1129 attenditur
892 1115 908 1143 ,
936 1088 1047 1144 qua:
1093 1072 1271 1127 abluat
1305 1070 1596 1142 accipientis
1616 1110 1631 1137 ,
1666 1083 1753 1124 er-

165 1184 305 1226 rasse
343 1168 611 1223 videatur.

226 1259 457 1315 CAPUT
489 1257 710 1314 XIX.—
731 1258 819 1314 24.
849 1256 1030 1312 Nostri
1058 1258 1171 1323 hoc,
1199 1256 1392 1327 inquis,
1426 1256 1489 1310 de
1514 1255 1751 1325 Scriptu-

162 1354 226 1406 ris
249 1352 503 1423 probant,
530 1350 770 1420 quoniam
797 1348 829 1402 J
837 1350 963 1403 udas
987 1351 1219 1413 traditor,
1244 1358 1512 1420 antequam
1537 1346 1752 1400 damna-

164 1456 292 1501 retur
313 1485 329 1510 ,
363 1444 537 1498 omnia
560 1444 686 1498 sicut
713 1443 971 1513 apostolus
999 1442 1168 1513 gessit.
1196 1441 1333 1509 Quid
1379 1440 1480 1497 hoc
1508 1439 1573 1494 ad
1605 1438 1749 1494 Peti-

163 1536 278 1590 liani
318 1535 644 1591 sententiam
690 1534 849 1589 ﬁxam
889 1543 1047 1603 atque
1090 1533 1392 1599 deﬁnitam,
1436 1531 1751 1586 Conscientia

162 1639 323 1683 sancte
362 1628 534 1682 dantis
571 1628 887 1693 attenditur,
917 1642 1031 1695 ante
1059 1625 1231 1679 abluat
1272 1624 1604 1696 accipientis;
1648 1620 1750 1677 nisi

163 1721 294 1791 quod
320 1730 379 1775 et
402 1719 568 1775 Judas
616 1720 717 1774 iste
747 1718 968 1773 nimium
994 1728 1177 1773 contra
1207 1732 1303 1773 vos
1325 1726 1440 1782 est,
1481 1731 1601 1771 cum
1632 1730 1751 1770 ver-

162 1812 237 1867 bis
275 1812 473 1867 alienis
520 1812 911 1867 inconsiderate
940 1812 1156 1880 prolatis
1200 1810 1557 1881 patrocinium
1605 1823 1749 1877 prse-

162 1903 281 1958 bcre
308 1904 624 1957 conamini?
651 1902 784 1958 Cum
812 1902 955 1957 enim
982 1902 1146 1957 Judas
1174 1904 1311 1957 sicut
1341 1900 1630 1971 Apostolus
1655 1898 1749 1954 ba-

164 1995 383 2064 ptizaret
405 2036 419 2062 ,
462 1994 891 2065 quandoquidem
935 1994 1108 2049 malus
1135 2004 1278 2061 erat,
1312 1993 1433 2064 quia
1481 1993 1566 2046 fur
1597 2000 1745 2059 erat,

164 2094 211 2141 et
231 2100 290 2138 ea
316 2101 438 2155 quae
466 2085 812 2141 mittebantur
832 2086 884 2139 in
906 2087 1221 2141 commissos
1240 2085 1341 2139 sibi
1368 2084 1570 2140 loculos
1597 2083 1747 2138 aufe-

161 2178 336 2245 rebat;
369 2196 475 2234 non
507 2180 688 2251 utique
715 2182 1045 2236 conscientia
1071 2181 1186 2249 ejus
1206 2179 1582 2236 attendebatur
1606 2220 1620 2244 ,
1651 2178 1748 2233 sed

162 2268 293 2325 Deus
320 2279 377 2325 et
403 2271 651 2327 Christus
696 2272 748 2326 in
787 2288 944 2343 quem
990 2271 1328 2327 credebatur.
1377 2270 1561 2342 Neque
1602 2270 1746 2327 enim

160 2371 209 2417 et
237 2362 401 2431 ipsius
449 2363 574 2417 mali
620 2364 849 2419 hominis
898 2364 1027 2418 falsa
1057 2366 1073 2396 ί
1102 2364 1239 2418 bona
1283 2364 1421 2418 fama
1462 2362 1742 2418 credentes

159 2452 477 2521 accipientes
503 2454 805 2520 abluebat',
827 2470 926 2510 nec
950 2454 1238 2526 generabat
1282 2455 1336 2509 in
1369 2454 1585 2509 homine
1621 2468 1743 2525 gra-

161 2545 279 2599 tiam
311 2544 505 2598 divinm
535 2545 771 2599 veritatis
802 2546 1003 2601 falsitas
1036 2548 1283 2602 humanm
1314 2546 1599 2616 Opinionis.

223 2636 313 2690 25.
356 2636 424 2689 Et
448 2634 574 2691 illud
605 2637 962 2693 testimonium
992 2639 1134 2709 quod
1160 2639 1227 2694 de
1252 2638 1538 2708 Scripturis
1566 2637 1745 2708 posui—

158 2730 249 2798 sti,
309 2730 439 2798 Qua
483 2731 749 2803 mnifesto
793 2741 931 2797 sunt,
957 2732 1130 2796 vobis;
1181 2748 1297 2802 qua.l
1336 2741 1503 2785 autem
1548 2730 1745 2784 occulta

156 2832 285 2888 sunt,
317 2824 534 2880 Domino
561 2824 670 2879 Deo
691 2834 849 2878 vestro
879 2824 1065 2895 (Deut.
1095 2841 1217 2879 xxix
1241 2868 1254 2890 ,
1287 2825 1427 2896 29);
1457 2825 1555 2878 ista
1580 2823 1743 2878 verba

154 2915 423 2985 redarguit
446 2926 603 2986 atque
628 2916 921 2970 convincit.
955 2915 1013 2971 Si
1041 2916 1183 2971 enim
1212 2932 1332 2986 qua:
1361 2917 1567 2971 occulta
1598 2921 1740 2981 sunt,

155 3003 381 3062 Domino
409 3006 513 3061 Deo
559 3007 906 3077 relinquenda
952 3017 1104 3071 sunt;
1151 3008 1419 3078 quomodo
1457 3007 1738 3063 conscien-

162 3102 234 3158 tia
271 3100 465 3167 dantis,
496 3116 602 3155 non
633 3100 807 3156 solum
836 3101 995 3167 mala,
1016 3116 1199 3155 verum
1227 3101 1386 3155 etiam
1412 3101 1548 3155 bona
1573 3143 1588 3169 ,
1620 3117 1740 3158 cum

153 3195 357 3249 occulta
399 3203 480 3249 est
506 3195 833 3259 attenditur,
883 3203 939 3248 ut
980 3194 1159 3249 abluat
1187 3194 1493 3263 accipientis
1518 3195 1541 3247 ?
1567 3195 1672 3249 Aut
1696 3194 1743 3249 si

151 3284 262 3355 ipsa
286 3302 410 3341 cum
453 3286 658 3342 occulta
685 3296 770 3344 est
794 3300 903 3344 non
930 3286 1223 3345 attenditur
1248 3328 1263 3354 ,
1294 3285 1419 3356 quid
1449 3296 1572 3340 tunc
1598 3285 1741 3341 acci-

150 3378 302 3449 piens
356 3376 557 3451 jubetis
601 3379 879 3449 attendat,
932 3379 1073 3437 unde
1116 3378 1441 3436 conscientia
1487 3376 1605 3451 ejus
1641 3377 1739 3435 ab-

148 3471 349 3527 luatur.

212 3563 453 3619 CAPUT
507 3562 717 3619 XX.—
743 3565 1182 3636 Expergiscimini
1226 3564 1545 3635 aliquando,
1598 3578 1739 3619 nunc

152 3657 335 3711 saltem
363 3656 523 3712 dicite
542 3698 556 3722 ,
588 3657 842 3712 Attendat
865 3658 1050 3713 Deum.
1078 3657 1217 3726 Quid
1244 3658 1442 3712 timetis
1468 3672 1536 3713 ne
1567 3656 1742 3711 humi-

154 3745 392 3813 liemini,
427 3747 471 3801 si
517 3764 620 3802 non
654 3750 707 3803 in
736 3750 978 3815 homine,
1034 3749 1128 3803 scd
1173 3749 1225 3802 in
1277 3749 1500 3803 Domino
1546 3749 1741 3818 glorie-

152 3838 316 3893 mini?
348 3839 481 3906 Est,
512 3840 707 3910 inquis,
738 3842 876 3911 quod
910 3843 1123 3895 timeam
1154 3858 1166 3894 :
1199 3841 1243 3895 si
1275 3841 1416 3895 enim
1446 3856 1568 3894 cum
1613 3842 1741 3894 latet

153 3928 321 3985 dantis
347 3931 695 3997 conscientia,
718 3933 904 3987 dixero
924 3942 981 3987 ut
1006 3932 1272 4003 accipiens
1296 3931 1533 3985 attendant
1552 3932 1732 3997 Deum,

155 4030 205 4077 et
230 4022 297 4076 ab
315 4023 408 4077 illo
430 4031 555 4077 tunc
571 4024 687 4093 ejus
704 4025 847 4079 ablui
867 4025 1248 4079 conscientiam
1271 4023 1547 4078 confessus
1569 4022 1735 4089 fuero,

156 4113 235 4170 illa
286 4132 374 4172 me
424 4117 691 4172 horrenda
735 4118 1081 4185 consequitur
1132 4115 1460 4181 absurditas,
1506 4115 1739 4170 sanctius

157 4206 289 4262 ablui
320 4209 567 4263 homines
596 4225 717 4264 cum
749 4210 1103 4278 baptizatores
1128 4208 1329 4263 habent
1354 4207 1592 4263 occultos
1621 4222 1737 4261 ma-

157 4294 268 4359 los,
313 4316 473 4370 quam
511 4316 634 4355 cum
681 4299 991 4356 manifestos
1039 4301 1237 4364 bonos,
1272 4300 1319 4353 si
1364 4299 1525 4353 homo
1570 4297 1742 4353 abluit

158 4395 364 4464 quando
383 4396 561 4451 dantis
583 4397 906 4452 conscientia
928 4396 1067 4451 bona
1087 4404 1168 4451 est
1198 4405 1252 4450 et
1275 4394 1574 4457 manifesta,
1600 4394 1741 4448 Deus

158 4495 327 4542 autem
356 4490 572 4559 quando
598 4491 737 4544 mala
779 4498 833 4544 et
869 4490 1093 4545 occulta.
1129 4489 1223 4544 Dic
1248 4504 1377 4559 ergo
1415 4487 1558 4559 quod
1605 4486 1738 4541 dici-

160 4593 297 4645 mus;
331 4581 457 4651 quia
486 4581 590 4636 hoc
616 4591 697 4636 est
722 4597 907 4636 verum
927 4623 942 4647 ,
983 4580 1084 4635 hoc
1127 4595 1313 4635 sanum
1340 4621 1355 4647 ,
1390 4579 1490 4635 hoc
1518 4579 1740 4635 catholi-

159 4684 305 4737 cum;
352 4672 773 4742 quod,Christus
802 4672 1022 4727 mundat
1051 4671 1424 4742 accipientium
1464 4671 1741 4726 conscien-

160 4759 251 4813 tias
274 4803 289 4828 ,
321 4761 441 4816 sive
466 4778 557 4831 per
581 4764 753 4819 bonos
781 4763 1053 4817 ministros
1076 4763 1327 4831 Baptismi
1353 4762 1466 4826 sui,
1497 4762 1607 4815 sive
1647 4777 1741 4831 per

162 4853 321 4907 malos
346 4896 360 4921 ,
390 4854 642 4924 quoniam
672 4854 739 4909 de
771 4855 859 4909 illo
888 4855 1143 4923 scriptum
1169 4862 1280 4920 est,
1314 4852 1541 4906 Christus
1564 4852 1741 4906 dilexit

162 4941 458 5013 Ecclesium,
482 4958 529 5001 et
558 4964 611 5003 se
638 4948 803 5019 ipsum
831 4948 1039 5002 tradidit
1062 4963 1154 5017 pro
1181 4962 1239 5000 ea
1257 4987 1272 5013 ,
1302 4954 1353 4998 ut
1382 4962 1492 4999 eam
1514 4948 1741 5017 sanctiﬁ-

161 5048 314 5105 cat-et,
344 5040 600 5095 inundans
625 5057 735 5095 eam
760 5041 959 5095 lavacro
982 5054 1128 5109 aqua:
1162 5038 1215 5091 in
1252 5036 1396 5091 verbo
1422 5037 1639 5109 (Ep/res.
1666 5053 1700 5093 ν
1722 5079 1738 5107 ,

159 5122 255 5192 25,
287 5128 407 5198 26).
1524 5192 1531 5199 ,

223 5218 311 5274 26.
357 5219 475 5288 Tu,
519 5221 695 5291 inquis
720 5264 736 5291 ,
764 5222 1011 5293 responde
1052 5219 1302 5290 quomodo
1328 5218 1581 5292 baptizent
1618 5237 1745 5290 quos

160 5312 412 5368 damnavit
442 5314 670 5369 Ecclesia
690 5316 717 5369 ?
742 5315 858 5371 Jam
886 5330 1013 5386 ergo
1043 5314 1311 5369 receditur
1334 5330 1362 5367 a
1401 5313 1576 5370 verbis
1602 5314 1746 5370 Peti-

160 5402 278 5460 liani
308 5426 321 5458 :
352 5408 602 5477 quoniam
634 5408 725 5462 illo
750 5407 961 5463 dicente
983 5449 999 5473 ,
1028 5407 1346 5463 Conscientia
1371 5417 1539 5461 sancte
1576 5407 1744 5462 dantis

160 5499 466 5563 attenditur,
508 5515 620 5570 qua’
652 5498 821 5553 abluat
866 5499 1198 5569 accipientis;
1242 5514 1361 5553 cum
1409 5513 1740 5567 qurererem,

161 5589 276 5657 quis
304 5589 486 5646 abluat
512 5591 823 5662 accipientis
851 5590 1269 5659 conscientiam,
1302 5590 1513 5662 quando
1542 5589 1743 5662 polluta

221 5768 241 5835 ξ
266 5771 343 5821 Sic
362 5775 469 5821 Mss.
495 5774 551 5835 At
572 5770 878 5835 editi,falso.
1065 5832 1074 5835 _
1116 5832 1123 5833 ί

221 5833 244 5865 ³
267 5841 321 5883 ιιι
344 5834 542 5885 excusis
557 5868 573 5894 ,
620 5829 866 5888 credentes
888 5840 934 5887 et
970 5832 1257 5900 accipientes
1291 5829 1525 5885 abluebat.
1548 5834 1745 5894 Expon-

160 5902 395 5965 gendum,
419 5904 482 5965 ct,
502 5900 644 5963 juxta
663 5907 767 5952 Mss.

1504 397 1709 456 LIBER
1744 395 2120 458 SECUNDUS.

1865 517 2040 572 dantis
2066 516 2266 573 occulta
2296 526 2377 574 est
2398 560 2416 585 ,
2452 532 2559 576 non
2587 519 2716 576 mihi
2747 521 2916 592 potuit
2940 520 3275 592 responderi.
3311 523 3447 581 Tam

1863 608 2005 663 enim
2046 619 2232 664 contra
2274 612 2548 667 veritatem
2591 613 2785 668 dicitur
2825 612 2964 682 quod
2995 614 3126 669 falsa
3162 613 3278 683 ejus
3304 614 3445 671 fama

1864 702 2029 771 possit
2074 702 2324 769 abluere,
2352 720 2509 774 quam
2555 706 2600 760 si
2647 704 2750 761 hoc
2792 706 2904 777 ipsa
2935 706 3074 762 mala
3124 707 3452 763 conscientia

1862 807 2020 863 posse
2048 793 2331 850 diceretur.

1931 884 2155 953 CAPUT
2183 885 2403 940 XXl.—
2429 886 2485 943 Si
2523 896 2698 943 autem
2730 889 2951 959 qumris,
2987 890 3249 956 Quomodo
3274 890 3423 961 baptr

1860 986 1979 1031 zant
2002 995 2127 1047 quos
2146 978 2401 1033 damnavit
2429 979 2698 1036 Ecclesia?
2724 983 3021 1053 respondeo
3045 984 3122 1039 sic
3150 1000 3244 1040 eos
3274 984 3434 1055 bapti-

1860 1084 2012 1135 zare,
2035 1072 2303 1141 quomodo
2332 1072 2598 1142 baptizant
2630 1088 2764 1144 quos
2789 1074 3060 1129 damnavit
3088 1075 3256 1143 Deus,
3287 1088 3440 1131 aute-

1860 1178 2017 1232 quam
2046 1164 2113 1219 de
2142 1164 2244 1218 illis
2270 1166 2555 1236 quidquam
2578 1166 2840 1236 judicaret
2876 1167 3136 1223 Ecclesia.
3169 1168 3269 1236 Qui
3300 1168 3443 1223 enim

1858 1264 2037 1311 mente
2106 1271 2353 1327 perversa
2404 1258 2611 1314 videtur
2660 1261 2801 1315 intus
2844 1276 2963 1316 esse
3015 1277 3133 1317 cum
3170 1262 3297 1316 foris
3340 1263 3441 1330 sit,

1858 1348 1925 1404 ab
1954 1350 2070 1420 ipso
2115 1349 2327 1405 Christo
2367 1351 2476 1420 jam
2502 1350 2768 1421 judicatus
2810 1361 2911 1409 est.
2944 1353 3062 1424 ipse
3100 1352 3295 1423 quippe
3323 1354 3440 1420 ait,

1863 1439 1962 1506 Qui
1986 1455 2088 1494 non
2111 1441 2303 1509 credit,
2321 1443 2433 1511 jam
2452 1442 2705 1510 iudicatus
2734 1452 2805 1497 est
2831 1443 3006 1513 (Joan.
3036 1460 3090 1498 ιιι
3113 1485 3129 1511 ,
3160 1444 3270 1510 18).
3304 1444 3443 1499 Pau—

1857 1530 1939 1585 lus
1962 1541 2138 1587 autem
2168 1534 2439 1603 apostolus
2466 1533 2613 1599 dicit,
2652 1534 2885 1589 Ecclesia
2912 1536 3110 1589 subdita
3135 1544 3206 1589 est
3244 1536 3442 1591 Christo

1858 1622 2070 1694 (Ephes.
2101 1640 2160 1691 ν,
2190 1626 2305 1697 24).
2336 1625 2452 1681 Non
2483 1628 2641 1697 igitur
2669 1626 2827 1682 debet
2853 1627 3090 1681 Ecclesia
3129 1643 3188 1682 se
3226 1627 3441 1683 Christo

1855 1731 2192 1787 prmponere,
2219 1728 2275 1772 ut
2300 1728 2449 1788 putet
2473 1720 2743 1790 baptizare
2768 1735 2923 1790 posse
2950 1720 3017 1775 ab
3039 1720 3128 1775 illo
3150 1718 3437 1790 judicatos,

1855 1820 1885 1860 a
1914 1821 1973 1862 se
1999 1817 2177 1862 autem
2211 1808 2477 1878 judicatus
2506 1810 2777 1879 baptizare
2824 1827 2929 1866 non
2970 1825 3162 1880 posse;
3195 1827 3314 1866 cum
3354 1810 3442 1865 ille

1855 1910 2069 1969 semper
2096 1900 2356 1955 veraciter
2376 1900 2605 1969 judicet,
2632 1901 2980 1957 ecclesiastici
3021 1911 3197 1957 autem
3225 1901 3436 1973 judices

1854 1989 1992 2045 sicut
2020 1990 2263 2046 homines
2306 1992 2619 2064 plerumque
2663 1994 2932 2049 fallantur.
2968 1995 3244 2065 Baptizant
3268 2010 3398 2066 ergo
3421 2036 3436 2060 ,

1853 2092 2110 2152 quantum
2152 2084 2339 2137 attinet
2378 2086 2445 2139 ad
2474 2084 2680 2139 visibile
2724 2085 3108 2149 ministerium,
3137 2094 3191 2140 et
3228 2086 3356 2141 boni
3386 2094 3441 2140 et

1852 2176 1979 2231 mali
2012 2194 2025 2230 :
2054 2176 2390 2231 invisibiliter
2417 2187 2594 2232 autem
2626 2192 2722 2247 per
2742 2192 2839 2233 eos
2866 2178 2955 2232 ille
2981 2178 3215 2247 baptizat
3237 2218 3252 2244 ,
3285 2176 3440 2245 cujus

1853 2277 2011 2324 estet
2036 2269 2247 2324 visibile
2273 2270 2543 2341 Baptisma
2586 2280 2639 2326 et
2680 2270 2961 2325 invisibilis
2989 2269 3180 2340 gratia.
3212 2268 3441 2339 Tingere

1852 2376 1980 2431 ergo
2008 2371 2231 2431 possunt
2258 2372 2312 2417 et
2356 2362 2480 2416 boni
2524 2370 2577 2417 et
2620 2362 2783 2426 mali,
2824 2362 3043 2417 abluere
3089 2369 3264 2416 autem
3313 2376 3441 2415 cou-

1850 2453 2128 2508 scientiam
2158 2468 2262 2509 non
2291 2454 2389 2508 nisi
2423 2454 2509 2507 ille
2535 2454 2625 2524 qui
2652 2469 2865 2523 semper
2893 2462 2975 2509 est
3012 2453 3204 2508 bonus.
3236 2455 3315 2507 Ac
3345 2468 3439 2522 per

1850 2543 1952 2599 hoc
1972 2546 2130 2600 etiam
2155 2545 2424 2600 nesciente
2439 2544 2678 2599 Ecclesia
2705 2554 2916 2615 propter
2938 2545 3131 2599 malam
3149 2544 3435 2613 pollutam-

1849 2651 1953 2707 que
1978 2636 2357 2692 conscientiam
2379 2636 2614 2691 damnati
2641 2650 2671 2691 a
2699 2637 2912 2692 Christo
2932 2679 2946 2703 ,
2975 2637 3082 2707 jam
3132 2637 3185 2692 in
3212 2652 3437 2708 corpore

1849 2728 2045 2783 Christi
2073 2744 2177 2783 non
2204 2737 2329 2783 sunt
2352 2728 2492 2798 quod
2519 2738 2602 2783 est
2630 2729 2866 2783 Ecclesia
2889 2769 2903 2793 ,
2934 2729 3183 2798 quoniam
3207 2744 3311 2783 non
3342 2744 3438 2799 po-

1850 2828 1954 2875 test
2000 2819 2242 2875 Christus
2286 2819 2485 2876 habere
2524 2820 2763 2874 membra
2804 2821 3076 2875 damnata.
3125 2820 3357 2876 Proinde
3381 2832 3437 2877 et

1849 2912 1950 2984 ipsi
1994 2924 2143 2968 extra
2194 2912 2485 2968 Ecclesiam
2534 2914 2822 2983 baptizant.
2875 2914 3064 2969 Omnia
3093 2913 3287 2983 quippe
3336 2913 3437 2967 ista

1849 3014 2085 3060 monstra
2112 3005 2249 3058 absit
2274 3005 2494 3058 omnino
2528 3014 2585 3059 ut
2628 3006 2681 3059 in
2718 3004 2974 3059 membris
3004 3005 3148 3059 illius
3174 3006 3437 3061 columbae

1849 3098 2020 3153 unicae
2046 3106 2456 3167 computentur:
2486 3097 2621 3151 absit
2669 3105 2727 3151 ut
2755 3098 2954 3153 intrare
2986 3099 3193 3168 possint
3236 3098 3433 3153 limites

1849 3189 1989 3244 horti
2018 3189 2286 3254 conclusi,
2314 3188 2467 3258 cujus
2495 3189 2585 3243 ille
2628 3198 2808 3244 custos
2837 3198 2920 3245 est
2964 3190 3051 3259 qui
3104 3204 3213 3243 non
3262 3198 3439 3258 potest

1848 3280 1976 3334 falli.
2009 3280 2109 3347 Qui
2149 3289 2321 3335 tamen
2370 3280 2414 3333 si
2444 3280 2762 3335 confitentur
2786 3289 2840 3334 et
2882 3282 3254 3349 corriguntur,
3309 3288 3432 3333 tunc

1846 3372 2067 3437 intrant,
2098 3381 2221 3426 tunc
2246 3371 2588 3438 mundantur,
2612 3379 2737 3426 tunc
2762 3371 2813 3424 in
2835 3371 3116 3425 arboribus
3140 3370 3277 3425 horti
3301 3385 3433 3425 cono

1844 3463 2012 3534 clusi,
2055 3471 2182 3519 tunc
2210 3466 2263 3517 in
2296 3464 2548 3518 membris
2573 3463 2744 3517 unica:
2764 3463 3025 3517 columbae
3062 3471 3432 3530 numerantur,

1845 3573 1947 3613 nec
1968 3566 2145 3613 tamen
2164 3555 2342 3613 denuo
2364 3554 2716 3627 baptizantur.
2745 3554 2821 3608 Ita
2849 3562 2904 3608 et
2931 3568 3051 3608 cum
3074 3553 3143 3608 ab
3172 3554 3436 3609 lmreticis

1844 3652 2066 3707 veniunt
2101 3666 2220 3706 cum
2248 3650 2363 3720 ipso
2393 3649 2749 3719 Baptismate,
2781 3645 2925 3718 quod
2963 3654 3016 3701 et
3052 3645 3184 3701 foris
3229 3645 3433 3700 habue-

1844 3752 1999 3810 runt,
2031 3742 2123 3798 sed
2170 3757 2276 3797 non
2303 3750 2502 3796 etcum
2543 3742 2656 3810 ipsa
2704 3737 3047 3795 mundatione
3082 3751 3243 3807 quam
3292 3737 3434 3791 intus

1845 3836 2146 3903 accipiunt;
2189 3842 2246 3886 ut
2288 3832 2429 3901 quod
2476 3831 2646 3884 defuit
2692 3838 3011 3898 praestetur,
3059 3830 3202 3899 quod
3252 3839 3432 3883 autem

1846 3942 1951 3981 non
1977 3933 2235 3979 mutatum
2267 3931 2349 3976 cst
2376 3921 2722 3991 approbetur.

1916 4017 2141 4074 CAPUT
2180 4014 2344 4070 XXII.
2370 4043 2443 4055 ——
2483 4015 2574 4067 27.
2628 4012 2832 4078 Vestra,
2874 4012 3069 4082 inquis,
3117 4028 3206 4083 per
3246 4020 3434 4068 vestros

1846 4112 2062 4182 majores
2087 4108 2373 4163 traditionis
2394 4116 2441 4163 et
2464 4107 2856 4175 tlmri/icationis
2873 4147 2887 4171 ,
2918 4116 2963 4160 et
2989 4123 3077 4175 per
3100 4122 3185 4160 vos
3204 4122 3435 4175 persecu-

1847 4204 1996 4258 tionis
2024 4203 2232 4256 crimine
2250 4201 2491 4254 damnata
2515 4199 2821 4253 conscientia
2847 4207 2943 4253 est.
2984 4198 3061 4252 De
3093 4197 3435 4252 traditoribus

1847 4295 2060 4366 quidem
2087 4302 2141 4348 ct
2168 4273 2623 4347 thuriﬁcatoribus
2649 4291 2738 4361 qui
2769 4290 2968 4345 fuerint
3014 4289 3106 4360 qui
3140 4289 3242 4344 hoc
3287 4274 3471 4345 nefas’

1846 4388 2186 4451 admiserint,
2216 4402 2325 4440 non
2351 4385 2647 4455 Scripturis
2674 4384 2872 4439 sanctis
2895 4424 2909 4448 ,
2939 4383 3032 4439 sed
3060 4382 3215 4438 famae
3265 4382 3438 4438 homi-

1847 4492 1974 4536 num
1992 4479 2314 4535 credidistis.
2344 4479 2475 4545 Quae
2496 4478 2539 4531 si
2562 4484 2739 4547 potest
2764 4492 2883 4531 esse
2904 4476 3033 4531 falsa
3059 4476 3198 4531 bona
3225 4475 3294 4530 de
3319 4489 3434 4529 ma-

1847 4572 1913 4628 lis
1935 4614 1951 4641 ,
1981 4588 2075 4628 cur
2103 4587 2208 4627 non
2239 4571 2405 4642 possit
2434 4572 2593 4625 etiam
2621 4569 2760 4623 mala
2802 4568 2870 4623 de
2913 4568 3108 4623 bonis?
3134 4568 3210 4624 De
3249 4582 3435 4638 perse-

1848 4665 2060 4721 cutione
2086 4675 2264 4720 autem
2296 4663 2396 4717 hoc
2425 4663 2517 4717 tibi
2550 4661 2784 4716 breviter
2811 4661 3112 4731 iterumque
3139 4659 3437 4732 responde-

1847 4758 1971 4823 rim,
2002 4756 2143 4827 quod
2172 4770 2293 4811 cum
2323 4752 2725 4824 respondissem
2761 4751 3024 4806 Petiliauo
3068 4751 3312 4807 refellere
3339 4751 3440 4806 mi-

1848 4849 1994 4904 nime
2037 4847 2291 4902 valuisti‘
2320 4844 2470 4916 (Lib.
2507 4844 2530 4897 1
2586 4853 2763 4897 contra
2799 4842 3017 4897 Litteras
3058 4842 3332 4908 Petiliani,
3383 4859 3436 4895 η.

1847 4941 1963 5008 20).
1994 4938 2052 4993 ln
2080 4938 2354 5007 Scriptura
2381 4935 2577 5004 quippe
2604 4942 2808 5000 sancta,
2839 4950 2957 5004 quae
2985 4934 3252 4989 neminem
3282 4932 3436 4995 fallit,

1849 5049 1971 5089 area
1997 5032 2136 5086 dicta
2160 5038 2243 5085 est
2281 5028 2515 5083 Ecclesia
2545 5028 2669 5093 D'ei;
2699 5028 3093 5098 Dominumque
3125 5028 3295 5096 ipsum
3317 5040 3439 5079 cum

1849 5125 2149 5182 ventilabro
2212 5136 2334 5177 esse
2385 5130 2667 5177 venturum
2717 5129 2771 5176 et
2828 5120 3207 5177 mundalurum
3259 5132 3440 5173 aream

1850 5235 2001 5275 suam
2025 5260 2041 5285 ,
2067 5225 2127 5271 ut
2150 5214 2414 5271 frumenta
2441 5214 2696 5269 recondat
2722 5214 2775 5269 in
2806 5213 3003 5269 horreo
3024 5254 3039 5280 ,
3074 5211 3279 5283 paleam
3310 5224 3441 5265 vero

1851 5312 2130 5368 comburat
2166 5308 2275 5379 igni
2305 5306 2723 5378 inexstinguibili
2751 5306 2770 5376 (
2798 5305 2985 5360 Matth.
3032 5319 3124 5370 tu,
3162 5300 3292 5373 12).
3337 5303 3444 5357 Aut

1852 5419 1980 5477 ergo
2007 5410 2153 5459 recte
2180 5402 2321 5473 passi
2349 5401 2480 5457 estis
2524 5400 2983 5471 persecutionem;
3029 5406 3120 5449 aut
3162 5397 3208 5451 si
3252 5394 3443 5451 modus

1853 5497 2175 5554 christianos
2203 5510 2456 5551 excessus
2483 5503 2564 5549 est
2584 5534 2598 5558 ,
2632 5492 2779 5563 palea
2808 5499 2987 5545 nostra
3026 5487 3153 5544 fecit
3176 5529 3191 5557 ,
3221 5497 3442 5560 propter

1852 5610 2012 5666 quam
2062 5608 2168 5647 non
2210 5589 2380 5646 fuerat
2407 5604 2530 5644 area
2561 5586 2823 5641 dominica
2848 5583 3140 5639 deserenda
3160 5625 3175 5650 ,
3207 5598 3273 5639 ne
3301 5582 3449 5653 quis-

1852 5688 1971 5760 quis
1997 5698 2122 5743 ante
2152 5695 2359 5755 tempus
2388 5677 2744 5749 vgntilationis
2770 5677 2839 5733 ab
2878 5690 3003 5734 area
3050 5678 3260 5749 paleam
3297 5673 3443 5762 relu-

1924 5887 1943 5923 ι
1965 5886 2105 5952 editi,
2133 5882 2363 5941 retractis.
2388 5886 2447 5936 At
2467 5887 2595 5946 Mss,
2619 5876 2827 5935 valuisti.
