3998 6494
504 534 688 601 geret,
717 537 756 580 ι
786 523 1359 588 [ramulo-separatus
1401 516 1556 587 palea
1581 515 1753 570 lieret.
1779 511 1859 567 'Bu
1907 518 2084 566 autem

503 636 626 678 eum
658 620 768 675 hoe
787 633 902 674 non
938 629 1153 681 nisum,
1181 610 1282 668 sed:
1301 621 1508 666 saneta
1525 609 1818 678 Scriptura:
1843 604 2090 660 testimo-

507 715 662 769 nium;
683 709 927 766 refellere
960 704 1234 761 conareris
1257 743 1274 768 ,
1315 702 1516 758 nullam
1558 697 1982 770 persecutionem
2008 694 2094 764 ju-

509 814 646 858 stam
675 815 791 855 esse
817 812 974 868 posse
997 795 1176 850 dixisti
1206 811 1219 847 :
1247 793 1335 848 ubi
1363 789 1748 862 ignoscendum
1769 787 1864 842 tibi
1891 794 1978 842 est
1999 799 2096 840 no—

511 894 698 950 scienti
729 890 1058 960 Scripturas,
1077 884 1218 940 unde
1241 883 1338 940 tibi
1367 883 1561 937 venire
1571 887 1757 952 posset
1779 878 1835 932 in
1862 883 2095 931 mentem

511 1000 677 1056 (ptum
693 983 833 1052 justo
860 993 992 1035 voce
1021 977 1090 1032 sit
1112 976 1332 1038 dictum,
1367 973 1722 1028 Detrahentem
1747 969 1978 1040 proximo
2005 981 2097 1020 suo

512 1077 726 1142 occulte,
773 1076 906 1128 hunc
949 1064 1489 1140 persequebar(Psal..
1517 1079 1588 1129 c,
1615 1065 1709 1133 5).
1759 1062 1830 1117 Et
1873 1060 1938 1114 ab
1983 1059 2100 1128 ipso

515 1167 750 1222 Domino
785 1165 913 1219 Jesu
955 1160 1171 1218 Christo
1214 1159 1269 1214 in
1293 1155 1738 1214 excellentissima
1780 1150 2060 1222 prOphetia
2082 1189 2097 1214 ,

517 1258 800 1327 Persequar
849 1254 1082 1312 inimicos
1120 1266 1256 1305 meos
1281 1288 1296 1313 ,
1320 1257 1376 1306 et
1397 1245 1826 1317 comprehendam
1860 1242 2014 1307 illos,
2055 1248 2102 1295 et

516 1370 618 1408 non
643 1359 902 1405 conamur
921 1348 1080 1403 donec
1103 1345 1341 1414 deﬁciant
1365 1343 1385 1412 (
1413 1340 1559 1395 Psal.
1584 1354 1714 1404 xvu,
1743 1336 1814 1392 '58
1833 1335 1872 1405 ).
1903 1333 1973 1388 Et
1999 1332 2104 1387 alia

517 1444 686 1500 multa
714 1441 901 1497 divinat
931 1437 1237 1494 testimonia
1283 1448 1402 1504 qua:
1447 1429 1696 1502 persequi
1736 1429 1950 1498 longum
1977 1431 2100 1480 est:

517 1535 564 1591 si
595 1544 772 1590 tamen
799 1548 905 1588 non
936 1529 1066 1586 mihi
1097 1535 1310 1597 propter
1336 1524 1439 1580 hoc
1471 1522 1702 1578 verbum
1730 1517 2103 1580 calumniaris,

518 1636 579 1682 ut
602 1625 855 1696 quoniam
882 1621 990 1678 dixi
1007 1662 1022 1688 ,
1049 1617 1298 1688 persequi
1318 1617 1541 1686 longum
1556 1621 1639 1669 est
1661 1651 1678 1678 ,
1707 1617 2106 1680 persecutorem

520 1736 610 1778 me
637 1718 938 1774 divinarum
973 1711 1400 1768 testimoniorum
1426 1721 1546 1763 esse
1573 1702 1890 1760 criminaris.

590 1807 815 1866 CAPUT
842 1804 1030 1862 XXIII.
1053 1833 1125 1844 —
1142 1802 1234 1858 28.
1264 1799 1502 1871 Upponis
1526 1797 1658 1853 mihi
1684 1795 1854 1851 verba.
1869 1791 2109 1860 Scripta:-

520 1919 730 1970 rarum,
758 1901 914 1956 toties
942 1899 1308 1954 demonstrata
1345 1908 1506 1964 quam
1531 1903 1632 1946 vos
1654 1887 1786 1944 nihil
1811 1885 2070 1955 adjuvent
2089 1923 2110 1950 ,

525 1997 706 2052 Oleum
749 1992 1024 2065 peccatoris
1065 2005 1168 2045 non
1209 1988 1488 2056 impingite:
1531 1990 1682 2052 caput
1728 1994 1893 2034 meum
1919 1978 1940 2045 (;
1960 1974 2107 2030 Psal.

523 2102 649 2152 ιιι,
681 2085 751 2157 5)
781 2101 796 2139 :
828 2090 1043 2140 cumet
1073 2079 1214 2150 apud
1238 2091 1336 2132 vos
1357 2090 1486 2132 esse
1507 2074 1697 2129 saltem
1720 2069 1958 2126 occultos
1982 2080 2111 2138 peo-

525 2191 736 2236 oatores
758 2220 772 2242 ,
818 2190 1016 2247 negem
1062 2188 1170 2228 non
1207 2170 1380 2242 possis
1403 2210 1420 2235 ,
1449 2167 1539 2238 qui
1585 2177 1766 2221 tamen
1805 2161 2112 2232 baptizant;

526 2287 629 2328 nec
667 2271 752 2326 his
790 2269 974 2325 verbis
1014 2264 1222 2335 excepti
1251 2273 1395 2319 sunt.
1443 2259 1562 2315 Non
1590 2259 1734 2314 enim
1777 2255 1880 2320 ait,
1923 2252 2116 2310 Oleum

527 2361 796 2420 manifesti
820 2358 1150 2430 peccatoris;
1178 2355 1278 2412 sed
1300 2351 1572 2415 absolute,
1611 2348 1792 2402 Oleum
1816 2344 2110 2416 peccatoris.

526 2457 616 2523 Et,
647 2453 805 2508 Facti
823 2459 939 2507 stitit
965 2449 1089 2506 mihi
1114 2447 1253 2506 velut
1278 2460 1414 2516 aqua
1439 2440 1658 2496 mendax
1692 2455 1794 2494 non
1835 2435 2023 2492 habent
2047 2435 2116 2503 ﬁ—

527 2547 644 2602 dem
673 2547 688 2577 ι
716 2542 949 2615 Herem.
979 2555 1079 2606 xv,
1105 2538 1230 2607 18).
1259 2535 1361 2592 Ubi
1391 2536 1559 2592 miror
1587 2529 1925 2602 prudentiam:
1944 2534 2116 2593 tuam,

527 2634 799 2709 quomodo
827 2632 922 2688 tibi
964 2645 1076 2687 non
1098 2627 1342 2684 videatur
1364 2639 1502 2694 aqua
1528 2621 1759 2677 mendax
1786 2615 2120 2674 simulatoris

528 2727 766 2794 occulti,
793 2724 947 2797 cuius
987 2731 1046 2779 et
1091 2721 1278 2776 falsam
1327 2718 1526 2776 famam
1568 2710 1891 2774 mundandae
1930 2709 2120 2764 aliena:

529 2818 876 2880 conscientia:
903 2814 1166 2886 prodesse
1187 2808 1388 2881 aliquid
1413 2804 1686 2864 credidisti
1717 2821 1730 2856 :
1763 2803 1864 2858 nisi
1889 2801 2012 2871 quia
2054 2799 2122 2854 il-

531 2915 626 2972 lud
651 2930 756 2970 non
780 2910 1116 2970 dialecticum
1135 2947 1148 2971 ,
1182 2904 1280 2962 sed
1304 2905 1460 2973 plane
1501 2899 1871 2971 sophisticam,
1897 2893 2042 2966 quod
2065 2893 2122 2948 in

533 3023 622 3064 me
646 3005 852 3062 frustra.
872 3001 1029 3073 quasi
1071 2999 1133 3055 in.
1152 2995 1433 3054 dialectico
1458 2989 1882 3063 reprehendisti,
1920 2985 2124 3044 subve-

533 3099 652 3156 nire
678 3099 773 3154 tibi
809 3096 1100 3152 arbitratus
1138 3107 1220 3156 es.
1255 3090 1315 3145 Si
1341 3086 1602 3153 mutii-is,
1645 3099 1826 3139 verum.
1855 3081 1986 3136 dicis
2021 3077 2122 3151 (a).

534 3190 680 3260 Quid
715 3190 860 3246 enim
886 3187 1030 3244 aliud
1072 3182 1286 3242 conaris
1324 3193 1599 3245 asserere,
1630 3189 1754 3232 eum
1781 3173 1984 3230 homini
2025 3170 2126 3228 tri-

535 3283 704 3340 buens
729 3282 1055 3353 Baptismum
1081 3318 1099 3345 ,
1127 3291 1288 3348 quem
1318 3273 1413 3329 Dei
1429 3285 1549 3328 esse
1575 3284 1680 3325 non
1704 3267 2124 3337 vis'agnoscere,

537 3375 660 3431 ideo
686 3375 822 3431 dicis
861 3373 1162 3429 adulterum
1188 3369 1316 3425 dare
1354 3379 1514 3437 posse
1549 3377 1734 3419 verum
1757 3359 2124 3430 Baptismum',

539 3467 664 3539 qui
685 3481 746 3522 se
773 3465 947 3534 ipsum
974 3461 1291 3518 occultando
1317 3467 1522 3515 castum
1549 3471 1669 3512 esse
1697 3453 1950 3510 mentiti:
1969 3450 1995 3504 'l
2023 3449 2136 3508 Ita»

538 3575 643 3630 qua
679 3569 808 3614 tunc
833 3572 1024 3613 verum
1061 3555 1194 3610 dicit
1219 3554 1271 3608 in
1305 3551 1577 3620 liaptismo
1598 3592 1614 3615 ,
1641 3562 1766 3604 cum
1790 3544 2044 3601 mentitur
2072 3542 2134 3598 in-

539 3651 770 3722 ﬂagitios;
799 3657 860 3705 et
889 3664 994 3704 non
1032 3655 1118 3702 est
1157 3659 1302 3716 aqua.
1346 3642 1466 3713 ejus
1508 3639 1756 3703 mendas,
1804 3651 1961 3707 quam
2005 3650 2134 3692 esse

537 3746 698 3802 vultis
742 3746 796 3800 in
841 3742 1078 3799 Ecclesia
1107 3739 1402 3797 secundum
1429 3735 1838 3808 promissionem
1881 3738 1961 3785 tot
2004 3744 2128 3800 pro-

539 3838 981 3909 pltetiarumtoto
1021 3844 1288 3890 terrarum
1329 3831 1459 3885 orbe
1487 3827 1676 3884 dilfusa
1717 3840 1892 3880 :cum-
1933 3838 2136 3895 aquam

541 3931 849 3988 mendacem
908 3945 1013 3984 non
1065 3927 1404 3997 Baptismum:
1445 3922 1645 3978 dixerit
1687 3918 1982 3984 Jeremias,
2033 3917 2130 3973 sed

543 4025 834 4081 mendaces
853 4023 1098 4078 homines
1119 4063 1134 4086 ,
1166 4017 1457 4074 secundum
1485 4015 1811 4091 intellectum
1842 4011 1930 4083 qui
1959 4011 2129 4066 mani-

541 4117 708 4172 festus
734 4117 864 4172 est’
889 4115 944 4169 in
996 4110 1344 4182 Apocalypsi,
1376 4109 1467 4164 ubi
1515 4109 1878 4176 interrogante
1921 4104 2130 4160 Joanne

540 4209 666 4278 quid
695 4215 878 4264 essent
899 4221 1050 4275 aqua:
1079 4204 1183 4258 illis
1211 4204 1266 4257 in
1305 4201 1510 4256 visione
1539 4206 1876 4264 monstratae,
1906 4197 2129 4268 popuios

526 4283 664 4355 ‘sse
680 4314 992 4369 responsum
1015 4307 1101 4352 est
1125 4298 1309 4367 (:Apoc.
1340 4311 1464 4359 xvu,
1496 4295 1608 4363 15:).

614 4390 839 4447 CAPUT
867 4389 1058 4444 XXIV.
1086 4388 1260 4442 «29.
1291 4389 1366 4440 Dc
1386 4387 1478 4440 illo
1502 4400 1632 4440 vero
1658 4383 1964 4440 testimonio
1986 4383 2138 4454 quod.

543 4483 916 4554 scriptum-est
939 4522 953 4547 ,
983 4477 1082 4544 Qui
1118 4477 1401 4546 baptizatur
1439 4493 1470 4529 a
1512 4484 1737 4537 mortuo,
1766 4474 1889 4544 quid
1930 4473 2129 4544 proﬁcit

542 4573 861 4641 lauaﬁoejus
885 4569 1071 4641 (Βοσίὰ
1106 4583 1289 4634 xxxiv,
1320 4564 1448 4639 50)?
1477 4581 1634 4637 quam
1664 4580 1768 4620 non
1797 4565 2130 4620 intellexeris

541 4666 687 4736 quod
735 4680 836 4735 ego
881 4664 933 4716 in
977 4661 1064 4716 illa
1107 4659 1332 4730 epistola
1385 4657 1571 4728 posui,
1624 4665 1987 4727 quantumque
2042 4670 2142 4712 me-

542 4758 720 4812 verbis
765 4757 870 4811 tuis
914 4753 1180 4823 adiuveris
1225 4751 1495 4824 paululum
1545 4748 1780 4806 attende.
1821 4747 1954 4804 Cum
1985 4748 2126 4802 enim

539 4862 788 4923 putasses
821 4865 860 4903 a.
890 4865 976 4904 me
1012 4855 1288 4903 mortuum
1316 4845 1420 4901 hoc
1464 4845 1582 4899 loco
1610 4842 1834 4914 intelligi
1863 4843 2126 4898 cultorem

539 4941 840 5008 idolorum,
862 4941 1013 5011 quasi
1046 4953 1144 4994 eos
1179 4937 1330 4995 solos
1355 4937 1686 5007 exceperim,
1714 4936 1815 5006 qui
1853 4934 2128 5006 baptizare

541 5049 646 5090 non
675 5033 916 5104 possint,
947 5030 1150 5102 elegisti
1184 5037 1450 5100 quantum:
1481 5027 1733 5100 potuisti,
1757 5028 1984 5098 repetito
2030 5027 2135 5083 illo.

539 5127 606 5184 de
623 5127 743 5183 oleo
767 5124 1089 5193 testimonio,
1109 5121 1484 5195 quod-nullum.
1498 5128 1828 5191 peccamrem
1853 5120 2138 5192 baptizare-

539 5220 799 5286 ‘uluerita,
828 5220 927 5290 quin
956 5218 1093 5274 dixit
1113 5258 1127 5283 ,
1157 5216 1338 5270 Oleum
1361 5215 1638 5285 peccatoris
1658 5230 1758 5268 non
1785 5213 2123 5284 impiaguabit

533 5321 688 5382 caput
732 5327 896 5366 nicum
919 5349 934 5374 ,
964 5324 1071 5364 non
1113 5305 1444 5379 excipiendo:
1464 5306 1696 5377 aliquem
1740 5315 2120 5374 peccatorem‘:

597 5491 616 5524 ¹
638 5489 886 5542 Bditiones
923 5494 1096 5540 Am..et
1114 5491 1213 5546 Kr...
1256 5483 1382 5541 uolat
1420 5481 1794 5546 multem!“
1826 5483 2121 5538 inuolutam

531 5551 724 5613 occulti,
763 5549 900 5612 cujus
936 5557 980 5600 et
1004 5547 1129 5613 falsa
1151 5543 1289 5613 fama
1306 5561 1399 5598 non
1421 5543 1559 5596 habet
1595 5543 1758 5613 ﬁnem.
1800 5549 2122 5613 Lovanienses

1227 399 1502 463 CONTRA
1538 394 1977 458 CRESCONEIM
2010 387 2470 459 θυωιετωι,
2510 390 2569 449 S.
2611 379 2980 448 AUGUSTINI

2196 507 2338 563 unde
2361 506 2534 578 magis
2547 521 2646 563 vos
2667 507 2946 578 nrgemini,
2965 505 3102 560 sicut
3128 503 3294 576 paulo
3311 512 3436 562 ante
3458 509 3796 565 monstravi.

2198 599 2262 656 Si
2282 599 2432 654 enim
2452 600 2626 655 nullus
2653 608 2899 669 peccator
2925 607 3176 668 exceptus
3202 605 3314 666 est,
3347 599 3575 668 proinde
3608 600 3799 670 bapti-

2199 701 2350 748 zatos
2368 693 2442 748 ab
2473 693 2694 748 occultis
2719 692 2901 759 malis,
2933 707 3056 747 cum
3079 692 3308 746 convicti
3337 692 3538 748 fuerint
3562 735 3580 761 ,
3608 693 3804 750 denuo

2198 786 2480 857 baptizata.
2511 784 2607 840 llic
2631 786 2739 855 jam
2766 784 3043 839 conaberis
3068 785 3337 839 occultum
3375 784 3632 856 excipere
3661 801 3801 856 pec-

2200 887 2472 944 saturem,
2504 891 2663 949 quem
2697 887 2882 935 sancta
2907 877 3186 947 Scriptura
3211 891 3318 932 non
3354 879 3588 948 excepit.
3628 879 3803 936 Totus

2202 972 2362 1043 igitur
2402 973 2504 1027 iste
2526 983 2714 1028 vester
2732 971 3034 1028 intellectus
3067 971 3235 1027 lalsus
3261 986 3295 1024 a
3319 973 3546 1027 veritate
3576 973 3804 1027 convin-

2203 1066 2373 1133 citur,
2401 1073 2606 1120 cunt-et
2647 1072 2846 1119 vestras
2885 1063 3164 1120 intentioni
3211 1063 3456 1118 similiter
3496 1079 3806 1133 repugnare

2204 1165 2550 1212 monstratur.
2581 1156 2764 1226 Neque
2799 1155 2942 1210 enim
2973 1154 3076 1210 hoc
3100 1169 3288 1210 revera
3327 1155 3404 1210 de
3438 1155 3718 1226 Raptismo
3748 1157 3804 1210 in

2206 1249 2419 1304 Psalmo
2456 1249 2687 1320 positum
2729 1258 2848 1317 est,
2879 1263 2945 1304 ac
2988 1263 3100 1304 non.
3137 1248 3206 1303 de
3231 1250 3586 1304 assentatoris
3613 1250 3807 1305 adula-

2207 1344 2382 1409 tione;
2408 1342 2556 1412 quod-'
2577 1344 2848 1412 superiora
2877 1341 3038 1397 verba
3067 1342 3198 1396 satis
3226 1341 3464 1397 indicant
3492 1360 3508 1395 :
3532 1357 3659 1397 nam
3691 1351 3806 1398 tota

2208 1437 2469 1492 sententia
2497 1435 2576 1491 ita.
2595 1437 2962 1503 connectitur,
2985 1435 3290 1490 Emendabit
3313 1451 3396 1490 me
3405 1437 3584 1506 justas
3613 1437 3668 1490 in
3701 1438 3810 1489 nii-

2209 1528 2482 1583 sericordia
2503 1571 2518 1596 ,
2545 1537 2592 1582 et
2619 1538 2798 1600 arguet
2822 1546 2900 1582 me
2921 1545 2944 1593 ;~
2968 1529 3136 1583 oleum
3175 1538 3341 1583 autem
3382 1529 3665 1598 peccatoris
3700 1545 3809 1584 non

2210 1620 2544 1692 impinguabit
2569 1632 2720 1692 caput
2762 1637 2947 1675 neeum.
2987 1621 3170 1676 Maluit
3203 1636 3330 1692 ergo
3357 1619 3611 1676 contundi
3639 1629 3813 1692 caput

2212 1727 2365 1768 suum
2401 1712 2750 1783 ab‘arguente
2776 1712 3036 1768 veraciter
3054 1753 3067 1777 ,
3092 1727 3249 1782 quam
3278 1712 3408 1782 ungi
3431 1727 3460 1767 a
3493 1712 3812 1768 blandiente

2211 1804 2491 1870 fallaciter,
2528 1805 2796 1860 translatis
2818 1804 3022 1872 verbis,
3050 1805 3170 1860 oleo
3191 1812 3246 1860 et
3269 1803 3526 1860 unctione
3551 1803 3812 1859 lenitudi-

2213 1911 2344 1952 nem
2362 1897 2666 1966 signiﬁcans
2689 1896 2972 1952 adulantis.

2285 1987 2508 2044 CAPUT
2534 1987 2699 2044 XXV.
2728 2019 2797 2030 --
2825 1989 2913 2044 30.
2942 1989 3084 2058 Quid
3118 1997 3294 2045 autem
3340 2004 3442 2061 ego
3469 1990 3522 2045 in
3563 1990 3660 2045 illa
3695 1991 3813 2061 epi-

2216 2081 2357 2136 stola
2390 2080 2458 2136 de
2502 2079 2603 2134 hoc
2647 2081 2955 2135 testimonio
2998 2083 3293 2148 senserim,
3326 2081 3416 2136 ubi
3443 2081 3652 2138 dictum
3691 2093 3808 2148 est,

2220 2173 2320 2242 Qui
2349 2174 2633 2244 baptizatur
2659 2191 2692 2228 α
2728 2184 2958 2240 ntortuo;
2989 2176 3116 2245 ipsis
3153 2191 3220 2231 ex
3259 2191 3326 2231 ea
3359 2178 3607 2248 repetitis
3636 2178 3815 2234 verbis

2218 2267 2368 2334 satis,
2392 2275 2654 2337 quantum
2677 2269 2884 2337 opinor,
2914 2269 3211 2322 ostendam.
3240 2267 3374 2324 Cum
3405 2270 3552 2324 enim
3583 2269 3816 2326 dissere-

2217 2372 2330 2414 rem
2355 2359 2480 2429 quid
2505 2359 2828 2428 respondere
2851 2360 3041 2415 debeat
3060 2361 3132 2414 ad
3148 2361 3244 2416 ista
3257 2361 3552 2418 catholicus
3569 2363 3818 2419 christia-

2218 2465 2320 2506 nus
2338 2493 2354 2517 ,
2383 2451 2511 2506 Cum
2536 2452 2772 2519 audierit,
2803 2452 3039 2523 inquam,
3069 2454 3202 2521 «Qui
3222 2455 3509 2526 baptizatur
3532 2472 3565 2510 α
3595 2466 3816 2526 mortuo,

2219 2559 2320 2597 non
2346 2543 2392 2596 ei
2414 2543 2617 2613 prodest
2637 2545 2938 2608 lavatioeius
2965 2565 2984 2597 ι
3017 2563 3030 2599 :
3053 2549 3388 2616 respondebit,
3404 2548 3538 2603 Vivit
3565 2549 3816 2618 Christus,

2220 2643 2271 2688 et
2284 2635 2405 2706 iam
2423 2651 2523 2689 non
2550 2637 2762 2690 moritur
2785 2679 2798 2702 ,
2827 2647 2876 2692 et
2916 2653 3048 2692 mors
3086 2640 3132 2693 ei
3157 2641 3293 2694 ultra
3320 2658 3420 2696 non
3467 2642 3821 2699 dominabitur

2226 2726 2482 2799 (Romwr,
2506 2729 2585 2798 9);
2599 2729 2661 2782 de
2681 2730 2987 2801 quo-dictum
3013 2740 3104 2796 est,
3134 2730 3194 2784 tl
3199 2749 3286 2802 pse
3302 2741 3375 2787 est
3397 2733 3492 2804 qui
3516 2733 3748 2804 baptisat
3772 2738 3821 2791 in

2225 2818 2424 2891 Spiritu
2451 2829 2658 2874 sancto»
2683 2819 2857 2892 (Joan.
2889 2839 2921 2885 ι,
2951 2821 3410 2894 55).Baptizantur
3429 2834 3596 2880 autem
3622 2843 3656 2880 a
3684 2845 3820 2882 rnor-

2225 2912 2353 2979 tuic,
2385 2911 2472 2983 qui
2496 2911 2816 2981 baptizautur
2843 2913 2894 2966 in
2922 2914 3173 2968 idolorum
3199 2917 3416 2986 templis.
3453 2916 3576 2972 Non
3604 2919 3746 2974 enim
3773 2929 3820 2974 et

2225 3003 2324 3074 ipsi
2360 3018 2404 3056 αα
2414 3003 2758 3058 sacerdotibus
2781 3005 2886 3058 suis
2914 3021 2966 3058 se
2994 3006 3221 3076 accipere
3243 3007 3558 3062 arbitrantur
3578 3011 3819 3080 sancti/i-

2225 3097 2472 3150 cationem
2498 3112 2650 3166 quam
2680 3106 2879 3167 putant,
2902 3099 2990 3152 sed
3013 3117 3044 3152 a
3071 3099 3168 3155 diis
3187 3101 3310 3154 suis.
3347 3101 3450 3167 Qui
3471 3104 3714 3172 quoniam
3734 3105 3822 3158 Ito-

2227 3190 2388 3244 mines
2415 3192 2633 3261 fuerunt,
2668 3199 2714 3245 et
2739 3192 2809 3245 ita
2837 3193 3019 3247 mortui
3039 3204 3176 3259 sunt,
3207 3203 3261 3248 ut
3282 3211 3440 3263 neque
3460 3212 3613 3266 super
3637 3205 3817 3264 terras,

2229 3297 2386 3351 neque
2421 3283 2474 3335 in
2514 3283 2683 3353 requie
2715 3292 3006 3338 sanctorum
3038 3286 3203 3339 vivant
3225 3327 3240 3352 ,
3269 3301 3383 3340 vero
3410 3287 3510 3358 ipsi
3544 3303 3577 3340 a
3607 3290 3822 3344 mortuis

2229 3373 2566 3443 baptismum.
2613 3375 2896 3445 ﬂuensque
2944 3391 3009 3431 ex
3047 3378 3272 3447 epistola
3326 3394 3448 3434 mea
3488 3380 3654 3435 verba
3712 3382 3818 3451 ipsa

2231 3464 2542 3534 transcripsi
2573 3483 2585 3519 :
2620 3465 2670 3520 in
2718 3467 2912 3536 quibus
2947 3467 3057 3537 jam
3105 3469 3362 3539 perspicis
3387 3511 3400 3536 ,
3433 3480 3490 3525 ut
3519 3473 3747 3541 opinor,
3777 3474 3818 3528 si

2231 3569 2374 3610 nunc
2400 3554 2586 3612 saltem
2607 3555 2890 3628 diligenter
2908 3559 3157 3624 attendis,
3183 3576 3286 3616 non
3313 3577 3401 3616 me
3419 3565 3563 3633 ipsos
3583 3566 3820 3621 cultores

2230 3655 2478 3699 mortuos
2514 3647 2844 3716 appellasse,
2877 3651 3120 3718 quamvis
3167 3652 3271 3706 alio
3320 3655 3479 3709 modo
3517 3656 3686 3711 etiam
3727 3658 3818 3726 ipsi

2231 3735 2426 3790 mortui
2447 3735 2584 3802 sint;
2611 3737 2705 3792 sed
2743 3738 2874 3794 deos
2913 3740 3074 3795 falsos
3097 3757 3229 3811 quos
3259 3745 3467 3811 colunt,
3495 3748 3616 3816 quia
3656 3749 3819 3803 homi-

2231 3844 2328 3885 nes
2366 3828 2614 3896 fuerunt,
2644 3839 2700 3886 et
2734 3831 2877 3886 sicut
2911 3832 3156 3891 homines
3179 3836 3246 3891 de
3275 3850 3500 3908 corpore
3526 3842 3778 3896 exierunt
3800 3885 3817 3910 ,

2232 3935 2332 3976 nec
2360 3930 2783 3985 resumxemnt;
2809 3938 2907 3979 nec
2931 3925 3052 3979 vitae
3079 3926 3250 3981 ullum
3271 3929 3522 3984 meritum
3551 3948 3678 4002 quae
3710 3941 3820 4002 post

2233 4011 2370 4068 hanc
2395 4013 2554 4068 vitam
2581 4014 2904 4082 promittitur
2932 4014 3254 4073 habuerunt.
3280 4019 3359 4074 Ab
3387 4021 3518 4090 ipsis
3540 4038 3678 4093 ergo
3700 4025 3814 4092 diis,

2232 4103 2321 4174 qui
2350 4103 2719 4173 baptizantur,
2748 4106 2884 4161 sicut
2912 4106 3051 4176 dixi,
3080 4124 3207 4165 vere
3235 4126 3264 4165 a
3291 4113 3515 4168 mortuis
3542 4114 3816 4185 baptizan-

2231 4203 2339 4263 tur,
2374 4195 2426 4251 id
2455 4205 2557 4264 est,
2583 4198 2672 4268 qui
2702 4198 2960 4254 ineorum
2990 4202 3207 4258 nomine
3227 4203 3582 4275 baptizantur;
3615 4210 3744 4279 quia
3769 4216 3820 4263 et

2232 4287 2332 4357 ipsi
2370 4303 2476 4343 non
2507 4289 2570 4343 in.
2589 4289 2804 4345 nomine
2832 4293 3166 4349 sacerdotum
3195 4305 3410 4351 suorum
3430 4339 3445 4362 ,
3473 4299 3570 4354 sed
3596 4301 3816 4356 doorum

2232 4379 2299 4435 de
2343 4381 2537 4450 quibus
2579 4397 2713 4436 vana
2767 4384 3084 4454 opinantur,
3128 4401 3191 4442 se
3233 4390 3552 4446 sanctiﬁcari
3605 4402 3814 4463 putant.
3843 4383 3849 4402 ί

2231 4471 2476 4528 Christus
2512 4483 2688 4530 autem
2729 4478 3055 4547 resurrexit,
3079 4489 3134 4535 et
3169 4481 3299 4536 vivit
3331 4501 3343 4536 :
3374 4483 3605 4554 proinde
3641 4488 3732 4558 qui
3755 4485 3816 4541 ab

2234 4565 2323 4619 illo
2353 4565 2648 4636 baptizatur
2670 4608 2686 4635 ,
2718 4584 2838 4624 non-
2862 4572 3034 4626 solum
3064 4587 3159 4643 per
3187 4573 3415 4641 bonum,
3445 4592 3636 4631 verum
3663 4579 3814 4634 etiam

2232 4675 2329 4730 per
2374 4661 2573 4714 malum
2614 4662 2912 4718 ministrum
2947 4665 3170 4735 perditis
3218 4669 3455 4723 moribus
3505 4679 3812 4736 mortuum,

2232 4771 2338 4809 non
2359 4771 2387 4808 a
2406 4765 2616 4815 mortuo
2641 4757 2956 4828 baptizatur.
2987 4761 3068 4816 Ab
3093 4762 3182 4816 illo
3211 4764 3350 4818 enim
3379 4763 3702 4834 baptizatur,
3734 4763 3813 4835 qui

2232 4848 2362 4902 vivit
2387 4849 2438 4903 in
2467 4859 2748 4918 aeternum,
2771 4861 2824 4907 et
2849 4853 2915 4908 de
2936 4869 3041 4925 quo
3064 4855 3263 4910 dictum
3295 4867 3376 4912 est
3405 4858 3455 4911 in
3487 4858 3777 4931 Evangelia
3796 4901 3811 4925 ,

2230 4943 2380 5012 quod
2400 4943 2558 4998 etiam
2590 4944 2660 5000 ibi
2685 4947 3120 5018 commemoravi,
3154 4946 3277 5020 Ipse
3303 4958 3373 5006 est
3393 4951 3482 5022 qui
3506 4953 3736 5024 baptisat
3766 4951 3814 5006 in

2231 5034 2432 5106 Spiritu
2459 5047 2652 5092 sancto.

2299 5125 2524 5184 CAPUT
2553 5128 2823 5184 XXVI.—
2851 5131 2937 5186 5l.
2968 5130 3078 5187 Hoc
3092 5140 3146 5187 tu
3176 5133 3226 5188 in
3252 5133 3473 5204 epistola
3489 5151 3810 5208 mea,quan-

2229 5227 2348 5275 tum
2379 5219 2618 5275 iudicant
2654 5222 2814 5277 verba
2843 5230 2967 5288 tua,
2998 5238 3104 5279 non
3141 5224 3443 5281 intellexisti
3477 5244 3491 5280 :
3522 5228 3649 5281 nolo
3675 5227 3809 5282 enim

2228 5313 2440 5380 dicere,
2482 5314 2673 5370 Parum
2722 5315 3035 5387 intelligens
3071 5318 3318 5375 fraudare
3372 5321 3606 5376 voluisti.
3655 5321 3811 5377 Miror

2227 5409 2574 5479 autemquod
2604 5410 2762 5465 verba
2791 5411 2900 5466 illic
2927 5427 3041 5467 mea
3077 5416 3454 5482 consequentia
3490 5433 3596 5471 non
3627 5417 3810 5473 adver-

2228 5500 2376 5568 teri‘s,
2395 5509 2485 5557 aut
2505 5501 2572 5557 ab
2600 5503 2678 5557 eis
2706 5502 3146 5560 dissimulandum
3183 5510 3468 5577 putaveris.
3498 5510 3670 5566 Paulo
3697 5517 3809 5581 post

846 5593 1403 5679 ᾘοι-ἶιεὶζιῖεἶιίξῇᾶέῆέξ
1421 5593 2121 5679 ξεί-θέῃιὸξιὸςέέῶάεέξάἦόᾶ
2225 5593 2424 5664 quippe
2447 5595 2652 5664 subjeci
2679 5604 2733 5650 et
2757 5596 2864 5650 dixi
2894 5614 2908 5650 :
2941 5595 3079 5652 Nam
3118 5600 3163 5654 si
3192 5600 3288 5655 Itoc
3313 5603 3424 5657 loco
3452 5614 3703 5658 mortuum
3729 5605 3805 5656 in-

530 5673 965 5736 iti-luserimon
989 5675 1276 5726 auctoritate
1297 5673 1532 5736 rejecimu

594 5737 616 5767 ¹
639 5737 711 5785 sic
743 5731 847 5786 uss.
874 5736 990 5785 ιι·Δὶῑί
1014 5748 1152 5794 vero,
1178 5731 1507 5798 manifestata
1533 5731 1621 5784 sit.

593 5816 756 5881 (a)_t)e
792 5817 884 5881 hoc
908 5824 959 5881 et
979 5815 1214 5865 similibus
1245 5817 1488 5881 Chrysippi
1521 5815 1894 5881 sophismatibus
1914 5815 2026 5869 vide
2045 5817 2118 5869 ci-

529 5878 654 5943 cer.,
673 5878 757 5930 lib.
782 5879 814 5928 4
837 5878 1054 5930 Academ.
1074 5885 1249 5938 Quaen.

2225 5686 2462 5742 teltexero
2487 5697 2793 5759 peccatorem
2821 5689 3204 5761 baptizatorem,
3229 5696 3402 5749 eadem
3421 5695 3512 5750 illa
3539 5711 3806 5766 conseque-

2223 5785 2305 5833 tur
2347 5779 2663 5847 absurditas,
2694 5790 2747 5834 ut
2775 5783 2998 5853 quisquis
3024 5784 3174 5838 etiam
3202 5802 3234 5839 a
3268 5786 3454 5842 latente
3479 5787 3635 5859 impio
3658 5785 3805 5857 fuerit

2226 5871 2529 5943 baptizatus,
2565 5882 2803 5947 tanquam
2820 5892 2854 5930 a
2877 5886 3074 5934 mortuo
3099 5878 3407 5950 baptizatus,
3435 5881 3657 5940 innitar
3674 5881 3804 5936 tom

3093 6133 3112 6164 ι
