3998 6464
206 508 273 566 si:
325 509 457 569 Non.
473 507 615 565 enim
628 505 739 573 ait,
763 501 873 571 Qui
893 499 1178 571 baptizatur
1209 516 1243 556 α
1280 499 1773 569 mortuo-manifesto
1786 515 1811 564 ξ

206 606 295 660 sed
317 602 551 658 absolute
579 599 723 665 dicit,
747 614 779 651 a
802 605 997 652 mortuo
1027 594 1175 666 (Lib.
1207 594 1231 649 l
1271 602 1446 650 contra
1470 590 1689 646 Litteras
1716 588 1811 644 Pe-

207 698 457 762 tiliani,n.
482 695 595 764 ll0).
614 694 739 750 Haec
754 689 1105 747 manifestatio
1127 688 1406 745 verborum
1426 685 1528 740 illic
1544 698 1815 749 meorum,

211 804 367 861 quem
393 787 465 843 de
508 800 698 842 somno
726 784 813 838 vel
836 782 1008 851 potius
1034 781 1102 837 de
1126 779 1243 851 ipsa
1275 787 1446 835 morte
1475 792 1584 834 non
1610 776 1806 833 excitae

210 883 329 939 ret?
355 880 422 937 Et
463 888 639 935 tamen
673 886 727 935 te
751 891 857 932 non
883 874 1136 931 excitavit
1167 890 1179 927 :
1213 882 1271 929 et
1297 872 1513 941 insuper
1537 868 1679 939 quod
1708 882 1809 939 ego

209 985 397 1031 contra
447 971 768 1031 Petilianum
811 969 1048 1025 dixeram
1067 1009 1083 1033 ,
1114 965 1264 1037 quasi
1294 972 1479 1021 contra
1510 978 1597 1019 me
1625 961 1813 1023 dicens

212 1066 590 1122 vehementius
616 1062 777 1117 etiam
808 1058 1156 1122 conﬁrmasti;
1181 1057 1319 1113 sicut
1338 1056 1513 1111 solent
1539 1052 1804 1117 homines,

211 1158 466 1229 iniectam
500 1155 746 1227 sagittam
788 1150 1078 1208 nesciendo
1105 1148 1395 1206 excludere
1419 1190 1434 1216 ,
1463 1148 1623 1202 altius
1644 1144 1804 1202 etiam

210 1249 802 1324 penitusque-deﬁgere.
829 1244 1119 1303 Asseruisti
1141 1243 1283 1300 enim
1302 1251 1568 1297 mortuum
1592 1256 1696 1295 non
1725 1238 1807 1294 in-

212 1344 565 1417 telligendum
608 1343 710 1399 nisi
766 1348 1103 1412 peccatorem
1140 1337 1424 1407 baptistam
1450 1377 1465 1403 ,
1495 1342 1553 1391 et
1601 1333 1805 1389 nullum

210 1446 548 1510 pewatorem
568 1432 943 1504 excipiendum
971 1450 985 1486 :
1012 1440 1069 1488 et
1094 1430 1216 1487 ideo
1240 1428 1385 1499 quod
1411 1442 1511 1499 ego
1538 1425 1804 1489 dicebam,

211 1540 401 1588 contra
443 1540 498 1586 te
533 1526 902 1593 concluditur,
933 1539 1033 1580 nec
1080 1524 1357 1594 occultum
1396 1520 1568 1590 excipi
1611 1532 1805 1590 posse,

212 1627 296 1681 ubi
327 1624 513 1683 nullus
532 1622 818 1691 excipitur.
851 1616 1195 1688 Bebaptizate
1235 1615 1394 1687 igitur
1422 1628 1519 1669 eos
1558 1624 1692 1681 quos
1736 1608 1804 1665 ab

212 1718 439 1775 occultis
472 1712 845 1785 peccatoribus
872 1710 1164 1779 baptizatos
1190 1722 1310 1763 esse
1336 1704 1658 1769 constiterit,
1689 1702 1807 1772 qui-

212 1811 310 1866 bus
334 1818 517 1879 potest
541 1805 845 1863 viventibus
876 1811 933 1858 et
968 1800 1260 1857 scientibus
1294 1796 1687 1863 subvenit-hut
1730 1793 1809 1851 eis

212 1903 340 1960 solis
385 1915 493 1954 non
520 1898 719 1965 obsint,
749 1896 836 1966 qui
867 1893 956 1953 vel
975 1893 1285 1964 ignorantur
1312 1889 1396 1945 vel
1434 1896 1557 1943 ante
1577 1884 1810 1945 defuncti

212 2002 336 2051 sunt
351 2036 373 2059 ι
394 2001 458 2048 ιιι
484 1989 845 2049 manifestatis
864 1995 1047 2058 postea
1078 1985 1233 2040 malis
1260 1979 1678 2053 baptizaloribus
1698 1978 1810 2033 suis

208 2088 323 2159 jam.
358 2082 623 2155 baptizari.
655 2097 767 2139 non
799 2080 1024 2151 possint.
1054 2077 1324 2147 Baptizate
1349 2117 1364 2142 ,
1395 2075 1606 2143 inquam
1632 2112 1649 2138 ,
1681 2084 1808 2143 pro-

212 2181 322 2237 dito
352 2178 602 2234 adultero
642 2184 799 2245 atque
831 2173 1118 2239 damnato,
1147 2184 1282 2240 quos
1320 2168 1388 2223 ab
1434 2182 1499 2221 eo
1527 2181 1647 2220 cum
1673 2166 1809 2220 late-

213 2282 313 2338 ret,
365 2270 665 2340 baptizatos
708 2282 828 2324 esse
878 2263 1182 2325 constiterit
1226 2281 1239 2316 :
1287 2278 1317 2317 a
1362 2268 1574 2315 mortuo
1612 2258 1810 2329 quippe

213 2363 464 2436 baptizati
488 2371 639 2427 sunt,
662 2374 983 2429 omnemque
1012 2364 1349 2427 peccatorem
1380 2353 1496 2409 sine
1526 2352 1631 2407 ulla
1653 2365 1811 2407 exce-

215 2458 397 2529 ptione
437 2452 842 2524 intelligendum
872 2466 993 2508 esse
1021 2449 1203 2505 dixisti
1229 2489 1244 2514 ,
1273 2446 1362 2520 qui
1393 2445 1664 2516 baptizare
1704 2459 1809 2501 non

166 2570 173 2573 “
214 2548 382 2620 possit
407 2590 423 2613 ,
457 2544 798 2617 adiungendo
836 2541 1211 2603 testimonium,
1241 2539 1309 2595 de
1337 2538 1458 2594 oleo
1493 2536 1808 2607 peccatoris.

214 2642 289 2699 Tu
316 2641 525 2707 dixisti,
548 2648 607 2695 tu
634 2637 893 2709 scripsisti
916 2654 932 2691 :
953 2644 1005 2692 te
1035 2636 1207 2707 ipsum
1233 2632 1376 2698 audi,
1397 2632 1514 2703 lege
1542 2640 1593 2686 te
1614 2630 1809 2699 ipsum.

213 2734 267 2793 Si
305 2735 487 2791 omnis
517 2741 765 2805 peccator
791 2739 1043 2801 tanquam
1076 2735 1319 2782 mortuus
1348 2738 1457 2779 non
1502 2730 1677 2794 potest
1712 2721 1810 2779 ba-

216 2830 441 2901 ptizare,
464 2842 566 2882 nec
593 2824 834 2881 occultus
860 2829 1056 2893 potest.
1085 2818 1199 2873 Non
1231 2819 1372 2872 enim
1402 2815 1524 2887 quia
1551 2815 1808 2880 occultus,

214 2922 339 2977 ideo
364 2920 516 2974 vivus
544 2925 647 2979 est;
665 2932 787 2973 cum
817 2914 984 2973 multo
1012 2910 1328 2983 profundius
1348 2908 1508 2964 etiam
1532 2904 1813 2962 mendacio

214 3013 573 3071 simulationis
600 3012 883 3081 absorptus
908 3008 995 3063 sit.
1028 3006 1203 3061 Minus
1228 3004 1373 3060 enim
1402 3012 1646 3057 mortuus
1667 2998 1813 3054 dice-

213 3118 396 3174 retur,
429 3106 688 3165 sisaltem
718 3102 1093 3159 conﬁteretur.
1120 3096 1225 3153 Sed
1253 3095 1311 3149 ﬁt
1336 3095 1389 3149 in
1423 3093 1515 3149 illo
1536 3091 1677 3163 quod
1708 3090 1815 3144 alio

212 3200 334 3257 loco
371 3199 633 3270 scriptum
674 3205 794 3253 est:
823 3194 861 3247 Α
887 3202 1084 3247 mortuo
1109 3232 1124 3257 ,
1152 3189 1281 3243 velut
1309 3186 1394 3257 qui
1425 3203 1526 3239 non
1556 3185 1651 3251 sit,
1688 3182 1815 3253 petit

211 3297 467 3368 confessio
518 3292 701 3367 (Eccli.
737 3284 1114 3357 xvn,26).A,b
1159 3286 1261 3339 isto
1310 3289 1523 3337 mortuo
1566 3278 1617 3333 in
1671 3285 1814 3333 tanta

211 3392 414 3450 mortis
449 3387 810 3461 profunditate
855 3384 1104 3439 demerso
1128 3422 1143 3447 ,
1176 3393 1312 3449 quos
1357 3376 1653 3446 baptizatos
1696 3388 1816 3431 esse

212 3482 503 3547 claruerit,
523 3495 629 3535 non
647 3476 983 3548 rebaptizatis
1008 3492 1019 3528 :
1044 3481 1099 3529 et
1124 3471 1190 3525 ab
1213 3470 1290 3525 eis
1310 3468 1628 3538 baptizatos,
1646 3465 1735 3533 qui
1764 3463 1815 3518 in

214 3575 425 3634 ultimis
456 3572 613 3628 terris
638 3586 734 3627 nec
754 3565 1044 3628 Caeciliani,
1074 3577 1174 3619 nec
1201 3558 1467 3630 Majorini,
1499 3570 1599 3611 nec
1627 3554 1816 3609 Donati

214 3682 419 3724 nomen
469 3663 795 3727 audierunt,
826 3658 1159 3728 rebaptizare
1212 3653 1256 3708 si
1311 3648 1556 3721 possitis,
1598 3647 1819 3701 minime

217 3760 513 3825 dubitatis,
546 3757 855 3827 objicientcs
893 3752 972 3808 eis
995 3792 1009 3815 ,
1043 3747 1141 3815 Qui
1176 3744 1462 3815 baptizatur
1508 3758 1541 3795 a
1584 3748 1814 3805 mortuo,

220 3855 342 3926 quid
362 3854 410 3909 ei
442 3852 646 3923 prodest
672 3848 854 3903 lauatio
881 3844 1029 3916 ejus?
1060 3850 1298 3897 mortuos
1324 3837 1563 3891 dicentes
1583 3833 1649 3888 ad
1685 3846 1819 3903 quos

222 3948 478 4003 Afrorum
533 3944 853 4002 cadaverum
879 3981 895 4007 ,
922 3935 1284 4010 quorumlibet
1328 3932 1413 3987 illa
1459 3929 1651 3985 fuerint
1676 3969 1692 3996 ,
1720 3941 1819 3982 nec

225 4058 352 4098 aura
379 4040 552 4111 potuit
582 4038 889 4109 pervenire;
921 4042 977 4088 et
1000 4038 1268 4087 mortuum
1297 4042 1405 4081 non
1428 4032 1696 4094 putantes,
1729 4020 1822 4091 qui

224 4134 501 4207 proprium
530 4138 709 4203 potest
732 4128 1001 4186 occultare
1048 4122 1331 4194 ﬂagitium;
1376 4132 1496 4173 cum
1552 4114 1821 4183 Scriptura

224 4206 455 4292 clamet,
483 4228 531 4280 Α
570 4234 768 4279 mortuo
792 4264 808 4290 ,
834 4221 965 4275 velut
1003 4218 1089 4287 qui
1118 4232 1219 4270 non
1248 4215 1311 4267 sit
1337 4254 1357 4279 ,
1381 4209 1508 4281 perit
1551 4206 1819 4279 confessio.

227 4321 377 4377 ltane
414 4319 540 4392 quia
583 4318 745 4373 ﬁctus
765 4322 1149 4379 est,mortuus
1193 4322 1309 4365 non
1342 4304 1462 4361 est?
1487 4317 1607 4359 cum
1656 4300 1826 4370 magis

227 4391 449 4486 propter
478 4413 649 4483 ipsam
680 4410 949 4464 ﬁctionem
978 4401 1210 4461 carendo
1239 4399 1429 4470 spiritu
1458 4395 1581 4450 vita;
1613 4391 1825 4464 penitus

228 4505 605 4577 exspiraverit,
637 4504 827 4558 iterum
859 4499 1069 4555 dicente
1099 4494 1377 4565 Scriptura
1402 4532 1418 4557 ,
1448 4489 1669 4547 Sanctus
1694 4486 1828 4541 enim

230 4600 460 4673 Spiritus
482 4598 763 4669 disciplina:
782 4594 940 4668 fugiet
966 4593 1140 4661 ﬁctum
1174 4587 1328 4660 (Sap.
1356 4602 1394 4650 ι,
1423 4584 1504 4655 5).
1529 4581 1717 4637 Adhuc
1736 4578 1831 4673 de-

230 4671 436 4750 fendite
464 4693 597 4747 istos
622 4698 880 4753 mortuos,
900 4694 955 4742 et
984 4684 1162 4738 vivere
1188 4680 1370 4743 dicite,
1393 4686 1453 4734 ut
1478 4685 1533 4733 et
1560 4688 1656 4730 vos
1678 4671 1833 4745 pejus

231 4786 352 4857 ipsa
380 4784 515 4841 falsa
541 4782 855 4839 defensione
885 4773 1205 4833 moriamini.

305 4877 399 4936 32.
442 4875 633 4933 Mortui
667 4881 825 4937 sunt,
858 4871 1033 4941 inquis
1063 4885 1077 4922 :
1106 4865 1201 4922 sed
1226 4861 1354 4934 quid
1379 4860 1579 4916 faceret
1598 4858 1687 4930 qui
1732 4856 1832 4912 ba-

234 4970 523 5046 ptizandus
548 4968 617 5025 ad
642 4982 738 5024 eos
766 4966 984 5039 ignarus
1013 4957 1273 5015 accessit?
1302 4954 1453 5010 Nunc
1480 4968 1607 5022 ergo
1636 4950 1830 5017 faciat,

236 5042 456 5138 quando
498 5061 590 5118 illo
617 5057 830 5134 prodito
858 5071 920 5113 se
949 5050 1164 5125 agnovit
1189 5063 1219 5103 a
1247 5054 1457 5103 mortuo
1485 5042 1831 5112 baptizatum.

236 5131 295 5215 Si
330 5158 476 5213 enim
510 5131 835 5212 conscientia
870 5155 1156 5220 propterea
1184 5139 1306 5198 laedi
1343 5152 1449 5193 non
1479 5134 1680 5207 potuit,
1712 5131 1837 5203 quia

238 5249 507 5313 nescivit;
530 5261 674 5302 nunc
702 5243 889 5314 incipit
926 5238 1047 5296 Iazdi
1069 5279 1084 5304 ,
1112 5236 1235 5307 quia
1265 5231 1426 5289 scivit
1458 5247 1473 5286 :
1503 5229 1647 5285 velut
1678 5227 1719 5282 si
1752 5236 1836 5281 tu-

240 5346 366 5399 nica
393 5341 463 5397 de
500 5337 780 5395 latrocinio
817 5332 1065 5390 nesciens
1087 5328 1373 5384 vestirctur
1391 5366 1407 5391 ,
1435 5338 1502 5379 ex
1530 5321 1623 5376 illo
1649 5318 1707 5373 ﬁt
1732 5318 1835 5372 ini-

241 5434 464 5507 quitatis
489 5431 654 5488 vestis
683 5428 793 5493 illa,
821 5440 893 5481 ex
918 5438 1024 5495 quo
1052 5416 1383 5491 cognoverit,
1406 5424 1457 5470 et
1489 5414 1603 5483 ipse
1628 5410 1839 5479 iniquus

242 5502 350 5585 nisi
396 5524 654 5597 abiecerit
686 5540 698 5577 :
731 5530 785 5578 et
806 5518 896 5591 qui
933 5516 1178 5573 nesciens
1210 5523 1430 5565 uxorem
1472 5503 1686 5561 duxerit
1712 5502 1841 5558 alie-

245 5638 395 5687 nam,
424 5635 490 5676 ex
521 5619 613 5673 illo
643 5617 700 5671 ﬁt
728 5614 935 5668 adulter
960 5653 974 5677 ,
997 5625 1061 5665 ex
1083 5621 1189 5679 quo
1207 5601 1476 5668 didicerit,
1507 5599 1610 5654 nisi
1636 5597 1839 5653 disces-

247 5714 403 5771 serit.
457 5711 690 5782 Abjiciat
730 5721 858 5780 ergo
901 5713 956 5761 et
1003 5703 1103 5757 iste
1129 5696 1460 5769 Baptismum
1486 5734 1499 5757 ,
1529 5705 1686 5761 quem
1715 5705 1775 5782 se
1810 5704 1841 5744 a

248 5816 469 5864 mortuo
519 5780 831 5877 percepisse
879 5794 1153 5868 cognovit.
1200 5786 1371 5846 [habet
1411 5784 1557 5841 enim
1597 5780 1741 5853 quod
1767 5781 1843 5877 ta-

251 5901 359 5960 ciat
395 5875 574 5958 adhuc
592 5938 609 5967 ,
633 5892 893 5966 baptizari
915 5890 1108 5953 iterm
1140 5889 1334 5958 potest.
1370 5879 1679 5945 Postremo,
1704 5875 1843 5937 scie-

1642 380 1855 449 ιιιειι
1881 378 2260 451 summano.

1919 497 1993 553 rit
2012 498 2289 565 nescierit,
2306 498 2355 557 Α
2375 504 2583 554 ηιοινιιιιθΔ
2602 496 2917 571 baptizatus,
2927 498 3059 572 quid
3075 500 3129 557 ei-
3152 500 3355 571 prodest
3373 505 3511 559 law

1918 588 1987 643 tio
2002 588 2110 658 ejus
2121 588 2175 642 ἔνι
2192 588 2659 648 Strictasententia
2672 602 2774 660 est,
2803 609 2822 644 ι
2844 591 2987 653 sicut
3003 601 3056 649 et
3077 600 3131 650 tu
3145 592 3262 664 ipse
3277 593 3498 666 clamas,

1923 704 1946 739 ‹
1969 688 2241 750 ηοωὶηθων
2263 692 2499 761 excepit:
2520 692 2567 748 A
2591 700 2821 760 mortuo,
2847 712 2869 746 ι
2889 693 3133 763 inquam,
3158 710 3187 744 ι
3202 690 3501 762 baptizatus

1916 787 1999 837 est
2019 821 2036 849 ,
2066 781 2197 841 nihil
2222 783 2273 838 ei
2302 784 2519 852 prodest
2544 785 2736 843 lavatio
2756 785 2897 856 ejus.
2913 805 2935 843 δ
2953 785 3201 843 Mandata
3225 784 3498 840 hominem

1914 870 2237 942 baptizando
2247 876 2339 946 qui
2356 877 2551 942 vivitis,
2575 878 2926 948 autvosipsos
2941 880 3115 949 potius
3126 878 3193 933 ab
3211 878 3497 934 hocerrore

1914 966 2187 1034 inlaudato,
2216 984 2284 1026 ne
2312 970 2435 1025 talia
2460 972 2738 1028 sentiendo
2766 972 3011 1042 pereatis.
3038 971 3328 1029 Contendis
3353 970 3497 1029 enim

1913 1059 2061 1116 velut
2083 1060 2341 1119 adversus
2372 1078 2459 1120 me
2486 1102 2502 1128 ,
2528 1073 2584 1118 ut
2614 1065 2815 1123 nullum
2846 1074 3125 1134 exceptum
3167 1063 3313 1121 dicas
3353 1064 3406 1121 in
3432 1077 3499 1119 eo

1913 1154 2053 1224 quod
2101 1156 2355 1226 scriptum
2383 1165 2468 1213 est
2488 1198 2507 1225 ,
2532 1157 2711 1215 Oleum
2737 1159 3019 1229 peccatoris
3047 1157 3216 1229 (Psal.
3252 1174 3381 1225 est,
3400 1157 3454 1228 5)
3479 1174 3495 1223 ;

1912 1257 1985 1315 et,
2022 1247 2121 1315 Qui
2142 1250 2423 1321 baptizatur
2442 1268 2477 1304 a
2497 1262 2693 1307 mortuo
2718 1267 2738 1306 :
2764 1267 2864 1311 nec
2894 1262 2952 1309 te
2972 1252 3143 1311 sentis
3163 1250 3362 1307 nodum
3392 1264 3498 1318 quo

1914 1338 2104 1410 ligatus
2140 1354 2199 1396 es
2226 1381 2243 1404 ,
2270 1341 2551 1401 renitendo
2595 1345 2980 1413 constringere.
3024 1342 3138 1401 Hoc
3177 1342 3321 1397 enim
3355 1356 3455 1411 ago
3477 1382 3496 1407 ,

1914 1431 2205 1503 hoeinsto,
2232 1434 2356 1491 hinc
2389 1451 2488 1491 vos
2508 1436 2574 1491 ad
2602 1437 2919 1497 mutandam.
2939 1452 3135 1495 vanam
3160 1450 3499 1506 perversam—

1913 1539 2017 1594 que
2044 1527 2371 1583 sententiam.
2390 1535 2646 1597 urgenter
2688 1528 2927 1598 impinge
2950 1568 2969 1595 ,
2991 1536 3052 1583 ut.
3077 1528 3131 1585 in
3158 1528 3279 1585 oleo
3306 1542 3498 1597 pecca-

1915 1617 2046 1671 toris
2072 1627 2125 1673 et
2154 1619 2349 1675 mortui
2371 1618 2657 1688 baptismo,
2682 1618 2859 1675 nullus
2879 1626 3145 1683 mortuus,
3172 1618 3360 1675 nullus
3374 1632 3501 1687 pec-

1913 1721 2062 1767 cator
2100 1722 2356 1783 exceptus
2380 1713 2449 1769 sit
2478 1732 2493 1770 :
2524 1715 2662 1770 sicut
2690 1723 2744 1769 tu
2772 1729 2870 1785 pro
2896 1730 2984 1773 me
3011 1715 3161 1770 velut
3190 1723 3375 1775 conm
3415 1726 3501 1767 me

1914 1801 2167 1875 loqu'eris.
2193 1805 2266 1859 Ita
2295 1806 2439 1860 enim
2468 1822 2565 1865 nec
2592 1807 2831 1862 occultus
2850 1808 3116 1877 excipitur
3144 1824 3155 1861 :
3184 1820 3293 1876 quo
3312 1802 3505 1859 everti-

1916 1903 2002 1949 tur
2026 1908 2186 1951 omne
2224 1897 2365 1966 quod
2396 1897 2664 1967 loqueris;
2697 1914 2758 1954 ac
2777 1898 2857 1955 sic
2878 1898 3213 1969 rebaptizare
3242 1906 3504 1966 coguntur

1915 1988 2007 2057 qui
2050 1997 2103 2045 te
2126 1989 2250 2044 talia
2276 1989 2574 2046 docuerunt
2595 2032 2610 2055 ,
2640 2006 2831 2046 omnes
2848 2006 2985 2060 quos
3002 1992 3072 2048 ab
3100 1990 3327 2047 occultis
3349 1986 3509 2044 malis

1916 2079 2211 2150 baptizatos
2242 2080 2293 2134 in
2325 2080 2423 2135 hac
2450 2081 2553 2136 vita
2584 2083 2824 2151 reperire
2848 2081 3141 2152 potuerint.

1987 2170 2233 2227 CAPUT.
2276 2171 2488 2227 XXVII.
2518 2203 2589 2213 —
2612 2173 2700 2229 55.
2731 2173 2868 2241 Quid
2894 2174 3045 2243 agis?
3074 2187 3179 2243 quo
3206 2181 3258 2227 te
3284 2184 3510 2228 conver-

1919 2265 2029 2321 tis?
2047 2265 2217 2322 verba.
2233 2274 2319 2321 tua
2348 2266 2451 2322 tibi.
2482 2267 2791 2322 recitantur.
2812 2266 2929 2322 Non
2953 2266 3125 2323 solum
3142 2265 3282 2323 enim
3295 2279 3357 2319 ea
3384 2278 3509 2319 cum

1917 2358 2150 2414 dicerem
2182 2373 2286 2413 non
2314 2358 2554 2415 refellisti
2579 2401 2593 2425 ,
2623 2359 2719 2414 sed
2754 2359 3002 2433 nesciens
3030 2359 3155 2429 quid
3182 2372 3360 2413 meum
3387 2357 3506 2412 ele-

1918 2454 2093 2525 geris,
2123 2452 2244 2509 aliis
2268 2452 2447 2508 verbis
2478 2462 2728 2522 tanquam
2764 2461 2910 2507 tuum
2940 2453 3041 2506 hoc
3069 2451 3209 2507 idem
3235 2451 3349 2519 ipse
3371 2448 3510 2503 disi-

1918 2547 2006 2612 sti;
2031 2555 2085 2602 et
2110 2554 2172 2603 ut.
2184 2546 2487 2616 diligentius
2508 2544 2676 2601 audiri
2699 2552 2753 2600 et
2776 2543 3102 2601 considerari
3131 2550 3331 2612 posset,
3372 2538 3507 2596 seri-

1918 2638 2091 2707 psisti,
2112 2646 2173 2692 ut
2188 2637 2280 2692 tibi
2294 2635 2727 2708 qnotieslibuerit
2744 2636 3015 2693 recitatur.
3039 2632 3325 2701 Audiergo
3345 2628 3515 2685 verba

1922 2739 2045 2796 tua;
2079 2746 2273 2802 nempe
2302 2731 2401 2785 ista
2423 2740 2577 2787 sunt:
2601 2728 2748 2796 Quod
2776 2730 2821 2783 si
2842 2728 2969 2783 idoli
2988 2728 3235 2781 cultorem
3254 2766 3270 2793 ,
3294 2722 3473 2792 inquis
3491 2761 3513 2787 ,

1920 2833 2115 2879 tantum
2154 2824 2241 2879 tibi
2267 2824 2431 2894 placet
2457 2823 2685 2892 excipere
2703 2865 2724 2889 ,
2744 2821 2875 2892 quid
2907 2820 3039 2877 illud
3068 2820 3130 2874 de
3169 2834 3269 2888 quo
3288 2816 3473 2871 dicitur
3495 2855 3512 2879 9

1926 2935 1944 2967 ι
1958 2914 2097 2970 Nolo
2112 2916 2281 2973 oleum
2307 2916 2581 2987 peccatoris
2610 2923 2767 2985 ungat
2792 2922 2946 2983 caput
2958 2929 3121 2968 meum
3137 2928 3149 2964 :
3175 2929 3195 2963 ι
3220 2920 3453 2965 utrumne
3464 2913 3517 2961 et

1921 3008 2001 3062 hic
2030 3015 2261 3076 peccator
2287 3007 2375 3062 ille
2398 3008 2537 3061 solus
2562 3015 2657 3071 est,
2688 3006 2773 3074 qui
2801 3004 2997 3058 idolum
3022 3002 3174 3065 colit,
3199 3018 3265 3055 an
3290 2997 3515 3069 quisquis

1921 3096 2055 3169 quod
2084 3115 2186 3151 non
2212 3098 2329 3151 licet
2354 3097 2622 3151 admittit?
2653 3096 2869 3163 Quodsi
2894 3107 2940 3151 et
2969 3104 3280 3165 peccatorem
3320 3099 3525 3145 tantum

1922 3191 2171 3244 cultorem
2204 3189 2335 3244 idoli.
2373 3198 2523 3259 putas
2545 3229 2561 3255 ,
2589 3187 2894 3242 christianus
2939 3202 3056 3256 ergo
3088 3187 3134 3239 si
3176 3183 3297 3254 quid
3341 3192 3519 3238 contra

1924 3284 2085 3356 legem
2130 3284 2379 3355 gesserit,
2417 3297 2645 3351 peccasse
2687 3297 2788 3334 non
2839 3278 3071 3333 dicitur?
3114 3276 3264 3342 Quod
3303 3276 3348 3329 si
3390 3273 3521 3328 nihil

1924 3377 2023 3430 dici
2059 3376 2268 3429 stultius
2287 3391 2376 3429 nec
2397 3373 2668 3428 absurdius
2691 3381 2873 3443 potest,
2901 3380 3074 3441 aperte
3102 3369 3395 3440 prtedictum
3422 3374 3516 3431 est,

1923 3481 1979 3526 ut
2020 3488 2123 3527 non
2157 3472 2299 3526 solus
2338 3468 2467 3524 idoli
2497 3469 2660 3524 cultor
2680 3510 2695 3535 ,
2725 3468 2813 3522 sed
2844 3466 3067 3538 quisquis
3118 3473 3349 3535 peccator
3390 3462 3521 3515 inter

1925 3582 2097 3621 omnes
2125 3566 2350 3619 homines
2372 3565 2544 3635 fuerit,
2566 3565 2654 3634 jus
2680 3562 2774 3616 sibi
2797 3560 3129 3632 Baptismatis
3158 3576 3260 3613 non
3288 3564 3516 3625 usurpet.

1926 3658 2051 3713 Haec
2079 3668 2224 3714 certe
2253 3674 2370 3729 qua:
2402 3657 2599 3713 inserui
2630 3655 2789 3711 verba
2819 3665 2907 3708 tua
2937 3662 3080 3707 sunt.
3120 3651 3231 3721 Ego
3258 3651 3529 3705 cultorem

1926 3749 2055 3803 idoli
2081 3764 2197 3805 non.
2217 3748 2425 3818 excepi,
2457 3748 2548 3803 sed
2582 3748 2726 3816 ipsos
2756 3746 2886 3801 deos
2912 3761 3096 3800 eorum
3130 3752 3368 3796 mortuos
3397 3755 3521 3795 esse

1926 3840 2059 3907 dixi,
2087 3855 2312 3909 quorum
2330 3837 2519 3891 anullo
2541 3836 2796 3905 baptizari
2813 3833 3008 3903 aliquid
3032 3832 3247 3903 prodest
3269 3848 3282 3884 :
3303 3831 3370 3885 ab
3391 3829 3522 3898 ipsis

1929 3934 2069 3989 enim
2100 3932 2203 3988 diis
2229 3932 2331 3987 sibi
2372 3929 2627 4000 baptizari
2654 3928 2901 3983 videntur
2922 3967 2939 3993 ,
2971 3926 3024 3979 in
3050 3939 3275 3994 quorum
3305 3922 3522 3977 nomine

1929 4040 1988 4082 se
2017 4024 2257 4080 mundari
2285 4021 2645 4079 arbitrantur:
2672 4030 2728 4074 tu
2747 4028 2923 4075 autem
2955 4017 3156 4077 nullum
3187 4023 3529 4084 peccatores»

1930 4117 2206 4187 excepisti.
2225 4115 2376 4183 Quod
2407 4119 2451 4169 si
2483 4114 2584 4169 hoc
2612 4114 2739 4169 loco
2757 4120 3002 4183 peccator
3021 4119 3076 4166 et
3099 4108 3339 4166 mortalis
3358 4107 3533 4162 homo

1931 4213 2020 4284 qui
2051 4212 2283 4282 baptizat
2310 4207 2685 4279 intelligendus
2708 4215 2809 4273 est,
2831 4205 3033 4260 nullum
3060 4211 3393 4273 peccatorem
3420 4214 3518 4256 ene

1932 4307 2161 4376 cipiens,
2184 4303 2367 4374 procul
2394 4301 2559 4359 dubio
2587 4316 2685 4356 nec
2708 4299 2977 4357 occultum
2999 4296 3276 4365 excepisti.
3299 4295 3485 4363 Aperte
3504 4333 3521 4360 ,

1935 4399 2139 4469 inquis,
2172 4396 2469 4466 praedictum
2494 4402 2567 4449 est
2590 4433 2611 4460 ,
2630 4401 2683 4446 ut
2727 4408 2829 4447 non
2867 4391 3011 4446 solue
3034 4388 3160 4443 idoli
3203 4387 3368 4443 cultor
3387 4428 3403 4453 ,
3431 4382 3521 4439 sed

1935 4491 2160 4563 quisquis
2204 4499 2436 4561 peccator
2464 4488 2595 4543 inter
2632 4502 2804 4542 omnes
2846 4485 3073 4540 homines
3109 4482 3291 4555 fuerit,
3308 4481 3403 4551 jus
3428 4477 3525 4533 sibi

1934 4585 2267 4658 Baptismatis
2302 4601 2404 4639 non
2440 4591 2664 4652 usurpet.
2700 4579 2837 4635 Audi
2873 4594 3011 4649 ergo.
3033 4587 3083 4633 te
3114 4577 3285 4648 ipsum
3321 4592 3334 4629 :
3372 4573 3526 4641 Quia-

1936 4681 2051 4752 quis
2075 4688 2325 4749 peccator,
2354 4676 2534 4731 dixisti
2560 4692 2574 4739 ;
2607 4689 2703 4730 nec
2733 4673 3093 4736 manifestum,
3128 4685 3231 4725 nec
3256 4666 3526 4724 occultum

1937 4772 2213 4840 excepisti.
2244 4766 2473 4823 Proinde
2512 4782 2613 4837 qua
2657 4765 2831 4821 ttonte
2869 4770 3065 4833 cogunt
3109 4760 3377 4832 baptizari
3406 4764 3533 4828 post

1940 4863 2314 4928 manifestum,
2342 4859 2435 4932 qui
2463 4858 2653 4913 nolunt
2679 4864 2799 4927 post
2824 4854 3092 4912 occultum
3122 4896 3138 4922 ,
3166 4853 3254 4908 ubi
3282 4856 3535 4907 asserunt

1941 4957 2212 5015 nemiuem
2262 4951 2582 5023 exceptum?
2608 4950 2754 5022 Fuge
2803 4965 2931 5021 ergo
2954 4992 2970 5017 ,
2998 4949 3163 5005 frater
3186 4989 3199 5011 ,
3229 4946 3305 5000 ab
3340 4944 3533 4998 insano

1943 5049 2211 5104 intellectu
2235 5046 2301 5103 ad
2328 5060 2539 5110 sanum,
2559 5052 2625 5099 ut
2644 5044 2705 5099 in.
2722 5043 2825 5098 hoc
2849 5041 3158 5100 testimonio
3174 5039 3241 5093 de
3260 5036 3532 5105 oleopeo-

1942 5141 2143 5197 catoris
2164 5182 2177 5203 ,
2200 5140 2341 5195 sicut
2381 5137 2656 5207 superiora
2696 5134 2937 5207 ejusdem
2980 5132 3175 5203 psalmi
3197 5128 3358 5185 venba
3390 5140 3531 5195 pes-

1944 5235 2203 5299 scribunt,
2220 5230 2466 5288 blandam
2492 5230 2838 5286 lenitudinem
2869 5227 3079 5283 fallacis
3099 5220 3393 5278 adulatorie
3407 5220 3425 5251 ³
3443 5218 3529 5273 in-

1944 5326 2153 5395 telligas
2183 5363 2196 5378 .
2228 5323 2302 5377 Ita
2336 5321 2477 5377 enim
2520 5332 2581 5378 et.
2618 5321 2797 5375 nullus
2835 5318 2939 5374 erit
2984 5321 3247 5383 exceptus
3271 5353 3285 5377 ,
3319 5319 3377 5365 et
3415 5323 3535 5365 non

1947 5419 2205 5489 impinget
2233 5416 2285 5471 in
2324 5414 2596 5485 angustias
2625 5404 3217 5482 insuperabilesmalus
3233 5401 3535 5473 baptizata:

1947 5512 2203 5569 occultus.
2233 5509 2321 5565 Sic
2363 5516 2416 5563 et
2458 5508 2508 5560 in
2544 5505 2649 5559 alio
2687 5498 2987 5557 testimonio
3009 5538 3023 5562 ,
3054 5496 3143 5551 ubi
3187 5494 3386 5550 dictum
3412 5498 3529 5557 est,

1951 5606 2052 5674 Qui
2079 5604 2362 5674 baptizatur
2390 5615 2422 5652 a
2446 5602 2645 5652 mortuo
2663 5636 2678 5662 ,
2706 5592 2839 5665 quidi
2872 5588 3155 5661 ei‘prodeet
3172 5582 3535 5657 lauatioejus?

1949 5710 2041 5758 aut
2075 5697 2278 5769 inspice
2321 5692 2602 5763 diligenter
2643 5685 2859 5743 codices
2895 5682 3147 5753 antiquos
3168 5720 3185 5749 ,
3210 5689 3267 5737 et
3302 5678 3539 5737 maxime

2017 5882 2033 5913 ι
2060 5877 2130 5927 sic
2150 5873 2333 5937 aliquot
2354 5874 2463 5920 Mss.
2491 5871 2547 5918 At
2564 5863 2700 5929 etﬁtt,
2723 5858 2973 5928 [audciam
2992 5856 3277 5919 adulatorii.
