3998 6476
489 385 596 446 487

488 513 695 575 graecos
711 541 728 568 ,
760 511 829 556 ne
874 497 1015 556 forte
1063 499 1176 569 ipsa
1217 499 1379 555 verba
1419 499 1574 556 aliter
1615 502 1918 572 conscripta
1936 541 1955 570 ,
1978 580 1983 585 ν
2006 514 2074 556 ex

488 593 812 667 praecedenti
833 602 886 649 et
899 593 1240 664 consequenti
1255 594 1598 650 contextione
1618 593 1885 653 sermonis
1910 592 2074 649 alium

488 701 707 742 sensum
751 686 995 742 intiment
1021 702 1035 740 :
1066 694 1159 740 aut
1203 692 1353 741 certe
1394 694 1634 743 mortuos
1679 685 2071 757 intelligamus,

487 778 628 834 sicut
653 777 872 843 dixi,in
906 791 1130 847 quorum
1178 778 1397 834 nomine
1434 778 1771 850 baptizantur
1811 777 2075 834 idolorum

484 870 719 926 cultores
747 911 762 938 ,
801 876 858 924 ut
883 870 952 924 ab
987 869 1081 927 illo
1110 885 1376 942 quemque
1404 871 1670 944 intelligas
1705 871 2034 944 baptizatum
2059 912 2075 940 ,

482 960 537 1017 in
567 961 717 1032 cujus
752 962 969 1019 nomine
1005 977 1065 1019 se
1104 963 1275 1020 credit
1302 978 1424 1021 esse
1449 964 1783 1021 mundatum.
1811 963 1890 1022 Ita
1934 965 2079 1022 enim

484 1060 540 1108 et
570 1052 677 1110 illic
707 1053 884 1110 nullus
913 1055 1173 1128 excipitur
1191 1096 1206 1121 ,
1238 1055 1417 1112 nullus
1440 1056 1638 1129 quippe
1667 1066 1912 1113 mortuus
1942 1057 2076 1115 deus

481 1145 816 1217 Paganorum
840 1148 1102 1205 mundare
1125 1157 1300 1220 potest
1324 1150 1605 1207 credentes
1628 1150 1683 1205 in
1708 1164 1789 1207 se.
1818 1149 1876 1206 Si
1895 1159 2073 1207 autem

481 1236 585 1295 hoc
633 1239 754 1296 loco
795 1255 1012 1298 omnem
1058 1242 1332 1300 hominem
1367 1253 1705 1315 peccatorem
1747 1244 2075 1302 intellexeris

479 1343 788 1403 mortuum;
822 1344 967 1392 tanta
1008 1351 1129 1409 quae
1163 1352 1270 1394 non
1300 1338 1382 1394 vis
1411 1345 1464 1394 te
1501 1346 1795 1409 sequentur
1820 1380 1838 1409 ,
1870 1348 1929 1394 ut
1957 1339 2071 1410 ipse

481 1426 931 1500 quemadmodum
972 1428 1121 1486 vivas
1164 1429 1405 1486 invenire
1445 1446 1553 1487 non
1606 1430 1781 1503 possis
1803 1472 1820 1500 ,
1862 1430 2074 1488 dicente

478 1517 683 1576 Joanne
699 1563 715 1589 ,
749 1521 812 1577 Si
839 1522 1115 1579 dixerimus
1138 1522 1261 1594 quia
1285 1534 1544 1596 peccatum
1566 1541 1668 1580 non
1694 1525 1951 1595 habemus,
1983 1542 2073 1582 nos

476 1610 615 1682 ipsos
630 1613 931 1683 decipimus,
958 1625 1006 1670 et
1025 1617 1210 1672 ueritas
1226 1616 1279 1671 in
1303 1617 1447 1673 nobis
1462 1634 1564 1673 non
1582 1628 1654 1674 est
1675 1618 1721 1691 (Ι
1733 1617 1889 1674 Joan.
1914 1635 1954 1687 ι,
1974 1618 2032 1692 8)
2053 1638 2068 1675 :

478 1709 536 1757 ut
561 1702 782 1760 omnino
803 1719 910 1761 non
940 1706 1182 1763 invenias
1205 1709 1475 1766 hominem
1504 1725 1534 1765 a
1562 1725 1670 1783 quo
1695 1711 2000 1784 baptizeris,
2024 1713 2070 1770 si

475 1807 690 1850 omnem
722 1807 1058 1868 peccatorem
1088 1800 1325 1859 devitarc
1352 1803 1604 1860 volueris.

545 1883 772 1967 CAPUT
801 1888 1035 1946 XXVIII.
1056 1921 1130 1933 —-
1147 1892 1237 1949 54.
1260 1893 1575 1965 Quanquam
1600 1896 1645 1950 si
1669 1910 1886 1966 prorsus
1907 1910 2059 1952 mor-

473 1985 624 2034 tuum
652 1995 760 2036 non
788 1980 1116 2055 intelligeres
1151 1984 1257 2041 nisi
1296 1985 1605 2043 haereticum
1645 1988 1733 2043 vel
1759 1989 2066 2045 schismati-

474 2081 620 2137 cum,
646 2079 705 2126 ut
726 2072 968 2145 quisquis
992 2075 1135 2146 apud
1161 2091 1256 2132 eos
1284 2077 1581 2148 baptizatur
1608 2078 1655 2132 Α
1682 2090 1903 2149 mortuo,
1944 2080 2068 2152 quid

470 2160 518 2216 ei
547 2163 748 2234 prodest
789 2165 974 2222 lauatio
1002 2167 1113 2236 eius
1138 2169 1157 2200 ¹
1188 2169 1212 2223 ?
1258 2170 1403 2241 quod
1445 2170 1594 2227 vides
1612 2212 1629 2240 ,
1660 2188 1819 2243 quam
1873 2175 2064 2243 praeci-

468 2254 565 2325 piti
598 2262 1016 2331 praesumptione
1051 2264 1130 2318 sic
1164 2263 1491 2335 accipiatur,
1535 2280 1600 2320 ac
1637 2265 1685 2321 si
1732 2266 1932 2323 dictum
1956 2269 2062 2337 sit,

467 2344 571 2414 Qui
598 2346 897 2419 baptizatur
922 2352 991 2409 ab
1029 2352 1284 2409 haeretico
1308 2355 1394 2411 vel
1422 2355 1766 2415 schismatico
1799 2376 1813 2414 :
1841 2375 1941 2417 nec
1983 2361 2063 2418 sic

473 2447 661 2494 contra
687 2455 785 2496 nos
813 2451 988 2512 esset,
1017 2445 1108 2516 qui
1144 2444 1377 2503 fatemur
1406 2447 1540 2504 nihil
1565 2450 1822 2521 prodesse
1856 2454 2059 2513 homini

465 2524 796 2598 Baptismum
825 2532 1042 2604 Christi,
1072 2536 1120 2593 si
1149 2538 1289 2608 apud
1324 2539 1606 2598 haereticos
1638 2543 1724 2600 vel
1750 2545 2057 2604 schismati-

463 2633 558 2676 cos
578 2622 877 2694 haptizetur
894 2668 910 2695 ,
941 2630 1021 2685 eis
1047 2629 1179 2701 ipsis
1206 2632 1447 2691 tribuens
1477 2635 1810 2707 Baptismum
1831 2656 1938 2713 quo
1963 2643 2058 2699 ba-

461 2712 724 2783 ptizatur;
752 2718 847 2774 sed
880 2728 1004 2778 tunc
1041 2722 1091 2779 ei
1123 2724 1382 2795 prodesse
1411 2726 1650 2799 incipere
1672 2772 1687 2796 ,
1713 2712 2059 2792 cumtransit

460 2801 531 2858 ad
556 2817 751 2878 corpus
776 2808 997 2880 Christi,
1041 2814 1185 2884 quod
1226 2826 1312 2873 est
1347 2818 1587 2876 Ecclesia
1616 2822 1713 2879 Dei
1748 2825 1873 2881 vivi.
1905 2826 2056 2884 Tunc

461 2895 606 2952 enim
633 2899 733 2956 sub
757 2902 947 2959 eodem
977 2906 1251 2976 Baptismo
1269 2910 1413 2981 quod
1442 2921 1498 2970 et
1522 2911 1652 2970 foris
1673 2915 1874 2974 Christi
1899 2928 2015 2976 erat
2033 2962 2051 2989 ,

460 2986 557 3043 sed
583 2988 712 3046 foris
747 2993 922 3064 posito
950 2996 1085 3052 nihil
1120 3000 1394 3069 proderat,
1423 3005 1682 3063 mundato
1710 3010 1953 3079 proderit
1974 2986 2046 3069 ab

459 3091 528 3136 eo
552 3083 705 3152 cujus
728 3086 984 3143 membris
1008 3088 1238 3148 insertus
1263 3102 1346 3149 est
1378 3096 1424 3150 ⁵³.

530 3170 621 3228 35.
660 3174 768 3232 Nec
809 3176 952 3233 illam
987 3187 1131 3236 tuam
1171 3182 1395 3240 nimium
1434 3200 1678 3246 severam
1722 3192 2046 3252 sententiam

457 3260 777 3336 formidabo,
808 3285 912 3341 qua
937 3271 1155 3342 dixisti,
1188 3276 1426 3351 Quisquis
1456 3293 1693 3351 peccator
1716 3287 1849 3342 inter
1876 3306 2050 3348 omnes

461 3354 688 3416 homines
712 3364 884 3432 fuerit,
908 3367 999 3437 jus
1028 3370 1123 3424 sibi
1144 3370 1476 3444 Baptismatis
1522 3396 1625 3436 non
1661 3392 1870 3454 usurpet
1896 3399 1917 3439 :
1945 3384 2049 3441 nisi

458 3452 580 3523 quia
609 3469 714 3509 non
744 3455 951 3515 invenis
985 3461 1105 3530 quis
1129 3467 1389 3522 veraciter
1414 3469 1557 3525 dicat
1578 3473 1630 3528 in
1657 3452 1911 3532 Oratione
1938 3477 2037 3533 do-

458 3542 653 3602 minica
670 3589 686 3615 ,
720 3548 929 3605 Dimitte
952 3553 1095 3609 nobis
1123 3557 1289 3612 debita
1314 3570 1508 3631 nostra,
1530 3565 1657 3619 sicut
1677 3576 1725 3621 et
1749 3585 1843 3623 nos
1872 3567 2048 3625 dimit-

463 3636 614 3695 timus
651 3640 957 3701 debitoribus
998 3650 1182 3705 nostris
1239 3651 1452 3723 (Matth.
1495 3654 1579 3725 VI,
1637 3659 1765 3734 £2);
1796 3661 1895 3717 nisi
1921 3679 2048 3734 pec-

455 3738 694 3786 catorem
720 3748 781 3789 se
808 3750 930 3792 esse
957 3737 1202 3796 fateatur.
1228 3741 1430 3800 Vellem
1452 3747 1689 3819 singulos
1714 3750 2045 3825 interrogare

454 3820 545 3890 qui
572 3822 843 3894 baptizant
860 3829 999 3899 apud
1021 3846 1136 3898 vos,
1162 3842 1337 3889 utrum
1366 3849 1673 3907 peccatores
1693 3820 2042 3905 omnino'nou

450 3911 579 3968 sint.
608 3915 790 3974 Potest
831 3919 975 3976 enim
1019 3925 1243 3995 quilibet
1271 3944 1457 3985 eorum
1505 3933 1637 3988 mihi
1676 3940 2039 4011 reSpondere,

450 4000 569 4059 Non
592 4020 710 4062 sum
738 4009 999 4081 traditor,
1045 4031 1150 4070 non
1195 4032 1310 4073 sum
1356 4019 1724 4091 thuriﬁcator,
1771 4043 1876 4085 non
1918 4044 2039 4087 sum

450 4093 683 4161 adulter,
715 4114 823 4154 non
853 4102 1137 4172 homicida,
1160 4123 1268 4163 non
1290 4109 1554 4169 idolorum
1586 4117 1779 4187 cultor,
1806 4135 1913 4176 non
1941 4136 2043 4193 po-

450 4192 652 4241 stremo
681 4186 996 4263 haereticus,
1036 4212 1140 4252 non
1184 4200 1555 4261 schismaticus
1585 4224 1598 4262 :
1631 4208 1745 4265 Non
1776 4225 1895 4267 sum
1936 4186 2033 4271 au-

450 4281 559 4330 tem
587 4288 836 4347 peccator
856 4324 872 4349 ,
912 4288 1095 4342 nescio
1124 4297 1299 4346 utrum
1338 4296 1616 4367 quisquam
1646 4302 1731 4357 vel
1775 4303 2030 4364 haeretica

451 4368 700 4436 superbia
726 4375 950 4442 reperiri
977 4380 1146 4446 possit
1171 4385 1259 4451 qui
1287 4387 1479 4443 audeat
1498 4390 1698 4457 dicere.
1727 4398 1924 4455 audeat
1942 4415 2038 4458 co-

449 4458 618 4529 gitare
651 4478 665 4516 :
694 4465 876 4519 nescio
905 4475 1082 4523 utrum
1110 4472 1391 4544 quisquam
1422 4488 1566 4536 tanto
1605 4490 1925 4557 arrogantiae
1953 4502 2036 4546 tu-

448 4566 602 4609 more
643 4566 871 4612 caecetur
892 4599 907 4624 ,
938 4568 998 4614 ut
1038 4577 1143 4617 non
1182 4563 1355 4621 dicam
1389 4584 1521 4628 voce
1558 4577 1907 4649 profiteatur;
1939 4584 2034 4640 sed

450 4646 537 4701 vel
564 4648 703 4717 apud
738 4665 798 4707 se
825 4652 998 4723 ipsum
1031 4656 1221 4714 tacitus
1250 4661 1541 4720 arbitretur
1563 4708 1579 4735 ,
1621 4684 1728 4729 non
1770 4646 2034 4734 sibiiesse

447 4740 803 4796 necessariam
830 4743 1276 4816 deprecationem,
1302 4752 1356 4808 in
1382 4770 1485 4826 qua
1516 4757 1745 4817 dicimus
1774 4765 1902 4833 Deo,
1934 4767 2033 4824 Di-

446 4828 588 4922 mitte
623 4832 765 4890 nobis
790 4836 954 4893 debita
978 4851 1170 4897 nostra.
1212 4844 1395 4918 Neque
1435 4852 1577 4906 enim
1606 4869 1703 4922 pro
1732 4858 1811 4914 eis
1840 4828 2034 4921 debitis

446 4919 777 4981 dimittendis
804 4944 1075 5001 rogamus,
1103 4951 1222 5005 quae
1251 4941 1414 4996 semel
1444 4942 1495 4997 in
1518 4919 1790 5016 Baptismo
1810 4919 2029 5012 dimissa

443 5024 565 5070 esse
588 5016 935 5111 conﬁdimus;
968 5023 1063 5079 sed
1091 5042 1190 5096 pro
1213 5028 1291 5085 eis
1317 5032 1519 5104 utique,
1549 5037 1665 5094 sine
1704 5042 1895 5111 quibus
1927 5045 2027 5103 hu-

441 5117 601 5160 mana
627 5106 882 5181 fragilitas
907 5127 1160 5187 nonest,
1209 5131 1694 5202 quantumcumque
1721 5106 1796 5190 in
1835 5137 2028 5194 obser-

442 5195 637 5254 vandis
648 5206 929 5274 praeceptis
939 5205 1221 5266 dominicis
1236 5195 1840 5293 vigilemus.Postremo,
1858 5230 2028 5286 susci-

440 5285 553 5381 piat
577 5291 668 5361 qui
689 5295 917 5352 voluerit
935 5297 1094 5371 hujus
1122 5301 1461 5375 impudentia:
1483 5312 1732 5381 frontem,
1761 5328 1816 5375 et
1827 5285 2021 5380 dicati:

439 5375 558 5437 Non
582 5395 701 5439 sum
727 5398 1009 5458 peccator;
1041 5407 1110 5450 ex
1136 5410 1244 5466 quo
1269 5398 1402 5456 mihi
1431 5401 1487 5458 in
1526 5375 1800 5478 Baptismo
1832 5375 2023 5474 cuncta

501 5555 521 5588 ί
542 5560 865 5614 Lovsnienses

433 5611 1428 5700 ΕἛ.Ξέ[ἳ³.ιιξίὶτξρζῖθβέῗ-ἷῖιὲῐιῖῗὶιῖ’σρῦἒὸ“ἱῖέέ

437 5684 674 5779 2mg:
693 5680 1070 5779 fle
1205 5680 1721 5771 ἇίὶ⁷⁷ἓῖἱὲρῖἆῆι”;”ρνῦί

437 5751 470 5789 a
485 5747 686 5811 meme,
713 5746 831 5807 quid
852 5748 917 5811 ei,
933 5746 1038 5803 etc.

458 5802 1042 5871 .‘Puommwidato

433 5818 1776 5937 summaesummae“
1795 5841 2020 5900 ’καπίθη

1153 5885 1601 5949 manbrist'ttsertus
1620 5885 1708 5953 est'.

1230 381 1501 442 CONTRA
1539 376 1971 444 CRESCONIUM
2007 378 2466 458 DONATISTAM,
2505 388 2565 448 S.
2605 391 2979 454 AUGUSTINI

3664 414 3770 472 488

2188 501 2407 561 dimissa
2444 515 2594 577 sunt,
2623 509 2831 568 nullum
2859 512 2913 568 in
2952 526 3041 569 me
3077 521 3356 585 peccatum
3379 520 3582 591 poterit
3617 522 3768 584 inve-

2182 595 2306 651 niri.
2332 597 2498 671 Magis
2524 615 2624 673 ego
2648 601 2839 659 Joanni
2881 607 3072 674 credo,
3106 616 3160 664 et
3187 611 3359 667 multo
3395 613 3647 677 ﬁdentius
3685 636 3771 678 re-

2181 690 2465 761 spondeo:
2498 694 2575 750 Te
2625 696 2798 765 ipsum
2853 697 3075 771 decipis,
3131 711 3186 758 et
3235 705 3433 762 veritas
3462 707 3518 764 in
3561 720 3616 766 te
3660 727 3770 771 non

2181 790 2282 839 est.
2339 784 2522 858 Neque
2570 787 2674 846 hoc
2722 792 2830 863 agit
2881 809 3117 866 praeceps
3168 805 3223 853 et
3281 799 3439 858 fallax
3493 803 3597 860 ista
3648 822 3771 876 pro-

2180 872 2359 943 fessio,
2390 877 2530 934 utin
2560 887 2613 937 te
2641 892 2857 952 peccata
2886 899 2994 942 non
3024 888 3362 946 inveniantur
3386 933 3403 960 ,
3432 894 3531 951 sed
3570 905 3629 952 ut
3651 872 3767 968 qua

2179 966 2520 1028 inveniuntur
2543 988 2653 1032 non
2681 975 3033 1035 dimittantur.
3065 981 3123 1037 Si
3167 997 3297 1055 ergo
3316 985 3428 1056 jam
3469 966 3768 1059 baptizatus

2178 1076 2258 1131 es,
2293 1063 2486 1121 vellem
2514 1067 2652 1124 scire
2687 1085 2846 1141 quem
2873 1075 3137 1142 repereris
3161 1078 3251 1147 qui
3281 1090 3466 1137 contra
3505 1081 3765 1145 Joannem

2176 1157 2476 1227 apostolum
2498 1159 2720 1230 diceret,
2746 1163 3029 1222 Peccatum
3058 1184 3163 1224 non
3195 1170 3390 1229 habeo.
3429 1175 3485 1232 Si
3516 1178 3663 1235 enim
3692 1190 3740 1239 ta

2176 1247 2282 1304 lem
2317 1264 2640 1324 quemquam
2670 1257 2909 1327 reperire
2933 1262 3179 1331 potuisti;
3223 1267 3493 1336 quomodo
3528 1270 3761 1343 baptiza-

2176 1350 2264 1399 tus
2290 1358 2350 1399 es
2373 1344 2442 1402 ab
2465 1360 2550 1416 eo,
2579 1350 2667 1419 qui
2698 1366 2757 1407 se
2780 1351 2953 1423 ipsum
2983 1355 3303 1427 decipiebat.
3329 1370 3386 1417 et
3411 1362 3463 1417 in
3492 1380 3604 1433 quo
3629 1369 3758 1422 veri-

2174 1443 2257 1492 tas
2281 1452 2387 1493 non
2415 1441 2575 1495 erat?
2599 1441 2655 1499 Si
2684 1452 2862 1501 autem
2892 1449 3293 1522 qualiscumque
3317 1453 3634 1513 humilitatis
3658 1475 3756 1516 non

2173 1527 2459 1587 immemor
2511 1543 2847 1604 peccatorem
2900 1554 2961 1597 se
3014 1558 3134 1598 esse
3188 1544 3439 1615 dicebat,
3494 1554 3757 1621 quomodo

2173 1621 2274 1677 sibi
2323 1624 2617 1682 secundum
2673 1637 2816 1686 tuam
2881 1636 3199 1691 sententiam
3265 1637 3357 1708 jus
3417 1640 3750 1712 Baptismatis

2170 1718 2501 1789 usurpabat?
2531 1720 2611 1777 Tu
2639 1722 2783 1779 enim
2813 1723 2992 1780 dixisti
3019 1768 3034 1794 ,
3073 1735 3128 1782 tu
3158 1730 3321 1785 etiam
3362 1733 3587 1791 minime
3619 1739 3745 1793 scri-

2167 1807 2297 1866 bere
2335 1811 2591 1880 timuisti,
2636 1824 2691 1869 ut
2732 1818 2958 1889 quisquis
3008 1830 3241 1891 peccator
3278 1823 3410 1878 inter
3450 1842 3621 1881 onmes
3666 1830 3752 1883 ho-

2168 1902 2327 1958 mines
2366 1903 2538 1973 [uerit,
2572 1907 2665 1978 jus
2693 1906 2789 1962 sibi
2813 1908 3145 1981 Baptismatis
3179 1930 3281 1968 non
3317 1929 3548 1988 usurpet.
3587 1918 3642 1975 Si
3664 1935 3755 1975 auo

2169 2001 2276 2049 tem
2321 1997 2557 2052 nondum
2600 1998 2895 2070 baptizatus
2942 2018 3037 2073 es,
3089 2015 3182 2062 aut
3223 2006 3364 2064 hanc
3411 2013 3749 2069 vanissimam

2167 2090 2488 2145 sententiam
2530 2092 2737 2165 corrige
2757 2135 2774 2162 ,
2820 2105 2912 2152 aut
2938 2110 2970 2152 a
2999 2098 3191 2170 quibus
3220 2099 3511 2173 baptizeris
3539 2108 3752 2179 angelos

2165 2195 2365 2253 quaere.

2235 2275 2325 2332 56.
2354 2275 2462 2334 Sed
2486 2280 2809 2339 arbitremur
2834 2292 2889 2341 te
2911 2288 3214 2345 convictum
3244 2294 3564 2363 correxisse,
3604 2298 3751 2367 Quis-

2161 2375 2272 2444 quis
2298 2392 2355 2431 eo
2381 2380 2593 2436 crimine
2628 2383 2765 2453 quod
2802 2385 2960 2439 nostri
3007 2387 3290 2459 objiciunt,
3344 2401 3581 2461 peccator
3621 2394 3751 2449 inter

2162 2483 2333 2524 omnes
2359 2470 2586 2527 homines
2622 2476 2812 2546 fuerit,
2844 2477 2936 2547 jus
2963 2478 3059 2533 sibi
3088 2478 3418 2551 Baptismatis
3451 2500 3556 2538 non
3594 2502 3748 2539 usur-

2160 2571 2261 2632 pet.
2292 2561 2476 2633 Neque
2519 2566 2621 2622 hoc
2661 2577 2847 2623 contra
2891 2584 2991 2625 nos
3033 2583 3148 2638 eSt;
3181 2575 3301 2643 quia
3334 2575 3379 2630 si
3421 2578 3582 2632 etiam
3631 2579 3750 2635 talis

2158 2655 2493 2724 usurpaverit
2527 2664 2580 2712 et
2623 2657 3002 2729 dederit,,non
3046 2679 3168 2719 eum
3210 2665 3308 2720 sibi
3351 2682 3610 2739 usurpare
3649 2670 3748 2726 de-

2156 2744 2337 2802 buisse
2374 2747 2494 2805 dico
2517 2790 2533 2816 ,
2579 2765 2686 2806 non
2724 2762 2900 2808 autem
2941 2754 3153 2811 dedisse
3184 2773 3287 2812 non
3313 2758 3453 2814 dico.
3501 2761 3591 2817 Ille
3617 2777 3749 2819 vero

2154 2839 2247 2911 qui
2271 2842 2497 2913 accepit,
2522 2843 2566 2899 si
2594 2843 2753 2899 homo
2773 2846 2947 2903 bonus
2965 2848 3032 2904 ab
3059 2849 3276 2906 homine
3304 2853 3464 2917 malo,
3493 2854 3538 2909 si
3574 2854 3748 2912 fidelis

2153 2945 2186 2987 a
2215 2931 2440 3004 perﬁdo,
2471 2935 2514 2991 si
2542 2937 2660 3006 pius
2685 2938 2753 2993 ab
2778 2939 2979 3010 impio;
3017 2943 3373 3012 perniciosum
3409 2946 3513 3001 erit
3554 2947 3743 3017 danti,

2151 3042 2261 3084 non
2287 3029 2584 3100 accipienti.
2605 3030 2739 3088 Illud
2768 3034 2962 3106 quippe
2982 3046 3222 3093 sanctum
3246 3039 3383 3094 male
3402 3048 3639 3098 utentem
3654 3043 3743 3112 ju-

2151 3120 2313 3191 dicat,
2333 3122 2471 3179 bene
2483 3132 2717 3182 utentem
2738 3129 2756 3160 ί
2773 3130 3092 3189 sanctiﬁcat.
3105 3132 3162 3188 Si
3178 3144 3352 3189 autem
3370 3144 3425 3190 et
3440 3136 3528 3191 ille
3542 3137 3632 3207 qui
3654 3152 3746 3193 π-

2151 3215 2313 3284 cepit,
2338 3215 2517 3287 inique
2543 3219 2776 3289 accepit;
2798 3236 2896 3277 nec
2928 3222 3005 3278 sic
3043 3225 3349 3292 rescissum,
3368 3228 3462 3282 sed
3480 3230 3744 3299 agnitum,

2149 3307 2289 3378 quod
2302 3323 2556 3378 perverso
2568 3310 2798 3381 oberat’,
2815 3324 3057 3371 correcto
3067 3318 3303 3387 proderit
3317 3317 3743 3379 Sacramentum.

2222 3398 2449 3456 CAPUT
2487 3401 2684 3459 XXIX.
2710 3434 2784 3446 —-
2810 3406 2899 3462 37.
2931 3407 3020 3464 Sic
3047 3410 3189 3465 enim
3219 3420 3270 3466 te
3300 3413 3495 3481 putabo
3516 3414 3742 3485 dixisse,

2149 3505 2256 3548 non
2286 3493 2420 3564 jam,
2452 3495 2695 3567 Quisquis
2720 3511 2971 3569 peccator,
3001 3504 3124 3573 quia
3150 3503 3250 3558 nisi
3281 3504 3459 3575 fallor,
3486 3508 3597 3577 jam
3624 3524 3748 3565 cer-

2148 3583 2234 3640 nis
2262 3601 2421 3656 quam
2450 3597 2650 3644 temere
2688 3590 2888 3646 dictum
2926 3594 3029 3659 sit;
3078 3594 3173 3650 sed
3196 3638 3213 3664 ,
3260 3594 3508 3652 Peccator
3539 3602 3746 3672 qualem

2149 3680 2308 3732 nostri
2346 3680 2647 3749 describunt,
2678 3686 2903 3758 quisquis
2932 3689 3063 3743 inter
3090 3706 3263 3746 omnes
3289 3692 3515 3748 honmtes
3544 3696 3707 3763 fuerit
3727 3738 3742 3765 ,

2138 3770 2228 3841 jus
2280 3770 2376 3826 sibi
2417 3773 2749 3847 Baptismatis
2818 3797 2919 3836 non
2971 3792 3179 3852 usurpet
3226 3799 3247 3838 :
3289 3787 3743 3856 quemadmodum

2145 3863 2399 3934 scriptum
2449 3874 2532 3923 est
2557 3909 2573 3935 ,
2606 3867 2867 3927 Peccatori
2927 3883 3095 3929 autem
3159 3876 3281 3931 dicit
3332 3877 3493 3946 Deus,
3548 3880 3743 3953 thuid

2145 3962 2198 4007 tu
2225 3971 2432 4010 enarras
2445 3959 2840 4029 justi/icationes
2866 3981 3033 4033 meas,
3066 3975 3112 4020 et
3139 3970 3355 4023 assumis
3381 3979 3740 4026 testamentum

2143 4062 2311 4100 meum
2348 4065 2437 4119 per
2465 4065 2521 4105 os
2547 4059 2688 4106 tuum
2709 4053 2736 4107 ?
2760 4053 2829 4109 Et
2862 4063 2923 4111 ut
2950 4058 3258 4115 ostenderet
3287 4062 3433 4131 quali
3465 4066 3739 4133 peccatori

2143 4139 2248 4195 hoc
2277 4140 2513 4214 diceret,
2547 4161 2613 4202 ne
2641 4162 2831 4204 omnes
2869 4148 3113 4208 homines
3141 4168 3167 4208 a
3196 4155 3539 4224 praedicando
3569 4160 3737 4216 verbo

2141 4233 2258 4304 ejus
2296 4251 2416 4293 sese
2449 4238 2819 4311 abstinerent,
2860 4245 2949 4315 qui
2994 4261 3092 4302 nec
3126 4248 3326 4305 sentire
3364 4250 3602 4319 audent,
3634 4268 3736 4311 nec

2141 4324 2322 4383 dicere
2349 4343 2407 4385 se
2439 4341 2747 4399 peccatores
2778 4351 2884 4390 non
2911 4350 3052 4403 esse,
3086 4340 3346 4410 sequitur,
3375 4357 3608 4414 eumque
3633 4344 3735 4402 de-

2138 4420 2322 4476 scribit
2350 4440 2363 4476 :
2393 4422 2473 4476 Tu
2500 4441 2616 4480 vero
2644 4427 2795 4481 odisti
2817 4429 3140 4499 disciplinam
3158 4473 3172 4496 ,
3203 4441 3250 4487 et
3273 4435 3496 4504 abiecisti
3530 4453 3732 4493 sermo-

2138 4529 2226 4567 nes
2254 4531 2389 4569 meos
2418 4527 2531 4587 post
2560 4529 2624 4573 te.
2661 4519 2732 4576 Os
2760 4530 2903 4576 tuum
2928 4524 3205 4580 abundavit
3228 4527 3444 4596 malitia,
3473 4540 3521 4584 et
3549 4530 3733 4603 lingua

2138 4612 2225 4657 tua
2251 4606 2486 4675 amplexa
2528 4618 2599 4664 est
2636 4610 2972 4668 dolositatem.
3021 4614 3084 4670 Si
3126 4617 3326 4673 uidebas
3364 4622 3563 4692 furem,
3609 4639 3733 4677 con-

2136 4696 2372 4751 currebas
2400 4699 2479 4765 ei;
2505 4710 2551 4755 et
2574 4718 2689 4757 cum
2717 4705 2963 4762 adulteris
2984 4710 3263 4779 portionem
3307 4720 3445 4768 tuam
3474 4714 3720 4785 ponebas.

2137 4786 2333 4845 Sedens
2356 4791 2596 4849 adversus
2629 4800 2839 4869 fratrem
2864 4810 3003 4855 tuum
3034 4802 3328 4861 detrahebas
3346 4848 3362 4873 ,
3402 4815 3451 4860 et
3479 4807 3726 4863 adversus
3772 4884 3779 4889 θ

2135 4880 2300 4953 ﬁlium
2311 4888 2486 4941 matris
2500 4898 2600 4943 tute
2611 4890 2830 4956 ponebas
2838 4894 3138 4950 scandalum
3157 4895 3328 4969 (Psal.
3350 4914 3493 4966 xux,
3522 4900 3703 4972 16-20)
3712 4941 3725 4953 .

2135 4973 2247 5029 Tali
2278 4990 2407 5049 ergo
2437 4982 2701 5049 peccatori
2738 4982 2896 5051 dicit,
2932 4984 3124 5055 lltquid
3148 4998 3203 5043 tu
3230 5005 3442 5045 enarras
3460 4993 3725 5063 justiﬁcaé

2134 5068 2291 5125 tiones
2307 5088 2461 5136 meas,
2488 5083 2535 5128 et
2554 5078 2768 5133 assumis
2786 5086 3135 5135 testamentum
3154 5098 3319 5138 nicum
3339 5101 3429 5154 per
3451 5100 3507 5138 os
3537 5094 3684 5139 tuum
3701 5084 3729 5139 Ρ

2132 5159 2406 5234 Tanquam
2432 5165 2668 5252 diceret,
2695 5169 2919 5227 Frustra
2946 5172 3049 5229 hoc
3076 5173 3207 5231 facis
3236 5194 3250 5231 :
3279 5186 3538 5247 quantum
3568 5178 3636 5233 ad
3671 5187 3724 5233 te

2130 5258 2339 5328 attinet,
2369 5276 2475 5316 non
2506 5263 2599 5319 tibi
2624 5265 2869 5335 prodest;
2894 5267 2997 5325 hoc
3019 5269 3112 5326 tibi
3132 5269 3199 5326 ad
3216 5270 3474 5340 judicium
3497 5273 3724 5328 damna-

2129 5349 2311 5417 tionis,
2345 5366 2454 5407 nou
2480 5353 2546 5410 ad
2577 5358 2825 5414 meritum
2866 5361 3054 5417 salutis
3082 5362 3300 5419 valebit.
3329 5363 3719 5422 Verumtamen

2127 5441 2175 5497 si
2202 5441 2362 5498 etiam
2390 5445 2478 5501 tali
2506 5457 2785 5518 peccatore
2807 5461 3060 5511 narrante
3079 5454 3485 5526 justiﬁcationes
3515 5458 3632 5525 Dei,
3665 5468 3721 5516 et

2127 5545 2432 5597 assumente
2460 5548 2836 5602 testamentum
2861 5546 2978 5618 ejus
3002 5562 3098 5620 per
3121 5563 3183 5606 os
3211 5566 3391 5621 suum,
3423 5552 3501 5609 illi
3524 5552 3614 5623 qui
3653 5568 3719 5609 cx

2188 5724 2207 5795 ξ
2230 5725 2306 5795 sic
2331 5737 2512 5795 omnes
2522 5735 2628 5779 Mss.
2655 5735 2709 5780 At
2733 5729 2868 5795 editi,
2896 5731 3016 5795 bene
3033 5729 3366 5795 accipientem.

2185 5788 2207 5818 ³
2229 5788 2622 5903 Editi,_quodmper
2653 5804 2704 5843 se
2725 5788 2910 5865 aberat.
2936 5793 3084 5856 MaIe;
3110 5788 3220 5845 nam
3241 5800 3596 5868 sacramentum
3619 5805 3715 5878 per

2195 5862 2387 5901 noema
2433 5867 2461 5903 ιν
2551 5861 2644 5903 est.
2693 5861 2863 5903 verius
2886 5869 3007 5903 emo
3049 5864 3155 5903 Im.
3200 5857 3317 5903 duo.
3338 5862 3715 5903 avairannensis

2119 5861 2178 5901 se
2195 5857 2387 5923 nonnisi
2433 5857 2665 5923 modesta
2693 5857 2863 5905 verius
2886 5869 3007 5923 ergo
3049 5864 3155 5907 uss.
3200 5857 3317 5921 duo,
3338 5857 3715 5923 cygirannensis

2122 5915 2505 5981 acceorgianus,
2536 5914 2665 5982 quod
2682 5930 2908 5983 perverso
2936 5914 3116 5972 6berat.
