3998 6480
230 559 359 629 ejus
382 576 481 617 ore
504 564 748 630 audiunt,
779 566 1029 633 credant,
1071 569 1285 637 faciant,
1317 573 1621 640 proﬁciant;
1652 589 1829 629 nonne

226 652 334 708 illo
357 656 650 725 reprobato
682 657 1040 716 laudabuntur
1058 704 1073 730 ,
1102 663 1197 718 illo
1225 665 1437 736 culpata
1462 666 1830 736 justiticabun-

225 752 346 807 tur,
374 745 473 799 illo
503 746 755 804 damnato
784 753 1212 819 coronabuntur;
1243 756 1488 826 quoniam
1513 768 1831 813 curaverunt

227 834 467 890 obedire
490 837 718 894 Domino
743 840 961 908 dicenti,
995 844 1121 912 Quae
1143 846 1350 912 dicunt,
1383 848 1566 917 facite;
1596 866 1708 921 qua:
1736 866 1830 903 au-

220 930 332 976 tem
361 927 584 994 faciunt,
620 932 787 1000 facere
813 933 966 988 nolite
994 950 1011 987 τ
1037 934 1212 988 dicunt
1236 938 1365 990 enim
1386 980 1400 1003 ,
1434 949 1480 992 et
1509 955 1608 993 non
1636 941 1830 1011 faciunt

220 1014 451 1085 (Matth.
481 1035 639 1086 χχιιι,
672 1024 767 1092 5)?
792 1022 941 1081 Sicut
968 1041 1095 1096 ergo
1116 1028 1217 1083 iste
1241 1040 1508 1098 peccator,
1538 1033 1581 1086 si
1607 1033 1695 1101 jus
1724 1034 1826 1090 sibi

220 1108 564 1174 pradicaudi
598 1118 901 1171 testamenti
931 1117 1098 1173 divini
1140 1124 1506 1191 usurpaverit,
1554 1125 1652 1179 sibi
1694 1126 1825 1183 nihil

216 1198 471 1266 prodest,
518 1204 861 1264 audientibus
889 1219 1066 1266 autem
1097 1221 1152 1268 et
1182 1212 1495 1271 facientibus
1522 1232 1625 1272 non
1668 1219 1781 1290 ipse
1804 1262 1820 1288 ,

216 1288 322 1344 sed
366 1294 517 1362 quod
560 1297 819 1367 przedicat
859 1302 1075 1370 prodest
1104 1321 1118 1358 :
1146 1304 1219 1359 ita
1247 1314 1301 1360 et
1344 1307 1436 1363 ille
1472 1308 1560 1378 qui
1590 1288 1820 1378 jus‘Ba-

207 1380 498 1449 ptismatis
529 1387 632 1442 sibi
677 1404 936 1460 usurpare
985 1409 1089 1447 non
1138 1394 1353 1461 debuit,
1396 1398 1494 1455 sibi
1535 1408 1692 1455 nocet
1731 1402 1819 1472 qui

208 1470 426 1531 bonum
456 1479 600 1537 male
630 1484 929 1555 usurpavit,
974 1500 1083 1544 non
1108 1489 1157 1544 ei
1182 1490 1272 1560 qui
1304 1490 1505 1547 bonum
1530 1492 1672 1550 bene
1697 1470 1820 1565 per-

202 1567 383 1635 cepit.

198 1690 207 1701 ι
276 1658 529 1716 CAPUT
581 1663 750 1721 XXX.
775 1698 845 1708 —
868 1669 956 1725 38.
990 1670 1152 1727 Vides
1178 1688 1285 1727 non
1315 1675 1485 1730 solum
1515 1684 1567 1734 te
1591 1693 1699 1733 non
1721 1692 1818 1750 po-

204 1749 392 1806 tuisse
420 1752 672 1812 refellere
696 1759 837 1829 quod
865 1776 965 1831 ego
991 1770 1175 1818 contra
1204 1764 1520 1821 Petilianum
1557 1768 1688 1835 dixi,
1720 1749 1815 1825 sed

208 1853 418 1910 quanta
451 1845 572 1903 luce
609 1850 849 1906 veritatis
885 1853 1058 1909 modis
1088 1857 1336 1911 omnibus
1374 1857 1651 1915 refellatur
1674 1860 1814 1931 quod

205 1942 403 1989 contra
433 1953 521 1991 me
550 1938 665 2009 ipse
690 1941 891 1998 dixisti.
922 1945 985 1999 Et
1017 1946 1191 2002 adhuc
1217 1950 1391 2019 pergis
1412 1957 1468 2005 et
1496 1951 1648 2021 dicis,
1678 1954 1816 2024 quod

201 2038 426 2081 causam
451 2040 681 2085 nostram
706 2049 808 2087 non
830 2035 1040 2103 probam
1062 2039 1329 2109 faciamus,
1352 2050 1401 2095 et
1420 2043 1638 2109 quodam
1664 2046 1814 2100 modo

199 2132 508 2189 peccatores
537 2141 629 2179 nos
657 2143 763 2181 esse
786 2128 1056 2197 fateamur,
1088 2133 1325 2201 quoniam
1354 2133 1475 2187 dum
1514 2136 1657 2191 nobis
1682 2139 1812 2208 obji-

202 2212 338 2265 citur
367 2255 380 2275 ,
429 2216 524 2285 jus
566 2215 894 2287 Baptismatis
920 2236 1022 2292 qua
1060 2222 1203 2277 nobis
1248 2224 1447 2278 licentia
1472 2226 1811 2293 uindicemus;

197 2322 303 2359 non
341 2310 413 2361 de
443 2311 623 2363 merito
647 2320 883 2377 actuum,
934 2330 1037 2369 non
1063 2315 1126 2369 de
1150 2317 1439 2371 innocentia
1484 2320 1597 2375 vitae
1621 2329 1810 2376 tracta-

198 2414 345 2461 mus,
392 2401 490 2452 sed
521 2402 818 2471 cuicumque
847 2405 998 2459 licere
1021 2406 1257 2462 dicimus.
1307 2408 1537 2466 Attende
1564 2421 1711 2468 certe
1740 2428 1807 2469 ex

199 2488 283 2543 his
310 2506 441 2559 qua:
463 2492 603 2547 dicta
627 2504 773 2563 sunt,
798 2510 905 2552 non
934 2498 1252 2571 cuicumque
1273 2501 1435 2557 licere
1461 2518 1560 2559 nos
1583 2504 1803 2573 dicere;

197 2582 291 2633 sed
323 2583 375 2637 ci
414 2597 631 2651 poenam
663 2599 819 2654 esse,
862 2589 953 2659 qui
983 2602 1227 2645 sanctum
1267 2600 1463 2649 tractat
1487 2595 1705 2662 illicite;
1752 2607 1808 2653 ct

195 2684 320 2724 eum
375 2687 506 2728 esse
549 2676 922 2747 corrigendum
950 2722 963 2746 ,
1006 2695 1114 2735 non
1158 2692 1400 2737 sanctum
1440 2686 1582 2755 quod
1623 2687 1805 2744 illicite

194 2770 419 2831 tractat,
458 2766 641 2821 illicite
660 2769 1070 2827 rescindendum
1105 2790 1119 2827 :
1149 2774 1287 2829 sicut
1309 2774 1553 2833 homines
1582 2793 1689 2833 non
1719 2779 1798 2835 le-

192 2855 388 2923 gitime
432 2858 553 2928 lege
580 2867 791 2916 utentes
819 2862 1011 2934 corrigi
1055 2865 1337 2931 volumus,
1384 2883 1492 2923 non
1527 2869 1695 2941 ipsam
1723 2872 1800 2928 le.

192 2962 320 3014 gem
364 2950 573 3005 irritam
601 2952 877 3021 ducimus;
912 2957 1049 3013 sicut
1086 2959 1177 3015 Dei
1206 2967 1585 3018 testamentum
1617 2964 1801 3022 illicite

193 3052 296 3106 per
319 3055 384 3095 os
413 3057 570 3096 suum
598 3056 958 3104 assumentem
984 3052 1429 3122 reprehendimus
1449 3097 1464 3123 ,
1491 3070 1597 3112 non
1622 3058 1796 3128 ipsum

190 3138 588 3189 testamentum
634 3152 890 3209 negamus
916 3150 1008 3197 aut
1047 3144 1340 3201 scindimus
1374 3164 1386 3201 :
1422 3162 1520 3204 nec
1549 3149 1670 3206 idco
1697 3166 1797 3210 nos

190 3226 515 3291 peccavisse
543 3228 881 3298 conﬁtemur,
915 3233 1037 3302 quia
1062 3243 1117 3290 et
1145 3234 1198 3291 in
1229 3246 1513 3306 peccatore
1542 3242 1683 3309 quod
1714 3252 1797 3299 est

187 3313 365 3382 ipsius
394 3317 778 3387 improbamus,
802 3323 943 3391 quod
972 3333 1149 3381 autem
1182 3326 1278 3383 Dei
1308 3336 1388 3384 est
1416 3329 1743 3388 bonoramus
1775 3351 1790 3389 :

185 3408 318 3475 quia
371 3408 428 3460 in
462 3410 625 3463 Deum
664 3412 971 3469 credentem
1002 3431 1106 3471 non
1135 3432 1202 3472 ex
1245 3422 1467 3475 occultis
1496 3421 1743 3479 humanis
1771 3425 1790 3457 ⁸

182 3499 445 3568 pendere
473 3502 732 3570 volumus,
760 3506 853 3561 sed
875 3508 927 3561 in
958 3508 1184 3563 Domino
1207 3511 1422 3581 gloriari
1448 3513 1515 3569 de
1536 3530 1641 3586 quo
1666 3531 1789 3572 cer-

180 3600 272 3646 tus
300 3601 393 3646 est
414 3635 429 3657 ,
465 3594 826 3653 admonemus.
858 3599 1043 3671 Neque
1071 3602 1213 3657 enim
1239 3612 1295 3658 et
1320 3606 1608 3675 Apostolus
1632 3610 1788 3666 malas

180 3694 298 3736 sum
324 3684 673 3741 conscientitc
698 3688 1005 3759 difﬁdebat,
1047 3692 1143 3748 sed
1174 3708 1325 3763 spem
1364 3696 1632 3754 credentis
1660 3702 1785 3770 poni

179 3772 409 3827 nolebat
454 3774 505 3827 in
538 3775 780 3845 homine,
824 3782 959 3835 etin
1002 3783 1114 3838 Deo
1156 3786 1417 3841 stabiliter
1446 3790 1780 3859 collocabat,

154 3924 155 3927 η
180 3877 304 3919 cum
325 3866 559 3933 diceret,
588 3869 766 3941 Neque
789 3875 876 3943 qui
905 3876 1102 3945 plantat
1143 3888 1217 3932 est
1245 3880 1441 3953 aliquid
1460 3921 1473 3946 ,
1502 3899 1660 3953 neque
1696 3886 1786 3955 qui

180 3957 347 4027 rigat;
388 3961 484 4013 sed
511 3964 597 4031 qui
638 3964 996 4022 incrementum
1022 3968 1111 4023 dat
1149 3969 1289 4034 Deus
1333 3973 1377 4045 (Ι
1408 3972 1528 4029 Cor.
1569 3992 1625 4032 tu
1649 4020 1665 4045 ,
1699 3979 1778 4051 7).

176 4046 293 4102 Non
320 4055 511 4120 Itaque
539 4068 655 4119 nos,
688 4055 926 4113 dicentes
952 4060 1094 4129 quod
1122 4062 1378 4132 scriptum
1404 4073 1507 4131 est,
1538 4066 1660 4122 Non
1688 4046 1781 4125 no-

176 4139 269 4203 bis,
319 4140 572 4211 Domine,
625 4161 729 4200 non
774 4148 935 4216 nobis,
982 4151 1071 4205 sed
1109 4155 1301 4208 nomini
1342 4166 1427 4211 tuo
1456 4160 1523 4211 da
1560 4161 1779 4231 gloriam

178 4231 349 4301 (Psal.
386 4249 521 4289 cxut
546 4277 559 4299 ,
606 4238 659 4307 l)
686 4279 699 4301 ,
734 4253 1046 4297 accusamus
1074 4254 1311 4300 nostram
1347 4250 1772 4309 conscientiam:

171 4323 269 4377 sed
307 4340 407 4380 vos
452 4326 505 4380 in
549 4326 823 4385 hominum
858 4333 1099 4389 moribus
1136 4328 1341 4391 eorum'
1367 4352 1518 4409 spem
1548 4342 1637 4411 qui
1679 4342 1776 4401 ba-

171 4415 451 4482 ptizantur
478 4420 604 4488 poni
639 4421 915 4492 volentes,
945 4440 1053 4482 non
1094 4430 1385 4500 agnoscitis
1413 4442 1649 4490 vestram
1673 4447 1770 4492 su-

169 4507 443 4575 perbiam.

235 4598 480 4657 CAPUT
501 4601 861 4662 XXXl.—59.
875 4606 1179 4680 Quid,quod
1195 4613 1353 4667 etiam
1368 4613 1506 4670 beati
1521 4615 1769 4687 Cypriani

168 4693 507 4748 mentionem
530 4693 705 4751 facere
726 4698 953 4768 audetis,
982 4702 1128 4756 velut
1153 4702 1243 4758 ille
1268 4713 1451 4761 auctor
1478 4707 1548 4762 sit
1574 4717 1769 4765 vestra:

166 4782 490 4853 divisionis,
534 4795 711 4844 tantus
746 4790 997 4848 defensor
1033 4796 1311 4851 catholica:
1349 4801 1564 4856 unitatis
1591 4810 1645 4857 et
1674 4817 1769 4873 pa-

166 4878 278 4933 cis?
308 4879 504 4933 Primo
531 4890 649 4936 esto
689 4882 740 4936 in
780 4883 1015 4940 Ecclesia
1040 4926 1055 4953 ,
1096 4902 1254 4957 quam
1286 4900 1497 4946 constat
1534 4895 1768 4952 tenuisse

164 4981 223 5023 ac
249 4971 584 5038 praedicasse
610 4973 929 5045 Cyprianum
955 4992 970 5042 ;
1004 4986 1059 5031 et
1086 4986 1210 5033 tunc
1234 4980 1374 5036 aude
1400 4982 1547 5038 velut
1576 4996 1763 5041 aucto-

162 5075 271 5116 rem
302 5064 598 5120 sententiae
625 5074 728 5121 tute
754 5070 1031 5125 nominare
1058 5070 1382 5142 Cyprianum
1409 5092 1423 5129 :
1448 5076 1619 5145 primo
1640 5078 1763 5133 imi-

165 5162 277 5209 tare
303 5158 571 5227 pietatem
602 5158 1064 5233 humilitatemque
1091 5162 1362 5236 Cypriani,
1397 5176 1454 5223 et
1481 5177 1608 5225 tunc
1631 5186 1760 5241 pro-

158 5242 237 5303 {er
262 5248 562 5303 concilium
592 5248 865 5321 Cypriani.
914 5253 1024 5309 Nos
1052 5255 1196 5310 enim
1247 5259 1449 5315 nullam
1493 5261 1761 5334 Cypriano

159 5336 388 5394 facimus
432 5339 703 5410 injuriam,
734 5358 854 5399 cum
886 5346 1000 5415 ejus
1029 5349 1295 5416 quaslibet
1322 5351 1568 5423 litteras,
1608 5371 1637 5410 a
1668 5371 1760 5412 ca-

158 5434 349 5486 nonica
401 5433 708 5490 divinarum
756 5437 1150 5508 Scripturarum
1198 5447 1517 5501 auctoritate
1564 5448 1759 5505 distin-

156 5526 396 5591 guimus.
430 5524 615 5597 Neque
644 5530 785 5583 enim
828 5532 945 5586 sine
974 5548 1133 5587 causa
1166 5543 1271 5589 tam
1300 5538 1499 5592 salubri
1526 5540 1757 5609 vigilan-

158 5616 223 5669 lia
257 5632 443 5671 canon
465 5619 861 5677 ecclesiasticus
881 5625 1202 5681 constitutus
1223 5636 1326 5693 est,
1349 5628 1416 5683 ad
1437 5644 1598 5699 quem
1623 5634 1756 5687 certi

155 5707 557 5781 Prophetarum
588 5722 643 5766 ct
671 5714 1048 5784 Apostolorum
1078 5718 1197 5774 libri
1233 5720 1570 5791 pertineant,
1614 5739 1752 5795 quos

217 5886 229 5950 _’
260 5887 337 5958 sic
364 5885 548 5958 aliquot
582 5897 689 5939 Mss.
718 5889 805 5958 Alii
825 5892 1035 5958 quidam,
1060 5908 1123 5944 ex
1147 5896 1341 5949 occultis
1364 5897 1587 5955 humanm
1629 5913 1749 5958 con-

424 5943 559 6007 tiliti,
584 5964 648 6000 ea;
672 5943 866 6001 occultis
888 5943 1474 6015 hominum

446 6034 675 6097 SANCT.
724 6041 1002 6102 AUGUST.
1034 6041 1147 6104 IX.

1563 458 1766 516 LIBER
1804 460 2176 524 SECUNDUS.

3424 495 3528 553 490

1945 582 2165 637 omnino
2184 584 2422 654 judicare
2444 606 2550 648 non
2574 596 2882 665 audeamus,
2908 609 2963 656 et
2989 604 3279 659 secundum
3302 621 3435 677 quos
3455 609 3523 664 de

1941 675 2154 730 cmteris
2180 677 2373 736 litteris
2412 685 2494 740 vel
2523 687 2760 746 ﬁdelium
2789 694 2871 749 vel
2912 695 3203 753 infidelium
3248 675 3415 756 libere
3437 703 3527 772 ju-

1941 761 2206 824 dicemus.
2242 771 2507 841 Proinde,
2536 793 2657 835 cum
2684 781 2825 838 dicat
2858 785 3142 855 Apostolus
3162 832 3175 854 ,
3207 792 3358 859 cujus
3390 761 3523 861 Epi-

1940 857 2096 911 stulae
2128 859 2181 914 in
2208 866 2523 923 auctoritate
2557 874 2810 930 canonica
2840 876 3019 946 vigent
3042 920 3056 942 ,
3107 857 3361 951 Quotquot
3403 857 3522 956 ergo
3608 940 3609 943 η

1937 952 2165 1021 perfecti,
2198 955 2293 1010 hoc
2321 961 2617 1031 sapiamus;
2638 976 2683 1020 et
2706 969 2750 1022 si
2774 971 2896 1039 quid
2916 974 3064 1027 aliter
3091 976 3289 1045 sapitis,
3315 979 3370 1031 id
3389 952 3517 1050 quo-

1935 1055 2030 1109 que
2053 1045 2191 1099 vobis
2219 1046 2358 1105 Deus
2377 1054 2614 1109 reuelabit
2638 1059 2656 1090 ¹
2683 1058 2939 1134 (Philipp.
2978 1080 3065 1133 ιιι,
3098 1067 3187 1138 15)
3222 1086 3234 1122 :
3268 1045 3521 1140 quamdiu

1933 1133 2093 1189 aliter
2121 1140 2297 1209 sapuit
2325 1140 2627 1215 Cyprianus
2650 1192 2664 1215 ,
2696 1152 2739 1205 si
2770 1133 2965 1225 scripta
2992 1157 3106 1227 ejus
3150 1133 3268 1215 esse
3284 1133 3519 1217 -c0nslat

1933 1239 2052 1293 quae
2078 1244 2176 1298 pro
2197 1232 2347 1288 vobis
2374 1237 2691 1305 proferenda
2712 1245 3041 1304 arbitramini
3068 1266 3082 1314 ;
3114 1255 3364 1323 quamdiu
3389 1271 3518 1327 ergo

1929 1318 1999 1375 de
2028 1321 2126 1378 hac
2156 1340 2216 1381 re
2244 1328 2402 1385 aliter
2428 1335 2605 1403 sapuit
2631 1351 2786 1406 quam
2816 1341 3009 1398 veritas
3042 1344 3347 1417 diligentius
3386 1364 3515 1404 con-

1926 1412 2159 1470 siderata
2190 1420 2460 1491 patefecit,
2483 1424 2655 1483 donec
2674 1429 2723 1483 ei
2752 1429 2894 1487 Deus
2922 1433 2974 1487 id
2996 1412 3205 1507 quoque
3228 1441 3510 1503 revelaret.

1924 1502 2178 1563 ineffabili
2209 1510 2365 1567 laude
2406 1517 2680 1573 charitatis
2708 1522 2962 1578 unitatem
2996 1502 3286 1601 pacemque
3320 1531 3509 1587 catho-

1924 1596 2081 1654 licam
2105 1603 2264 1658 etiam
2293 1620 2417 1664 cum
2446 1610 2669 1683 collegis
2692 1614 2825 1681 suis,
2857 1631 2887 1670 a
2914 1620 3105 1689 quibus
3128 1596 3283 1679 aliter
3304 1626 3503 1696 sapuit,

1922 1705 2029 1747 non
2058 1694 2293 1767 reliquit.

1994 1782 2218 1843 CAPUT
2256 1789 2567 1849 XXXII.—
2590 1798 2679 1854 40.
2706 1799 2880 1856 Verba
2925 1803 3041 1874 ejus
3078 1819 3142 1861 ex
3181 1808 3404 1879 epistola
3445 1811 3511 1865 ad

1920 1875 2235 1936 Jubaianum
2260 1884 2529 1943 inseruisti
2551 1892 2743 1950 litteris
2762 1896 2885 1962 tuis,
2904 1899 3097 1969 quibus
3112 1901 3190 1956 eis
3207 1875 3232 1933 ί
3247 1902 3512 1972 placuisse

1921 1981 2270 2039 monstrares,
2302 1977 2651 2047 haptizandos
2678 2001 2771 2042 eos
2812 2003 2930 2044 esse
2960 1991 3014 2045 in
3056 1993 3289 2049 Ecclesia
3320 1996 3508 2051 catho-

1918 2062 2041 2130 lica,
2061 2067 2149 2136 qui
2176 2068 2374 2125 fuerint
2394 2072 2444 2126 in
2473 2073 2665 2131 haeresi
2685 2079 2769 2134 vel
2792 2082 3079 2139 schismate
3099 2085 3372 2157 baptizati.
3398 2089 3513 2159 Ego

1918 2153 2075 2223 hujus
2115 2159 2355 2227 epistolae
2396 2166 2713 2223 auctoritate
2754 2185 2859 2225 non
2899 2180 3117 2239 teneor;
3149 2153 3273 2246 quia
3302 2153 3512 2236 litteras

1916 2244 2168 2318 Cypriani
2198 2268 2302 2307 non
2332 2264 2387 2308 ut
2410 2259 2701 2315 canonicas
2727 2261 2921 2331 habeo,
2948 2265 3042 2321 sed
3070 2282 3163 2322 eas
3190 2284 3255 2323 cx
3288 2273 3510 2327 canoni-

1916 2338 1995 2394 cis
2022 2342 2324 2409 considero,
2357 2355 2411 2401 et
2434 2350 2575 2418 quod
2604 2351 2655 2405 in
2681 2353 2760 2408 eis
2785 2355 3082 2412 divinarum
3110 2359 3507 2431 Scripturarum

1913 2432 2216 2487 auctoritati
2248 2439 2526 2507 congruit,
2555 2456 2675 2497 cum
2719 2444 2878 2502 laude
2924 2449 3040 2517 ejus
3082 2452 3319 2522 accipio;
3362 2456 3506 2525 quod

1913 2530 2089 2577 autem
2131 2539 2236 2579 non
2274 2531 2557 2599 congruit,
2586 2548 2707 2589 cum
2738 2551 2869 2607 pace
2898 2540 3013 2610 ejus
3042 2558 3258 2613 respuo.
3292 2548 3370 2600 Ac
3410 2562 3506 2616 per

1912 2613 2049 2682 hoc,
2078 2617 2123 2671 si
2149 2634 2209 2673 ea
2239 2636 2357 2691 qua:
2385 2632 2820 2686 commemorasti
2850 2634 2918 2688 ab
2948 2636 3041 2691 illo
3070 2639 3135 2693 ad
3175 2638 3497 2698 .lubaianum

1911 2707 2129 2777 scripta,
2156 2710 2223 2766 de
2244 2712 2421 2784 aliquo
2443 2716 2580 2773 libro
2602 2722 2977 2791 Apostolorum
3001 2730 3084 2783 vel
3107 2730 3499 2801 Prophetarum

1908 2800 2168 2855 canonico
2193 2804 2448 2862 recitares
2470 2850 2485 2875 ,
2514 2810 2639 2880 quid
2670 2816 2889 2871 omnino
2918 2800 3345 2880 contradicerem
3392 2841 3499 2881 non

1907 2886 2184 2947 haberem.
2232 2893 2386 2952 Nunc
2428 2915 2558 2955 vero
2604 2906 2853 2975 quoniam
2899 2913 3214 2966 canonicum
3266 2930 3371 2969 non
3421 2927 3500 2974 est

1906 2981 2050 3049 quod
2080 2984 2307 3054 recitas,
2325 3003 2387 3043 ea
2414 2990 2660 3049 libertate
2681 2995 2748 3051 ad
2776 3013 2933 3068 quam
2962 3016 3061 3055 nos
3085 3006 3294 3060 vocavit
3318 3007 3497 3072 Dom;

1904 3085 2026 3138 nus,
2059 3075 2175 3145 ejus
2206 3078 2303 3132 viri
2331 3082 2484 3151 cujus
2510 3084 2723 3141 laudem
2751 3093 2965 3160 assequi
2994 3108 3098 3147 non
3130 3096 3314 3165 valeo,
3344 3100 3498 3168 cujus

1904 3163 2087 3219 multis
2118 3165 2309 3225 litteris
2336 3186 2456 3229 mea
2482 3177 2677 3247 scripta
2700 3193 2807 3234 non
2838 3196 3093 3256 comparo
3113 3228 3127 3251 ,
3160 3189 3311 3257 cujus
3350 3191 3498 3263 inge-

1902 3256 2049 3311 nium
2077 3259 2265 3333 diligo,
2294 3265 2447 3336 cujus
2466 3282 2561 3325 ore
2588 3270 2848 3341 delector,
2877 3277 3028 3347 cujus
3049 3256 3365 3339 charitatem
3394 3286 3497 3341 mi-

1898 3361 2011 3417 ror,
2036 3351 2187 3422 cujus
2214 3359 2527 3429 martyrium
2554 3377 2804 3431 veneror,
2830 3366 2931 3424 hoc
2956 3373 3096 3442 quod
3119 3375 3274 3431 aliter
3293 3379 3490 3450 sapuit,

1898 3455 2005 3497 non
2031 3446 2256 3515 accipio.
2286 3448 2402 3504 Non
2430 3454 2656 3524 accipio,
2687 3456 2927 3529 inquam,
2952 3465 3092 3533 quod
3120 3466 3185 3522 de
3217 3446 3491 3540 baptizan;

1895 3532 1980 3588 dis
2005 3534 2270 3593 hzereticis
2292 3549 2347 3595 et
2373 3542 2730 3602 schismaticis
2754 3550 2940 3609 beatus
2969 3532 3265 3626 Cyprianus
3286 3532 3489 3630 sensit;

1892 3626 2017 3695 quia
2048 3627 2150 3683 hoc
2182 3630 2421 3689 Ecclesia
2442 3651 2548 3691 non
2570 3640 2784 3710 accipit,
2811 3659 2906 3713 pro
2931 3661 3034 3716 qua
3062 3650 3248 3707 beatus
3270 3626 3490 3725 Cypria;

1894 3731 1994 3772 nus
2033 3722 2347 3791 sanguinem
2390 3724 2547 3783 fudit.
2593 3729 2698 3786 Sed
2728 3733 2851 3803 quia
2882 3735 3059 3793 dicitis
3084 3754 3207 3795 eum
3249 3722 3365 3811 pro
3386 3745 3488 3801 hac

1891 3814 2155 3866 sententia
2186 3813 2370 3883 legalia
2394 3817 2712 3876 documenta
2739 3824 2981 3881 ﬁrmasse
3005 3845 3019 3881 :
3043 3845 3347 3903 quanquam
3375 3851 3483 3893 non

1889 3900 1980 3957 ille
2009 3904 2328 3961 documenta
2358 3908 2546 3980 legalia
2579 3911 2791 3970 ﬁrmare
2819 3918 3023 3986 potuit,
3051 3922 3144 3977 sed
3184 3900 3263 3979 eis
3303 3930 3482 3998 potius

1888 4006 2239 4066 quaecumque
2267 4008 2413 4055 recte
2441 4004 2611 4059 sensit
2633 4004 2747 4074 ipse
2771 4006 3002 4066 ﬁrmavit
3031 4030 3045 4067 :
3076 4015 3319 4089 relinque
3351 4035 3481 4093 ergo

1885 4084 2080 4155 scripta
2110 4086 2386 4159 Cypriani,
2414 4101 2468 4148 et
2492 4108 2553 4148 ea
2584 4095 2696 4165 ipsa
2726 4097 2915 4168 legalia
2936 4084 3254 4162 documenta
3285 4084 3480 4180 quibus

1884 4189 2007 4229 eum
2034 4176 2169 4235 dicis
2200 4195 2357 4236 usum
2385 4198 2505 4240 esse
2533 4200 2914 4245 commemora.
2949 4192 3002 4249 Si
3036 4204 3142 4251 non
3168 4213 3230 4254 ea
3254 4176 3481 4260 demon-

1883 4278 2124 4325 stravere
2174 4282 2404 4330 vestram
2451 4292 2667 4334 causam
2705 4281 2840 4338 nihil
2882 4284 3139 4355 adjuvare
3180 4291 3232 4353 ³.
3278 4295 3471 4352 vicisti.

1882 4359 2221 4432 Quapropter
2242 4365 2313 4420 ita
2338 4365 2441 4422 hoc
2460 4368 2713 4441 Cypriani
2741 4388 2846 4429 non
2871 4378 3101 4447 accipio,
3121 4385 3367 4452 quamvis
3393 4387 3476 4444 in-

1878 4452 2044 4509 ferior
2071 4455 2559 4527 incomparabiliter
2583 4461 2884 4535 Cypriano;
2912 4469 3049 4526 sicut
3084 4474 3209 4529 illud
3242 4481 3474 4546 apostoli

1878 4543 2023 4601 Petri
2051 4547 2190 4617 quod
2232 4548 2432 4606 Gentes
2461 4551 2745 4611 Judaizare
2773 4558 2997 4629 cogebat
3026 4562 3218 4633 (Galat.
3248 4543 3291 4620 ιι
3305 4609 3319 4633 ,
3354 4568 3470 4641 14),
3520 4622 3529 4629 ς

1876 4649 1977 4691 nec
1998 4638 2227 4708 accipio,
2257 4656 2356 4697 nec
2382 4642 2539 4709 facio,
2567 4647 2812 4715 quamvis
2834 4649 3056 4707 inferior
3081 4638 3476 4729 incomparabi-

1874 4729 1998 4786 liter
2025 4732 2204 4788 Petro.
2231 4733 2340 4790 Vos
2370 4746 2546 4790 autem
2568 4739 2657 4809 qui
2678 4740 2876 4811 scripta
2897 4744 3152 4816 Cypriani
3176 4754 3332 4809 nobis
3354 4763 3472 4811 lano

1874 4837 2034 4892 quam
2080 4824 2418 4882 ﬁrmamenta
2465 4830 2740 4888 canonice
2786 4840 3121 4897 auctoritatis
3168 4850 3461 4920 opponitis,

1874 4912 2129 4984 quidquid
2152 4916 2219 4971 de
2230 4916 2499 4988 Cypriano
2519 4931 2705 4978 contra
2723 4940 2820 4983 vos
2847 4930 3090 4999 proferre
3113 4912 3460 5011 potuerimus,

1872 5020 2091 5061 necesse
2119 5016 2203 5062 est
2225 5009 2448 5077 cedatis,
2470 5025 2524 5068 et
2548 5014 2751 5084 justum
2783 5031 2949 5079 estut
2975 5027 3097 5083 victi
3128 5033 3365 5100 taceatis,
3396 5009 3463 5093 ac

1870 5111 1966 5152 vos
1995 5098 2282 5168 aliquando
2306 5102 2375 5157 ab
2398 5118 2582 5161 errore
2613 5111 3084 5177 perniciosissimae
3109 5098 3476 5185 dissensionis

1869 5190 1935 5246 ad
1964 5190 2223 5247 unitatem
2251 5195 2569 5254 catholicam
2595 5206 2941 5263 convertatis.

1940 5282 2165 5340 CAPUT
2202 5284 2445 5343 XXXIII.
2468 5321 2541 5331 —
2566 5293 2660 5348 41.
2688 5294 2863 5365 Unde,
2885 5313 2953 5354 ne
2982 5299 3195 5371 longum
3226 5304 3415 5363 faciam
3440 5352 3457 5381 ,

1868 5388 1933 5428 ex
1963 5373 2062 5429 hac
2084 5374 2198 5445 ipsa
2218 5378 2444 5449 epistola
2468 5382 2534 5436 ad
2555 5382 2892 5451 Juhaianum,
2916 5390 3132 5446 attende
3156 5395 3282 5463 quid
3308 5373 3459 5468 inge;

1867 5482 2003 5533 ram,
2025 5468 2168 5538 quod
2197 5480 2433 5529 vestrum
2460 5485 2665 5531 evertat
2694 5487 2748 5534 et
2776 5480 3018 5535 absumat
3039 5497 3297 5543 errorem.
3322 5488 3455 5549 Cum

1866 5559 2009 5615 enim
2033 5562 2356 5631 persuadere
2380 5574 2669 5623 conaretur
2687 5569 2771 5625 vel
2790 5577 3007 5628 sanctus
3026 5571 3343 5651 Cyprianus,
3369 5586 3453 5642 vel

1930 5718 1946 5789 ξ
1971 5724 2047 5789 [ιθ.
2058 5720 2431 5789 ggirannensis
2452 5720 2711 5789 code_x._At
2736 5724 2871 5789 editi,
2896 5727 3138 5789 revelant.

1928 5781 2222 5861 ξξξιᾱὶιῖίεί.
2247 5790 2303 5832 At
2340 5782 2680 5847 manuscripti,
2717 5785 2788 5838 eis
2800 5800 2821 5850 ;
2855 5781 3048 5845 scilicet
3084 5781 3303 5861 Cypriani
3346 5804 3447 5855 eol-

1862 5839 2033 5952 ιεξιῗίθ
2053 5905 2102 5953 in
2128 5912 2230 5954 Mss.
2256 5904 2672 6026 Atwlerisque
2710 5910 2872 5979 editis,
2896 5919 3109 5971 nostram
3130 5934 3329 5978 causam
3358 5929 3450 5980 udo

1866 5966 2067 6026 iuvare;
2089 5968 2283 6026 omisso,
2433 6004 2447 6024 .

1866 5966 2067 6031 iuvare;
2089 5968 2283 6047 om)

2907 6063 3182 6153 (Scito-1
