3998 6470
436 385 591 409 ““““--κ’

201 420 311 497 us

201 543 346 603 certe
356 530 579 597 admissi
596 529 909 603 simpliciter
920 527 988 593 ad
1002 528 1313 595 Ecclesiam,
1328 523 1617 582 secundum
1631 538 1754 579 eum
1767 553 1791 564 -

199 627 321 691 dem
338 624 690 696 Cyprianum,
718 631 936 695 propter
958 622 1203 690 meritum
1230 620 1396 689 ipsius
1419 618 1436 648 ί
1462 616 1681 670 unitatis
1709 614 1793 668 in-

199 715 531 791 diligentiam
555 714 649 781 Dei
670 722 957 778 merentur,
980 728 1076 767 nec
1102 712 1169 767 ab
1197 710 1450 767 Ecclesize
1480 707 1791 765 muneribus

198 817 538 882 separantur.
563 808 629 863 Et
658 807 977 877 quicumque
1002 805 1119 860 illos
1145 804 1436 860 secundum
1467 817 1669 857 morem
1697 816 1797 856 an-

200 902 454 967 teriorem
475 939 490 966 ι
531 898 599 957 de
627 913 732 970 quo
780 913 887 965 non
916 897 1078 952 tacuit
1105 896 1437 969 Cyprianus,
1482 893 1797 967 simpliciter

198 993 523 1061 admittunt,
569 1000 625 1048 et
668 998 815 1047 recte
843 1006 905 1053 ac
950 990 1157 1061 pacifici
1188 990 1405 1057 vivunt,
1438 989 1576 1044 inter
1605 986 1797 1043 eadem

199 1086 471 1149 frumenta
500 1085 696 1141 horreo
722 1084 986 1143 destinata
1011 1084 1353 1155 deputantur.
1377 1082 1475 1151 Qui
1503 1090 1679 1137 autem
1708 1080 1795 1136 vel

199 1181 433 1243 scientes
456 1188 646 1245 contra
670 1178 950 1235 veritatem
990 1179 1045 1241 in
1089 1178 1167 1239 eis
1208 1176 1530 1252 recipiendis
1568 1184 1795 1231 conten.

198 1272 335 1337 tiose
355 1270 639 1339 dimicant,
664 1269 750 1331 vel
774 1271 955 1344 pravis
976 1279 1133 1343 atque
1161 1270 1427 1345 perversis
1452 1268 1691 1324 moribus
1710 1268 1794 1323 vi-

197 1375 356 1433 vunt,
385 1365 442 1420 in
468 1362 686 1425 zizaniis
728 1371 785 1422 et
820 1364 973 1435 palea
995 1361 1224 1427 ﬂammis
1249 1361 1425 1419 debita
1456 1361 1791 1417 tolerantur:

198 1465 421 1536 propter
459 1472 554 1513 eos
593 1466 772 1512 tamen
812 1456 1106 1521 Ecclesiam
1138 1471 1258 1535 qua;
1286 1471 1381 1525 per
1405 1461 1573 1511 totum
1606 1451 1793 1510 orbem

198 1557 469 1615 terrarum
497 1549 732 1619 copiosis
766 1550 1104 1615 successibus
1129 1549 1400 1614 dilatatur,
1435 1548 1537 1604 hoc
1563 1556 1647 1603 est
1674 1548 1788 1602 fru-

198 1648 377 1701 menta
404 1624 679 1701 dominica
698 1681 715 1706 ,
741 1655 859 1712 quae
881 1654 1049 1710 usque
1085 1640 1153 1695 ad
1180 1654 1409 1697 messem
1446 1640 1645 1710 pariter
1670 1653 1792 1693 cre-

197 1741 355 1795 mat
388 1733 475 1791 vel
514 1748 682 1803 usque
706 1733 775 1789 ad
796 1734 1202 1789 ventilationem
1230 1734 1430 1804 pariter
1453 1734 1791 1802 triturantur,

196 1839 303 1895 non
329 1840 457 1887 esse
481 1824 799 1893 deserenda,
827 1825 1056 1896 imperat
1084 1825 1248 1892 Deus,
1280 1825 1437 1881 testis
1462 1835 1545 1881 est
1568 1824 1794 1897 Cypria-

196 1933 317 1987 nus.
352 1919 433 1979 Ac
462 1933 562 1990 per
589 1918 725 1984 hoc,
758 1918 805 1975 si
833 1918 891 1973 in
912 1918 1290 1975 communione
1327 1918 1795 1974 Sacramentorum

196 2008 322 2065 mali
369 2009 641 2066 maculant
682 2008 881 2075 bonos,
912 2007 1127 2079 quando
1167 2008 1498 2079 temporibus
1538 2007 1796 2081 Cypriani

196 2102 276 2156 vel
304 2112 435 2156 ante
463 2100 794 2175 Cyprianum
818 2101 935 2156 sine
958 2101 1251 2175 Baptismo,
1277 2101 1418 2156 sicut
1446 2101 1660 2169 putatis,
1686 2100 1796 2156 lue-

196 2192 356 2261 retici
383 2192 833 2263 suscipiebantur,
858 2192 1149 2248 Ecclesiam
1174 2193 1397 2263 periisse
1418 2192 1600 2259 dicite,
1624 2202 1680 2250 et
1698 2208 1796 2248 vos

197 2283 339 2353 unde
380 2283 491 2343 nati
533 2280 742 2340 fueritis
768 2284 1057 2343 ostendite.
1096 2282 1152 2339 Si
1183 2292 1396 2351 autem,
1424 2284 1565 2355 quod
1599 2284 1794 2341 veritas

196 2375 357 2445 etiam
389 2389 487 2445 per
512 2371 835 2451 Cyprianum
867 2373 1059 2440 docet,
1089 2389 1209 2430 eum
1248 2389 1346 2445 pro
1380 2374 1633 2429 Ecclesia:
1662 2390 1795 2447 pace

196 2467 361 2535 etiam
386 2464 601 2537 cognita
627 2463 828 2521 zizania
854 2464 1171 2531 tolerantur,
1196 2462 1461 2519 frumenta
1483 2479 1587 2519 non
1614 2477 1796 2521 macu-

199 2554 312 2627 lant
341 2572 354 2608 :
385 2554 557 2608 Filius
586 2555 750 2607 malus
778 2553 886 2623 ipse
910 2570 963 2608 se
991 2555 1193 2626 justum
1218 2555 1373 2622 dicit,
1402 2556 1592 2609 exitum
1625 2566 1795 2611 autem

198 2665 347 2707 mum
374 2665 478 2703 non
498 2648 693 2714 abluit;
713 2646 835 2720 quia
856 2646 924 2703 de
944 2646 1188 2706 Ecclesia
1215 2658 1433 2720 propter
1456 2649 1625 2705 malos
1645 2650 1795 2705 exire

198 2756 303 2809 non
337 2741 543 2797 debuit.

267 2830 497 2889 CAPUT
535 2828 777 2893 XXXVI.
801 2860 873 2872 —
890 2831 980 2888 45.
1022 2830 1218 2887 Iterum
1247 2831 1389 2899 dico,
1417 2841 1473 2889 et
1496 2842 1547 2889 te
1566 2834 1633 2890 ab
1652 2832 1793 2892 hac'

197 2922 546 2985 invictissime
590 2922 797 2979 ratione
839 2922 1178 2979 dissimulare
1226 2938 1333 2979 non
1380 2924 1497 2981 sino
1532 2944 1543 2979 :
1586 2926 1641 2983 Si
1684 2944 1792 2985 non

200 3015 658 3071 communicantes
681 3014 914 3085 peccatis
935 3015 1217 3081 malorum,
1243 3024 1459 3086 pr0pter
1485 3018 1652 3087 ipsam
1678 3028 1795 3075 tan-

198 3109 313 3165 tum
339 3105 777 3169 communionem
799 3103 1268 3160 Sacramentorum
1292 3106 1417 3161 mali
1442 3107 1671 3178 perdunt
1698 3109 1795 3165 bo-

196 3210 293 3255 nos
310 3212 333 3263 ;7
356 3197 575 3266 quando
604 3196 657 3252 in
684 3198 1013 3267 praeteritum
1042 3212 1109 3253 ex
1152 3196 1345 3254 haeresi
1385 3199 1449 3253 ad
1495 3199 1793 3257 Ecclesium

194 3289 474 3349 venientes
502 3289 619 3345 sine
646 3288 912 3360 baptismo
939 3289 1159 3345 admissi
1184 3298 1327 3354 sunt,
1354 3291 1671 3364 contagione
1698 3308 1794 3348 sua

192 3372 371 3429 benus
417 3374 599 3443 utique
642 3373 1005 3442 perdiderunt.
1052 3373 1169 3428 Jam
1205 3383 1328 3429 tunc
1375 3390 1501 3445 ergo
1530 3392 1635 3430 non
1678 3386 1796 3432 erat

192 3463 469 3526 Ecclesia,
502 3479 657 3532 quam
683 3462 977 3535 Cyprianus
1018 3472 1257 3531 teneret,
1303 3465 1644 3536 praedicaret,
1696 3482 1796 3523 nec

196 3554 349 3610 unde
378 3563 569 3624 postea
601 3555 827 3610 Donatus
848 3556 1038 3610 exiret.
1068 3555 1124 3611 Si
1151 3562 1329 3610 autem
1346 3555 1522 3611 bonos
1544 3556 1793 3627 contagio

197 3646 288 3702 illa
322 3660 436 3700 non
467 3646 713 3717 perdidit,
746 3662 848 3703 nec
872 3662 1058 3703 eorum
1085 3662 1219 3717 quos
1245 3649 1509 3701 accusatis
1548 3650 1795 3719 contagio

199 3736 559 3791 christianum
585 3737 769 3792 orbem
796 3737 1025 3807 perdere
1054 3738 1231 3808 potuit.
1254 3755 1269 3792 :
1296 3738 1465 3794 nolite
1484 3739 1801 3796 calumniari

200 3826 461 3897 separati,
492 3835 548 3881 et
566 3826 632 3881 ad
662 3828 955 3883 Ecclesium
979 3830 1147 3884 redite
1176 3831 1424 3885 correcti.
1454 3830 1794 3886 Caecilianum

200 3925 257 3972 et
277 3918 458 3972 socios
485 3918 619 3986 ejus,
648 3927 835 3973 contra
864 3935 999 3989 quos
1025 3929 1151 3975 tunc
1168 3921 1451 3978 Secundus
1471 3923 1796 3993 Tigisitauus

200 4008 469 4062 contraxit
492 4008 831 4079 condiditque
850 4011 1155 4078 concilium,
1180 4028 1401 4069 necesse
1420 4023 1504 4070 est
1519 4014 1615 4069 tibi
1639 4029 1799 4071 accu-

200 4112 339 4165 sare,
382 4100 518 4154 mihi
563 4115 672 4154 non
708 4108 793 4155 est
838 4116 1061 4157 necesse
1108 4102 1415 4161 defendere.
1460 4107 1667 4162 Accusa
1702 4122 1798 4163 eos

199 4192 415 4262 quantis
445 4191 645 4246 viribus
670 4201 824 4261 potes
848 4210 863 4247 :
888 4193 935 4248 si
960 4194 1271 4249 innocentes
1297 4194 1531 4263 meruit,
1565 4197 1695 4252 nihil
1720 4198 1799 4255 eis

201 4291 457 4354 tanqtiam
486 4283 766 4340 frumentis
793 4286 967 4341 oberit
998 4289 1290 4343 ventositas
1315 4297 1436 4354 tua;
1469 4290 1515 4344 si
1545 4301 1799 4348 nocentes

202 4372 443 4441 ﬁlerunt,
476 4390 584 4431 non
611 4376 911 4432 debuerunt
938 4387 1160 4449 prepter
1183 4380 1271 4435 illa
1300 4382 1503 4436 zizania
1530 4381 1799 4439 frumenta

203 4465 404 4534 deseri,
422 4467 618 4537 quibus
633 4467 762 4522 nihil
779 4468 1099 4525 obfuerunt.
1116 4472 1322 4527 Accusa
1342 4482 1597 4543 quantum
1627 4485 1797 4545 potes;

203 4558 562 4613 v‘iueo'sinon
587 4559 801 4629 probas,
826 4562 981 4616 vinco
1006 4563 1050 4617 si
1079 4564 1274 4633 probas
1306 4580 1323 4619 :
1353 4565 1530 4633 vinco,
1559 4567 1797 4636 inquam,

205 4650 250 4706 si
278 4667 393 4706 non
424 4652 641 4721 probas,
664 4653 844 4723 judice
872 4662 926 4710 te
955 4655 1105 4725 ipso;
1145 4657 1303 4713 vinco
1340 4657 1385 4713 si
1414 4661 1633 4731 probas,
1668 4670 1803 4719 teste

204 4740 501 4813 Cypriane.
529 4743 667 4811 Quid
683 4759 777 4801 eos
796 4745 878 4801 vis
905 4744 1106 4802 fuisse?
1127 4748 1182 4803 Si
1214 4748 1545 4819 innocentes,
1575 4768 1671 4807 cur
1696 4754 1806 4810 fru-

206 4836 409 4890 mentis
451 4834 755 4905 dominicis,
800 4851 923 4892 cum
964 4839 1081 4893 sitis
1110 4840 1334 4909 zizania,
1367 4844 1805 4904 ealumniamini?

204 4925 257 4981 Si
285 4938 572 4995 nocentes,
599 4943 695 4983 cur
712 4946 741 4982 a
768 4929 1049 4985 frumentis
1066 4931 1347 4988 dominicis
1371 4948 1586 5007 propter
1604 4938 1804 4996 zizanie

204 5018 577 5090 separamur”
598 5019 783 5075 Exstat
801 5021 824 5053 ³
845 5021 1079 5077 Ecclesia
1099 5026 1303 5079 cunctis
1327 5027 1469 5083 clara
1499 5040 1656 5101 atque
1679 5046 1808 5087 con-

204 5111 435 5180 spicea;
459 5112 658 5182 quippe
676 5114 865 5169 civitas
890 5129 1009 5184 qua:
1029 5115 1281 5172 abscondi
1312 5135 1418 5174 non
1447 5131 1621 5190 potest
1647 5140 1807 5195 super

205 5212 452 5258 montem
475 5206 761 5259 constituta
793 5205 1009 5276 (Matth.
1035 5224 1089 5278 v,
1123 5210 1234 5282 is),
1262 5226 1357 5282 per
1382 5229 1538 5284 quam
1565 5217 1810 5273 domina-

208 5294 293 5350 tur
320 5295 575 5352 Christus
599 5312 629 5352 a
656 5299 792 5354 mari
813 5312 979 5371 usque
1005 5302 1070 5357 ad
1096 5319 1265 5373 mare,
1310 5316 1364 5362 et
1405 5323 1432 5362 a
1474 5309 1689 5368 ﬂumine
1719 5328 1809 5371 us-

208 5400 314 5456 que
347 5385 425 5441 ad
446 5389 702 5446 terminos
728 5391 872 5447 orbis
898 5400 1053 5448 terra:
1076 5394 1246 5471 (Psal.
1276 5415 1422 5467 Lxxl,
1450 5399 1527 5475 8),
1557 5414 1808 5477 tanquam

210 5480 405 5534 Semen
447 5480 678 5536 Abraha:
720 5482 1129 5555 multiplicatum
1183 5489 1319 5544 sicut
1360 5492 1528 5547 stellae
1566 5497 1709 5564 caeli,
1754 5508 1810 5555 et

212 5569 366 5627 sicut
384 5584 545 5627 arena
573 5575 768 5643 maris,
804 5576 867 5669 ,ἰῇ
897 5592 1002 5647 quo
1033 5578 1420 5639 benedicuntur
1460 5600 1646 5643 omnes
1673 5605 1808 5660 gen-

276 5705 569 5790 ua.
582 5711 776 5770 propter
798 5706 1023 5761 meritam
1037 5716 1196 5763 tamen
1216 5711 1383 5778 ipsius.
1398 5716 1561 5779 Abest,
1579 5722 1755 5783 tamen,
1779 5734 1807 5773 a

209 5775 585 5830 manuscriptis.

268 5831 290 5859 ³
315 5828 459 5889 Edita“,
484 5843 594 5880 ecce
615 5830 677 5881 ab
698 5830 805 5883 hac.

277 5890 302 5924 ³
328 5897 434 5942 Am.
461 5896 537 5942 Er.
564 5899 617 5944 et
638 5892 805 5960 plures
826 5902 953 5962 Mss,
982 5896 1173 5955 Mat.

1567 409 1774 467 LIBER
1809 408 2187 469 SECUNDUS.

3388 422 3496 485 ωε,

1900 530 2001 578 tes.
2033 525 2182 579 Hanc
2211 528 2369 583 etiam
2402 528 2587 585 beatus
2617 530 2915 601 Cyprianus
2941 530 3015 585 ita
3040 531 3403 602 commendat,
3432 545 3489 589 ut

1901 628 2019 669 eam
2045 613 2187 669 dicat
2209 615 2418 671 Domini
2446 618 2563 673 luce
2588 618 2882 697 perfusam,
2918 619 3096 675 radios
3120 635 3247 677 suos
3275 637 3372 693 per
3397 637 3490 677 or-

1900 704 2023 759 bem
2052 713 2310 763 terrarum
2342 709 2633 781 porrigere,
2668 724 2844 765 ramos
2880 725 3006 766 suos
3048 726 3144 781 per
3185 714 3492 770 universam

1902 803 2099 851 terram
2127 798 2277 867 copia
2326 798 2588 854 ubertatis
2645 801 2953 856 extendere.
2986 800 3113 856 Ilaec
3142 803 3269 858 aut‘
3298 802 3353 859 in
3379 804 3490 860 fru-

1901 887 2095 942 mentis
2123 888 2236 943 suis
2261 904 2367 943 non
2393 896 2752 957 accusaretur,
2785 896 2875 946 aut
2906 902 3125 962 propter
3151 892 3353 950 zizanla
3384 909 3494 953 non

1901 975 2241 1036 desereretur
2270 998 2283 1035 :
2310 992 2471 1037 unum
2514 981 2706 1039 horum
2745 970 2897 1039 vobis
2937 986 3100 1041 etiam
3139 1000 3236 1042 vos
3275 982 3379 1058 ipsi
3408 1002 3495 1045 re-

1902 1069 2186 1141 Spondete,
2235 1072 2461 1128 alterum
2499 1074 2749 1146 Cypriani
2800 1078 3017 1131 monitis
3062 1076 3272 1135 discite.
3324 1078 3499 1151 Ipsius

1900 1161 2043 1217 enim
2069 1164 2230 1219 verba
2259 1173 2383 1219 sunt
2408 1166 2710 1221 attestantis
2734 1174 2789 1222 et
2824 1167 3051 1223 dicentis
3086 1186 3099 1222 :
3142 1164 3284 1223 Nam
3308 1172 3404 1225 etsi
3424 1171 3500 1226 υἱ-
3527 1151 3531 1166 ¹

1901 1252 2085 1307 dentur
2110 1254 2164 1308 in
2187 1253 2415 1310 Ecclesia
2442 1272 2549 1311 esse
2567 1258 2788 1325 zizania,
2819 1275 2920 1313 non
2949 1269 3115 1313 tamen
3142 1260 3379 1329 impediri
3403 1260 3513 1317 de;

1901 1342 1981 1399 bet
2004 1354 2092 1399 aut
2127 1344 2254 1414 ﬁdes
2299 1354 2388 1400 aut
2430 1347 2651 1402 charitas
2691 1358 2883 1417 nostra,
2926 1357 2983 1403 ut
3018 1350 3256 1423 quoniam
3298 1351 3499 1406 zizania

1900 1438 2084 1493 essein
2112 1434 2346 1493 Ecclesia
2370 1441 2641 1508 cernimus,
2686 1441 2785 1511 ipsi
2822 1439 2885 1494 de
2910 1438 3139 1496 Ecclesia
3180 1444 3498 1498 recedamus.

1972 1526 2199 1587 CAPUT
2247 1528 2515 1586 XXXVII.
2536 1561 2609 1571 —-
2626 1530 2715 1586 46.
2760 1529 2869 1586 Vos
2888 1532 3205 1603 contagione
3231 1534 3497 1590 malorum

1900 1622 2153 1679 Afrorum
2186 1622 2481 1681 Ecclesiam
2510 1624 2735 1695 periisse
2754 1622 2933 1679 dicitis
2957 1623 3025 1679 de
3049 1623 3180 1679 orbe
3209 1632 3495 1693 terrarum,

1902 1721 1959 1770 et
1986 1714 2040 1769 in
2069 1725 2219 1786 parte
2244 1716 2433 1771 Donati
2466 1716 2582 1787 ejus
2608 1715 2863 1789 reliquias
2888 1715 3216 1773 remansisse
3245 1723 3499 1787 tanquam

1900 1803 1955 1859 in
1986 1804 2269 1863 frumentis
2299 1822 2331 1862 a
2355 1808 2575 1863 zizaniis
2602 1818 2654 1864 et
2680 1809 2831 1879 palea
2859 1806 3149 1880 separatis;
3175 1817 3362 1866 contra
3390 1806 3499 1881 Cy-

1900 1897 2149 1967 prianum
2174 1899 2507 1968 apertissime
2550 1901 2865 1967 sentientes,
2899 1902 2988 1972 qui
3017 1899 3146 1957 dicit
3190 1917 3291 1958 nec
3323 1899 3499 1959 malo-

1900 2003 2019 2043 rum
2046 1991 2402 2059 permixtione
2424 1991 2593 2045 bonos
2631 1992 2805 2061 perire
2834 1990 2888 2046 in
2930 1992 3192 2062 Ecclesia,
3236 2009 3336 2051 nec
3372 2008 3499 2052 eos-

1900 2079 2026 2139 dem
2055 2080 2223 2136 malos
2258 2096 2414 2150 posse
2440 2090 2559 2136 ante
2588 2090 2797 2153 tempus
2824 2083 3011 2153 judicii
3049 2084 3218 2140 divini
3258 2101 3288 2140 a
3324 2086 3500 2143 hono-

1898 2186 2018 2227 rum
2058 2173 2408 2243 permixtione
2443 2172 2701 2243 separari.
2734 2173 2839 2228 Vos
2865 2173 3043 2245 itaque
3078 2175 3374 2231 secundum
3406 2192 3500 2233 ve-

1900 2269 2069 2317 strum
2099 2278 2359 2331 errorem,
2404 2264 2487 2319 vel
2528 2265 2703 2334 potius
2744 2264 3011 2332 furorem,
3056 2279 3311 2322 accusare
3348 2267 3499 2339 cogi-

1900 2352 2053 2417 mini,
2102 2368 2209 2409 non
2256 2353 2431 2409 solum
2479 2353 2825 2409 Caecilianum
2881 2364 2936 2411 et
2988 2356 3322 2413 ordinatores
3359 2358 3496 2429 ejus,

1897 2459 2085 2500 verum
2112 2446 2272 2500 etiam
2299 2446 2417 2500 illas
2440 2444 2713 2501 Ecclesias
2740 2461 2871 2517 quas
2901 2447 2955 2502 in
2982 2446 3270 2519 Scripturis
3293 2459 3499 2520 aposto-

1898 2533 2015 2589 licis
2051 2545 2105 2591 et
2131 2534 2402 2591 canonicis
2431 2526 2632 2607 pariter
2658 2537 2910 2609 legimus,
2945 2553 3052 2593 non
3093 2540 3263 2594 solum
3302 2541 3499 2597 Roma-

1899 2642 2112 2695 norum,
2140 2644 2245 2699 quo
2274 2642 2343 2683 ex
2374 2628 2551 2684 Africa
2583 2630 2837 2685 ordinare
2868 2632 3050 2699 paucis
3080 2633 3270 2686 vestris
3309 2632 3498 2688 soletis

1900 2719 2232 2788 episcopum,
2262 2734 2447 2774 verum
2494 2720 2654 2775 etiam
2686 2718 3116 2789 Corinthiorum,
3162 2722 3493 2791 Galatarum,

1900 2806 2275 2877 Ephesiorum,
2307 2807 2887 2876 Tliessalonicensinm,
2917 2811 3341 2880 Colossensium,
3367 2814 3499 2870 Phi-

1899 2901 2219 2974 lippensium
2250 2945 2265 2971 ,
2320 2902 2388 2958 ad
2431 2919 2565 2975 quas
2606 2906 2940 2974 apertissime
2989 2906 3174 2961 scribit
3223 2906 3499 2977 apostolus

1900 2990 2131 3060 Paulus;
2177 2993 2702 3067 Jerosolymitanam,
2762 3010 2921 3066 quam
2974 2997 3177 3066 primus
3227 2999 3500 3071 apostolus

1898 3078 2131 3139 Iacobus
2169 3085 2478 3155 episcopatu
2528 3101 2627 3141 suo
2680 3087 2858 3152 rexit;
2908 3086 3324 3145 Antiochensem
3350 3133 3366 3159 ,
3407 3091 3501 3147 ubi

1898 3177 2074 3245 primo
2101 3177 2351 3247 appellati
2375 3185 2499 3231 sunt
2522 3177 2769 3249 discipuli
2800 3178 3086 3235 Christiani
3114 3180 3249 3249 (Act.
3278 3197 3356 3250 xi,
3379 3182 3497 3256 26);

1898 3266 2305 3339 Smyrnensem,
2338 3268 2765 3342 Thyatirensem,
2797 3271 3141 3342 Sardensem,
3171 3272 3499 3346 Pergamen-

1900 3375 2036 3426 sem,
2089 3360 2616 3432 Philadelpliensem,
2665 3362 3071 3432 Laudicensem,
3123 3364 3191 3421 ad
3238 3382 3369 3437 quas
3418 3375 3505 3424 est

1900 3453 2251 3525 Apocalypsis
2299 3456 2527 3525 apostoli
2578 3446 2821 3511 Joannis.
2884 3456 2988 3512 Tot
3048 3458 3179 3514 alias
3231 3460 3502 3517 Ecclesias

1899 3544 2077 3614 Ponti,
2110 3546 2479 3617 Cappadociae,
2517 3549 2680 3618 Asiae,
2713 3549 3009 3622 Bithyniae,
3049 3552 3114 3607 ad
3145 3569 3277 3624 quas
3318 3554 3504 3610 scribit

1900 3639 2177 3708 apostolus
2208 3640 2399 3696 Petrus
2429 3640 2473 3712 (l
2504 3640 2646 3697 Petr.
2673 3658 2711 3707 ι,
2740 3640 2817 3715 1),
2862 3650 2917 3699 et
2956 3643 3214 3715 quidquid
3258 3646 3401 3701 aliud
3442 3662 3505 3703 se

1900 3728 2099 3785 Paulus
2126 3730 2196 3786 ab
2221 3730 2522 3787 Jerusalem
2562 3749 2731 3804 usque
2778 3735 2844 3787 ad
2888 3734 3159 3805 Illyricum
3206 3735 3504 3808 Evangelio

1900 3822 2195 3891 replevisse
2235 3830 2462 3877 testatur
2486 3823 2665 3893 (Rom.
2698 3841 2786 3889 xv,
2815 3825 2905 3897 t9)
2934 3844 2946 3879 :
2976 3834 3034 3880 ut
3060 3836 3264 3883 taceam
3293 3829 3362 3885 de
3382 3830 3504 3887 aliis

1902 3921 2011 3969 tam
2041 3914 2165 3969 latis
2182 3922 2344 3985 atque
2370 3916 2650 3970 immensis
2684 3924 2948 3971 terrarum
2979 3918 3245 3988 partibus,
3286 3920 3338 3975 in
3366 3937 3503 3994 quas

1902 4020 1970 4061 ex
1991 4004 2075 4060 his
2098 4006 2408 4075 apostolicis
2436 4005 2705 4062 laboribus
2730 4016 2784 4062 et
2809 4008 3228 4079 plantationihus
3250 4025 3502 4084 porrecta

1903 4095 2071 4150 crevit
2096 4104 2149 4149 et
2176 4097 2373 4151 crescit
2403 4095 2669 4151 Ecclesia.
2707 4098 2840 4154 Istas
2877 4108 3024 4155 certe
3054 4101 3341 4172 Ecclesias,
3368 4121 3503 4178 quas

1904 4202 1970 4244 ex
2021 4187 2238 4243 Litteris
2278 4187 2476 4244 divinis
2527 4196 2687 4259 atque
2734 4190 3006 4247 canonicis
3038 4194 3347 4266 nominavi,
3392 4207 3501 4256 tam

1905 4279 2064 4349 longe
2100 4279 2168 4333 ab
2210 4279 2389 4335 Africa
2433 4280 2783 4350 constitutas,
2830 4291 3081 4354 tanquam
3132 4286 3392 4357 perierint
3433 4304 3505 4348 ex

1906 4370 2137 4441 peccatis
2168 4371 2419 4427 Afrorum
2459 4387 2715 4431 accusare
2742 4374 3024 4445 cogimini,
3072 4390 3142 4432 ne
3181 4380 3502 4452 corrigatis'

1905 4475 2149 4517 errorem
2171 4463 2263 4534 qui
2288 4478 2387 4521 vos
2415 4465 2481 4521 ad
2511 4475 2715 4522 tantum
2740 4467 2918 4525 scelus
2937 4467 3142 4526 nefaria
3167 4470 3503 4530 dissensione

1908 4554 2201 4623 compellit.

1979 4645 2068 4700 47.
2111 4645 2223 4699 Nos
2248 4653 2433 4702 autem
2458 4654 2519 4702 ut
2548 4648 2707 4703 istum
2735 4660 2977 4707 errorem
3018 4658 3260 4712 vestrum
3295 4651 3506 4713 facilius

1907 4737 2309 4805 convincamus,
2343 4753 2443 4794 nec
2468 4739 2615 4809 ipsos
2644 4738 2826 4808 Afros,
2870 4758 3099 4813 quorum
3127 4744 3264 4802 falso
3291 4747 3501 4807 crimen

1909 4826 1964 4880 in
2014 4834 2238 4881 caeteras
2292 4828 2457 4882 etiam
2500 4837 2689 4899 gentes
2730 4832 3054 4901 perfundere
3109 4836 3349 4906 audetis;
3400 4852 3505 4897 nec

1910 4918 2076 4987 ipsos,
2101 4918 2336 4987 inquam,
2365 4912 2655 4976 defendere
2684 4924 2945 4994 cogimur.
2976 4924 3187 4983 Habent
3211 4929 3353 4984 enim
3376 4944 3501 4986 cum

1910 5006 2019 5062 illis
2045 5008 2413 5063 transmarinis
2444 5008 2697 5067 Ecclesiis
2721 5015 3030 5071 societatem
3069 5019 3239 5089 regni,
3270 5018 3317 5075 si
3345 5019 3502 5077 inno-

1911 5104 2095 5153 centes
2120 5097 2335 5153 fuerunt
2364 5116 2379 5153 :
2408 5099 2449 5152 si
2479 5108 2655 5155 autem
2697 5112 2971 5171 nocentes,
3014 5114 3263 5177 tanquam
3297 5108 3502 5167 zizania

1910 5190 2210 5256 frumentis,
2252 5205 2353 5246 nec
2380 5191 2434 5245 in
2466 5191 2644 5249 Africa
2680 5194 2873 5252 obesse
2899 5204 3184 5266 potuerunt
3206 5200 3305 5264 eis,
3327 5201 3417 5271 qui
3443 5217 3504 5259 se

1914 5291 2133 5353 propter
2155 5282 2275 5337 illos
2300 5285 2461 5339 etiam
2486 5286 2731 5356 cognitos
2767 5286 2835 5341 ab
2872 5287 3073 5343 unitate
3117 5288 3373 5347 Ecclesiae
3409 5304 3502 5350 se-

1914 5388 2103 5444 parare
2132 5372 2435 5431 noluerunt.
2465 5373 2540 5434 Ut
2579 5379 2723 5434 enim
2748 5380 2986 5434 omittam
3013 5394 3172 5450 quam
3210 5381 3364 5439 multi
3407 5398 3504 5443 eos

1914 5466 2241 5523 crediderint
2283 5469 2596 5525 innocentes
2616 5512 2632 5537 ,
2671 5471 2862 5540 quibus
2891 5469 3095 5526 facinus
3122 5485 3308 5530 eorum
3337 5475 3499 5535 etiam

1915 5559 1959 5614 si
1984 5559 2197 5631 aliquod
2227 5560 2344 5627 fuit,
2374 5570 2557 5616 tamen
2570 5561 2928 5616 denionstra‘ri
2951 5574 3056 5618 non
3086 5566 3290 5636 potuit;
3317 5577 3375 5625 et
3398 5570 3502 5627 uti-

1914 5668 2019 5723 que
2054 5654 2185 5711 istos
2212 5669 2309 5710 nec
2334 5669 2427 5707 vos
2460 5654 2685 5724 potestis
2724 5652 2905 5710 dicere
2934 5658 3166 5725 peccatis
3192 5660 3384 5722 alienis
3411 5663 3500 5719 in.

1915 5789 1996 5900 bet
2022 5794 2120 5838 Hoc
2141 5785 2246 5839 loco
2278 5790 2326 5837 in
2348 5788 2542 5837 excusis
2572 5794 2806 5839 mutatum
2846 5797 2982 5855 erat,
3005 5800 3123 5859 aut,
3160 5798 3247 5865 in,
3282 5804 3335 5855 ω
3362 5813 3503 5858 :non

1985 5864 2065 5900 ne.

1985 5864 2065 5900 ΠΟ.

1981 5914 2001 5945 ι
2022 5912 2158 5976 miti,
2181 5924 2268 5967 nec
2570 5919 2627 5971 Αι
2648 5921 2779 5983 ω..
2798 5928 2859 5972 ne
3499 5944 3515 5976 ›
