3998 6462
517 559 749 634 cognitis
769 558 1005 630 potuisse
1024 555 1278 612 maculari
1307 572 1321 610 :
1350 555 1445 612 sed
1465 562 1523 610 ut
1546 555 1662 624 hos,
1691 556 1928 628 inquam,
1947 555 2108 610 omit-

517 664 651 722 tam,
680 653 780 723 ipsi
807 652 899 722 qui
925 664 1020 706 eos
1043 657 1300 706 nocentes
1327 649 1412 704 vel
1437 658 1698 706 noverant
1721 649 1805 705 vel
1826 649 2106 719 putabant,

522 743 768 817 quamvis
795 742 850 798 in
876 740 1142 798 Africanis
1181 740 1438 798 Ecclesiis
1475 741 1770 806 constituti,
1800 755 1922 797 cum
1961 740 2109 796 vide-

518 846 647 895 rent
677 850 770 893 eos
797 833 939 906 apud
983 833 1253 890 Ecclesiae
1293 834 1676 890 transmarinas
1719 848 1826 890 non
1871 833 2110 904 potuisse

520 926 788 994 convinci,
819 940 922 981 nec
957 924 1182 980 crimina
1217 938 1404 980 eorum
1446 925 1605 996 longe
1649 925 1861 996 lateque
1904 922 2110 978 dilfusis

523 1018 784 1074 membris
807 1016 1062 1073 Ecclesiae
1090 1015 1468 1084 demonstrari,
1500 1018 1544 1071 si
1574 1030 1633 1072 se
1671 1016 1870 1072 vellent
1894 1023 2111 1087 propter

496 1113 647 1187 ‘_illos
662 1126 797 1182 quos
813 1111 980 1166 malos
999 1117 1278 1178 noverant,
1300 1125 1331 1165 a
1355 1110 1732 1166 communione
1753 1117 1832 1166 tot
1850 1110 2108 1180 gentium,

513 1203 718 1280 quibus
743 1218 838 1259 eos
871 1202 1156 1258 ostendere
1199 1217 1306 1258 non
1351 1201 1619 1270 valebant,
1659 1201 1807 1258 velut
1846 1199 2113 1271 pestifera:

524 1297 858 1369 contagionis
883 1297 1072 1352 timore
1083 1310 1364 1367 separare;
1385 1303 1592 1351 teneret
1607 1309 1722 1361 eos,
1743 1309 1848 1350 non
1864 1309 1983 1366 ego,
2006 1310 2113 1349 non

529 1399 608 1456 tu,
629 1406 734 1446 non
758 1391 1010 1458 Donatus,
1026 1404 1131 1445 non
1152 1388 1488 1455 Caecilianus,
1511 1387 1604 1443 sed
1633 1388 1747 1459 ipse
1767 1402 1925 1458 quem
1941 1385 2118 1442 nomi-

526 1498 658 1539 nare
701 1499 860 1538 ausus
900 1497 961 1537 es
1002 1481 1332 1554 Cyprianus;
1376 1488 1432 1537 et
1456 1479 1661 1538 diceret
1697 1495 1762 1536 ea
1796 1479 1960 1536 verba
1995 1493 2116 1552 qua:

529 1574 742 1642 scripsit
773 1572 839 1627 ad
865 1573 1175 1626 Maximum.

599 1664 825 1722 CAPUT
858 1662 1147 1719 XXXVIII.
1179 1664 1358 1719 —48.
1400 1662 1532 1718 Etsi
1554 1663 1804 1730 uidentur,
1844 1661 2034 1732 inquit,
2061 1661 2117 1715 in

528 1759 762 1812 Ecclesia
786 1774 891 1812 csse
908 1757 1124 1822 zizania,
1159 1773 1261 1810 non
1296 1764 1462 1810 tamen
1498 1755 1736 1826 impediri
1765 1754 1905 1809 debet
1933 1761 2022 1808 aut
2052 1753 2119 1823 [i-

528 1850 617 1904 des
644 1859 734 1903 aut
759 1849 976 1903 charitas
1001 1857 1192 1913 nostra,
1221 1857 1275 1901 ut
1297 1847 1535 1917 quoniam
1569 1847 1765 1901 zizania
1794 1862 1902 1901 esse
1931 1846 1985 1900 in
2011 1843 2116 1898 Ec-

526 1940 681 1994 clesia
703 1939 971 2002 cernimus,
1006 1938 1107 2007 ipsi
1131 1937 1195 1991 de
1222 1937 1449 1991 Ecclesia
1470 1937 1782 1990 recedamus.
1813 1933 1976 1989 Nobis
2002 1943 2117 1989 tan-

528 2027 788 2081 tummodo
816 2026 1148 2081 laborandum
1174 2035 1267 2092 est,
1290 2034 1346 2078 ut
1374 2029 1684 2096 frumentum
1707 2041 1813 2079 esse
1835 2024 2117 2096 possimus;

528 2129 584 2172 ut
628 2136 742 2174 cum
784 2119 986 2188 creperit
1035 2120 1341 2190 frumentum
1389 2116 1654 2171 dominicis
1702 2117 1896 2172 horreis
1942 2115 2114 2183 condi,

531 2213 753 2283 fructum
776 2225 866 2278 pro
893 2225 1041 2280 opere
1065 2216 1234 2262 nostro
1263 2217 1309 2262 et
1340 2207 1510 2262 labore
1532 2208 1810 2280 capiamus.
1847 2207 2119 2278 Apostolus

528 2303 582 2356 in
609 2302 841 2373 Epistula
865 2317 958 2355 sua
985 2300 1111 2355 dicit
1139 2319 1160 2354 :
1193 2319 1213 2353 ι
1240 2299 1307 2354 In
1333 2300 1482 2356 domo
1508 2310 1676 2356 autem
1698 2318 1884 2374 magna
1909 2317 2011 2356 non
2034 2319 2120 2357 so-

531 2394 638 2445 lum
663 2407 783 2445 uasa
801 2401 916 2445 sunt
934 2407 1093 2445 aurea
1111 2400 1158 2446 et
1186 2400 1442 2462 argentea,
1472 2393 1562 2446 sed
1585 2401 1631 2446 et
1659 2393 1824 2464 lignea
1849 2401 1895 2447 et
1917 2394 2118 2464 fictilia;

529 2493 576 2536 et
615 2483 848 2553 quaedam
887 2482 1087 2552 quidem
1121 2483 1388 2550 honorata,
1421 2483 1652 2555 quwdam
1677 2485 1980 2539 inhonorata
2007 2485 2118 2558 »(11

529 2575 663 2630 Tim.
691 2592 746 2641 ιι,
782 2576 897 2646 20).
938 2575 1050 2631 Nos
1104 2592 1312 2646 operam
1358 2576 1566 2645 demus,
1595 2586 1641 2632 et
1672 2587 1914 2648 quantum
1935 2595 2118 2649 possu-

527 2684 638 2720 mus
663 2666 964 2732 laboremus,
996 2675 1052 2720 ιιι
1075 2683 1162 2722 vas
1183 2684 1392 2722 aureum
1411 2677 1459 2722 et
1484 2678 1775 2739 argenteum
1803 2671 1979 2724 simus.
2007 2669 2120 2726 Cte-

529 2769 693 2814 terum
720 2761 896 2828 ﬁctilia
935 2775 1058 2815 uasa
1095 2762 1414 2834 confringere
1444 2759 1665 2816 Domino
1698 2762 1795 2816 soli
1828 2779 2119 2818 concessum

527 2861 634 2914 est,
681 2852 761 2904 cui
807 2853 947 2922 uirga
992 2857 1157 2923 ferrea
1197 2853 1318 2906 data
1361 2862 1435 2908 est
1477 2853 1648 2923 (Psal.
1681 2870 1738 2919 tt,
1762 2854 1840 2925 9).
1864 2855 1990 2911 Esse
2016 2873 2118 2912 non

526 2952 687 3013 potest
713 2944 878 3014 major
918 2944 1129 2998 domino
1159 2961 1253 2999 suo
1286 2961 1456 3001 seruus
1487 2947 1666 3017 (Joan.
1703 2963 1821 3015 χιιι,
1856 2949 1982 3021 16);
2025 2967 2117 3005 nec

525 3034 791 3103 quisquam
823 3034 938 3102 sibi,
967 3035 1103 3104 quod
1127 3033 1224 3089 soli
1255 3035 1392 3090 Filio
1417 3035 1574 3092 Pater
1598 3039 1791 3103 tribuit,
1819 3040 2118 3096 vindicare:

525 3135 582 3178 ut
609 3141 662 3178 se
684 3133 820 3196 putet
845 3135 932 3178 aut
969 3125 1037 3178 ad
1069 3142 1240 3180 aream
1282 3127 1632 3182 uentilandam
1675 3139 1722 3182 et
1772 3131 2112 3202 purgandum,

525 3211 698 3283 palam
724 3219 858 3286 ferre
875 3215 989 3285 jam
1012 3233 1175 3287 posse,
1208 3225 1295 3271 aut
1324 3234 1355 3270 a
1375 3218 1629 3286 frumento
1649 3220 1883 3275 universa
1918 3223 2118 3277 zizania

527 3306 758 3360 humano
787 3306 984 3377 judicio
1019 3324 1272 3375 separare.
1309 3307 1540 3381 Superba
1587 3321 1659 3365 est
1694 3312 1791 3367 ista
1825 3314 2113 3384 obstinatio,

523 3410 570 3453 et
598 3401 843 3469 sacrilega
877 3402 1224 3471 praesumptio,
1256 3419 1410 3474 quant
1437 3403 1532 3456 sibi
1562 3408 1712 3475 furor
1743 3422 1928 3477 pravus
1972 3423 2117 3462 assu-

525 3489 616 3546 mit
646 3505 664 3542 :
691 3499 738 3544 et
767 3491 890 3544 dum
912 3490 1008 3544 sibi
1035 3506 1230 3562 semper
1252 3493 1460 3564 quidam
1489 3495 1603 3563 plus
1633 3511 1786 3564 quam
1814 3495 1949 3552 mitis
1958 3498 2118 3568 justi-

1262 443 1536 500 CONTRA
1570 440 1998 504 CRESCONIUM
2040 439 2493 512 DONATISTAM,
2525 443 2584 499 S.
2624 436 2994 498 AUGUSTINI

3701 436 3817 495 I96

2216 557 2286 610 tia
2315 555 2540 627 deposcit
2566 563 2851 621 assumunt,
2898 553 2961 607 de
2987 550 3214 607 Ecclesia
3244 557 3489 622 pereunt;
3517 558 3565 605 et
3595 550 3719 613 dum
3751 569 3812 608 se

2214 649 2488 704 insolenter
2526 649 2791 714 extollunt,
2838 646 2950 718 ipso
2988 661 3079 701 suo
3123 654 3318 699 tumore
3343 643 3540 710 cacati,
3582 643 3813 698 veritatis

2216 740 2386 796 lumen
2427 740 2682 794 amittunt.
2717 739 2810 793 His
2839 738 3087 810 Cypriani
3124 736 3303 792 verbis
3345 736 3516 792 Deum
3559 735 3818 792 timentes

2216 830 2272 886 in
2311 830 2550 887 Ecclesia
2596 839 2924 897 tenerentur,
2973 829 3064 901 qui
3105 827 3304 885 vellent
3353 827 3420 882 ab
3460 842 3524 884 ea
3572 827 3816 898 separari

2219 931 2436 992 propter
2463 922 2707 992 cognitos
2753 921 2952 988 malos;
2997 921 3190 992 quibus
3227 918 3407 974 verbis
3446 933 3543 974 vos
3589 918 3815 973 damna-

2217 1016 2368 1080 mini,
2394 1016 2486 1086 qui
2512 1016 2742 1086 separati
2770 1015 3033 1071 accusatis
3057 1021 3112 1070 et
3140 1013 3333 1069 bonos.
3379 1011 3475 1066 llis
3503 1011 3688 1066 verbis
3713 1011 3814 1081 Cy-

2218 1108 2438 1178 prianus
2467 1116 2522 1163 et
2553 1123 2651 1164 nos
2676 1115 2822 1162 tenet
2842 1107 2896 1161 in
2919 1105 3079 1161 domo
3109 1105 3225 1173 Dei,
3267 1104 3417 1173 cujus
3443 1102 3701 1158 decorem
3735 1101 3814 1156 di-

2218 1199 2374 1265 lexit;
2401 1199 2631 1259 etiamsi.
2665 1197 2806 1268 quod
2837 1212 3110 1269 nunquam
3137 1196 3312 1251 facere
3340 1194 3613 1266 potuistis,
3660 1209 3692 1248 a
3717 1210 3812 1249 vo-

2218 1289 2304 1345 bis
2324 1299 2602 1345 accusatos
2622 1297 2677 1346 et
2703 1289 3098 1345 demonstratos
3118 1289 3424 1353 traditores,
3455 1296 3512 1342 et
3540 1287 3811 1356 quoslibet

2219 1385 2354 1438 alios
2379 1385 2549 1439 malos
2577 1399 2735 1440 nosse
2763 1399 3074 1455 possemus;
3122 1399 3191 1440 ne
3235 1384 3380 1440 illam
3432 1391 3659 1454 propter
3691 1395 3814 1436 vasa

2220 1474 2357 1530 facta
2383 1475 2436 1530 in
2465 1476 2840 1531 contumeliam
2859 1475 3190 1530 deseramus.
3221 1474 3314 1529 His
3337 1474 3513 1529 verbis
3533 1473 3699 1527 etiam
3721 1485 3814 1527 vos

2223 1566 2274 1621 in
2302 1566 2618 1622 catholicam
2658 1581 2844 1637 pacem
2879 1574 3149 1621 correctos
3189 1565 3440 1635 paciﬁcus
3479 1561 3811 1628 introducat,

2223 1672 2292 1713 ne
2315 1657 2643 1728 quibuslibet
2667 1655 2902 1727 peccatis
2925 1656 3118 1711 alienis
3143 1671 3235 1711 seu
3266 1655 3406 1710 veris
3428 1669 3524 1708 seu
3554 1653 3699 1708 falsis
3730 1651 3814 1706 of-

2220 1746 2379 1814 fensi,
2407 1757 2592 1803 contra
2635 1748 2931 1803 Ecclesiam
2959 1747 3157 1802 Christi
3191 1747 3243 1801 in
3289 1755 3402 1801 toto
3430 1745 3630 1800 mundo
3664 1743 3813 1800 Scri-

2221 1840 2392 1910 pturis
2431 1840 2834 1897 fructiﬁcantem
2873 1849 3032 1912 atque
3078 1849 3431 1903 crescentem,
3471 1837 3616 1892 mala
3671 1844 3815 1892 tanta

2218 1930 2451 2001 jactetis,
2498 1947 2565 1986 ne
2604 1940 2820 2002 propter
2859 1931 3061 1986 zizania
3102 1931 3340 1987 triticum
3397 1927 3704 1993 accusetis,
3750 1942 3816 1982 ne

2223 2031 2441 2094 propter
2469 2024 2677 2093 paleam
2705 2023 2970 2078 frumenta
2999 2024 3282 2090 deseratis,
3325 2036 3392 2077 ne
3436 2031 3661 2091 propter
3692 2033 3816 2077 vasa

2222 2112 2540 2169 inhonorata
2565 2125 2715 2171 extra
2739 2115 2956 2170 domum
2980 2130 3224 2186 magnam
3254 2115 3602 2170 remaneatis.

2292 2213 2382 2270 49.
2425 2214 2561 2270 Ecce
2589 2226 2845 2286 quantum
2877 2233 2975 2272 nos
2998 2217 3095 2271 abs
3121 2224 3171 2270 te
3199 2222 3659 2270 commemoratus
3686 2213 3809 2269 bea-

2224 2313 2307 2360 tus
2348 2303 2644 2379 Cyprianus
2683 2308 2906 2378 adjuvit,
2955 2308 3060 2372 cui,
3097 2305 3166 2363 de
3209 2307 3482 2376 Baptismo
3523 2305 3816 2376 repetendo

2223 2395 2268 2450 si
2293 2397 2420 2467 quid
2443 2398 2596 2452 aliter
2616 2399 2810 2467 sapuit,
2840 2413 2937 2468 pro
2968 2399 3132 2451 tantis
3156 2396 3360 2452 meritis
3387 2395 3816 2466 ﬂagrantissima:

2223 2488 2502 2545 charitatis
2530 2491 2906 2562 corrigendum
2939 2490 3122 2561 procul
3149 2489 3314 2544 dubio
3352 2489 3618 2543 Dominus
3665 2502 3816 2543 reve-

2224 2582 2352 2637 lavit
2384 2601 2398 2638 :
2430 2585 2552 2654 quia
2579 2583 2631 2638 in
2661 2599 2721 2638 ea
2752 2584 2861 2639 vite
2887 2582 3182 2662 permansit
3210 2591 3456 2651 tanquam
3489 2586 3816 2634 sarmentum

2225 2680 2373 2730 tanto
2403 2674 2573 2730 fructu
2600 2677 2744 2746 pacis
2771 2684 2826 2731 et
2851 2675 3158 2730 dilectionis
3199 2674 3530 2745 opulentum,
3563 2680 3626 2727 ut
3661 2673 3816 2728 etiam

2224 2767 2268 2820 si
2291 2765 2416 2836 quid
2447 2766 2500 2820 in
2527 2781 2594 2820 eo
2622 2765 2955 2836 purgandum
2993 2764 3338 2835 reperiretur,
3362 2763 3406 2817 si
3433 2763 3581 2817 nulla
3612 2778 3671 2816 re
3697 2763 3814 2826 alia,

2207 2865 2370 2912 'certe
2395 2855 2528 2912 falce
2558 2856 2798 2928 martyrii
2831 2865 3166 2928 purgaretur.
3195 2858 3509 2924 Quanquam
3542 2853 3725 2922 itaque
3753 2852 3818 2908 ad

2225 2961 2462 3002 errorem
2492 2954 2727 3002 vestrum
2753 2946 3198 3012 convincendum,
3231 2954 3287 2999 et
3321 2947 3363 2999 si
3395 2945 3676 2999 volueritis
3704 2960 3819 2999 cor-

2223 3038 2522 3108 rigendum,
2553 3039 2682 3092 satis
2713 3053 2979 3109 superque
3008 3038 3278 3109 potuerint
3303 3039 3401 3092 ista
3424 3037 3667 3092 sufficere
3691 3055 3706 3090 :
3735 3045 3817 3092 ta-

2223 3145 2347 3187 men
2391 3146 2458 3186 ne
2499 3131 2774 3202 quisquam
2820 3131 3106 3186 arbitretur
3153 3131 3350 3200 aliquid
3388 3141 3440 3185 te
3491 3131 3544 3184 in
3591 3129 3819 3200 epistola

2225 3221 2488 3292 posuisse,
2520 3223 2660 3293 quod
2703 3223 2948 3278 refellere
2987 3237 3092 3277 non
3121 3222 3376 3283 valerem,
3415 3230 3506 3275 aut
3542 3221 3595 3273 in
3637 3233 3740 3290 quo
3764 3226 3822 3274 te

2223 3317 2420 3370 nostris
2451 3325 2638 3370 contra
2669 3316 2984 3370 Petilianum
3026 3314 3220 3369 litteris
3258 3313 3392 3368 nihil
3433 3311 3682 3366 idoneum
3727 3325 3817 3364 re-

2224 3407 2525 3478 spondisse,
2555 3408 2926 3464 demonstrare
2956 3422 3064 3463 non
3101 3420 3336 3478 possem,
3379 3403 3626 3475 sequenti
3663 3402 3818 3458 volu—

2223 3498 2368 3555 mine
2390 3508 2581 3556 caetera
2609 3499 2906 3556 videamus.

1545 3720 2031 3829 LIBER
2113 3723 2424 3831 TER
2439 3723 2607 3830 ΤΙ
2629 3724 2836 3834 US.

1042 3901 1291 3968 Reliquam
1312 3908 1507 3966 partem
1528 3902 1754 3967 Epistolas
1772 3907 2036 3969 Gresconii,
2059 3906 2255 3972 singula
2274 3909 2494 3960 breviter
2518 3921 2585 3960 ex
2603 3909 2778 3962 «dine
2796 3907 3054 3973 refellens,
3080 3910 3338 3973 percurrit.

1922 4040 2395 4096 -ο-ἓῦροβιῶο-

598 4154 823 4212 CAPUT
851 4154 1138 4211 PRIMUM.
1168 4183 1240 4197 ——
1281 4157 1331 4210 Ι.
1361 4155 1414 4210 Si
1447 4155 1724 4212 tardorum
1749 4156 1882 4212 mihi
1911 4157 2124 4228 ingenia

524 4247 758 4300 curanda
783 4262 888 4300 non
931 4255 1151 4313 essent,
1195 4248 1285 4318 qui
1335 4247 1631 4318 intelligere
1674 4258 1978 4319 nequeunt,
2027 4265 2116 4306 me

524 4337 732 4392 duobus
753 4338 1120 4393 voluminibus
1157 4338 1520 4407 superioribus
1558 4339 1625 4394 ad
1664 4354 1878 4394 causam
1923 4349 2115 4408 totam,

525 4443 643 4497 qua:
673 4437 757 4481 tua
780 4467 796 4492 ,
825 4426 991 4481 frater
1014 4427 1288 4493 Crescoui,
1321 4423 1543 4497 é‘pistola
1563 4431 1898 4498 continetur,
1931 4433 2112 4488 multis

528 4518 701 4572 modis
739 4518 807 4571 ita
839 4516 1180 4586 respondisse
1203 4557 1219 4583 ,
1251 4526 1309 4572 ut
1339 4519 1497 4573 etiam
1529 4519 1614 4574 illa
1645 4536 1762 4589 quae
1791 4522 1860 4576 ibi
1890 4531 2113 4588 restant,

520 4609 629 4679 jam
651 4609 824 4665 soluta
847 4616 1006 4678 atque
1027 4607 1278 4665 frustrata
1303 4609 1440 4677 sint,
1465 4609 1575 4679 jam
1603 4609 1788 4667 debuit
1811 4627 1841 4666 a
1868 4627 1955 4666 me
1985 4613 2110 4669 huic

527 4700 677 4772 operi
705 4699 824 4756 linis
851 4701 1074 4770 imponi.
1123 4699 1229 4756 Sed
1268 4700 1389 4771 quia
1430 4701 1582 4755 multi
1611 4709 1754 4770 sunt,
1788 4703 1976 4772 quibus
2002 4718 2116 4760 ser-

526 4792 641 4848 vire
679 4806 778 4847 nos
804 4793 1095 4860 convenit,
1135 4791 1225 4863 qui
1257 4792 1437 4846 omnia
1465 4791 1686 4864 depulsa
1726 4807 1849 4849 esse
1883 4808 1990 4848 non
2017 4809 2116 4864 pu-

501 4894 683 4962 tant,
735 4884 836 4939 nisi
884 4884 1016 4939 locis
1069 4884 1181 4938 suis
1228 4883 1386 4938 etiam
1441 4884 1648 4954 singula
1702 4893 2116 4955 pertractentur,

523 4978 734 5034 residua
780 4977 1045 5034 sermonis
1087 4976 1165 5031 tui
1208 4975 1442 5032 breviter
1483 4993 1549 5033 ex
1598 4976 1785 5034 ordine
1830 4977 2117 5035 relellenda

526 5087 854 5146 percurram.

597 5165 652 5222 2.
689 5163 954 5235 Quidquid
985 5163 1052 5218 de
1077 5160 1324 5234 Cypriani
1374 5161 1699 5217 venerabilis
1728 5162 2015 5232 martyris,
2061 5171 2117 5218 et

526 5258 596 5312 de
638 5256 987 5328 quorumdam
1013 5253 1363 5310 Orientalium
1412 5253 1603 5308 litteris
1643 5253 1984 5309 inserendum
2012 5268 2114 5322 pu-

525 5351 644 5403 tasti
666 5391 680 5413 ,
709 5349 848 5418 quod
877 5349 955 5403 eis
998 5345 1256 5418 placuerit
1285 5344 1424 5414 apud
1465 5343 1746 5400 haereticos
1771 5353 1826 5400 et
1848 5345 2112 5400 schisma-

526 5442 660 5496 ticos
707 5441 887 5495 datum
935 5438 1250 5509 improbare.
1281 5436 1536 5506 Baptismi
1579 5447 1968 5491 sacramentum
2001 5436 2110 5510 (a);

523 5530 656 5585 nihil
686 5531 907 5599 impedit
933 5544 1150 5585 causam
1177 5535 1414 5584 nostram
1433 5567 1450 5593 ,
1480 5526 1527 5582 si
1554 5541 1674 5582 eam
1700 5527 1994 5582 Ecclesiam
2020 5544 2111 5585 re-

588 5661 752 5734 (aipe
773 5660 951 5734 ιιιιετίβ
973 5658 1368 5734 τοτιθτίπηξιξιιιιί
1403 5665 1643 5734 (iss-res,
1668 5658 1973 5734 Cataractone
2008 5661 2111 5734 evi-

523 5718 895 5787 scdpiCypriano
919 5723 1176 5787 inscriptis,
1203 5729 1266 5787 et_
1277 5723 1405 5787 inter
1415 5718 1747 5787 Cyprianianas
1763 5718 1993 5787 vulgatis,
2007 5718 2111 5784 qui-

522 5782 625 5836 ms
639 5782 899 5846 leoniensis
915 5782 1101 5834 concilii
1139 5795 1226 5846 pro
1256 5782 1547 5845 baptizandis
1577 5782 1822 5832 haereticis
1856 5782 1958 5846 acta
1997 5782 2108 5846 nar-

525 5855 712 5907 rentur.
737 5845 957 5893 Eamdem
979 5847 1043 5895 de
1065 5844 1405 5907 haereticorlnn
1429 5846 1665 5907 Baptismo
1688 5845 1980 5907 sententiam
1999 5844 2108 5896 tulit

523 5906 834 5972 Synnadense
849 5907 1100 5962 concilium
1115 5906 1292 5962 eodem
1311 5906 1419 5962 fere
1431 5904 1654 5971 tempore
1673 5904 1992 5965 celebratum.
2013 5909 2106 5962 sed

2233 4160 2496 4228 tinemus,
2537 4176 2696 4232 quam
2723 4175 2828 4217 non
2854 4161 3093 4218 deseruit
3131 4163 3430 4234 Cyprianus
3450 4205 3465 4230 ,
3511 4166 3676 4219 etiam
3699 4179 3812 4220 cum

2228 4251 2381 4305 multi
2408 4251 2522 4322 ejus
2549 4251 2768 4323 collega:
2797 4253 2848 4307 in
2875 4253 3014 4309 hanc
3039 4254 3358 4309 sententiam
3379 4256 3692 4312 consentire
3717 4270 3812 4310 no-

2229 4340 2472 4396 luissent.
2501 4341 2634 4396 Nam
2666 4351 2720 4397 et
2744 4343 2795 4397 in
2826 4344 2942 4414 ipso
2968 4345 3194 4398 concilio
3221 4345 3354 4399 dixit
3385 4363 3398 4398 :
3438 4344 3711 4400 Neminem
3729 4348 3812 4416 ju-

2226 4433 2450 4488 dicantes
2475 4475 2488 4501 ,
2522 4452 2610 4488 nec
2630 4452 2661 4488 a
2678 4438 2798 4507 jure
2823 4439 3196 4492 communionis
3222 4439 3464 4506 aliquem,
3497 4441 3544 4494 si
3565 4442 3811 4495 diuersum

2225 4525 2464 4589 senserit,
2491 4536 2796 4582 amoventes.
2833 4527 2904 4584 Et
2928 4529 3173 4586 eamdem
3197 4530 3478 4601 epistolam
3504 4530 3580 4588 ad
3603 4531 3813 4590 Jubaia—

2225 4631 2352 4672 num
2384 4617 2453 4670 ita
2475 4617 2736 4674 conclusit
2765 4637 2780 4673 :

2296 4709 2523 4766 CAPUT
2552 4710 2617 4765 II.
2646 4741 2719 4754 --
2748 4711 2874 4767 Haec
2901 4713 3008 4781 tibi,
3041 4714 3354 4782 charissime,
3385 4732 3479 4785 pro
3504 4725 3679 4772 nostra
3707 4731 3809 4769 me-

2226 4802 2491 4857 diocritate
2527 4804 2878 4871 respondimus
2897 4847 2912 4871 ,
2943 4807 3132 4860 nemini
3164 4807 3545 4878 prwscribentes
3571 4817 3665 4862 aut
3688 4821 3812 4878 prte—

2216 4893 2542 4964 judicantes,
2594 4895 2860 4965 quominus
2908 4897 3249 4966 unusquisth
3293 4899 3648 4967 episcoporum
3683 4894 3811 4966 quod

2225 4995 2368 5054 putat
2394 4987 2570 5055 faciat,
2595 4986 2783 5042 habens
2804 4987 3001 5040 arbitrii
3029 4987 3110 5041 sui
3131 4987 3338 5041 liberam
3360 4997 3681 5059 potestatem,
3711 4995 3804 5042 etc.

2219 5077 2278 5154 _ln
2312 5079 2395 5134 his
2423 5095 2554 5150 ergo
2595 5095 2692 5134 nos
2743 5079 2958 5135 interim
3001 5079 3193 5151 deputa
3219 5121 3234 5148 ,
3289 5080 3481 5150 quibus
3532 5079 3667 5135 illud
3709 5091 3807 5134 non

2193 5238 2196 5240 γ
2222 5172 2395 5240 potuit
2419 5171 2745 5241 persuadere
2784 5169 3086 5243 Cyprianus
3107 5215 3119 5236 .
3163 5187 3192 5225 a
3225 5171 3415 5242 quibus
3446 5179 3629 5226 tamen
3655 5171 3806 5226 etiam

2220 5264 2275 5319 in
2303 5264 2401 5317 hac
2427 5279 2486 5318 re
2511 5264 2720 5318 diversa
2760 5264 3148 5331 sentientibus,
3191 5262 3623 5318 communionem
3664 5273 3806 5316 suam

2220 5353 2439 5409 minime
2462 5354 2746 5422 separavit.
2794 5353 3020 5424 Majores
3046 5364 3224 5410 autem
3252 5354 3449 5418 vestri,
3491 5354 3688 5424 quibus
3711 5351 3811 5407 tale

2221 5447 2579 5503 testimonium
2609 5446 2945 5516 perhibuisti,
2969 5447 3106 5517 quod
3127 5448 3189 5501 ab
3217 5446 3554 5501 Orientalium
3577 5453 3806 5516 propter-

2217 5558 2278 5596 ea
2329 5542 2682 5595 communione
2709 5541 2911 5594 discreti
2937 5550 3084 5604 sunt,
3130 5541 3251 5612 quia
3279 5539 3359 5594 illi
3383 5555 3530 5594 suum
3554 5539 3806 5609 judicium

2215 5633 2544 5698 resciderunt,
2568 5649 2665 5702 quo
2693 5633 2762 5686 eis
2784 5631 3044 5704 placuerat
3065 5632 3126 5685 de
3153 5632 3248 5686 ista
3269 5630 3521 5702 Baptismi
3537 5629 3808 5700 quwstionc

2212 5798 2355 5835 suum
2395 5785 2522 5834 istud
2551 5784 2781 5846 judicium
2814 5781 3091 5846 orientales
3121 5781 3425 5846 postmodum
3460 5785 3804 5846 correxerunt,

2212 5850 2281 5896 uti
2304 5848 2382 5912 hic
2404 5839 2583 5912 legitur
2607 5846 2745 5912 intra.
2773 5845 2890 5912 Vide
2903 5839 3189 5912 Eusebium,
3216 5843 3302 5897 lib.
3327 5845 3378 5908 1,
3399 5856 3540 5909 capp.
3567 5843 3666 5896 ὅθι
3685 5839 3733 5905 ὁ,
3756 5845 3806 5892 α

2211 5905 2482 5974 Μοθωωᾷ
2500 5908 2585 5961 lib.
2607 5910 2655 5973 ϐ,
2672 5920 2811 5972 capp.
2832 5908 2884 5972 7,
2899 5905 2932 5958 8
2947 5913 2998 5961 et
3014 5907 3064 5959 9.
3174 5905 3182 5908 ’
3363 5905 3371 5908 ’
3457 5905 3473 5909 “
3492 5905 3506 5908 ⁷
3640 5917 3644 5919 ’
3666 5915 3672 5919 '
