3998 6524
210 510 467 586 Cypriane
486 510 637 579 atque
660 500 740 559 illi
758 498 1001 571 Africano
1021 495 1233 554 concilio
1252 489 1523 551 ementiri
1542 496 1793 553 oportere,

208 582 397 661 contra
444 598 772 671 Cyprianum
824 592 1084 648 fecerunt.
1132 589 1440 645 Debuerant
1484 582 1627 639 enim
1674 593 1797 634 cum

208 695 431 765 collegis
458 693 572 747 suis
597 689 759 746 etiam
785 686 841 741 in
870 685 969 738 hac
990 682 1287 753 quaestione
1322 679 1534 734 diversa
1559 672 1797 730 sentien-

208 764 365 847 tibus
397 798 586 842 tenere
623 777 1016 838 communionis
1058 774 1313 831 unitatem
1342 812 1359 839 ,
1404 767 1548 841 quod
1590 767 1646 821 in
1687 764 1801 821 suis

211 880 407 938 litteris
433 876 625 934 fecisse
654 873 880 944 legimus
899 868 1239 941 Cyprianum.
1281 859 1656 932 Respondent,
1686 856 1800 911 ideo

209 990 323 1029 eum
362 973 437 1027 sic
480 967 617 1039 loqui
660 965 876 1020 voluisse
896 1004 912 1030 ,
945 977 1008 1014 ne
1039 962 1251 1030 fortasse
1274 948 1803 1010 excommunicationis

210 1066 392 1121 timore
431 1059 699 1126 deterriti,
736 1073 839 1112 non
878 1052 1119 1109 auderent
1158 1050 1310 1105 libere
1338 1046 1503 1100 dicere
1527 1043 1663 1115 quod
1681 1056 1801 1096 sen-

209 1161 379 1223 tirent,
402 1174 506 1211 non
526 1155 647 1225 quia
667 1168 781 1206 cum
802 1150 874 1204 eis
886 1156 1009 1203 esset
1022 1148 1073 1200 in
1098 1141 1447 1199 communione
1465 1149 1734 1192 mansurus
1758 1132 1803 1188 si

209 1255 411 1307 diversa
451 1248 721 1303 sensissent
750 1260 768 1298 :
794 1241 884 1296 ubi
918 1247 1104 1309 aperte
1129 1235 1313 1290 dicunt
1338 1230 1659 1302 Cyprianum
1684 1236 1804 1279 esse

208 1344 520 1399 mentitum.
548 1337 603 1393 Si
629 1337 771 1392 enim
794 1332 1038 1395 dicebat,
1067 1325 1335 1381 Neminem
1356 1320 1644 1392 judicantes
1667 1356 1683 1383 ,
1714 1328 1805 1369 nec

209 1451 241 1488 a
268 1435 395 1504 jure
424 1425 793 1484 communionis
812 1422 1031 1490 aliquem
1057 1459 1071 1483 ,
1099 1418 1143 1471 si
1172 1416 1369 1469 diversa
1392 1408 1638 1475 senserit,
1664 1420 1807 1459 amo-

206 1501 379 1579 rentes
404 1564 420 1587 ,
474 1517 616 1590 quod
659 1530 780 1571 eum
826 1512 1027 1567 dixisse
1051 1505 1351 1575 conscripta
1390 1501 1625 1557 indicant
1656 1503 1804 1567 gesta

209 1612 426 1670 concilii
463 1589 577 1682 (a);
607 1616 663 1663 et
687 1617 865 1661 tamen
893 1601 937 1657 si
965 1600 1245 1670 quisquam
1276 1608 1461 1651 eorum
1481 1633 1497 1661 ,
1525 1589 1717 1660 quibus
1740 1600 1806 1643 ea

209 1704 428 1760 dicebat
453 1742 470 1768 ,
520 1700 789 1755 diversum
821 1692 1022 1749 sentire
1045 1704 1105 1745 se
1140 1686 1481 1747 ostenderet,
1535 1695 1640 1735 non
1684 1692 1807 1733 cum

209 1812 276 1852 eo
304 1794 485 1849 fuerat
513 1790 855 1847 Sacramenta
886 1782 1082 1840 Christi
1118 1777 1608 1835 communicaturus
1637 1789 1651 1825 :
1682 1783 1809 1839 pro-

212 1888 299 1944 cul
325 1885 496 1941 dubio
518 1880 889 1941 mentiebatur,
920 1874 1011 1945 qui
1038 1870 1160 1927 talia
1186 1870 1392 1931 dolose,
1422 1880 1529 1919 non
1550 1860 1809 1917 veraciter

214 1976 607 2051 promittebat;
652 1982 707 2028 et
739 1969 879 2040 quod
907 1974 993 2023 est
1028 1965 1082 2020 in
1124 1976 1192 2019 eo
1230 1956 1509 2015 mendacio
1554 1951 1808 2015 deterius,

214 2050 621 2141 simplicitatem
643 2064 865 2120 fratrum
885 2058 1079 2129 duplici
1102 2054 1264 2111 corde
1290 2050 1521 2114 fallebat,
1539 2061 1663 2141 eum
1680 2058 1815 2115 pm-

217 2163 411 2221 sertim
438 2170 495 2217 et
520 2160 879 2215 scriberentur
902 2167 1020 2223 qua:
1048 2148 1381 2205 dicebantur.
1414 2143 1545 2198 Nam
1574 2140 1817 2211 quicum-

218 2271 324 2326 que
373 2253 447 2309 ab
494 2252 587 2306 illo
630 2247 859 2305 concilio
900 2244 1169 2299 diversum
1213 2238 1504 2303 sensisset,
1547 2230 1816 2303 quomodo

220 2325 407 2419 posset
430 2345 501 2401 ab
519 2344 636 2412 ejus
660 2357 755 2397 ore
779 2336 1022 2394 damnari
1052 2336 1067 2367 ¹
1087 2334 1169 2388 vel
1198 2325 1666 2393 excommunicari,
1693 2338 1817 2380 cum

221 2414 471 2509 ejusdem
500 2433 712 2491 concilii
749 2446 848 2501 pro
888 2444 947 2484 se
992 2424 1309 2497 principium
1357 2416 1642 2477 recitaret?
1687 2414 1817 2483 Quis

220 2507 352 2601 ergo
380 2528 455 2584 de
481 2525 747 2597 Cypriane
773 2519 1100 2577 tolerabilius
1126 2515 1324 2580 sentit,
1354 2522 1530 2568 utrum
1571 2522 1669 2564 nos
1686 2550 1701 2575 ,
1727 2507 1821 2579 qui

222 2637 344 2679 eum
376 2619 612 2675 dicimus
637 2618 690 2670 in
731 2614 956 2669 obscura
988 2610 1059 2666 de
1097 2609 1366 2677 Baptismo
1405 2604 1700 2676 quaestione
1725 2602 1821 2657 bo-

223 2716 432 2770 minem
460 2711 574 2765 falli
603 2707 872 2778 potuisse;
901 2719 968 2758 an
998 2716 1117 2768 vos,
1144 2700 1233 2771 qui
1262 2713 1384 2754 eum
1414 2696 1589 2752 dicitis
1616 2695 1668 2748 in
1694 2706 1822 2763 pro-

223 2804 491 2863 mittenda
539 2801 829 2857 christiana
875 2794 1251 2853 communione
1296 2792 1605 2861 episcopum
1636 2786 1824 2842 fallere

226 2899 495 2965 voluisse,
527 2910 634 2950 non
669 2907 835 2948 unum
863 2890 1099 2960 aliquem
1120 2885 1366 2950 fratrum,
1397 2880 1492 2937 sed
1521 2878 1821 2934 universam

229 2988 597 3060 episcopalem
624 2983 938 3039 societatem
956 2980 981 3031 Ἰ
1005 2976 1147 3049 quod
1170 2975 1217 3031 si
1245 2983 1301 3029 et
1326 2972 1476 3028 vobis
1499 2970 1566 3025 de
1592 2969 1683 3024 illo
1708 2980 1825 3023 cre-

231 3059 367 3137 dere
393 3059 541 3134 nefas
566 3084 688 3141 est;
721 3072 886 3129 vestri
906 3070 1137 3140 majores
1155 3073 1340 3121 contra
1366 3063 1481 3134 ejus
1505 3059 1824 3116 sententiam

230 3172 516 3237 fecerunt,
560 3168 654 3239 qui
692 3182 751 3222 se
779 3165 847 3221 ab
874 3161 1225 3220 Orientalium
1252 3155 1626 3214 communione
1643 3194 1659 3220 ,
1683 3151 1825 3225 quod

227 3264 298 3320 de
323 3263 429 3318 hac
450 3276 510 3317 re
536 3260 747 3316 diversa
772 3255 1063 3319 senserint,
1094 3252 1408 3308 diviserunt.

301 3351 540 3409 CAPUT
569 3350 657 3405 ιιι.
683 3378 754 3390 -
778 3349 833 3404 '5.
863 3345 1127 3413 Proinde,
1156 3343 1203 3399 si
1230 3342 1449 3399 omnino
1472 3338 1583 3409 jam
1606 3335 1830 3394 creden-

226 3444 368 3500 dum
399 3443 504 3507 sit,
535 3438 909 3511 quinquaginta
951 3434 1216 3506 episcopis
1253 3430 1601 3488 Orientalium
1628 3428 1681 3483 id
1709 3440 1832 3483 esse

230 3538 421 3591 visum
451 3574 467 3600 ,
516 3532 660 3603 quod
697 3530 1028 3601 septuaginta
1056 3526 1199 3582 Afris
1242 3525 1327 3580 vel
1365 3524 1636 3594 aliquanto
1667 3521 1830 3577 etiam

230 3625 489 3698 pluribus
511 3664 527 3689 ,
573 3631 753 3678 contra
789 3630 867 3677 tot
892 3620 1056 3676 millia
1083 3617 1456 3688 episc0porum
1476 3653 1492 3679 ,
1522 3612 1717 3683 quibus
1744 3611 1833 3667 hic

232 3734 395 3777 error
440 3718 494 3772 in
546 3724 657 3771 toto
684 3715 813 3769 orbe
853 3712 1156 3783 displicuit;
1206 3724 1301 3765 cur
1334 3723 1440 3763 non
1472 3706 1647 3776 potius
1670 3704 1831 3760 etiam

235 3813 391 3883 ipsos
440 3824 641 3880 paucos
688 3807 990 3864 Orientales
1037 3818 1191 3859 suum
1237 3801 1497 3872 judicium
1533 3797 1833 3855 correxisse

236 3903 519 3967 dicamus,
551 3916 682 3969 non,
712 3909 769 3955 ut
800 3908 855 3954 tu
882 3896 1135 3968 loqueris,
1162 3892 1483 3950 rescidisse?
1510 3891 1661 3946 Sicut
1684 3889 1831 3945 enim

238 3993 512 4049 laudabile
546 4002 630 4048 est
658 4007 688 4046 a
718 4005 845 4046 vera
884 3987 1149 4044 sententia
1176 4000 1280 4040 non
1319 3982 1562 4048 moveri,
1612 3981 1687 4037 ita
1722 3978 1836 4035 cid-

240 4087 424 4159 pabile
478 4085 769 4156 persistere
819 4083 872 4137 in
916 4081 1046 4136 falsa
1078 4097 1091 4133 :
1122 4092 1283 4150 quam
1335 4088 1604 4146 nunquam
1651 4080 1836 4129 tenere

238 4181 414 4251 prima
443 4179 560 4232 laus
582 4186 686 4243 est,
718 4173 951 4231 secunda
976 4180 1217 4236 mutare;
1251 4176 1310 4224 ut
1326 4176 1419 4222 aut
1441 4182 1506 4222 ex
1535 4164 1685 4220 initio
1709 4177 1835 4219 vera

242 4262 600 4343 permaneat,
645 4278 736 4323 aut
781 4275 980 4321 mutata
1021 4264 1153 4319 falsa
1182 4277 1305 4318 vera
1330 4259 1603 4317 succedat.
1653 4257 1838 4327 Neque

243 4380 391 4419 nunc
410 4362 479 4417 ad
504 4370 740 4417 nostram
772 4360 1001 4430 pertinet
1023 4356 1397 4428 quaestionem,
1423 4353 1578 4423 quale
1602 4352 1673 4408 sit
1692 4350 1837 4422 quod

246 4469 375 4523 pars
405 4452 686 4507 christiani
716 4451 861 4506 orbis
888 4450 1120 4505 maxime
1148 4448 1168 4478 ¹
1190 4461 1312 4503 cum
1340 4443 1696 4500 Orientalibus
1713 4457 1840 4500 sen-

243 4544 339 4600 sit.
382 4543 439 4600 Si
468 4544 613 4599 enim
641 4544 741 4599 hoc
769 4556 989 4602 verum,
1022 4541 1066 4593 si
1095 4539 1196 4595 hoc
1222 4536 1513 4595 tenendum
1541 4543 1700 4605 atque
1725 4549 1841 4591 ser-

242 4634 489 4689 vandum
531 4643 613 4690 est
638 4674 655 4701 ,
701 4632 842 4703 quod
871 4631 938 4686 de
961 4630 1231 4699 Baptismo
1268 4639 1512 4683 tenemus
1539 4636 1697 4698 atque
1723 4640 1841 4683 ser-

245 4738 479 4788 vamus;
531 4724 639 4779 duo
680 4724 820 4778 mala
865 4731 1042 4777 vestra
1086 4720 1235 4775 vobis
1277 4718 1602 4789 objicimus:
1642 4733 1839 4786 unum,

248 4814 399 4885 quod
430 4817 624 4871 erratis
652 4814 707 4868 in
736 4813 989 4882 Baptismi
1017 4811 1348 4881 quaestione;
1392 4809 1616 4867 alterum
1637 4849 1652 4875 ,
1701 4808 1843 4879 quod

247 4920 349 4963 vos
378 4906 448 4960 ab
487 4906 565 4960 eis
607 4905 697 4975 qui
740 4904 808 4959 de
840 4903 940 4958 hac
968 4918 1027 4957 re
1052 4917 1239 4955 verum
1282 4900 1519 4955 sentiunt
1560 4899 1841 4969 separatis.

248 4998 309 5054 Si
334 5008 544 5063 autem,
569 5005 628 5051 ut
650 4994 943 5051 secundum
970 5007 1065 5048 vos
1094 4993 1302 5061 loquar,
1322 4991 1421 5046 hoc
1441 5000 1525 5044 est
1545 5008 1598 5045 m
1620 5005 1682 5045 ea
1695 5005 1844 5060 qua:-

248 5092 437 5147 stione
468 5105 654 5145 verum
677 5131 693 5157 ,
734 5088 876 5160 quod
906 5087 1006 5159 ipsi
1035 5084 1277 5148 sentitis;
1330 5084 1419 5137 illo
1444 5092 1589 5138 certe
1624 5082 1847 5137 crimine

250 5183 641 5250 maculamini,
690 5182 831 5253 quod
874 5180 942 5235 ab
972 5178 1208 5235 Ecclesia
1252 5176 1585 5239 recessistis,
1632 5184 1850 5245 propter

248 5274 413 5344 cujus
440 5288 627 5344 pacem
646 5273 786 5329 sicut
810 5272 1104 5343 Cyprianus
1130 5281 1183 5324 et
1209 5268 1333 5324 fecit
1360 5278 1414 5323 et
1437 5267 1661 5335 monuit,
1689 5267 1850 5324 etiam

251 5368 475 5422 diversa
498 5366 793 5422 sentientes
820 5365 962 5420 ferre
988 5362 1265 5419 debuistis.

326 5457 560 5514 CAPUT
590 5457 677 5512 IV.
708 5485 780 5497 -
804 5457 858 5512 4.
881 5453 1031 5511 Nunc
1057 5454 1296 5510 exclama
1320 5451 1463 5524 quod
1479 5467 1580 5524 ego
1601 5453 1850 5523 dixerim,

321 5593 342 5625 ι
370 5598 555 5642 omnes
570 5597 699 5651 Mss,
721 5602 815 5654 quo
828 5596 982 5652 posset
1004 5586 1064 5654 ab
1079 5585 1148 5638 eis
1169 5598 1251 5636 ore
1272 5585 1514 5654 damnari.

314 5656 343 5762 ἶ
381 5647 757 5763 Ἣμῇωηηριιὲίὲ
794 5647 1127 5713 st's.,maximn
1155 5648 1283 5699 :sed
1310 5661 1404 5697 non
1429 5656 1568 5698 recte
1588 5647 1770 5700 dictum
1792 5649 1858 5701 de

335 5728 366 5765 a
449 5727 566 5764 rica.

678 5775 711 5826 ’ὃ
726 5774 790 5826 dc
810 5776 1044 5838 Baptismo
1061 5782 1226 5825 contra
1249 5770 1529 5833 Donatistas,
1554 5783 1637 5821 nn.
1663 5772 1711 5836 4,
1734 5774 1783 5838 5,
1810 5785 1862 5834 οι

664 5964 683 5990 1'

1577 366 1785 431 LIBER
1819 364 2134 425 manus.
2494 380 2511 390 ..
2569 361 2572 366 -
2789 392 2813 430 Ι

3375 366 3484 430 498

1903 478 2052 537 Nihil
2092 485 2222 541 inter
2258 485 2461 556 ﬁdelem
2504 482 2855 558 perﬁdumque
2892 482 3190 552 discemus;
3232 483 3365 541 idem
3401 486 3493 541 tibi

1902 576 2016 647 pius
2055 586 2202 648 atque
2242 578 2428 637 inicius
2456 578 2687 634 videatur
2711 595 2732 635 :
2760 576 2903 650 quod
2930 592 3032 649 ego
3054 592 3163 634 non
3189 576 3325 633 dixi.
3372 577 3481 634 Sed

1902 671 2059 741 plane
2095 670 2226 726 illud
2252 671 2362 727 dixi
2384 710 2400 739 ,
2430 672 2570 727 unde
2614 681 2671 726 tu
2694 671 2848 742 quasi
2888 670 2992 727 hoc
3031 670 3269 727 dicerem
3313 670 3495 726 excla-

1904 778 2054 820 mare
2079 764 2312 831 voluisti,
2334 772 2391 821 et
2408 765 2588 822 dicere
2604 765 2745 836 quod
2770 780 2877 821 non
2902 765 3012 822 dixi
3038 782 3051 819 :
3077 765 3217 833 Sive,
3242 765 3485 835 inquam,

1902 872 1935 910 a
1963 856 2122 925 fideli,
2150 856 2253 911 sive
2280 872 2312 910 a
2337 857 2530 927 perﬁdo
2557 858 2901 928 dispensatore
2929 857 3319 914 Sacramentum
3346 855 3499 928 quis-

1903 964 1999 1015 que
2036 949 2279 1019 percipiat
2312 947 2448 1019 (Lib.
2480 950 2507 1003 1
2537 960 2709 1004 contra
2738 949 2955 1005 Litteras
2976 948 3248 1014 Petiliani,
3271 965 3389 1021 cap.
3421 949 3487 1020 6,

1904 1058 1959 1095 n.
1986 1040 2067 1111 7).
2117 1039 2177 1095 In
2205 1055 2307 1117 qua
2333 1040 2595 1097 sententia
2620 1056 2727 1097 non
2758 1040 2888 1096 nihil
2914 1040 3054 1097 inter
3078 1040 3290 1096 fidelem
3317 1039 3493 1111 perll-
3532 1053 3541 1073 ι

1904 1132 2137 1205 dumque
2160 1132 2410 1200 discrevi,
2439 1148 2537 1189 nec
2553 1133 2689 1203 jussi
2715 1142 2773 1187 ut
2799 1131 2941 1188 idem
2965 1133 3160 1203 cuique
3188 1132 3307 1202 pius
3330 1141 3494 1201 atque

1906 1224 2101 1295 impius
2150 1224 2435 1280 videatur:
2477 1225 2572 1280 sed
2621 1224 2761 1281 idem
2800 1223 3205 1281 Sacramentum
3254 1224 3398 1294 pium
3439 1230 3497 1279 et

1908 1315 2128 1385 impium
2164 1330 2318 1387 posse
2339 1314 2566 1381 habere;
2597 1316 2739 1387 quod
2769 1330 2867 1372 nec
2894 1324 2951 1371 tu
2972 1331 3153 1385 negas,
3184 1315 3275 1386 qui
3295 1315 3495 1372 saltem

1908 1420 2029 1481 post
2056 1411 2248 1481 impios
2275 1412 2517 1467 occultos
2542 1410 2915 1483 baptizandum
2939 1427 3044 1469 non
3071 1427 3191 1469 esse
3214 1411 3471 1468 concedis
3491 1451 3506 1466 .

1909 1502 2141 1560 Proinde
2165 1504 2281 1560 sine
2309 1519 2470 1561 causa
2499 1504 2779 1575 conjungis
2804 1513 2858 1559 et
2885 1504 3049 1571 dicis,
3102 1503 3251 1559 Nihil
3289 1504 3498 1575 prodest

1911 1596 2053 1650 bonis
2082 1597 2303 1651 moribus
2328 1598 2518 1663 vivere,
2557 1598 2678 1669 quia
2703 1597 2951 1668 quidquid
2976 1598 3120 1664 justo
3153 1598 3307 1664 licet,
3334 1605 3500 1667 potest

1910 1695 1957 1739 et
1984 1688 2201 1757 injustas
2229 1687 2438 1758 implere
2467 1706 2488 1743 :
2516 1690 2640 1759 quia
2657 1699 2712 1745 et
2732 1688 2921 1744 falsum
2937 1699 3040 1755 est,
3062 1698 3117 1745 et
3132 1704 3160 1743 a
3186 1704 3271 1743 me
3291 1682 3497 1745 dictum

1913 1792 2020 1833 non
2048 1788 2149 1834 est.
2200 1778 2333 1835 Boni
2369 1780 2567 1851 quippe
2603 1795 2785 1837 mores
2814 1780 2977 1837 vitam
3021 1781 3282 1837 bonorum
3327 1782 3501 1839 malo-

1914 1884 2141 1938 rumque
2181 1869 2527 1938 discernunt,
2576 1880 2632 1926 et
2657 1870 2723 1926 ad
2769 1869 2979 1926 diversa
3024 1870 3342 1940 perducunt.
3388 1871 3503 1930 Nec

1918 1961 2174 2032 quidquid
2195 1962 2339 2031 justo
2364 1963 2485 2018 licet
2505 2004 2520 2030 ,
2548 1971 2726 2033 potest
2750 1972 2804 2018 et
2831 1963 3060 2033 injustus
3084 1962 3309 2034 implere
3332 1980 3349 2031 ;
3375 1963 3504 2036 quia

1912 2053 2089 2125 justus
2118 2054 2302 2126 implet
2352 2055 2522 2126 legem
2554 2056 2751 2111 Christi
2799 2071 2893 2125 per
2930 2057 3314 2126 dilectionem,
3360 2057 3506 2113 unde

1920 2145 2149 2216 injustas
2189 2146 2395 2202 alienus
2440 2157 2558 2214 est;
2610 2156 2785 2216 potest
2820 2156 2997 2203 tamen
3034 2149 3234 2219 aliquid
3278 2149 3422 2219 quod
3449 2159 3508 2205 et

1914 2237 2093 2309 justus
2135 2239 2385 2309 implere,
2440 2247 2497 2293 nt
2523 2248 2577 2294 et
2612 2240 2726 2310 ipse
2763 2239 3029 2311 baptizet,
3079 2243 3125 2296 si
3165 2242 3300 2297 nihil
3342 2239 3510 2310 aliud,

1924 2342 2073 2388 certe
2101 2346 2221 2386 cum
2269 2332 2398 2387 latet
2430 2349 2444 2386 :
2478 2333 2809 2399 sicutetiam
2856 2333 2931 2387 illi
2978 2343 3203 2403 possunt
3231 2333 3325 2389 Dei
3354 2349 3512 2389 man-

1921 2425 2045 2481 data
2092 2424 2387 2495 praedicare
2428 2425 2567 2480 sicut
2607 2425 2777 2494 justi,
2828 2425 2927 2482 sed
2969 2440 3075 2481 non
3114 2425 3407 2482 secundum
3444 2440 3515 2482 ea

1922 2519 2102 2574 vivere
2127 2518 2265 2577 sicut
2299 2517 2463 2588 justi,
2510 2519 2577 2573 de
2604 2518 2853 2589 qualibus
2877 2517 3078 2575 dictum
3104 2529 3186 2575 est
3209 2561 3225 2586 ,
3273 2519 3400 2586 Qua:
3425 2519 3513 2573 di-

1923 2622 2064 2677 cunt,
2094 2613 2286 2683 facile;
2320 2627 2433 2685 quae
2460 2621 2627 2667 autem
2648 2612 2873 2682 faciunt,
2904 2616 3070 2685 facere
3098 2613 3253 2669 nolite
3283 2611 3505 2685 (Matth.

1925 2718 2084 2773 xxiii,
2111 2706 2191 2774 5).

1998 2796 2224 2855 CAPUT
2254 2796 2320 2854 ν.
2348 2826 2423 2840 -
2461 2799 2514 2854 5.
2540 2798 2648 2856 Sed
2690 2798 2773 2855 fac
2819 2798 3074 2870 injustam
3110 2813 3219 2856 non
3258 2799 3518 2857 latentem

1927 2898 1984 2948 et
2021 2890 2289 2947 nonnullis
2316 2892 2585 2962 cognitum
2614 2890 2766 2946 bonis
2801 2907 2896 2961 per
2931 2892 3165 2962 aliquam
3202 2891 3521 2948 seditiosam

1929 2983 2214 3039 factionem
2259 2985 2276 3015 ί
2314 2983 2380 3038 de
2431 2982 2669 3037 Ecclesia
2713 2996 2819 3037 non
2859 2997 3019 3053 posse
3067 2982 3329 3052 separari.
3379 2980 3521 3036 Audi

1929 3075 2250 3146 Cyprianum
2271 3115 2288 3142 ,
2332 3073 2499 3129 tolera
2527 3072 2730 3128 zizania
2754 3113 2770 3140 ,
2812 3084 2930 3130 esto
2970 3074 3319 3130 frumentum.
3347 3072 3521 3141 Quam

1929 3164 2028 3220 tibi
2055 3165 2193 3220 bene
2218 3178 2411 3219 sonare
2435 3164 2546 3219 visa
2576 3172 2735 3229 sunt,
2780 3179 2900 3234 quae
2944 3165 2997 3219 in
3036 3180 3142 3219 una
3177 3180 3235 3219 re
3260 3163 3406 3218 varie
3430 3176 3523 3217 re-

1932 3256 2130 3326 petisti.
2158 3254 2297 3321 Quid
2316 3255 2409 3311 hoc
2435 3267 2708 3327 pracepto,
2726 3254 2927 3327 inquis,
2953 3256 3053 3311 dici
3079 3256 3299 3324 iniquius
3322 3262 3523 3326 potest:

1933 3350 2181 3419 Puri/icet
2212 3350 2371 3404 alium
2398 3350 2683 3404 maculosus
2702 3390 2717 3414 ,
2762 3348 2938 3403 abluat
2970 3348 3207 3404 sordidus
3227 3391 3243 3418 ,
3287 3348 3527 3406 emundet

1931 3442 2254 3503 immundus,
2301 3440 2384 3496 det
2401 3440 2622 3510 inﬁdelis
2646 3440 2831 3509 ﬁdem,
2865 3440 3165 3497 criminosus
3192 3442 3347 3512 faciat
3374 3442 3527 3499 inno-

1934 3531 2166 3588 centem.’
2209 3531 2448 3588 Breviter
2488 3531 2789 3601 respondeo
2821 3550 2836 3589 :
2872 3531 2985 3588 Nec
3030 3533 3372 3601 maculosus,
3423 3547 3527 3592 nec

1934 3626 2202 3691 sordidus,
2236 3640 2336 3680 nec
2361 3625 2667 3681 immundus
2685 3666 2701 3692 ,
2731 3640 2831 3681 nec
2859 3624 3109 3696 infidelis,
3137 3642 3239 3685 nec
3264 3626 3528 3684 crimina.

1938 3733 2032 3773 sus
2062 3716 2411 3773 esi.Christus
2431 3758 2446 3784 ,
2481 3717 2571 3787 qui
2612 3716 2797 3773 dilexit
2823 3715 3118 3774 Ecclesiam
3142 3760 3159 3787 ,
3187 3727 3243 3774 et
3269 3734 3328 3773 se
3349 3718 3528 3789 ipsutn

1937 3810 2156 3867 tradidit
2181 3825 2279 3880 pro
2304 3825 2388 3877 ea,
2411 3808 2677 3864 mandans
2703 3825 2821 3863 eam
2851 3809 3064 3865 lavacro
3092 3824 3245 3879 aquae
3274 3809 3327 3864 in
3357 3807 3527 3864 verbo

1937 3906 2153 3977 (Ep/tes.
2183 3920 2238 3971 ν,
2268 3902 2360 3972 25)
2384 3945 2399 3969 ,
2428 3902 2627 3958 faciens
2654 3916 2754 3958 nos
2779 3912 2961 3958 certos
2990 3901 3057 3957 de
3093 3900 3249 3956 bonis
3272 3899 3384 3958 suis
3405 3940 3423 3967 ,
3456 3913 3529 3956 ne

1938 3997 2094 4053 malis
2122 3996 2432 4050 vitiarcmur
2462 3994 2670 4051 alienis.
2701 3992 2834 4052 Nam
2857 4008 2983 4052 ecce
3008 4010 3129 4050 cum
3157 3992 3399 4048 minister
3426 3990 3530 4048 ini.

1938 4106 2075 4162 quus
2123 4089 2368 4146 occultus
2412 4100 2530 4156 est,
2568 4105 2598 4144 a
2626 4104 2731 4161 quo
2774 4097 2952 4143 tamen
2989 4086 3173 4142 datum
3200 4084 3529 4154 Baptismum

1941 4199 2047 4239 non
2092 4170 2413 4247 rescindisf
2444 4194 2623 4237 nonne
2667 4179 2844 4237 omnia
2871 4178 2965 4234 tibi
2993 4176 3155 4234 verba
3195 4186 3284 4231 tua
3311 4174 3410 4230 ista
3438 4190 3529 4231 re-

1941 4276 2122 4347 plicari
2170 4284 2426 4347 possunt,
2472 4273 2594 4345 quia
2624 4282 2679 4329 et
2707 4269 2951 4343 purificat
2976 4268 3282 4325 maculosus
3302 4308 3316 4332 ,
3346 4277 3400 4322 ct
3427 4266 3529 4320 ab-

1942 4367 2042 4422 luit
2069 4366 2316 4422 sordidus
2335 4407 2350 4432 ,
2377 4375 2431 4421 et
2454 4364 2707 4421 emundat
2732 4359 3039 4417 immundus
3063 4400 3079 4427 ,
3108 4367 3163 4414 et
3182 4356 3271 4414 dat
3301 4356 3533 4414 infidelis

1943 4458 2124 4527 fidem,
2148 4469 2202 4514 et
2230 4458 2549 4515 criminosus
2569 4455 2733 4511 elilcit
2753 4450 3131 4510 innocentem?
3158 4449 3303 4518 Non,
3332 4449 3533 4527 inquis,

1943 4553 2092 4622 ipse,
2136 4551 2225 4607 sed
2273 4554 2412 4622 [antu
2441 4551 2548 4622 ejus
2596 4549 2726 4603 bona
2751 4587 2766 4611 ,
2813 4545 3039 4615 quamvis
3082 4543 3249 4598 inanis
3285 4552 3331 4596 et
3374 4526 3530 4611 falsa.

1945 4642 2079 4698 llinc
2105 4657 2210 4697 non
2228 4642 2306 4697 vis
2332 4651 2388 4696 ut
2411 4656 2511 4712 ego
2528 4640 2842 4704 exclamem,
2865 4636 2911 4691 O
2932 4636 3176 4701 scelus,o
3202 4643 3531 4706 portentmn,

1950 4748 2079 4799 non,
2111 4733 2248 4787 sicut
2272 4733 2346 4787 ait
2374 4731 2606 4802 quidam,
2635 4730 2687 4783 in
2716 4727 2926 4782 ultimas
2958 4735 3129 4783 terras
3144 4724 3536 4796 asportandum
3584 4798 3587 4799 ν

1948 4825 2164 4897 (Cicero,
2192 4835 2293 4879 act.
2318 4825 2343 4878 1
2374 4824 2428 4876 in
2468 4821 2553 4875 Ver
2565 4821 2711 4889 rem),
2740 4818 2832 4874 sed
2855 4819 3031 4890 potius
3055 4827 3204 4873 extra
3234 4830 3393 4871 omne
3420 4828 3534 4869 ete-

1948 4920 2057 4974 lum
2083 4926 2137 4972 et
2159 4930 2346 4970 omnes
2375 4923 2564 4976 terras,
2596 4912 2640 4966 si
2670 4910 2781 4966 fieri
2811 4910 2999 4979 possit,
3023 4906 3344 4978 abigendnm
3376 4905 3389 4958 !
3415 4901 3532 4957 Non

1952 5018 2004 5063 te
2044 5008 2216 5078 ipsum
2243 5004 2363 5060 dico
2382 5045 2398 5072 ,
2429 5018 2586 5074 quem
2616 5010 2917 5057 correctum
2949 5000 3109 5064 volo;
3158 5000 3253 5055 sed
3284 4999 3423 5052 hunc
3448 5009 3536 5049 er-

1950 5113 2150 5165 rorem,
2179 5112 2207 5150 a
2238 5109 2344 5166 quo
2374 5104 2426 5150 te
2457 5092 2648 5162 corrigi
2677 5093 2851 5162 cupio.
2911 5092 3054 5146 Itane
3074 5088 3140 5145 ad
3169 5084 3536 5144 nmndandunt

1954 5192 2266 5257 hominem,
2314 5186 2526 5257 quando
2568 5186 2689 5241 boni
2733 5185 2959 5240 ministri
2998 5183 3226 5239 defuerit
3253 5194 3375 5235 vera
3403 5178 3532 5244 vita,

1956 5294 2079 5340 tunc
2109 5280 2231 5336 mali
2261 5278 2491 5335 ministri
2514 5279 2535 5311 ¹
2567 5278 2699 5333 falsa
2724 5276 2917 5333 sufficit
2938 5275 3074 5330 fatua
3095 5315 3110 5341 ,
3139 5287 3257 5343 qua:
3284 5271 3387 5327 hoc
3416 5269 3540 5327 effi-

1955 5375 2081 5442 ciat,
2109 5371 2248 5444 quod
2280 5371 2519 5427 efficeret
2544 5370 2681 5427 bona
2704 5369 2843 5435 vita,
2870 5377 2926 5423 ut
2946 5367 3011 5422 ad
3043 5364 3315 5421 hominem
3343 5364 3543 5420 sancti-

1959 5466 2224 5523 tieandum
2260 5463 2473 5535 quando
2516 5461 2743 5517 ministri
2787 5460 2914 5515 latet
2952 5458 3203 5529 iniquitas
3227 5497 3243 5523 ,
3295 5456 3543 5513 ministra

1963 5559 2073 5615 Deo
2100 5557 2291 5613 militet
2316 5553 2560 5612 falsitas?
2590 5553 2701 5610 Hoc
2728 5562 2894 5608 totum
2922 5549 3061 5616 ideo,
3094 5564 3161 5605 ne
3184 5548 3372 5606 dicatis
3399 5547 3543 5619 quod

2027 5720 2042 5751 ¹
2072 5717 2257 5783 Aliquot
2279 5724 2403 5774 stss.,
2426 5708 2705 5783 seditionem
2717 5705 3049 5783 [deliquentem

2028 5783 2048 5813 ²
2074 5787 2139 5831 Ex
2160 5772 2281 5830 'siss.
2323 5772 2596 5837 Georgiano
2626 5780 2677 5821 et
2712 5772 3055 5837 Cygirannensi
3103 5772 3409 5837 restituimus
3444 5773 3552 5834 mg

1970 5844 2143 5905 verba,
2163 5840 2368 5903 defuerit
2385 5830 2495 5890 tian
2519 5833 2632 5895 vita,
2652 5830 2765 5885 tunc
2779 5830 2903 5885 'malt'
2919 5830 3144 5886 ministri.
