4010 6514
499 373 614 434 499

503 486 751 555 dicimus,
773 487 889 545 sive
907 499 939 544 ιι
954 485 1098 544 ﬁdeli
1111 485 1228 542 sive
1240 500 1270 540 a
1292 484 1496 556 perﬁdo
1515 485 1884 556 dispensatore
1899 461 2090 538 Sicra-

503 587 746 642 mentum
773 579 1001 649 quisque
1027 577 1305 648 percipiat,
1333 591 1442 633 non
1469 576 1763 633 sanctiﬁcat
1787 576 1890 630 nisi
1925 575 2087 628 Deus.

570 670 630 726 6.
663 671 870 730 Deinde
889 683 1280 728 commemoras
1308 671 1470 726 verba
1491 687 1634 736 mea,
1665 668 1807 740 quod
1837 666 2085 734 dixerim,

501 761 720 832 Semper
735 762 964 820 Christus
981 763 1069 818 det
1093 764 1267 833 ﬁderit,
1287 762 1518 820 Christus
1544 763 1610 817 sit
1627 763 1772 833 origo
1787 759 2051 814 christiani
2068 773 2088 824 ;

499 856 782 922 inthristo
816 858 1042 913 radicem
1074 858 1376 914 ehristianns
1409 858 1591 928 inﬁgat
1613 899 1628 922 ,
1680 855 1910 910 Christus
1947 851 2087 906 chri-

499 951 654 1010 stiani
675 953 739 1006 sit
758 961 912 1024 caput
931 950 1072 1026 (Lib.
1098 952 1135 1006 2
1151 960 1327 1007 contra
1351 950 1570 1005 Litteras
1597 948 1858 1014 Petiliani,
1885 963 1941 1001 tt.
1971 943 2084 1016 ll).

457 1085 462 1088 .
496 1040 618 1100 Dixi
648 1042 834 1112 plane,
861 1053 916 1098 et
941 1044 1066 1100 dico
1096 1062 1110 1098 :
1136 1058 1244 1100 nec
1271 1050 1330 1098 tu
1367 1043 1589 1098 omnino
1627 1039 1955 1110 respondere
1983 1041 2084 1107 pb-

462 1147 466 1152 '
497 1132 664 1192 luisti.
698 1133 910 1192 Videris
937 1136 1082 1191 enim
1109 1135 1261 1206 quasi
1295 1135 1640 1191 succubuisse
1669 1140 1816 1188 tanto
1861 1128 2087 1200 ponderi

495 1225 739 1284 Veritatis
763 1266 780 1294 ,
805 1241 930 1283 cu
954 1227 1231 1299 subjecisti
1248 1269 1264 1296 ,
1314 1227 1428 1282 Hoc
1461 1236 1508 1283 et
1532 1241 1624 1282 nos
1649 1226 1920 1281 suademus
1936 1263 1954 1291 ,
1989 1222 2086 1276 hoc

494 1315 744 1372 uolunta.

565 1407 792 1465 CAPUT
831 1408 1238 1466 VL—Deinde
1285 1423 1471 1464 rursus
1509 1407 1766 1478 supponis
1806 1405 2082 1460 hominem

493 1495 552 1552 in
577 1512 685 1568 quo
727 1514 876 1569 spem
925 1501 1213 1556 constituat
1248 1510 1566 1571 accepturus
1589 1516 1605 1551 :
1629 1497 1735 1553 Sed
1777 1495 2082 1568 qua’rt’mm.

489 1586 694 1662 inquis,
720 1607 809 1660 per
828 1607 974 1660 quem
997 1593 1090 1646 hoc
1114 1593 1292 1648 melius
1314 1593 1440 1661 ﬁat?
1465 1593 1532 1646 Et
1555 1591 1679 1661 quia
1705 1589 1822 1643 sine
1843 1587 2087 1641 ministro

492 1694 595 1735 nec
625 1697 724 1736 nos
753 1682 982 1744 dicimus
1010 1699 1169 1752 posse
1198 1684 1466 1739 hominem
1497 1679 1790 1754 baptizari,
1831 1676 2084 1748 quasrisa

491 1785 606 1838 me,
637 1782 886 1828 utrumne
909 1776 1103 1832 melius
1131 1775 1358 1845 injustas
1385 1776 1452 1829 sit
1477 1774 1744 1838 minister,
1774 1785 1843 1824 an
1870 1764 2087 1838 justus?

491 1858 596 1916 Ubi
626 1865 947 1934 respondeo,
971 1868 1036 1920 ad
1064 1866 1166 1921 hoc
1183 1883 1302 1922 esse
1327 1867 1536 1932 melius,
1565 1874 1622 1920 ut
1643 1864 1821 1934 justus
1846 1859 2086 1914 minister

490 1950 598 2018 sit,
630 1955 773 2023 quod
804 1954 1084 2010 inﬁrmitas
1114 1957 1378 2020 hominis,
1409 1957 1496 2010 cui
1525 1956 1640 2009 sine
1664 1951 1911 2020 exemplo
1936 1947 2086 2003 labo-

488 2041 692 2096 riosum
721 2055 805 2100 est
839 2055 894 2100 et
934 2047 1149 2103 dillicile
1177 2048 1320 2117 quod
1345 2049 1572 2117 imperat
1598 2046 1760 2112 Deus,
1790 2041 2086 2097 imitatione

489 2132 616 2188 boni
641 2135 868 2191 ministri
897 2137 964 2191 ad
994 2139 1158 2193 vitam
1187 2139 1379 2192 bonam
1412 2138 1618 2192 facilius
1642 2136 1897 2206 erigatur.
1929 2129 2085 2187 Unde

490 2222 622 2279 dicit
647 2228 922 2294 apostolus
949 2228 1166 2296 Paulus,
1208 2229 1500 2284 Imitatores
1536 2228 1635 2283 mei
1664 2234 1849 2292 estote,
1885 2225 2013 2279 sicut
2037 2229 2084 2277 et

490 2328 584 2383 ego
604 2313 791 2371 Christi
814 2315 856 2387 (Ι
881 2315 998 2371 Cor.
1026 2335 1098 2384 tv,
1124 2318 1238 2388 l6).
1266 2319 1342 2374 Ad
1369 2318 1643 2373 hominem
1664 2331 1793 2372 vero
1812 2315 2086 2385 baptizan-

490 2397 621 2460 dum
663 2415 716 2461 et
762 2409 1203 2474 sanctiﬁcandum
1231 2452 1244 2474 ,
1299 2411 1346 2466 si
1388 2419 1536 2465 tanto
1577 2418 1662 2466 est
1705 2409 1899 2463 melius
1939 2403 2084 2477 quod

489 2498 766 2572 accipitur,
789 2510 988 2573 quanto
1017 2510 1100 2564 est
1126 2503 1318 2560 melior
1341 2518 1436 2574 per
1461 2517 1623 2573 quem
1647 2501 1904 2566 traditur;
1933 2508 2082 2554 tanta

488 2597 570 2645 est
599 2589 654 2644 in
679 2592 1061 2662 accipientibus
1089 2594 1484 2664 Baptismorum
1513 2593 1763 2660 varietas,
1793 2600 1991 2661 quanta
2021 2589 2078 2644 in

487 2682 748 2739 ministris
793 2685 1075 2741 diversitas
1109 2689 1445 2744 meritorum.
1481 2687 1539 2743 Si
1568 2688 1711 2742 enim
1733 2727 1746 2749 ,
1796 2685 1938 2755 quod
1967 2684 2084 2740 sine

487 2775 856 2830 controversia
923 2776 1201 2844 creditur,
1252 2779 1445 2834 melior
1494 2785 1611 2833 erat
1662 2776 1857 2831 Paulus
1925 2789 2083 2844 quam

488 2865 715 2934 Apollo,
746 2867 1026 2924 meliorem
1046 2868 1376 2938 Baptismum
1399 2868 1577 2937 dedit,
1609 2867 1904 2925 secundum
1927 2867 2083 2922 istam

493 2963 731 3009 vestram
759 2971 950 3016 vanam
982 2974 1396 3030 perversamque
1423 2961 1743 3017 sententiam
1769 2977 1782 3014 :
1807 2968 1864 3016 et
1891 2961 1936 3014 si
1967 2973 2082 3014 me-

488 3042 682 3102 liorem
707 3045 1039 3116 Baptismnm
1076 3050 1258 3115 dedit,
1303 3053 1542 3122 proiecto
1568 3052 1647 3107 eis
1675 3066 1810 3120 quos
1839 3066 1868 3102 a
1894 3065 1954 3104 se
1976 3064 2083 3102 non

493 3133 792 3205 baptizatos
820 3141 1115 3209 gratulatur
1152 3140 1262 3214 (1d.
1307 3158 1347 3208 ι,
1398 3143 1508 3212 li),
1549 3141 1757 3196 invidit.
1803 3141 1990 3204 Porro,
2037 3139 2085 3194 si

493 3223 636 3282 inter
657 3226 828 3284 bonos
857 3230 1136 3292 ministros
1159 3246 1282 3288 cum
1312 3232 1382 3288 sit
1409 3233 1546 3289 alius
1571 3233 1678 3290 alio
1705 3232 1896 3288 melior
1917 3265 1934 3297 ,
1975 3245 2083 3285 non

491 3329 574 3380 est
599 3320 790 3376 melior
817 3322 1123 3394 Baptismus
1150 3326 1241 3396 qui
1268 3340 1363 3395 per
1387 3326 1664 3382 meliorem
1697 3325 1885 3391 datur,
1934 3323 2084 3379 nullo

488 3411 653 3470 modo
681 3421 765 3467 est
789 3415 981 3484 malus,
1010 3418 1102 3487 qui
1127 3418 1292 3472 etiam
1317 3432 1412 3487 per
1439 3417 1640 3482 malum
1666 3417 1841 3484 datur,
1870 3415 2082 3487 qtme

491 3499 636 3556 idem
664 3503 968 3575 Baptismus
995 3508 1178 3570 datur.
1203 3510 1270 3572 Et
1292 3509 1414 3568 ideo
1436 3525 1530 3580 per
1546 3511 1817 3566 ministros
1843 3510 2084 3580 dianam

489 3589 589 3650 Dei
619 3610 812 3652 munus
833 3598 1037 3666 aequale
1059 3608 1160 3665 est,
1191 3603 1312 3672 quia
1333 3616 1442 3662 non
1461 3602 1696 3668 illorum,
1725 3601 1820 3658 sed
1843 3601 1960 3672 ejus
1979 3611 2080 3657 est.

561 3683 791 3750 CAPUT
819 3687 928 3745 VII.
952 3691 1153 3762 —Non
1177 3706 1329 3765 ergo,
1353 3694 1491 3758 sicut.
1519 3695 1747 3758 inaniter
1773 3694 2044 3750 inveheris
2062 3734 2080 3760 ,

491 3773 629 3845 nihil
679 3777 820 3833 inter
864 3778 1077 3836 ﬁdelem
1134 3783 1504 3858 pertidumqtte
1554 3784 1907 3841 discernimus
1939 3803 1953 3839 :
1985 3784 2082 3841 sed

491 3863 848 3924 discernimus
876 3871 1107 3929 humana
1128 3876 1338 3942 merita,
1362 3893 1468 3932 non
1493 3875 1838 3934 Sacramenta
1867 3877 2081 3942 divina;

490 3971 611 4026 quae
641 3967 695 4013 tu
725 3976 937 4032 quoque
965 3964 1014 4016 vi
1041 3965 1282 4021 veritatis
1319 3967 1582 4024 adductus
1621 3977 1678 4024 et
1707 3968 1972 4025 hareticae
1999 3967 2083 4022 in-

489 4049 746 4109 tentionis
789 4055 984 4112 oblitus
1007 4098 1022 4123 ,
1069 4059 1222 4115 nobis
1250 4068 1304 4116 et
1333 4060 1486 4116 vobis
1515 4076 1621 4126 non
1659 4060 1795 4130 alia,
1839 4059 1938 4122 sed
1977 4074 2082 4119 una

490 4143 787 4216 eademque
811 4163 931 4202 esse
957 4148 1158 4202 dixisti.

561 4233 617 4287 7.
646 4235 927 4302 Quomodo
953 4238 1084 4293 dicis
1109 4257 1120 4292 :
1148 4237 1260 4300 Hoc
1285 4249 1330 4294 et
1353 4256 1442 4294 nos
1467 4239 1740 4296 suademus
1760 4250 1807 4295 et
1827 4241 2080 4309 uolumus,

489 4329 550 4376 ut
577 4339 773 4396 semper
803 4327 883 4380 det
923 4327 1149 4382 Christus
1178 4329 1362 4397 ﬁdem,
1408 4331 1636 4386 Christus
1682 4334 1746 4386 sit
1779 4334 1920 4403 origo
1946 4334 2082 4387 chri-

489 4411 645 4466 stiani
657 4428 677 4476 ;
704 4414 758 4466 in
789 4414 986 4468 Christo
1012 4417 1234 4470 radicem
1263 4419 1568 4472 christianos
1609 4421 1822 4492 inﬁgat,
1847 4422 2082 4478 Christus

492 4501 758 4556 christiani
795 4504 861 4558 sit
907 4515 1240 4575 caput:cum
1271 4506 1527 4562 defendas
1570 4510 1771 4564 litteras
1801 4511 2076 4581 Petiliani‘,

490 4595 585 4650 ubi
616 4597 954 4665 apertissime
997 4613 1115 4653 cum
1156 4599 1473 4670 baptizantis
1512 4602 1759 4656 meritum
1799 4617 2078 4658 commcn-

489 4686 678 4753 darct,
713 4697 1077 4760 quantumque
1117 4693 1180 4744 ad
1225 4691 1456 4752 dandum
1503 4693 1831 4764 Baptismum
1877 4698 2080 4754 valeret

491 4779 722 4832 humana
741 4779 966 4848 justitia,
1001 4797 1093 4850 pro
1119 4793 1365 4853 suscepta
1393 4798 1551 4840 causa
1579 4796 1866 4844 conaretur
1891 4798 2076 4843 osten-

489 4869 638 4938 dere,
669 4871 1002 4939 Conscientia,
1029 4875 1198 4945 inquit
1215 4917 1230 4942 ,
1262 4887 1433 4931 sancte
1457 4878 1623 4940 dantis
1644 4880 1936 4948 attenditur,
1965 4898 2077 4950 quae

487 4965 661 5019 abluat
681 4966 991 5038 accipientis.
1025 4966 1161 5022 Nam
1189 4969 1272 5040 qui
1298 4969 1445 5034 ﬁdem
1467 4972 1625 5034 sciens
1656 4989 1684 5044 α
1713 4973 1906 5042 perﬁdo
1932 4990 2074 5026 sum-

487 5059 660 5126 pserit,
679 5075 778 5112 non
805 5058 958 5126 fidem
975 5060 1203 5130 percipit,
1223 5059 1311 5116 sed
1329 5070 1523 5116 reatum
1540 5062 1676 5132 (Lib.
1693 5065 1719 5120 1
1752 5075 1928 5120 contra
1947 5064 2072 5118 Litt.

484 5145 751 5214 Petiliani,
808 5165 899 5203 nn.
945 5149 1001 5214 2,
1029 5149 1121 5219 '5)?
1169 5151 1236 5205 Et
1258 5160 1506 5223 tanquam
1536 5153 1586 5210 ei
1608 5154 1894 5220 diceretur,
1922 5155 2076 5214 Unde

485 5239 587 5294 hoc
599 5239 826 5308 probas?
842 5249 1056 5296 secutus
1078 5241 1336 5313 adjunxit,
1360 5242 1536 5300 Omnis
1554 5246 1685 5308 enim
1711 5262 1789 5300 res
1809 5246 2000 5316 origine
2027 5255 2075 5300 et

483 5330 654 5386 radice
682 5331 944 5396 consistit;
973 5342 1019 5390 et
1045 5333 1087 5388 si
1129 5344 1281 5404 caput
1310 5351 1411 5396 non
1454 5335 1632 5392 habeat
1675 5337 1866 5406 aliquid
1890 5378 1906 5404 ,
1943 5337 2074 5393 nihil

483 5432 557 5478 est
592 5421 777 5492 (Ibid.,
813 5442 866 5479 n.
897 5422 972 5495 5).
1007 5425 1144 5494 Quid
1168 5469 1181 5491 ,
1210 5421 1454 5494 obsecro,
1475 5427 1596 5498 quia
1627 5428 1858 5494 incidisti
1887 5430 1942 5484 in
1973 5429 2070 5488 de-

486 5515 784 5572 fensionem
831 5518 1136 5573 temeraria:
1177 5518 1450 5586 falsitatis,
1501 5521 1723 5576 nebulas
1775 5522 2072 5580 manifestis

486 5604 648 5660 rebus
685 5606 892 5661 moliris
919 5607 1230 5663 oll‘undere?
1259 5609 1458 5678 Aperte
1499 5605 1628 5665 dicit
1671 5613 1863 5679 homo,
1906 5615 2071 5684 origi-

487 5711 635 5763 nem,
684 5698 953 5765 radicem,
1001 5708 1266 5770 caputque
1309 5701 1541 5758 hominis
1585 5705 1932 5774 regenerandi
1975 5722 2072 5777 per

488 5787 820 5861 Baptismum
867 5805 976 5852 non
1023 5806 1146 5862 esse
1187 5806 1344 5866 posse
1367 5835 1384 5866 .
1430 5795 1535 5860 nisi
1572 5795 1722 5868 cujus
1773 5797 2072 5870 ministerio

1257 369 1534 428 CONTRA
1568 363 2002 426 CRESCONIUM
2037 359 2491 434 DONA‘HSTAM,
2533 366 2591 424 S.
2630 367 2998 428 AUGUSTlNl

2196 480 2492 552 baptizatur
2510 499 2524 538 :
2541 491 2595 539 et
2620 491 2676 540 tu
2698 483 2852 555 dicis,
2876 485 2990 541 Hoc
3018 494 3063 541 et
3087 503 3178 543 nos
3193 489 3446 561 volumus,
3468 498 3526 545 ut
3545 489 3784 551 Christus

2195 573 2261 627 sit
2292 575 2433 646 origo
2471 585 2520 630 et
2557 577 2708 632 radix
2748 589 2997 652 caputque
3041 577 3336 652 christiani;
3371 585 3462 641 sed
3497 588 3775 658 quterimus

2195 673 2286 734 per
2324 677 2471 737 quem
2498 669 2594 723 hoc
2622 670 2802 726 melius
2839 673 2950 740 ﬁat.
2991 672 3104 728 Hoc
3132 675 3276 732 aliud
3305 685 3386 732 est
3429 679 3575 749 quod
3615 678 3784 750 dicis,

2194 757 2335 812 aliud
2365 759 2504 830 quod
2532 760 2667 816 dixit
2697 761 2988 820 Petilianus
3019 781 3032 819 :
3063 764 3167 822 hoc
3205 768 3346 838 quod
3387 769 3522 826 dicis
3567 771 3780 829 etiamsi

2193 859 2377 905 verum
2402 853 2489 918 sit,
2520 861 2625 908 non
2646 853 2748 911 hoc
2773 863 2853 911 est
2878 857 3018 926 quod
3046 855 3136 914 ille
3161 859 3315 915 dixit.

2259 941 2490 998 CAPUT
2530 943 2830 1004 Vlll.-—8.
2861 943 3095 1006 Proinde
3135 949 3179 1005 si
3223 950 3328 1007 hoc
3369 961 3423 1008 et
3467 960 3523 1008 tu
3571 952 3675 1020 vis,
3724 964 3783 1010 ιιι,
3808 960 3823 1011 Σ

2179 1029 2437 1088 Christus
2457 1034 2530 1088 sit
2554 1036 2705 1106 origo
2742 1046 2797 1093 et
2830 1033 2982 1093 radix
3016 1043 3070 1094 et
3103 1049 3262 1111 caput
3287 1041 3602 1108 christiani;
3634 1032 3781 1098 Peti-

2177 1123 2590 1196 ltanorestste,
2628 1143 2735 1185 non
2779 1131 2949 1186 mihi:
2976 1133 3229 1202 quoniam
3264 1151 3423 1204 neque
3465 1135 3555 1207 qui
3583 1137 3782 1207 plantat

2193 1225 2264 1271 est
2297 1218 2512 1290 aliquid,
2545 1229 2704 1291 neque
2730 1224 2818 1294 qui
2845 1225 3015 1297 rigat;
3050 1227 3143 1282 sed
3177 1227 3264 1300 qui
3299 1229 3665 1284 incrementum
3696 1222 3833 1286 dat"

2189 1307 2334 1363 λῦσαι
2361 1309 2406 1376 (ι
2433 1309 2552 1368 Cor.
2595 1327 2688 1381 ιιι,
2733 1313 2808 1387 7).
2855 1315 3008 1385 Quod
3053 1333 3155 1389 ego
3192 1335 3258 1374 ex
3286 1321 3543 1391 Apostolo
3573 1337 3698 1377 cum
3727 1321 3781 1378 in

2149 1415 2158 1418 ’
2190 1400 2326 1454 tricis
2352 1395 2539 1457 litteris
2569 1379 2904 1475 posuissem:
2953 1407 3026 1464 ita
3065 1379 3120 1464 tii
3159 1379 3486 1480 respondere
3514 1411 3770 1481 voluisti,
3820 1379 3832 1428 ί

2191 1496 2248 1544 ut
2277 1491 2484 1549 diceres
2509 1512 2522 1548 :
2546 1494 2644 1550 Dei
2661 1498 2861 1566 quidem
2882 1500 3006 1555 dare
3025 1512 3098 1556 est
3118 1503 3518 1572 incrementum;
3538 1505 3633 1560 sed
3651 1505 3779 1560 sicut

2190 1581 2278 1650 qui
2302 1582 2499 1650 plantat
2525 1594 2573 1640 et
2597 1585 2765 1658 rigat,
2796 1599 2896 1643 non
2924 1591 3022 1645 nisi
3044 1591 3252 1647 colonus
3289 1593 3457 1664 ﬁdelis
3493 1603 3537 1650 et
3563 1585 3782 1666 diligens

2190 1672 2461 1742 quaeritur,
2493 1676 2567 1729 sic
2592 1677 2743 1731 etiam
2777 1675 2830 1734 in
2859 1691 3170 1737 sacramento
3209 1670 3536 1754 Baptismatis
3574 1685 3785 1740 nonnisi

2191 1761 2358 1831 ﬁdelis
2383 1774 2429 1818 et
2455 1767 2770 1838 justissimus
2805 1773 3066 1841 aperarius
3114 1774 3401 1829 adhibetur.
3451 1775 3615 1842 Quasi
3649 1775 3786 1832 vero

2191 1854 2331 1921 quod
2359 1857 2588 1913 infidelis
2610 1860 2831 1916 colonus
2854 1862 3188 1932 plantaverit,
3211 1874 3430 1935 propter
3448 1865 3567 1936 ejus
3587 1865 3784 1923 inﬁde-

2192 1943 2392 2000 litatem
2424 1963 2527 2002 non
2549 1953 2813 2020 germinet
2837 1954 2916 2008 vis
2941 1955 3185 2022 seminis,
3211 1967 3265 2011 et
3291 1949 3595 2012 fecunditas
3622 1964 3782 2013 terra

2190 2037 2420 2108 coelique
2476 2045 2764 2111 temperies
2817 2041 2957 2100 hanc
3013 2045 3307 2102 efﬁcaciam
3363 2045 3622 2103 divinitus
3675 2061 3784 2105 non

2190 2131 2528 2199 acceperint,
2576 2141 2633 2188 ut
2675 2134 2742 2189 ad
2785 2137 3156 2208 prepagandos
3183 2137 3385 2194 fructus
3413 2140 3781 2211 plantatbrem

2189 2221 2276 2275 Vel
2323 2222 2610 2291 rigatorem
2655 2227 2961 2295 Operarium
3013 2227 3384 2286 tantummodo
3427 2239 3782 2302 exspectent,

2187 2325 2293 2382 qua
2341 2325 2523 2370 mente
2579 2327 2861 2386 operetur,
2917 2333 3020 2390 qua
3069 2319 3276 2376 laboret
3323 2322 3625 2378 intentione
3678 2333 3784 2379 nan

2188 2413 2408 2470 curent,
2442 2414 2620 2461 utrum
2651 2407 2927 2464 dominum
2958 2410 3071 2481 agri
3102 2401 3328 2466 ﬁdeliter
3351 2406 3560 2484 diligat,
3592 2419 3664 2468 an
3690 2427 3784 2470 sua

2189 2509 2296 2550 non
2345 2497 2486 2554 illius
2530 2499 2677 2556 lucra
2715 2503 3015 2573 conquirat.
3049 2499 3307 2576 Adiungis
3334 2506 3495 2561 etiam
3536 2506 3788 2563 testimo-

2187 2588 2335 2642 nium
2359 2590 2750 2660 propheticum‘,
2775 2591 2958 2650 dicens
2983 2613 2997 2650 :
3021 2588 3165 2650 Dabo
3184 2596 3321 2650 vobis
3341 2605 3570 2668 pastores
3595 2603 3786 2653 secun-

2190 2681 2312 2736 dum
2336 2698 2426 2737 cor
2446 2699 2633 2751 meum,
2659 2689 2704 2739 et
2725 2695 2930 2757 poscent
2947 2702 3055 2752 vos,
3079 2697 3337 2759 pascentes
3363 2701 3477 2744 cum
3506 2687 3788 2760 disciplina

2193 2772 2406 2842 (ter-ein.
2433 2789 2524 2841 ιιι,
2557 2777 2669 2847 l5).
2697 2777 2851 2846 Scio,
2882 2779 3205 2850 completum
3233 2785 3318 2836 est
3340 2799 3352 2835 :
3377 2771 3512 2838 tales
3538 2771 3787 2853 Aposmli

2190 2861 2424 2933 ﬁlerunt,
2457 2865 2592 2921 tales
2613 2867 2772 2922 etiam
2795 2882 2956 2933 nunc,
2987 2867 3087 2924 etsi
3108 2875 3206 2940 pro
3228 2861 3482 2927 Ecclesia:
3498 2871 3789 2929 latitudine

2189 2957 2463 3025 perpauci,
2514 2971 2624 3013 non
2669 2967 2844 3014 tamen
2887 2959 3102 3016 desunt.
3149 2959 3254 3017 Sed
3301 2963 3431 3033 quid
3476 2959 3639 3020 etiam
3686 2979 3790 3035 per

2190 3044 2524 3102 Ezechielem
2583 3050 2898 3119 prophetam
2956 3049 3164 3107 dicatur
3219 3054 3478 3110 adversus
3533 3061 3790 3126 pastores

2190 3137 2390 3202 malos,
2422 3137 2653 3194 debuisti
2693 3147 2964 3211 qumrete,
3005 3143 3182 3214 legere
3201 3187 3216 3210 ,
3245 3145 3499 3216 cegitare.
3529 3147 3609 3203 lbi
3635 3149 3787 3204 enim

2190 3227 2337 3294 dicit,
2369 3228 2480 3298 Ego
2511 3247 2738 3300 pascam,
2785 3243 2885 3287 non
2924 3241 3146 3304 posteros
3175 3235 3387 3306 (Ezech.
3434 3247 3629 3305 XXXIV,
3669 3225 3786 3310 l3).

2259 3320 2486 3377 CAPUT
2514 3323 2606 3378 IX.
2629 3353 2699 3364 —-
2719 3324 2773 3380 9.
2801 3323 3029 3382 Proinde
3058 3337 3112 3384 et
3138 3334 3232 3398 per
3261 3331 3500 3399 pastores
3531 3330 3710 3388 bonos
3735 3342 3791 3390 et

2191 3421 2430 3482 pastores
2458 3415 2625 3470 malos
2650 3425 2771 3471 cum
2811 3417 3032 3472 verbum
3076 3433 3229 3474 suum
3267 3419 3791 3495 Sacramentumque

2187 3503 2484 3574 dispensat,
2512 3507 2626 3576 ipse
2655 3509 2852 3578 pascit;
2881 3509 3003 3579 quia
3032 3505 3100 3565 de
3119 3521 3181 3567 se
3206 3512 3323 3583 ipso
3345 3514 3438 3579 ait,
3468 3509 3537 3569 Ut
3554 3518 3625 3570 sit
3653 3533 3791 3572 unus

2189 3611 2314 3665 grex
2351 3606 2398 3649 et
2441 3611 2570 3651 unus
2616 3608 2790 3667 pastor
2823 3598 2996 3669 (Joan.
3029 3617 3093 3670 x,
3144 3599 3252 3674 l6).
3297 3600 3492 3659 Bonum
3527 3615 3602 3661 est
3633 3609 3789 3664 enim

2187 3687 2503 3753 conﬁderein
2517 3686 2810 3755 Dominum,
2830 3705 2978 3758 quam
3000 3697 3092 3746 Con
3098 3693 3254 3760 ﬁdere
3272 3693 3322 3748 in
3336 3696 3588 3750 hominem
3604 3692 3784 3767 (Psal.

2187 3790 2358 3852 eam,
2400 3777 2494 3848 8);
2528 3787 2610 3844 et,
2653 3779 2955 3837 Hatedictus
2983 3786 3146 3840 omnis
3173 3788 3260 3857 qui
3297 3802 3435 3859 spem
3463 3807 3613 3844 suam
3645 3793 3790 3865 ponit

2188 3869 2241 3922 in
2270 3871 2474 3925 nurnine
2500 3867 2712 3942 (lerant.
2747 3883 2880 3941 xm,
2911 3874 2990 3948 5).
3017 3877 3172 3945 Quod
3196 3893 3227 3934 a
3255 3885 3342 3935 me
3364 3881 3415 3936 in
3439 3883 3526 3936 illa
3555 3884 3788 3954 epistola

2188 3971 2694 4029 commemoratum,
2736 3967 2815 4021 sic
2856 3975 2910 4022 te
2949 3965 3248 4040 intelligere
3273 3967 3546 4038 ostendis,
3574 3984 3636 4029 ut
3667 3975 3786 4031 ideo

2189 4052 2364 4121 magis
2391 4060 2444 4107 te
2472 4053 2618 4109 dicas
2643 4055 2868 4124 justum,
2902 4068 2955 4112 et
2981 4055 3214 4126 ﬁdelem,
3243 4076 3340 4131 per
3363 4078 3522 4133 quem
3551 4064 3658 4121 hoc
3686 4065 3784 4122 Sa-

2188 4150 2524 4198 cramentum
2552 4144 2885 4213 celebretur,
2917 4147 3205 4218 inquirere,
3238 4153 3359 4222 quia
3397 4169 3543 4222 spem
3571 4164 3624 4208 et
3652 4156 3784 4224 [idu-

2188 4234 2321 4287 eiam
2359 4233 2478 4298 Dei,
2519 4248 2621 4290 non
2665 4237 2884 4292 hominis
2925 4238 3114 4307 habes;
3157 4239 3252 4295 Dei
3295 4257 3400 4297 esse
3428 4255 3599 4300 autem
3630 4245 3783 4317 ﬁdem

2186 4333 2335 4390 atque
2349 4325 2635 4394 justitiam;
2661 4341 2815 4398 quam
2838 4343 3035 4399 semper
3056 4331 3110 4384 in
3135 4332 3379 4387 ministris
3397 4335 3508 4403 ejus
3536 4339 3780 4393 attendis.

2187 4414 2301 4470 Hoc
2325 4431 2508 4471 verum
2535 4417 2668 4471 dicis
2688 4459 2702 4483 ,
2745 4419 2864 4487 quia
2896 4420 3156 4476 bonorum
3184 4423 3422 4478 omnium
3454 4425 3588 4480 nihil
3618 4427 3782 4484 habe-

2186 4521 2307 4560 mus
2335 4507 2478 4576 quod
2506 4522 2612 4561 non
2641 4509 2934 4578 accipimus
2966 4511 3008 4582 (l
3040 4512 3155 4566 Cor.
3185 4529 3256 4579 tv,
3291 4512 3378 4586 7);
3410 4525 3464 4571 et
3492 4513 3620 4572 ideo
3650 4519 3782 4574 ﬁdes

2185 4604 2240 4650 et
2264 4596 2465 4666 justitia
2499 4597 2652 4652 nobis
2678 4612 2711 4651 a
2737 4598 2849 4653 Deo
2887 4609 2990 4656 est.
3019 4601 3122 4657 Sed
3165 4617 3288 4658 cum
3327 4605 3462 4661 dicis
3497 4605 3648 4664 hanc
3687 4607 3778 4665 tibi

2186 4687 2354 4742 Deum
2392 4687 2520 4741 dare
2562 4703 2666 4742 non
2711 4703 2890 4758 posse,
2941 4691 3042 4745 nisi
3085 4691 3279 4748 habeat
3321 4707 3438 4750 eam
3485 4695 3654 4753 homo
3683 4715 3780 4770 per

2184 4789 2342 4846 quem
2366 4777 2680 4845 baptizaris;
2716 4791 2866 4849 spem
2893 4781 3129 4850 profecto
3156 4784 3206 4838 in
3235 4782 3449 4842 homine
3473 4789 3657 4857 ponis,
3685 4788 3779 4860 qui
3839 4843 3842 4846 ί

2183 4876 2361 4922 utrum
2392 4867 2460 4922 sit
2498 4869 2718 4937 justitize
2759 4872 3045 4943 particeps,
3094 4876 3302 4941 nescis;
3350 4885 3406 4932 et
3447 4878 3494 4932 si
3520 4895 3632 4934 non
3659 4887 3774 4946 est,

2184 4971 2312 5017 tunc
2356 4961 2550 5016 famam
2593 4963 2710 5032 ejus
2743 4965 3008 5033 attendis,
3053 4976 3107 5022 et
3170 4983 3291 5024 cum
3332 4969 3525 5025 famam
3573 4972 3776 5030 bonam

2183 5055 2252 5110 de
2282 5055 2424 5109 malo
2452 5056 2653 5110 latente
2697 5057 2996 5125 repereris,
3044 5058 3117 5114 ad
3154 5061 3636 5119 sanctifieatlo’nem
3679 5063 3775 5119 tibi

2181 5146 2430 5201 sulﬁcere
2467 5146 2663 5202 credis.
2703 5146 2938 5204 Obsecro
2963 5158 3049 5216 te,
3097 5151 3142 5206 sl
3189 5151 3432 5206 ﬁduciam
3495 5147 3630 5220 Udi,
3665 5169 3771 5209 non

2180 5236 2412 5294 hominis
2447 5236 2644 5304 babes,
2695 5245 2751 5292 et
2786 5237 2908 5293 ideo
2932 5241 3097 5310 magis
3123 5249 3182 5295 ot
3217 5241 3391 5312 justus
3417 5251 3471 5297 et
3506 5243 3690 5299 bonus
3721 5253 3774 5299 et

2182 5328 2353 5382 ﬁdelis
2391 5328 2459 5382 sit
2485 5343 2581 5398 per
2605 5344 2762 5398 quem
2794 5328 2896 5384 hoc
2923 5331 3324 5386 Sacramenttm't
3351 5329 3659 5388 celebratur
3685 5333 3770 5388 in-

2179 5420 2367 5491 quiris,
2393 5422 2513 5490 quia
2545 5421 2636 5476 Dei
2657 5430 2738 5477 est
2767 5422 2899 5478 ﬁdes
2917 5413 3076 5491 atque
3099 5423 3336 5494 justitia;
3379 5423 3638 5497 numquid
3669 5426 3770 5483 Dei

2179 5523 2263 5568 εει
2286 5513 2445 5567 etiam
2474 5514 2670 5568 falsitas
2700 5515 2872 5579 fama}.
2902 5530 3058 5585 quam
3084 5516 3129 5570 si
3159 5514 3352 5572 habeat
3377 5517 3574 5574 bonam
3605 5519 3768 5573 mini-

2179 5613 2292 5660 ster
2316 5605 2507 5670 malus,
2525 5603 2664 5659 hanc
2681 5605 2771 5658 tibi
2802 5605 2935 5659 dicis
2966 5605 3020 5659 in
3051 5614 3138 5660 tua
3168 5608 3588 5664 sanctiﬁcatione
3608 5606 3772 5663 "sui-

2181 5697 2391 5754 ﬁcere?
2431 5696 2546 5751 .lam
2614 5696 2829 5754 mallem
2870 5696 2922 5750 in
2961 5697 3231 5755 hominem
3261 5700 3596 5768 conﬁderem
3623 5697 3772 5758 unde

2247 5811 2266 5844 ι
2301 5808 2520 5863 nonnulli
2542 5817 2668 5873 uss,
2689 5808 2740 5861 in
2761 5815 2893 5864 tuam
2914 5809 3353 5879 smctiﬁctdtmem.
