4010 6498
256 332 355 392 501

257 458 310 505 te
331 447 800 507 vehementissime
823 449 1191 521 prohibebam,
1222 463 1381 523 quam
1408 448 1462 505 in
1487 446 1642 504 fama:
1670 448 1836 517 ipsius

250 542 560 599 falsitatem.
588 542 759 599 Homo
784 543 925 598 enim
949 543 1346 613 qualiscumque
1370 542 1457 607 sit,
1492 549 1745 611 quantum
1771 538 1840 593 ad

251 626 303 687 id
348 633 497 704 quod
535 635 694 688 homo
740 641 822 689 est
858 635 1064 698 attinet,
1102 634 1208 689 ‘Dei
1251 640 1497 688 creatura
1537 639 1664 686 est:
1694 630 1838 685 nulla

249 738 381 783 vero
405 726 611 782 faisitas
640 728 733 781 Dei
763 735 1004 783 creatura
1026 736 1127 783 eSt.
1160 726 1346 791 Ferro,
1370 726 1416 782 si
1441 724 1735 779 maledictus
1753 726 1839 779 es‘t

247 830 334 890 qui
374 832 521 887 spem
559 824 704 873 suam
743 820 883 887 ponit
938 822 990 874 in
1032 820 1249 884 homine,
1291 822 1489 888 quanto
1534 818 1704 888 magis
1746 816 1837 887 qui

249 926 403 981 spem
451 918 603 967 suam
636 913 785 982 ponit
825 913 879 967 in
919 912 1145 977 falsitate
1173 912 1439 983 opinionis
1465 910 1738 974 humanae,
1778 916 1838 965 ut

244 1003 298 1057 in
326 1004 461 1059 illud
502 1002 645 1060 aliud
680 1005 881 1061 ιιιςὶἆὰ
908 1005 1046 1076 (ιιιοά
1071 1006 1327 1076 scriptum
1368 1013 1469 1069 est,
1511 1001 1614 1069 Qui
1645 1002 1758 1071 ﬁdit
1782 1002 1835 1056 in

245 1094 427 1166 prbis,
473 1096 557 1149 hic
586 1096 745 1166 pascit
780 1082 951 1151 scitius
980 1093 1165 1167 (Prov.
1202 1108 1235 1151 χ
1256 1138 1271 1165 ,
1302 1095 1360 1165 4)
1386 1110 1401 1151 :
1424 1093 1478 1150 id
1507 1092 1675 1150 est'tit
1708 1092 1837 1150 eset?!

242 1186 526 1256 spiritibus
553 1187 739 1243 mulis?

316 1275 552 1334 CAPUT
581 1278 649 1333 Χ.
671 1307 745 1320 -
769 1278 857 1335 to.
886 1270 953 1333 Si
972 1278 1181 1347 datum,
1224 1279 1429 1350 inquis,
1460 1292 1492 1332 a
1518 1280 1833 1349 quocumque

241 1380 290 1426 et
321 1372 795 1444 quantamcumque
833 1371 1096 1444 B‘aptis'nta
1136 1374 1351 1427 rescindi
1396 1388 1497 1427 non
1540 1372 1712 1439 debet,
1744 1386 1835 1425 cur

240 1472 355 1532 post
390 1462 651 1520 Joannem
696 1465 923 1535 Apostoli
969 1464 1380 1537 baptizaverunt?
1416 1463 1625 1533 Quanto
1665 1463 1830 1519 vehet

238 1556 481 1611 mentius
521 1557 593 1611 ita
636 1560 957 1627 prepohitur
988 1577 1000 1613 :
1030 1559 1087 1615 Si
1131 1566 1251 1630 pust
1288 1558 1546 1615 Joannem
1592 1557 1833 1629 Apostoli

236 1649 671 1719 baptlzsverunt,
700 1668 798 1708 cur
816 1669 922 1707 non
941 1656 1099 1709 etiam
1121 1662 1243 1724 post
1270 1652 1562 1725 quemlibet
1590 1652 1830 1708 sanctum

236 1740 478 1811 baptizdt
504 1743 585 1797 vel
606 1743 796 1799 melior
814 1745 900 1800 Vel
926 1744 1181 1817 aequalis?
1208 1748 1266 1801 ut
1290 1747 1369 1801 vel
1393 1746 1516 1800 hinc
1537 1744 1832 1814 intelligere

233 1836 485 1903 cogaris,
534 1835 599 1889 ad
647 1837 803 1891 istam
834 1839 1179 1907 quaestionem
1220 1853 1327 1893 non
1367 1838 1631 1907 pertinere
1658 1834 1833 1905 bapti-

233 1932 412 1980 smum
442 1924 705 1981 Joannis?
733 1925 801 1982 Et
828 1928 1046 1996 luditis,
1080 1929 1273 1999 inquis,
1306 1947 1338 1982 a
1364 1929 1543 2000 Moyse
1566 1928 1831 1999 baptizati's

235 2014 428 2072 Petrus
472 2019 623 2085 dixit,
674 2017 1066 2087 (Pmnitemini,
1113 2030 1158 2075 et
1189 2022 1465 2091 baptizetur
1492 2022 1831 2093 unusquisque

233 2110 533 2164 vestrumin
554 2111 757 2167 nomine
789 2111 913 2167 Iesu
939 2111 1123 2167 Christi
1147 2131 1166 2165 ›
1201 2111 1333 2185 (Act.
1374 2127 1411 2168 ιι
1430 2154 1444 2177 ,
1478 2109 1589 2185 58).
1622 2110 1677 2167 Si
1703 2116 1828 2182 pro-

233 2210 423 2270 pterea
451 2202 563 2272 jam
605 2203 857 2274 baptizati
896 2210 1050 2260 erant
1085 2204 1275 2272 Judaei,
1322 2206 1444 2275 quia
1486 2205 1695 2276 Moyses
1735 2214 1830 2275 per

234 2300 390 2349 mare
440 2294 681 2350 Rubrum
728 2304 853 2352 ante
902 2306 1008 2353 tam
1050 2298 1270 2370 longum
1323 2307 1532 2370 tempus
1580 2306 1829 2368 parentes

230 2392 422 2438 eorum
455 2384 816 2455 baptizaverat
849 2388 1041 2460 (Exod.
1069 2392 1180 2457 xiv,
1207 2387 1329 2464 22);
1361 2390 1543 2459 quirde
1566 2386 1830 2445 Christia-

232 2474 316 2529 nis
338 2476 637 2545 ‘baptizatis
666 2486 977 2550 nascuntur,
1021 2483 1137 2539 sine
1179 2498 1337 2537 causa
1369 2481 1528 2538 hodie
1557 2484 1829 2553 baptizan-

231 2574 359 2623 tur:
385 2578 442 2623 et
484 2578 658 2626 tamen
702 2572 838 2628 dicis
881 2574 1004 2641 ista,
1056 2572 1109 2629 et
1152 2575 1340 2631 scribis
1385 2576 1515 2641 ista;
1547 2576 1746 2631 audiris
1772 2572 1827 2631 et

230 2659 432 2731 legeris
454 2703 470 2729 ,
510 2673 566 2718 et
601 2666 804 2733 putaris
834 2666 1160 2736 reSpondere
1191 2667 1382 2723 litteris
1411 2669 1646 2723 nostris:
1672 2668 1825 2738 quasi

230 2751 335 2808 hoc
358 2754 433 2808 sit
450 2755 781 2824 respondere
802 2760 1057 2829 potuitne,
1088 2761 1229 2830 quod
1259 2771 1340 2815 est
1364 2772 1538 2817 tacere
1566 2760 1822 2816 noluis‘Se.

301 2842 536 2901 CAPUT
561 2836 655 2903 XI.
675 2851 849 2904 -11.
890 2844 1000 2905 Nec
1028 2849 1156 2905 illud
1180 2893 1195 2919 ,
1224 2853 1364 2922 quod
1398 2854 1823 2922 prmtcreundum

228 2945 459 3006 Ml,
490 2938 1027 3013 refellisti‘pt-iitcipio
1068 2942 1224 3013 hujus
1253 2943 1493 3013 epistolae
1512 2987 1528 3013 ,
1560 2946 1698 2999 sicut
1728 2943 1822 3000 tibi

231 3028 470 3097 videris,
512 3031 654 3101 quod
684 3046 713 3086 a
734 3048 829 3088 me
860 3033 1066 3088 dictum
1110 3044 1193 3089 est
1225 3053 1239 3089 :
1270 3034 1331 3090 Si
1368 3037 1600 3089 errabant
1628 3034 1705 3089 illi
1739 3036 1827 3106 qui

226 3118 466 3173 valebant
505 3136 613 3176 esse
655 3121 811 3177 Pasti
829 3166 843 3191 ,
874 3138 988 3195 qua:
1015 3128 1216 3178 tandem
1258 3143 1371 3196 spes
1414 3142 1584 3181 eorum
1626 3136 1697 3182 est
1738 3127 1827 3197 qui

225 3210 409 3264 utaut
435 3226 544 3267 esse
569 3213 759 3269 Donati
788 3216 923 3287 (Lib.
955 3218 983 3271 1
1020 3226 1195 3271 contra
1218 3217 1435 3273 Litteras
1465 3218 1726 3286 Petiliani,
1765 3232 1819 3273 rt.

223 3299 321 3370 ὅν
345 3302 481 3369 Quis
500 3306 643 3360 enim
673 3312 778 3360 non
803 3308 983 3362 ﬁdem
1012 3308 1139 3364 hinc
1166 3322 1286 3365 esse
1322 3311 1477 3365 istam
1507 3311 1821 3366 divisionem

220 3394 432 3451 factum
454 3440 468 3461 ,
514 3398 638 3456 hinc
670 3401 939 3473 hodieque
964 3403 1019 3457 in
1044 3402 1147 3457 hac
1174 3412 1322 3473 peste
1348 3405 1630 3473 persiStere
1649 3446 1664 3470 ,
1695 3396 1820 3460 dum

221 3487 287 3544 ilt
314 3487 560 3545 hominis
594 3493 791 3560 justitia
820 3494 945 3565 spes
982 3496 1213 3566 ponitur,
1242 3503 1301 3551 ut
1331 3504 1455 3551 tunc
1481 3499 1552 3551 sit
1573 3504 1820 3568 accepta-

219 3578 357 3635 Iiiis
384 3581 694 3651 Baptismtm
716 3585 911 3643 Christi
936 3630 952 3656 ,
996 3589 1041 3643 si
1082 3588 1150 3644 ab
1178 3588 1397 3645 homine
1422 3590 1567 3661 justo
1596 3590 1822 3661 quisque

222 3672 511 3743 ﬁngatur?
549 3676 743 3734 Contra
790 3684 948 3751 quem
986 3697 1255 3749 errorem,
1300 3676 1557 3738 adversus
1594 3697 1689 3737 eos
1730 3680 1821 3755 qui

218 3762 335 3834 jam
355 3767 646 3824 schismata
670 3778 888 3843 preptet‘
902 3769 1116 3829 diversa
1136 3774 1325 3831 merita
1349 3775 1619 3829 hominum
1643 3775 1822 3830 facere

223 3864 533 3929 (imperant,
563 3862 760 3919 clamat
796 3863 909 3935 ipse
943 3861 1161 3931 Paulus,
1191 3854 1395 3920 Ciatias
1422 3884 1516 3937 ago
1546 3860 1673 3931 Deo,
1702 3866 1822 3936 quia

222 3950 483 4005 neminem
533 3954 751 4008 uestrum
804 3958 1087 4026 baptizavi,
1142 3972 1204 4011 ne
1246 3958 1357 4023 quis
1405 3957 1539 4010 dicat
1586 3956 1722 4028 quod
1767 3957 1822 4011 in

228 4043 441 4095 mine
488 4044 600 4098 tneo
639 4045 886 4115 bapthttwi
917 4044 1117 4119 (l'Cor.
1145 4054 1194 4114 t,
1229 4046 1330 4115 M,
1374 4044 1461 4119 15)
1487 4066 1499 4101 :
1524 4046 1647 4118 quid
1679 4040 1821 4103 aliud

224 4130 539 4199 insinuans,
571 4137 672 4192 nisi
694 4136 967 4208 Baptisma
992 4138 1188 4195 ChriStl
1216 4140 1321 4195 non
1351 4148 1468 4195 esse
1494 4138 1595 4194 nisi
1620 4138 1735 4209 ejds
1764 4137 1820 4195 in

221 4224 379 4293 cujus
401 4228 620 4282 nomine
644 4229 820 4297 datur,
851 4236 904 4284 et
934 4228 1055 4285 idco
1076 4231 1181 4284 non
1202 4230 1325 4285 “fieri
1351 4232 1547 4285 melius
1572 4238 1693 4285 cum
1724 4228 1822 4302 per

222 4316 509 4372 meliorem
540 4318 715 4388 datur,
748 4324 848 4376 nec
873 4320 1109 4378 deterius
1136 4320 1233 4393 per
1259 4321 1619 4378 deteriorem?

294 4394 389 4461 12.
442 4408 662 4464 Frustra
707 4412 888 4483 itaque
932 4413 1191 4484 deinceps
1234 4408 1502 4481 exsultas,
1552 4421 1606 4469 et
1650 4412 1814 4483 dicis,

220 4490 471 4567 Sequitur
495 4508 549 4554 ut
585 4502 755 4556 omnia
782 4503 873 4557 illa
909 4518 1024 4575 qua:
1048 4504 1081 4558 a
1105 4502 1277 4559 sancto
1304 4502 1559 4560 Petiliano
1586 4506 1695 4572 (seu
1724 4521 1817 4561 cua

212 4590 434 4662 jusiibet
470 4600 635 4648 seruio
664 4592 760 4667 est)
789 4595 979 4666 scripta
1012 4606 1151 4663 sunt,
1177 4606 1309 4653 recte
1334 4596 1470 4652 dicta
1495 4597 1813 4653 concludam.

220 4682 345 4755 ipsa
372 4686 517 4741 enim
545 4688 705 4744 verba
732 4702 852 4760 qua:
882 4688 1026 4745 velut
1052 4696 1198 4747 recte
1226 4692 1365 4747 dicta
1391 4692 1680 4757 concludis,
1708 4707 1816 4747 non

218 4776 283 4829 se
306 4784 461 4830 recte
488 4774 627 4832 dicta
656 4780 1006 4847 eonvincunt;
1037 4782 1158 4851 quia
1189 4780 1286 4837 nec
1312 4783 1617 4837 conscientia
1642 4793 1817 4838 sancte

217 4863 395 4918 dantis
417 4864 716 4934 attenditur,
751 4882 865 4940 qua:
880 4870 1051 4926 abluat
1075 4872 1385 4941 accipientis,
1400 4870 1519 4928 cum
1545 4872 1815 4929 maculosa

216 4946 406 5009 danﬁs
428 4958 635 5012 occulta
658 4969 760 5014 est.
788 4960 869 5016 ibi
887 4962 1077 5030 victus,
1106 4966 1229 5018 cum
1249 4964 1458 5018 veritati
1478 4966 1816 5034 acquiescere

216 5043 528 5114 debuisses,
555 5050 622 5103 ad
653 5049 843 5106 falsam
875 5052 991 5123 ejus
1033 5053 1248 5120 famam,
1284 5061 1534 5124 tanquam
1563 5054 1629 5109 ad
1654 5055 1814 5111 dece-

217 5144 375 5206 ptum
421 5139 704 5196 mendacio
749 5143 1013 5199 infelicem
1047 5144 1282 5215 judicetn
1332 5145 1815 5216 provocasti:qu’ia

214 5228 401 5298 hcque
426 5231 718 5288 attenditur
741 5235 1082 5300 conscientia,
1109 5232 1318 5306 quando
1340 5230 1618 5308 faitiaejus
1640 5247 1815 5295 atten-

215 5321 396 5389 ditur,
429 5334 483 5379 et
507 5332 617 5380 tam
645 5330 753 5382 non
780 5338 959 5400 potest
985 5328 1116 5385 falsa
1145 5331 1456 5403 cujusquam
1480 5322 1627 5389 fama
1656 5350 1815 5405 quam

216 5429 324 5470 nec
352 5415 497 5472 maia
523 5418 629 5473 vita
661 5421 887 5492 quisque
917 5421 1190 5489 mandari;
1220 5431 1275 5479 et
1298 5422 1458 5480 nenib
1476 5409 1642 5481 {ﬁdem
1673 5427 1816 5483 ciu-i-

217 5506 454 5561 stianam
490 5510 655 5564 sumit
677 5510 746 5565 ab
773 5510 989 5569 homine
1006 5554 1020 5579 ,
1050 5529 1149 5569 nec
1176 5506 1379 5585 perﬁdo
1401 5530 1500 5571 nec
1526 5517 1690 5583 fideli,
1720 5518 1816 5574 sed

133 5646 137 5649 τ
217 5596 290 5651 ab
340 5597 430 5653 illo
472 5599 543 5656 de
579 5616 686 5671 quo
725 5604 981 5674 scriptum
1029 5613 1143 5671 est,
1190 5604 1320 5659 Fide
1365 5609 1616 5662 mundam
1658 5610 1817 5663 corda

217 5702 399 5742 eorum
438 5688 575 5760 (Act.
624 5707 713 5759 xv,
758 5692 837 5763 9).
884 5695 980 5761 Qui
1027 5694 1072 5750 si
1114 5710 1207 5766 per
1256 5696 1464 5751 fidelem
1502 5696 1647 5752 audit
1686 5700 1815 5768 quid

219 5780 562 5843 «adﬁnium
598 5784 689 5854 sit,
718 5799 841 5844 eum
868 5788 1080 5858 quidem
1110 5790 1377 5857 imitatur,
1411 5800 1716 5847 nontamen
1744 5795 1811 5849 ab

1602 333 1807 393 LIBER
1843 333 2160 397 TERTIUS.

3423 366 3531 427 ὅθί

1946 464 2010 505 eo
2049 450 2387 521 justiticatur.
2426 457 2560 516 Nam
2602 462 2647 517 si
2690 463 2933 525 minister
2964 468 3214 541 justiticat
3254 475 3474 547 impium
3502 523 3518 546 ,
3579 529 3602 549 ,

1943 555 2274 613 consequens
2298 557 2455 607 estut
2474 554 2634 610 etiam
2660 556 2713 611 in
2736 558 3035 617 miniStrum
3066 572 3210 621 recte
3236 568 3484 624 credatur
3504 566 3523 628 ε’

1941 636 2231 727 apostolica
2258 640 2621 727 quippeclara
2645 644 2698 704 et
2722 658 2868 707 certa
2888 652 3149 710 Semtintia
3166 666 3266 724 est,
3285 655 3522 714 Credenti

1940 723 1992 822 in
2164 730 2273 822 qui
2290 723 2542 803 justiﬁcat
2576 738 2816 811 impium,
2858 744 3129 815 deputatur
3164 748 3287 819 fides
3315 750 3423 822 ejus
3454 741 3521 805 ait

1930 816 2185 883 justitiam
2213 820 2385 892 (Rom.
2416 841 2488 894 ιν,
2517 828 2593 901 5).
2616 830 2864 901 Proinde,
2892 834 2939 890 si
2955 816 3198 894 minister
3222 816 3347 895 non'
3361 840 3521 897 audet

1939 906 2136 981 dicere,
2157 912 2329 972 Crede
2358 916 2411 973 in
2438 926 2554 989 me;
2586 926 2691 979 ndn
2720 925 2912 983 audeat
2929 929 3129 1001 dicere,
3146 926 3459 990 Justiilcaris
3474 936 3519 989 ιιι

1938 1014 2045 1058 me.

2127 1096 2243 1153 Jam
2272 1104 2399 1158 vero
2426 1103 2567 1175 quod
2598 1107 2839 1180 sequitur
2858 1153 2875 1180 ,
2919 1108 3097 1170 Omnis
3136 1132 3218 1172 res
3258 1116 3449 1190 origine
3473 1130 3519 1175 et

1937 1187 2109 1243 radice
2144 1192 2400 1261 consistit;
2426 1207 2473 1250 et
2500 1198 2545 1252 si
2572 1208 2722 1271 caput
2763 1214 2866 1259 non
2908 1206 3086 1262 habeat
3116 1187 3351 1280 aliquid,
3387 1204 3516 1267 nihil

1937 1281 2117 1373 est:si
2157 1284 2306 1355 origo
2346 1296 2401 1342 et
2428 1289 2578 1346 radix
2619 1301 2675 1348 et
2716 1304 2874 1366 caput
2910 1297 3195 1369 baptizati,
3234 1294 3519 1373 'bapti‘zans

1936 1371 2180 1431 minister
2216 1387 2298 1433 est
2320 1420 2335 1446 ,
2381 1378 2626 1441 Christus
2652 1401 2759 1442 non
2791 1394 2901 1455 est;
2933 1384 2978 1445 si
3002 1391 3251 1449 Christus
3278 1371 3361 1450 est
3382 1440 3396 1464 ,
3428 1388 3518 1452 ille

1937 1483 2045 1523 non
2073 1478 2174 1526 est.
2220 1472 2459 1546 Denique
2501 1493 2621 1533 cum
2652 1481 2893 1537 minister
2922 1486 3159 1541 occultus
3189 1496 3270 1542 est
3308 1489 3513 1561 maius,

1936 1572 2054 1627 quae
2080 1563 2247 1631 origo,
2288 1580 2407 1635 quae
2434 1567 2605 1635 radix,
2654 1570 2796 1641 quod
2838 1580 2997 1643 caput
3034 1584 3117 1630 est
3139 1576 3427 1647 baptizati?
3449 1593 3518 1632 an

1937 1647 2069 1705 falsa
2114 1654 2229 1723 ejus
2272 1655 2446 1711 fama?
2483 1657 2595 1715 Hoc
2638 1662 2853 1732 quidem
2889 1665 3210 1721 Cresconius
3234 1667 3391 1735 dicit,
3423 1668 3518 1723 sed

1934 1743 2131 1800 veritas
2175 1752 2507 1807 contradicit.
2552 1752 2692 1825 Ergo
2737 1757 2781 1811 si
2824 1767 2951 1814 tunc
2986 1762 3135 1831 origo
3158 1763 3175 1793 ¹
3205 1768 3262 1818 et
3288 1760 3438 1817 radix
3466 1770 3520 1817 et

1936 1846 2095 1904 caput
2121 1837 2365 1896 Christus
2393 1854 2504 1911 est;
2548 1846 2662 1915 ipse
2698 1857 2780 1903 est
2824 1850 2984 1905 etiam
3029 1850 3241 1921 quando
3278 1852 3521 1906 minister

1937 1935 2019 1980 εει
2058 1927 2247 1997 bonus,
2270 1944 2358 1997 ne,
2404 1935 2545 2004 quod
2588 1936 3027 1994 absurdissimum
3074 1952 3175 2006 εει,
3220 1941 3411 1997 melior
3448 1941 3520 1997 sit

1935 2021 2169 2077 conditio
2224 2025 2475 2095 baptizati
2526 2043 2623 2097 per
2685 2032 2951 2087 occultum
3007 2034 3245 2101 malum,
3302 2031 3518 2104 quando

1934 2109 2179 2167 Christus
2207 2124 2290 2169 est
2330 2127 2522 2187 caput,
2572 2133 2729 2189 quam
2771 2121 3016 2191 baptizati
3059 2138 3155 2192 per
3181 2122 3518 2177 manifestum

1934 2201 2167 2273 bonum,
2214 2205 2261 2260 si
2303 2214 2429 2261 tunc
2471 2209 2713 2264 minister
2741 2221 2823 2265 est
2851 2220 3027 2281 caput.
3057 2212 3171 2267 Hoc
3206 2220 3260 2266 et
3283 2213 3351 2267 de
3375 2213 3518 2267 bono

1938 2297 2144 2351 semine
2170 2297 2416 2353 dixerim.
2458 2298 2711 2371 Sequitur
2736 2303 2875 2357 enim
2898 2342 2913 2369 ,
2958 2302 3068 2357 Nec
3094 2304 3368 2376 quidquam
3396 2303 3520 2358 bene

1934 2397 2213 2458 regenerat,
2246 2389 2342 2442 nisi
2370 2390 2498 2445 bono
2523 2393 2708 2445 semine
2735 2400 3070 2463 regeneretur.

2006 2482 2092 2536 id.
2133 2484 2262 2553 Qua:
2289 2501 2417 2541 vero
2459 2496 2752 2557 sequuntur
2790 2504 2854 2543 ex
2897 2488 3120 2558 epistola
3152 2489 3389 2545 Petiliani
3419 2489 3517 2545 abs

1935 2580 1987 2628 te
2017 2574 2207 2643 posita,
2240 2576 2329 2633 ubi
2361 2581 2434 2633 ait
2464 2578 2598 2650 (Lib.
2629 2581 2653 2635 1
2688 2592 2861 2635 contra
2888 2580 3104 2637 Litteras
3134 2580 3392 2650 Petiliani,
3424 2596 3513 2636 rm.

1933 2662 1987 2728 8,
2016 2663 2094 2733 9),
2121 2665 2249 2732 Qum
2272 2668 2468 2722 cumita
2494 2668 2614 2733 sint,
2640 2671 2836 2740 fratres,
2865 2688 2976 2740 qua:
3003 2682 3160 2742 potest
3189 2689 3293 2727 esse
3321 2688 3521 2744 perver-

1931 2752 2073 2819 sitas,
2097 2765 2153 2809 ut
2178 2758 2264 2826 qui
2292 2758 2396 2813 suis
2421 2761 2712 2817 criminibus
2740 2780 2855 2816 reus
2879 2771 2968 2828 est,
3001 2764 3158 2817 alium
3185 2764 3342 2835 faciat
3364 2764 3517 2817 inno-

1932 2855 2151 2913 centem,
2194 2856 2306 2902 cum
2340 2850 2581 2919 scriptum
2620 2852 2700 2919 sit,
2738 2870 2757 2904 ι
2793 2853 2954 2907 Arbor
2984 2856 3111 2909 bona
3142 2855 3296 2909 bonos
3323 2858 3519 2925 fructus

1930 2934 2093 3003 facit;
2117 2947 2163 2992 ct
2191 2940 2340 2994 arbor
2366 2942 2503 2996 mala
2532 2944 2692 2998 malos
2719 2945 2915 3013 fructus
2945 2947 3105 3016 facit?
3128 2944 3393 3017 Numquid
3412 2942 3519 3000 coi-

1933 3026 2095 3098 Iigunt
2130 3029 2192 3084 de
2219 3032 2379 3101 spinis
2407 3038 2529 3088 uvas
2562 3054 2580 3086 ι
2617 3034 2829 3107 (Matth.
2857 3051 2951 3103 vn,
2975 3038 3063 3102 17,
3087 3036 3211 3108 16)?
3237 3048 3284 3091 et
3310 3038 3515 3105 iterum,

1937 3134 1957 3169 ε
1989 3118 2167 3175 Omnis
2206 3123 2355 3177 homo
2394 3125 2551 3178 bonus
2589 3125 2652 3179 de
2692 3128 2924 3182 thesauro
2957 3128 3125 3184 cordis
3167 3129 3246 3183 sui
3285 3128 3519 3200 prdducit

1932 3210 2094 3276 bona;
2122 3222 2170 3267 et
2207 3217 2371 3270 malus
2414 3217 2563 3272 homo
2606 3218 2669 3272 de
2714 3220 2946 3275 thesauro
2993 3220 3159 3275 cordis
3201 3220 3282 3276 sui
3322 3225 3519 3292 profert

1930 3306 2069 3359 mala
2102 3325 2121 3358 ι
2158 3306 2267 3379 (Id.
2298 3325 2391 3377 xu,
2414 3308 2509 3381 35)
2535 3328 2547 3363 :
2576 3310 2704 3365 satis
2730 3321 3015 3382 aperteque
3043 3300 3513 3379 convincunt,'Pe-

1932 3394 2171 3450 tilianum
2214 3397 2330 3453 haec
2366 3400 2542 3454 omnia
2583 3416 2688 3456 non
2724 3401 2969 3458 retulisse
2996 3403 3099 3457 nisi
3137 3401 3205 3457 ad
3243 3402 3513 3458 hominem

1929 3484 2026 3554 per
2053 3500 2209 3556 quem
2232 3486 2531 3559 Baptismus
2560 3492 2911 3560 ministratur,
2940 3504 2998 3548 ut
3025 3493 3140 3564 ipse
3168 3494 3511 3565 intelligatur,
3622 3483 3639 3503 ⁸

1928 3578 1975 3632 si
2022 3579 2275 3635 innocens
2322 3589 2425 3651 est,
2466 3582 2641 3640 facere
2685 3584 3022 3640 innocentem
3060 3600 3218 3656 quem
3248 3586 3511 3656 baptizat;

1929 3666 2044 3736 ipse
2072 3667 2139 3722 sit
2165 3667 2303 3725 bona
2332 3671 2511 3741 arbor,
2540 3674 2694 3743 cujus
2722 3673 2924 3730 fructus
2952 3674 3021 3729 sit
3049 3674 3139 3745 qui
3177 3673 3509 3743 baptizatur;

1926 3757 2044 3829 ipse
2088 3758 2261 3816 bonus
2296 3761 2479 3830 homo,
2512 3763 2580 3820 de
2610 3765 2763 3834 cujus
2789 3765 2965 3820 cordis
2994 3764 3243 3819 thesauro
3272 3764 3514 3834 procedit

1927 3850 2274 3905 sanctiﬁcatio
2307 3852 2579 3922 baptizati.
2604 3855 2685 3911 Ac
2712 3871 2808 3928 per
2836 3856 2937 3911 hoc
2972 3868 3092 3909 cum
3133 3854 3234 3910 iste
3270 3854 3512 3910 occultus

1927 3949 2009 3997 est
2033 3942 2225 4009 malus,
2248 3940 2335 3999 dic
2354 3942 2506 4013 mihi,
2534 3960 2563 4000 a
2590 3960 2697 4017 quo
2725 3947 2784 4001 fit
2808 3946 2895 4001 ille
2925 3946 3218 4002 innocens?
3242 3942 3330 4001 dic
3353 3944 3509 4013 mihi,

1927 4033 2079 4104 cujus
2118 4034 2219 4089 erit
2255 4034 2462 4090 arboris
2500 4037 2743 4091 fructus?
2768 4036 2853 4091 dic
2878 4037 3031 4105 mihi,
3058 4036 3126 4093 de
3153 4038 3306 4107 cujus
3332 4036 3511 4092 cordis

1926 4124 2177 4179 thesauro
2206 4125 2622 4182 sanctiﬁcabitur
2647 4126 2981 4199 baptizatus?
3006 4130 3113 4184 Aut
3140 4129 3183 4183 si
3220 4138 3345 4183 tunc
3375 4127 3511 4184 ede-

1925 4220 2127 4271 ctorem
2156 4217 2473 4273 innocentiae
2498 4232 2627 4285 sum,
2655 4228 2779 4276 tunc
2803 4219 3046 4276 arborem
3071 4220 3140 4277 de
3165 4234 3265 4292 qua
3302 4220 3509 4277 fructus

1923 4307 2096 4364 bonus
2136 4316 2406 4377 nascatur,
2453 4325 2560 4365 non
2610 4310 2878 4367 hominem
2922 4312 3225 4367 ministrum
3252 4310 3511 4382 Baptismi

1922 4408 2162 4455 meretur
2184 4396 2404 4468 habere,
2432 4398 2526 4456 sed
2550 4399 2860 4468 Christum;
2888 4400 3095 4460 felicius
3124 4401 3308 4459 incidit
3336 4398 3388 4457 in
3416 4402 3511 4458 mi-

1924 4488 2150 4546 nistrum
2194 4491 2446 4546 latentem
2488 4492 2684 4547 malum
2701 4531 2722 4558 ,
2748 4508 2905 4563 quam
2934 4494 2980 4549 si
3009 4493 3281 4550 incidisset
3307 4492 3363 4548 in
3389 4502 3509 4558 ma-

1923 4581 2173 4638 nifestum
2201 4583 2422 4639 bonum.
2444 4582 2599 4652 Quod
2624 4585 2669 4639 si
2695 4584 3075 4642 absurdissime
3099 4594 3256 4657 atque
3281 4585 3511 4640 insanis-

1924 4673 2061 4730 sime
2101 4672 2316 4741 dicitur,
2357 4675 2554 4730 Christi
2596 4675 2799 4732 fructus
2841 4684 2922 4732 est
2963 4676 3053 4748 qui
3092 4676 3209 4748 ejus
3238 4674 3508 4748 Baptismo

1924 4760 2319 4835 sanctificatur,
2365 4767 2646 4836 cujuslibet
2693 4768 2923 4824 ministri
2976 4783 3138 4839 opere
3188 4770 3505 4839 baptizetur.

1922 4856 2035 4912 Nisi
2067 4857 2201 4912 forte
2229 4856 2297 4912 ad
2321 4858 2601 4913 consilium
2636 4867 2783 4914 tuum
2824 4874 3137 4916 recursurus
3165 4860 3267 4926 est,
3295 4860 3507 4930 quando

1923 4950 2210 5006 incurrerit
2238 4949 2293 5003 in
2317 4949 2548 5005 ministri
2578 4951 2955 5007 conscientiam
2988 4952 3312 5008 maculosam
3338 4959 3390 5005 et
3415 4962 3506 5003 oc-

1922 5046 2142 5113 cultam,
2166 5038 2225 5098 ut
2249 5038 2298 5098 ei
2324 5043 2390 5099 de
2410 5060 2513 5115 qua
2536 5053 2785 5102 nascatur
2804 5046 3048 5103 arborem
3074 5040 3341 5109 ostendas,
3370 5040 3505 5098 falso

1922 5137 2119 5194 bonam
2140 5136 2261 5191 mali
2286 5135 2518 5192 hominis
2538 5137 2732 5195 famam
2757 5156 2771 5194 :
2794 5134 2944 5209 eujus
2972 5138 3201 5194 radicem
3217 5128 3502 5205 siquaeSie-

1924 5224 2020 5295 ris,
2052 5227 2290 5283 invenies
2320 5218 2548 5283 fallentis
2568 5232 2848 5297 astutiam;
2876 5224 2941 5285 de
2961 5245 3061 5300 qua
3093 5228 3136 5283 si
3163 5234 3336 5295 potest
3357 5226 3504 5280 nasci

1894 5319 2129 5393 gfructus
2158 5319 2351 5385 bonus,
2381 5319 2523 5391 quod
2552 5321 2712 5389 absit,
2735 5321 2985 5375 mentitus
3015 5326 3096 5373 est
3119 5315 3381 5381 Christus,
3412 5315 3504 5385 qui

1925 5413 2079 5481 dixit,
2109 5411 2231 5468 Non
2260 5420 2417 5484 potest
2445 5412 2593 5468 arbor
2618 5413 2756 5469 mala
2778 5413 2970 5483 fructus
2992 5408 3147 5464 bonas
3174 5408 3343 5479 facere
3369 5408 3390 5481 (
3412 5407 3481 5462 Id

1988 5618 2007 5649 ι
2030 5621 2161 5664 Lov.:
2178 5619 2302 5675 Ergo
2337 5616 2383 5661 et
2406 5614 2514 5660 time
2534 5606 2685 5679 origo,
2711 5614 2804 5659 etc.
2829 5611 2998 5679 Postea
3020 5604 3259 5679 cumanis
3281 5605 3503 5679 editioni-

1921 5680 2017 5729 bus
2040 5688 2138 5725 Am.
2163 5681 2214 5723 et
2237 5668 2329 5721 ira
2368 5680 2474 5733 Ipse
2496 5677 2572 5733 est
2602 5668 2960 5733 eniqume
2991 5668 3206 5720 minister
3232 5673 3301 5719 est
3336 5668 3499 5720 bonus.

1922 5747 1978 5792 Et
1997 5736 2138 5803 paulo
2150 5742 2260 5805 post
2276 5729 2473 5802 habent,
2497 5730 2540 5782 si
2553 5729 2664 5781 huic
2683 5729 2899 5782 minism
2921 5738 2992 5783 est
3014 5738 3175 5797 eam.
3199 5733 3500 5796 uagantur

1926 5818 1993 5853 ex
2016 5801 2367 5856 tuauuscrtpus.
