4010 6468
482 373 588 433 503

441 482 464 501 ⁸
481 507 576 554 vn,
606 489 718 561 18).
742 488 849 547 Sed
877 491 1002 562 quia
1026 503 1213 546 verum
1236 489 1372 544 dixit
1398 487 1662 557 Christus,
1695 487 1886 544 habeat
1908 487 2070 542 homo

487 561 659 638 bon-us
685 561 936 654 tanquam
963 584 1102 638 bona
1129 581 1290 637 arbor
1312 581 1510 637 bonum
1539 581 1790 646 fructum,
1820 594 1954 650 opus
1979 578 2073 634 bo-

485 691 648 742 num;
676 677 813 732 sicut
838 676 998 730 homo
1028 675 1200 731 malus
1235 683 1486 744 tanquam
1516 673 1653 729 mala
1681 673 1841 728 arbor
1872 673 2073 727 malum

486 767 737 834 fructum,
765 783 897 838 opus
926 768 1123 823 malum
1149 785 1164 822 :
1186 767 1275 837 qui
1305 775 1482 823 autem
1520 766 1836 837 baptizatur,
1869 780 1973 820 non
2005 765 2073 821 de

486 858 800 929 cujusquam
841 858 1072 914 hominis
1091 899 1107 927 ,
1134 858 1231 914 sed
1257 857 1326 914 de
1354 857 1542 928 spiritu
1574 855 1772 913 Christi
1799 865 2068 923 nascatur,

484 951 529 1004 si
571 951 681 1004 vult
721 965 841 1006 esse
883 950 1085 1006 fructus
1127 951 1216 1020 qui
1249 959 1406 1006 vento
1448 964 1556 1005 non
1594 957 1987 1019 corrumpatur,
2019 957 2073 1006 et

485 1043 646 1097 arbor
669 1057 790 1112 qua:
818 1058 926 1099 non
956 1043 1276 1100 eradicetur.
1300 1043 1430 1112 Qum
1459 1058 1580 1098 cum
1609 1043 1680 1098 ita
1709 1043 1835 1109 sint,
1863 1059 1984 1098 cum
2017 1052 2073 1099 tu

483 1129 704 1195 dixeris,
727 1131 869 1204 Ergo
897 1134 1117 1204 sequitur
1147 1142 1200 1187 ut
1226 1134 1395 1188 omnia
1420 1149 1534 1204 quae
1561 1150 1592 1187 a
1615 1144 1789 1188 sancto
1817 1132 2072 1190 Petiliano

484 1225 502 1292 (
526 1240 616 1278 seu
640 1226 908 1297 cujuslibet
933 1244 1098 1282 sermo
1118 1226 1232 1300 est)
1260 1228 1453 1299 scripta
1476 1238 1613 1298 sunt,
1640 1237 1770 1283 recte
1793 1229 1927 1283 dicta
1953 1245 2074 1283 con-

484 1313 688 1367 cludam
722 1330 741 1369 :
772 1323 899 1385 puto
927 1318 1050 1386 quia
1080 1331 1180 1388 ego
1218 1319 1394 1389 potius
1435 1319 1524 1373 illa
1565 1319 1742 1376 omnia
1780 1335 1889 1374 non
1927 1327 2074 1375 recte

483 1405 622 1461 dicta
652 1408 933 1464 concludo.

556 1498 784 1556 CAPUT
838 1499 957 1556 XII.
997 1501 1195 1558 -15.
1234 1501 1352 1558 Jam
1406 1517 1549 1559 nunc
1601 1502 1877 1560 videamus
1930 1503 2074 1576 quod

485 1590 681 1647 deinde
712 1593 763 1647 in
795 1594 1022 1662 epistola
1051 1605 1137 1650 tua
1163 1596 1502 1663 contexuisti,
1527 1596 1796 1667 quomodo
1824 1605 1874 1652 te
1895 1595 2073 1667 Optati

486 1699 702 1740 causam
745 1697 799 1741 et
841 1686 1370 1756 Maximianistarum,
1400 1691 1658 1760 quinimo,
1684 1701 1744 1746 ut
1771 1692 1868 1748 abs
1895 1699 1945 1746 te
1973 1690 2074 1747 do-

487 1778 623 1831 ctior
649 1776 793 1843 liam,
827 1779 1316 1836 Maximianensium
1340 1822 1356 1849 ,
1387 1783 1552 1837 vestri
1579 1766 1890 1839 docuerunt.
1916 1784 1982 1839 Et
2007 1784 2075 1840 de

486 1868 680 1940 Optato
709 1872 944 1942 quidem,
977 1874 1045 1929 de
1069 1889 1176 1945 quo
1207 1874 1341 1930 nihil
1367 1875 1730 1945 conscriptum
1755 1877 1907 1931 valeo
1935 1877 2072 1931 reci-

488 1972 622 2030 tare,
652 1965 927 2034 quodlibet
955 1967 1175 2034 sentias,
1205 1965 1360 2022 facile
1386 1967 1538 2022 cedo.
1565 1966 1740 2022 Unum
1771 1966 1898 2022 illud
1929 1968 2072 2023 scio:

489 2053 534 2106 si
560 2068 684 2109 vera
710 2065 831 2109 sunt
855 2072 974 2124 qua:
999 2057 1067 2110 de
1096 2057 1208 2121 illo,
1229 2065 1286 2110 ut
1309 2071 1417 2112 non
1448 2057 1620 2113 dicam
1635 2058 2071 2124 ostendebantur,

487 2153 634 2198 certe
661 2152 838 2199 tamen
868 2145 1198 2212 dicebantur,
1233 2162 1334 2202 nec
1362 2147 1478 2218 ipse
1507 2157 1622 2204 erat
1645 2150 1838 2216 bonus,
1865 2165 1964 2204 nec
1993 2148 2074 2203 fa-

488 2249 630 2288 mam
671 2236 899 2291 habebat
941 2237 1170 2302 bonam;
1200 2239 1340 2294 unde
1365 2241 1684 2310 quicumque
1709 2256 1803 2310 per
1830 2255 1950 2295 eum
1977 2241 2075 2296 ba-

491 2329 670 2396 ptizati
718 2340 860 2396 sunt,
905 2346 1004 2385 nec
1043 2331 1368 2386 conscientia
1397 2333 1515 2402 ejus
1543 2332 1834 2388 secundum
1865 2334 2075 2388 Petilia-

487 2435 636 2483 num,
659 2434 758 2474 nec
779 2419 917 2474 fama
942 2421 1056 2490 ejus
1077 2423 1368 2478 secundum
1400 2431 1472 2488 te,
1501 2422 1643 2478 ablui
1669 2433 1954 2493 potuerunt
1982 2443 1997 2480 :
2029 2425 2076 2481 si

485 2519 664 2566 autem
715 2510 845 2567 falsa
896 2512 1030 2566 mala
1079 2512 1213 2583 ejus,
1261 2513 1400 2570 sicut
1445 2528 1590 2585 saepe
1633 2516 1854 2585 assolet,
1897 2517 2076 2574 invida

487 2599 626 2655 fama
649 2599 906 2670 jactavit;
940 2601 1064 2658 vide
1092 2619 1250 2674 quam
1280 2614 1428 2661 recte
1457 2620 1563 2660 non
1593 2604 1747 2662 facile
1771 2608 2073 2679 credamus,

488 2691 630 2761 quod
669 2707 936 2762 nunquam
975 2694 1130 2750 nobis
1169 2694 1238 2750 dc
1282 2695 1623 2752 traditoribus
1653 2711 1786 2767 quos
1812 2700 2077 2756 accusatis

488 2782 716 2851 probare
756 2784 1004 2853 potuistis
1041 2801 1054 2838 :
1094 2785 1216 2854 quia
1259 2786 1396 2840 solet
1439 2787 1600 2840 etiam
1643 2786 1711 2842 de
1746 2787 1902 2843 bonis
1936 2789 2076 2844 mala

489 2872 629 2926 fama
668 2874 902 2928 mentiri.
933 2873 990 2928 Si
1033 2889 1162 2944 ergo
1205 2889 1311 2930 non
1355 2875 1563 2932 illorum
1613 2877 1936 2945 innocentia,
1967 2896 2074 2936 non

488 2963 740 3034 denique,
759 2965 900 3035 quod
929 2980 1113 3020 verum
1147 2975 1306 3036 atque
1333 2966 1545 3022 firmum
1579 2977 1682 3036 est,
1711 2969 1803 3025 Dei
1832 2971 1996 3041 gratia
2023 2979 2079 3027 et

490 3070 598 3110 non
626 3064 807 3111 nostra
837 3056 1164 3112 conscientia
1195 3058 1211 3089 ι
1239 3065 1412 3111 ratum
1444 3057 1598 3114 nobis
1625 3059 1956 3130 Baptismum
1993 3060 2076 3116 fa-

487 3147 582 3214 cit,
611 3145 768 3202 faciat
790 3147 980 3203 saltem
1005 3148 1269 3203 sententia
1301 3155 1410 3202 tua.

557 3235 783 3292 CAPUT
821 3235 958 3292 Xlll.
998 3266 1071 3278 -—
1109 3237 1196 3292 16.
1237 3237 1318 3294 Tu
1347 3237 1489 3293 enim
1515 3251 1640 3294 cum
1673 3237 1742 3295 de
1771 3237 1964 3311 Optato
1990 3240 2075 3296 lo-

486 3327 728 3398 quereris
754 3326 956 3395 dixisti,
987 3328 1097 3397 Ego
1126 3329 1326 3400 quidem
1353 3327 1600 3399 Optatum
1625 3346 1713 3384 nec
1736 3331 1962 3398 absoluo,
1986 3348 2078 3386 nec

389 3439 402 3454 ο
485 3417 691 3471 damno.
723 3415 779 3471 Si
818 3419 919 3472 hoc
947 3431 1066 3488 ego,
1096 3418 1202 3472 imo
1229 3434 1335 3474 non
1367 3427 1572 3476 tantum
1601 3435 1720 3491 ego,
1762 3421 1858 3476 sed
1901 3423 2077 3479 omnis

488 3506 738 3562 Africana
793 3509 1053 3564 catholica
1108 3509 1391 3576 Ecclesia;
1438 3520 1637 3580 quanto
1689 3513 1858 3582 magis
1913 3513 2076 3570 etiam

488 3599 846 3654 transmarina
884 3608 989 3654 tam
1030 3600 1186 3671 longe
1228 3601 1440 3672 lateque
1468 3603 1679 3670 diffusa,
1702 3604 1769 3659 de
1788 3606 2076 3663 Cteciliauo

486 3697 540 3744 et
565 3689 683 3759 ejus
702 3690 1096 3746 ordinatoribus
1115 3690 1278 3758 dicat,
1299 3692 1412 3763 Ego
1441 3693 1562 3750 illos
1588 3709 1688 3750 nec
1711 3695 1953 3764 absolvo,
1975 3712 2076 3754 nec

485 3781 723 3839 damno?
748 3783 1012 3840 Parumne
1040 3792 1194 3854 putas
1240 3799 1362 3841 esse
1403 3785 1510 3842 illis
1528 3802 1664 3858 quos
1692 3787 1729 3842 ii
1766 3788 2072 3858 baptizave-

483 3882 628 3942 runt,
662 3889 886 3945 quorum
924 3891 1082 3932 nemo
1117 3892 1349 3948 unquam
1378 3878 1718 3934 Caecilianum
1745 3880 1896 3948 vidit,
1930 3881 2071 3951 quod

484 3967 551 4021 de
577 3967 770 4038 Optato
798 3966 1046 4025 sufﬁcere
1070 3970 1247 4026 credis
1272 3971 1352 4026 eis
1376 3987 1510 4040 quos
1535 3971 1625 4026 ille
1645 3971 1807 4026 etiam
1831 3973 1943 4029 suis
1963 3988 2075 4028 ma-

485 4057 643 4114 nibus
665 4058 950 4128 baptizavit
967 4059 990 4113 ?
1010 4061 1094 4114 An
1121 4061 1243 4129 quia
1269 4060 1336 4115 de
1358 4060 1647 4116 Caeciliano
1672 4072 1949 4131 parentum
1978 4079 2073 4119 ve-

485 4158 718 4204 strorum
743 4150 1027 4206 concilium
1060 4151 1317 4216 recitatis,
1345 4150 1412 4207 de
1437 4151 1630 4221 Optato
1663 4161 1841 4210 autem
1869 4155 2074 4212 nullum

485 4240 741 4295 recitatur
765 4255 796 4294 a
827 4241 1016 4306 nobis;
1044 4241 1164 4297 ideo
1187 4249 1341 4311 putas
1371 4242 1502 4297 nulli
1533 4252 1773 4299 nostrum
1803 4245 1966 4301 licere
1993 4245 2074 4301 di-

484 4344 630 4397 cere,
655 4328 772 4400 Ego
794 4330 1136 4386 Cazcilianum
1165 4347 1266 4387 nec
1285 4332 1524 4398 absolvo,
1550 4348 1650 4388 nec
1669 4334 1865 4390 damno
1891 4353 1904 4390 :
1930 4335 2073 4406 quod

485 4421 580 4477 tibi
626 4421 774 4477 licuit
810 4421 879 4477 de
915 4421 1148 4490 Optato?
1177 4421 1521 4498 Sedfactum
1549 4433 1633 4480 est
1665 4440 1763 4495 pro
1787 4425 2073 4482 Caeciliano

485 4512 749 4579 posterius
785 4511 1040 4581 judicium
1083 4512 1498 4567 transmarinum
1524 4515 1545 4546 ³
1571 4513 1671 4584 (a),
1705 4515 1897 4570 vestris
1931 4516 2072 4586 apud

484 4603 890 4660 Constantinum
921 4605 1299 4674 imperatorem
1331 4615 1386 4660 ut
1416 4604 1566 4660 fieret
1594 4605 1935 4661 instantibus.
1964 4607 2072 4664 Aut

484 4697 527 4748 si
568 4695 928 4752 ecclesiastica
966 4694 1185 4765 judicia,
1218 4710 1336 4765 quae
1365 4695 1516 4767 prius
1547 4695 1682 4752 facta
1721 4694 1938 4764 fuerint,
1961 4697 2071 4766 jam

484 4787 710 4842 convelli
738 4802 845 4843 non
873 4797 1130 4858 possunt;
1157 4787 1285 4858 quid
1311 4787 1380 4844 de
1405 4788 1672 4844 Primiano
1702 4789 1890 4844 facturi
1917 4793 2069 4859 estis,

486 4885 664 4933 vestro
706 4878 958 4948 episcopo
997 4877 1425 4949 Carthaginensi,
1468 4889 1656 4935 contra
1695 4896 1852 4950 quem
1897 4882 2072 4951 primo

484 4976 718 5036 centum,
748 4969 926 5038 plures
955 4969 1137 5039 utique
1174 4984 1332 5041 quam
1372 4969 1440 5026 de
1478 4969 1762 5028 Caeciliano
1799 4972 2072 5041 judicave-

484 5069 610 5114 runt
638 5058 738 5129 (b),
764 5060 924 5130 eique
953 5061 1208 5132 abrogato
1233 5061 1540 5132 episcopatu
1571 5061 1944 5120 Maximianum
1974 5081 2072 5136 pro

483 5151 574 5206 illo
602 5152 1022 5209 constituerunt?
1047 5151 1236 5209 Nonne
1263 5152 1564 5209 Primianus
1594 5155 1891 5224 posteriore
1924 5156 2070 5226 judi-

483 5243 568 5299 cio
612 5244 818 5312 nititur,
859 5243 1004 5316 quod
1047 5258 1144 5314 pro
1180 5243 1273 5300 illo
1310 5242 1506 5299 factum
1546 5253 1628 5300 est
1665 5245 1718 5301 in
1752 5247 1948 5317 oppido
1971 5247 2072 5302 Ba-

486 5488 518 5534 r
545 5425 565 5458 ¹
583 5431 642 5527 1tu
665 5431 773 5476 Mss.
793 5462 808 5488 ,
852 5431 901 5478 et
938 5428 1105 5478 nostra
1125 5422 1446 5488 conscientia;
1485 5425 1662 5476 omissa
1699 5431 1917 5487 negante
1957 5437 2070 5489 par-

507 5499 584 5534 tcu
600 5501 647 5534 a.

714 5554 796 5618 Fr.
817 5555 870 5599 et
890 5546 1061 5612 plures
1097 5554 1228 5610 llas,
1245 5548 1479 5612 posterius
1490 5544 1756 5610 judicium,
1782 5547 2062 5600 εταηεῃιανί.

609 5621 635 5658 e
681 5621 765 5658 ris.

571 5701 601 5736 a
646 5696 906 5740 uomanum
925 5690 1158 5744 videlicet
1172 5697 1228 5743 et
1249 5690 1552 5744 Arelatense.

549 5688 623 5812 3b;
645 5754 695 5812 In
716 5750 1102 5804 Cabarsussitano
1137 5751 1355 5804 concilio.
1396 5754 1511 5805 vide
1548 5759 1708 5805 Enarr.
1743 5753 1756 5803 i

486 5748 622 5865 80:32
645 5750 1102 5876 lgesbaansussitano
1137 5751 1355 5804 concilio.
1396 5754 1511 5805 vide
1548 5759 1708 5805 Enarr.
1743 5753 1794 5804 in
1830 5752 1952 5808 Psal.
1990 5753 2071 5820 52,

1211 367 1485 429 CONTRA
1522 362 1956 428 CRESCONTUM
1997 363 2451 442 DONATISTAM,
2509 371 2567 429 S.
2621 372 2987 433 AUGUSTINI

3660 385 3772 447 SOI

2179 490 2418 558 gaiensi;
2446 493 2739 550 secundum
2767 497 2910 567 quod
2933 496 3190 566 judicium
3211 513 3319 558 non
3337 502 3455 561 vult
3479 503 3552 564 de
3577 518 3640 564 se
3662 519 3768 568 uu-

2178 580 2356 652 bitari,
2387 585 2480 640 sed
2514 587 2582 641 ab
2623 589 2870 645 omnibus
2899 590 3050 646 vobis
3092 607 3151 648 se
3192 604 3477 667 extorquet
3518 599 3772 658 absolvi?

2179 671 2330 730 Unde
2359 683 2413 730 et
2437 691 2535 733 nos
2564 681 2856 736 secundum
2897 684 3159 752 posterius
3195 686 3263 741 de
3296 687 3585 748 Cmciliano
3623 695 3777 763 judi-

2178 766 2318 820 cium
2358 783 2576 839 prorsus
2616 786 2738 826 eum
2783 773 3150 831 incunctanter
3187 778 3531 836 absolvimus.
3557 782 3772 844 Sufficit

2181 866 2357 914 tamen
2383 860 2450 916 ad
2477 877 2712 931 causam,
2745 865 2788 918 si
2816 864 2920 920 hoc
2943 866 3012 922 de
3037 867 3129 923 illo
3157 869 3410 939 dicamus,
3441 874 3583 944 quod
3614 884 3671 932 tu
3698 878 3772 934 de

2179 947 2370 1019 Optato
2397 951 2577 1008 dixisti
2605 973 2619 1008 ε
2647 954 2754 1011 Nos
2771 957 3118 1035 Caecilianum
3159 976 3259 1017 nec
3283 962 3636 1035 absolvimus,
3667 985 3773 1026 nec

2177 1041 2512 1100 damnamus.
2533 1027 2777 1102 Viderini
2801 1048 2896 1118 illi,
2920 1063 3014 1105 seu
3043 1052 3224 1120 vestri,
3247 1068 3342 1110 seu
3367 1058 3558 1125 nostri,
3578 1075 3772 1128 quem-

2177 1133 2464 1190 admodum
2485 1135 2551 1192 de
2574 1137 2662 1193 illo
2682 1137 3070 1208 judicaverint;
3103 1143 3201 1214 ipsi
3228 1161 3446 1203 suarum
3475 1153 3773 1207 sententia-

2178 1241 2296 1280 rum
2323 1227 2582 1284 rationem
2611 1230 2855 1299 reddant,
2881 1231 2978 1302 ipsi
3004 1243 3220 1305 portent
3240 1251 3339 1292 seu
3363 1239 3489 1294 mali
3514 1255 3611 1296 seu
3643 1243 3772 1298 bon’.

2179 1317 2259 1372 sui
2278 1319 2457 1389 operis
2480 1322 2772 1376 sarcinam:
2798 1323 2952 1378 nobis
2977 1323 3044 1381 de
3072 1327 3261 1383 alienis
3290 1327 3444 1385 factis
3464 1331 3656 1390 saltem
3679 1333 3774 1391 du-

2178 1411 2350 1468 bitare
2375 1413 2685 1485 permittite,
2714 1429 2784 1471 ne
2802 1430 3057 1486 cogamur
3083 1419 3136 1473 in
3158 1419 3314 1477 nobis
3339 1437 3400 1476 ea
3421 1422 3772 1484 Sacramenta

2178 1503 2455 1571 damnare,
2479 1504 2547 1560 de
2570 1505 2764 1576 quibus
2793 1522 2902 1563 non
2932 1509 3054 1566 licet
3079 1510 3345 1568 dubitare.
3365 1513 3472 1571 Sed
3494 1516 3605 1586 jam
3635 1519 3769 1589 dixi,

2177 1597 2316 1652 senti
2353 1597 2421 1653 de
2455 1597 2648 1668 Optato
2677 1600 2820 1670 quod
2854 1602 2934 1657 vis
2958 1619 2970 1656 :
2995 1619 3170 1674 neque
3191 1607 3336 1662 enim
3365 1618 3448 1664 est
3472 1611 3613 1667 unde
3637 1627 3771 1669 con-

2178 1687 2453 1743 vincamus
2478 1703 2624 1757 eum,
2652 1692 2741 1760 qui
2770 1707 2879 1748 non
2903 1694 3043 1763 apud
3068 1706 3184 1751 acta
3211 1701 3510 1766 commisit;
3539 1719 3654 1773 quae
3681 1715 3767 1760 ta-

2179 1796 2304 1837 men
2335 1782 2408 1836 ita
2435 1782 2728 1853 conmisit,
2756 1795 2813 1840 ut
2841 1787 2979 1842 inter
3003 1787 3245 1845 Gildonis
3283 1793 3541 1850 satellites
3577 1800 3771 1866 praeci-

2179 1889 2315 1943 puus
2336 1873 2643 1941 haberetur,
2667 1886 2956 1944 teneretur,
2980 1892 3300 1938 moreretur.
3319 1883 3587 1957 Numquid
3608 1892 3772 1947 etiam

2179 1963 2248 2020 de
2289 1963 2560 2022 Feliciano
2602 1975 2657 2022 et
2695 1968 3016 2026 Praetextato
3060 1974 3221 2029 sociis
3259 1975 3606 2048 Maximiani,
3638 1997 3774 2051 quos

2180 2059 2406 2114 trecenti
2436 2068 2491 2114 et
2517 2060 2703 2116 decem
2733 2063 2972 2134 episcopi
3001 2067 3164 2122 vestri
3193 2083 3314 2124 cum
3343 2072 3555 2127 caeteris
3584 2074 3773 2132 simili-

2182 2162 2264 2210 ter
2289 2156 2603 2212 nominatim
2631 2160 2920 2228 expressis,
2945 2176 3046 2216 una
3072 2161 3368 2236 eademque
3392 2169 3662 2224 sententia
3685 2170 3775 2226 Ba.

2179 2246 2376 2316 gaitaui
2423 2249 2634 2303 concilii
2678 2249 3084 2322 damnaverunt,
3131 2256 3461 2329 eosdemque
3497 2276 3609 2316 non
3657 2273 3778 2332 post

2182 2351 2404 2406 parvum
2435 2348 2643 2409 tempus
2665 2339 2740 2413 (α)
2764 2357 2884 2397 cum
2912 2344 3161 2402 omnibus
3183 2362 3316 2417 quos
3341 2349 3578 2406 damnati
3602 2351 3776 2424 bapti-

2181 2438 2454 2496 zaverunt,
2479 2430 2616 2487 sicut
2642 2431 2877 2501 fuerunt,
2899 2437 3179 2508 episcopos
3205 2451 3575 2512 susceperunt,
3605 2443 3778 2514 quod.

2182 2518 2314 2574 libet
2337 2520 2488 2576 vobis
2513 2525 2715 2592 garrire
2745 2526 3106 2594 permittitur?

2251 2611 2479 2669 CAPUT
2521 2615 2658 2669 XIV.
2698 2648 2767 2657 —
2805 2619 2895 2673 17.
2936 2619 3197 2688 Quocirca
3223 2637 3576 2696 quaecumque
3600 2626 3660 2682 in
3681 2643 3778 2686 nos

2180 2701 2294 2758 sive
2327 2703 2380 2757 in
2420 2714 2636 2762 nostros
2670 2708 2821 2777 quasi
2850 2711 3116 2779 parcendo
3148 2721 3203 2769 et
3230 2717 3611 2784 praetereundo
3635 2718 3780 2776 dixi-

2181 2793 2250 2848 sti
2278 2795 2316 2862 ί,
2345 2794 2464 2852 sine
2489 2799 2817 2865 nominibus,
2847 2802 2962 2858 sine
2989 2804 3232 2873 testibus,
3255 2808 3372 2863 sine
3403 2809 3526 2865 ullis
3557 2814 3780 2871 omnino

2180 2885 2538 2954 documentis,
2564 2891 2754 2958 partim
2775 2893 3044 2963 culpando
3065 2911 3184 2966 quae
3207 2899 3471 2968 culpanda
3493 2918 3600 2958 non
3629 2916 3775 2976 sunt,

2183 2981 2372 3049 partim
2402 2996 2522 3051 quae
2547 2982 2808 3052 culpanda
2835 2994 2980 3056 sunt,
3002 3001 3110 3044 non
3135 2989 3432 3060 probando,
3458 3008 3776 3065 supervaca-

2184 3087 2343 3127 neum
2368 3082 2451 3128 est
2476 3074 2617 3130 velle
2646 3091 2889 3148 purgare.
2913 3078 3069 3148 Istos,
3106 3080 3237 3139 istos
3261 3084 3452 3140 iterum
3485 3089 3701 3145 attende
3726 3092 3775 3160 ⁸,

2183 3163 2509 3222 Felicianum
2536 3166 2882 3226 Mustitanum
2911 3181 2964 3227 et
2987 3172 3366 3231 Praetextatum
3393 3179 3776 3238 Assuritanum

2183 3256 2456 3326 aliquanto
2485 3257 2790 3330 diligentius
2823 3264 3052 3333 intuere,
3085 3281 3312 3337 quorum
3353 3277 3517 3326 totam
3554 3288 3777 3330 causam

2183 3362 2282 3403 suo
2307 3350 2428 3406 loco
2457 3355 2552 3419 ita,
2574 3353 2620 3409 si
2643 3354 2901 3412 Dominus
2923 3359 3242 3428 permiserit,
3273 3363 3550 3433 explicabo
3577 3369 3627 3438 (1
3636 3374 3780 3441 nfra,‘

2183 3447 2286 3493 toto
2314 3441 2401 3494 tib.
2433 3442 2511 3512 4),
2543 3452 2604 3498 ut
2644 3447 2804 3500 etiam
2841 3446 2888 3501 si
2925 3448 3121 3510 nimius
3163 3449 3332 3508 hostis
3371 3457 3614 3514 veritatis
3654 3476 3780 3520 esse

2180 3531 2432 3596 volueris,
2461 3542 2758 3590 vestrorum
2787 3538 3122 3595 mendacium
3151 3540 3442 3601 defendere
3467 3549 3546 3602 vel
3575 3565 3778 3621 negaro

2181 3635 2288 3676 non
2334 3623 2506 3692 possis
2543 3642 2558 3679 :
2595 3638 2687 3681 sec
2727 3643 2870 3686 nunc
2908 3630 3119 3686 interim
3164 3635 3460 3691 secundum
3497 3638 3601 3695 hoc
3637 3642 3778 3700 mihi

2180 3713 2356 3783 placet
2406 3729 2565 3784 agere
2607 3717 2751 3787 quod
2799 3719 2894 3775 tibi
2935 3720 3220 3791 dixerunt;
3262 3726 3499 3784 nondum
3543 3729 3774 3789 discutio

2181 3818 2340 3874 quam
2378 3819 2563 3862 verum
2602 3806 2856 3877 dixerint,
2897 3811 3134 3868 nondum
3175 3817 3399 3872 ostendo
3437 3835 3599 3889 quam
3640 3823 3779 3880 mira

2181 3893 2522 3964 impudentiae
2565 3899 2803 3955 caecitate
2847 3903 3054 3957 mentiti
3099 3904 3226 3961 sint.
3261 3906 3420 3964 Certe
3452 3925 3568 3965 cum
3609 3914 3673 3968 de
3713 3915 3774 3968 iis

2179 4003 2304 4058 quos
2333 3987 2744 4047 Maximianistas
2785 3994 3065 4064 appellavi,
3103 4007 3154 4053 et
3195 3998 3451 4056 damnatis
3493 4015 3777 4062 uestrorum

2178 4080 2393 4134 concilio
2436 4092 2483 4136 et
2527 4085 2759 4155 receptis,
2790 4085 2842 4140 in
2881 4087 3098 4156 epistola
3139 4106 3252 4145 mea
3293 4093 3595 4165 perlegeres,
3635 4099 3776 4155 sicut

2179 4172 2391 4237 scribis.
2421 4173 2567 4229 valde
2597 4185 2852 4244 permotus
2874 4193 2928 4233 es
2949 4194 2970 4232 :
2995 4181 3182 4252 quippe
3219 4199 3334 4237 cum
3362 4185 3532 4241 adhuc
3572 4187 3773 4258 (verbis

2178 4262 2322 4319 enim
2345 4263 2447 4320 tuis
2477 4264 2616 4337 utar)
2642 4267 2776 4337 quod
2803 4268 3002 4323 haberet
3023 4270 3205 4326 veritas
3224 4271 3504 4344 ignorares.
3529 4276 3776 4350 Denique

2178 4357 2368 4423 statim,
2397 4357 2535 4412 sicut
2559 4372 2767 4422 narras,
2793 4375 2858 4414 ea:
2883 4359 3056 4423 vestris
3088 4363 3338 4432 episcopis
3369 4363 3666 4436 diligentius
3694 4370 3774 4424 in-

2177 4447 2376 4516 quisisti
2392 4464 2412 4512 ;
2437 4457 2586 4518 atque
2613 4449 2736 4518 ipsis
2765 4448 3085 4517 docentibus,
3113 4460 3159 4505 et
3186 4451 3440 4508 decretum
3465 4457 3693 4525 concilii,
3725 4467 3772 4514 et

2178 4537 2475 4592 sententiam
2504 4538 2557 4591 in
2581 4553 2665 4592 eos
2694 4540 2780 4608 qui
2805 4541 3032 4594 damnati
3056 4551 3175 4596 sunt
3203 4543 3412 4612 dictam,
3439 4556 3488 4600 et
3512 4549 3590 4601 rei
3618 4550 3775 4605 totius

2179 4627 2407 4682 ordinem
2447 4629 2739 4698 cognovisti.
2787 4628 2855 4684 Et
2899 4630 3024 4700 quia
3063 4640 3120 4688 et
3155 4647 3243 4689 me
3280 4633 3405 4704 quid
3443 4648 3661 4707 gestum
3703 4641 3774 4697 sit

2178 4720 2426 4790 ignorare
2464 4717 2743 4786 credebas,
2773 4719 2903 4790 quid
2930 4721 3128 4777 veritas
3167 4723 3390 4782 haberet
3427 4725 3678 4786 hortatus
3713 4739 3775 4786 ut

2178 4809 2470 4876 discerem,
2505 4809 2578 4864 ita
2607 4809 2859 4881 deinceps
2895 4821 3085 4868 cuncta
3123 4817 3370 4871 narrasti.
3405 4816 3537 4873 Vide
3565 4822 3690 4890 quia
3717 4823 3773 4878 in

2178 4901 2279 4956 hac
2306 4913 2468 4955 causa
2493 4900 2656 4956 verba
2695 4901 2810 4972 ipsa
2846 4909 2933 4959 tua
2968 4916 3110 4973 pono
3134 4918 3202 4961 ex
3238 4905 3461 4976 epistola
3491 4916 3618 4978 tua;
3647 4919 3772 4968 sunt

2177 4993 2319 5051 enim
2343 4991 2475 5048 mihi
2498 4994 2915 5064 pernecessaria.

2247 5083 2474 5141 CAPUT
2512 5082 2628 5139 XV.
2659 5113 2731 5124 —
2757 5084 2845 5139 18.
2878 5083 3005 5139 Cum
3053 5102 3204 5158 quam
3257 5090 3534 5161 plurimos,
3568 5093 3769 5165 inquis,

2177 5176 2438 5248 episcopos
2482 5191 2624 5231 error
2675 5175 2768 5231 sibi
2818 5176 3124 5234 Maximiani
3177 5181 3371 5236 sociare
3417 5189 3767 5257 contenderet,

2177 5277 2434 5324 contracto
2459 5285 2491 5322 a
2515 5269 2699 5324 nostris
2742 5270 2976 5336 concilio,
3007 5271 3062 5326 in
3097 5289 3183 5328 eos
3225 5291 3396 5330 omnes
3433 5279 3522 5347 qui
3563 5281 3619 5333 in
3661 5283 3774 5352 ejus

2177 5358 2444 5412 schismate
2474 5358 2822 5429 perstitissent,
2852 5361 3050 5432 prolata
3092 5367 3336 5420 sententia
3377 5376 3493 5421 est:
3516 5385 3673 5435 quam
3716 5380 3774 5424 tu

2177 5505 2406 5619 803ῃῇἓὶ
2425 5543 2440 5569 ,
2479 5504 2693 5560 dixistis.
2736 5513 2838 5559 Duo
2870 5517 3007 5573 Mss,
3056 5509 3226 5564 diansti
3253 5512 3508 5565 :refertur
3552 5517 3613 5566 ad
3659 5525 3769 5568 Cre-

2241 5632 2261 5661 ²
2287 5630 2418 5693 Apud
2441 5635 2513 5678 Er.
2548 5631 2696 5694 Lugd.
2728 5625 2882 5698 AVenI,
2907 5647 3120 5698 purgare
3156 5636 3284 5688 istos.
3331 5645 3513 5688 Iterum
3552 5642 3766 5692 attende.

2074 5689 2076 5691 ’
2177 5689 2558 5755 Lov.,'purgare.
2585 5689 2699 5744 ts'tos
2720 5689 2896 5746 iterant
2908 5689 3124 5747 attende.
3193 5707 3246 5747 Μ.

2239 5754 2312 5826 (α)
2332 5753 2385 5803 ἰη
2407 5753 2532 5826 libro
2553 5755 2793 5826 dos-pestis
2810 5770 2920 5809 cum
2940 5761 3149 5810 Emerito
3170 5764 3430 5813 triennium
3451 5776 3584 5826 pene
3609 5770 3763 5822 totum

2180 5818 2516 5869 intercessisse
2538 5817 2668 5868 dicit.
