4010 6472
221 365 332 428 605

223 495 421 557 quoque
456 487 505 534 te
544 476 724 552 legisse
763 475 979 533 testaris.
1008 476 1137 544 Qua
1163 491 1278 532 cum
1304 474 1546 531 sententia
1572 491 1816 531 consensu

227 574 457 629 omnium
482 572 792 642 ﬁrmaretur,
816 570 1004 641 placuit
1032 581 1217 639 tamen,
1240 570 1435 639 inquis,
1465 570 1660 624 decreto
1688 584 1816 623 con-

220 666 324 719 cilii
355 664 658 719 dilationem
684 663 923 731 temporis
949 663 1082 726 dari,
1108 663 1241 716 intra
1265 663 1401 732 quod
1427 661 1605 730 siquis
1630 660 1816 732 corrigi

220 758 488 822 voluisset,
530 757 767 809 innocens
806 754 1086 808 haberetur.
1120 754 1210 810 Sic
1252 754 1441 823 factum
1476 764 1579 818 est,
1617 752 1812 821 inquis,

218 857 273 902 ut
300 864 409 902 non
439 848 607 901 solum
629 848 730 900 duo
750 846 827 900 illi
853 863 975 915 quos
1000 862 1245 900 memoras
1267 844 1365 917 (a),
1388 845 1476 900 sed
1501 846 1649 897 etiam
1669 843 1815 897 multi

215 940 307 993 alii
360 940 573 1010 purgati
612 948 761 1009 atque
799 939 1084 992 innocentes
1112 953 1163 991 se
1192 935 1429 990 Ecclesia:
1457 934 1811 990 reddidissent.

131 1069 137 1076 .
218 1031 460 1098 Quorum
502 1033 619 1087 ideo
638 1030 902 1102 Baptisma
930 1030 1145 1085 rescindi
1173 1046 1273 1084 non
1306 1028 1502 1095 debuit,
1530 1029 1647 1097 quia
1680 1028 1815 1080 intra

170 1164 181 1209 ζ
215 1122 356 1177 diem
392 1125 731 1194 prcestitutum
766 1122 1013 1187 restituti,
1056 1120 1389 1192 peremptoria
1430 1118 1672 1173 sententia
1713 1133 1815 1171 non

209 1227 549 1283 tenerentur;
580 1234 697 1286 nec,
740 1233 854 1275 cum
892 1216 1224 1287 baptizarent,
1265 1216 1467 1285 fuerunt
1494 1212 1555 1266 ab
1584 1210 1814 1265 Ecclesia

203 1314 476 1393 separati,
518 1312 706 1383 quippe
752 1311 965 1365 necdum
1022 1308 1263 1363 transacti
1310 1308 1551 1376 temporis
1605 1305 1814 1373 deﬁnita

206 1425 341 1470 ηιεια
372 1406 647 1479 disjuncti.
686 1403 758 1457 Hi
802 1414 972 1458 autem
1031 1403 1118 1474 qui
1167 1402 1315 1456 etiam
1358 1410 1470 1471 post
1519 1399 1814 1471 praedictam

210 1507 341 1561 diem
370 1523 492 1560 cum
512 1496 837 1559 Maximiano
861 1494 1181 1566 pertinaciter
1209 1493 1545 1564 perstiterunt,
1572 1489 1815 1545 sententia

204 1599 561 1653 damnationis
606 1590 810 1655 rgenti,
850 1588 1007 1643 simul
1048 1595 1095 1640 et
1132 1585 1395 1655 Baptisma
1442 1593 1486 1638 et
1533 1582 1814 1635 Ecclesiant

205 1690 545 1756 perdiderunt
589 1687 683 1759 (b).
726 1684 857 1743 Haec
898 1678 1062 1735 verba
1102 1686 1191 1731 tua
1230 1686 1393 1740 certe,
1435 1674 1506 1728 mi
1533 1672 1809 1737 Cresconi,

205 1780 498 1852 cognoscis
527 1797 594 1835 ex
623 1779 861 1849 epistola:
888 1782 999 1833 tua:
1024 1768 1365 1826 contextione
1396 1779 1666 1835 expressa.

268 1871 513 1928 CAPUT
556 1870 781 1927 XVI.—
800 1870 885 1925 l9.
911 1860 1149 1923 Proinde
1168 1875 1350 1930 quiero
1374 1858 1470 1911 abs
1503 1866 1572 1922 te,
1601 1856 1657 1911 Si
1678 1869 1812 1910 non-

203 1962 329 2018 dum
380 1963 598 2017 fuerant
635 1963 702 2017 ab
734 1961 975 2017 Ecclesia
1020 1951 1287 2027 separati,
1326 1947 1594 2019 quomodo
1634 1948 1686 2000 in
1728 1964 1811 2001 eos

203 2071 378 2109 carnes
404 2055 495 2125 qui
524 2056 577 2108 in
601 2053 906 2108 Maximiani
931 2052 1205 2106 schismate
1230 2042 1578 2113 perstitissent,
1611 2041 1812 2109 prolata

204 2149 456 2201 sententia
499 2156 601 2212 est,
642 2161 755 2215 qua:
794 2161 908 2198 cum
945 2158 1190 2197 consensu
1234 2137 1458 2189 omnium
1496 2136 1806 2203 ﬁrmaretur,

205 2242 401 2295 placuit
432 2250 601 2294 tamen
628 2242 826 2293 decreto
855 2237 1057 2292 concilii
1086 2234 1385 2289 dilationem
1409 2228 1646 2298 temporis
1669 2227 1803 2295 dari,

202 2332 341 2387 intra
371 2332 512 2402 quod
540 2331 584 2384 si
610 2331 721 2398 quis
747 2329 931 2399 corrigi
960 2327 1219 2390 voluisset,
1242 2324 1482 2376 innocens
1509 2316 1811 2372 haberetur?

203 2424 413 2491 Quibus
447 2422 625 2477 verbis
654 2421 910 2485 ostendis,
938 2434 1125 2475 eorum
1150 2416 1239 2486 qui
1269 2416 1321 2469 in
1348 2410 1649 2468 Maximiani
1674 2410 1810 2465 schi-

204 2527 381 2572 smate
413 2494 792 2586 perstitissent,
821 2514 864 2568 sl
892 2514 1011 2583 quis
1041 2512 1180 2565 intra
1211 2507 1519 2562 dilationem
1551 2502 1808 2572 temporis

208 2609 410 2679 corrigi
459 2607 732 2672 voluisset,
782 2607 1039 2660 innocens
1092 2601 1398 2655 haberetur.
1435 2596 1809 2665 Corrigeretur

204 2714 363 2770 ergo,
396 2697 442 2752 si
484 2698 604 2766 quis
640 2696 835 2766 corrigi
873 2694 1150 2761 voluisset,
1179 2691 1247 2746 ab
1288 2690 1382 2745 illo
1420 2688 1709 2743 schismate
1750 2686 1807 2741 in

198 2806 315 2860 quo
360 2804 484 2844 cum
521 2788 840 2843 Maximiano
880 2786 1182 2855 perstiterat
1212 2800 1224 2836 :
1256 2780 1480 2852 proinde
1519 2787 1804 2848 antequam

198 2881 595 2950 zcorrigeretur,
633 2880 687 2933 in
730 2878 1018 2934 schismate
1064 2885 1209 2942 erat,
1242 2874 1296 2929 in
1325 2888 1431 2943 quo
1462 2872 1801 2941 perstiterat;

200 2974 460 3044 [quamvis
489 2974 544 3027 in
571 2986 655 3038 eo,
688 2971 810 3041 quia
845 2972 981 3025 intra
1011 2969 1264 3039 placitum
1296 2974 1505 3035 tempus
1533 2973 1805 3020 correctus

200 3074 310 3129 est,
354 3080 462 3118 non
493 3062 839 3133 pertinaciter
877 3059 1215 3131 perstitisset.
1244 3058 1377 3113 Nam
1405 3066 1461 3111 et
1487 3055 1804 3126 posteriori-

202 3157 304 3211 bus
350 3156 529 3211 verbis
569 3155 725 3225 paulo
759 3161 880 3224 post
926 3154 997 3207 ita
1037 3151 1364 3222 distinguis:
1398 3148 1470 3203 Hi
1511 3158 1679 3203 autem
1717 3149 1805 3218 qui

196 3248 365 3300 etiam
395 3255 507 3315 post
535 3247 835 3315 praedictum
858 3245 991 3298 diem
1016 3260 1129 3297 cum
1148 3242 1463 3297 Maximiano
1484 3242 1805 3311 pertinaciter

199 3338 562 3402 perstiterunt,
590 3336 835 3391 sententia
864 3335 1206 3388 damnationis
1230 3333 1425 3400 retenti,
1454 3332 1607 3386 simul
1636 3342 1682 3385 et
1701 3330 1806 3384 Ba-

196 3429 408 3481 etisma
434 3437 481 3478 et
509 3425 780 3481 Ecclesiam
819 3424 1145 3495 perdiderunt
1171 3439 1189 3477 :
1222 3423 1407 3477 dicens
1438 3424 1620 3492 utique
1639 3463 1653 3488 ,
1691 3439 1807 3492 per-

196 3518 457 3573 tinaciter
482 3517 817 3587 perstiterunt,
846 3515 1086 3571 ostendis
1112 3514 1273 3571 etiam
1315 3514 1436 3568 illos
1461 3514 1552 3582 qui
1578 3512 1806 3568 correcti

198 3618 333 3669 sunt
364 3609 697 3680 perstitisse,
738 3608 831 3663 sed
862 3624 971 3663 non
1010 3606 1370 3677 pertinaciter.
1404 3604 1459 3659 ln
1488 3620 1622 3675 quos
1648 3604 1807 3660 simul

196 3717 399 3761 omnes
429 3701 638 3774 prolata
662 3711 747 3757 est
779 3700 866 3755 illa
903 3699 1165 3754 sententia
1198 3699 1238 3764 ί,
1268 3712 1371 3768 qua
1396 3711 1661 3751 consensu
1684 3711 1803 3751 om-

194 3796 352 3852 nium
381 3790 730 3861 conﬁrmata,
769 3791 1034 3862 placuisse
1061 3798 1237 3844 tamen
1268 3788 1404 3843 dicis
1429 3787 1645 3842 decreto
1673 3802 1804 3842 con-

188 3891 303 3945 cilii
335 3891 661 3949 dilationem
695 3886 840 3941 illam
880 3883 1133 3954 temporis
1158 3882 1295 3937 dari.
1320 3880 1601 3948 Quomodo
1646 3880 1806 3951 igitur

192 3982 247 4037 in
288 3984 539 4039 Ecclesia
585 3987 765 4045 erant,
813 3979 903 4048 qui
956 3984 1242 4046 antequam
1292 3975 1703 4044 corrigerentur,
1749 3973 1807 4028 in

190 4073 492 4130 schismate
543 4091 665 4132 cum
710 4068 1039 4133 Maximiano
1092 4064 1435 4138 perstabant?
1463 4064 1615 4131 Quod
1663 4064 1707 4118 si
1751 4065 1805 4119 in

195 4164 447 4222 Ecclesia
472 4182 576 4223 non
599 4180 771 4236 erant,
794 4161 925 4241 quia
949 4162 1004 4219 in
1027 4160 1318 4217 schismate
1341 4164 1513 4221 erant,
1537 4156 1806 4227 quomodo

194 4254 586 4325 baptizabant?
610 4258 832 4326 Deinde,
865 4253 1144 4331 quomodo
1186 4250 1383 4307 factum
1424 4256 1525 4311 est,
1556 4248 1693 4302 sicut
1725 4247 1806 4302 di-

192 4347 295 4411 cis,
320 4358 380 4403 ut
402 4364 510 4404 non
529 4351 705 4406 solum
736 4352 809 4406 illi
830 4368 967 4423 quos
995 4346 1324 4413 memoravi,
1348 4343 1442 4400 sed
1470 4344 1631 4399 etiam
1654 4340 1806 4395 multi

192 4437 283 4492 alii
330 4441 545 4510 purgati
593 4451 752 4513 atque
800 4442 1114 4499 innocentes
1157 4455 1217 4495 se
1244 4434 1505 4498 Ecclesia:
1540 4431 1805 4487 reddidis-

189 4538 331 4595 sent,
367 4531 415 4586 si
444 4531 513 4588 ab
536 4531 775 4590 Ecclesia
803 4551 911 4590 non
934 4546 1088 4591 erant
1116 4528 1398 4607 separati?
1418 4526 1516 4585 Cui
1544 4541 1603 4581 se
1624 4525 1805 4581 reddi-

189 4621 411 4689 derunt,
454 4623 593 4679 unde
622 4640 728 4682 non
772 4627 1157 4682 recesserunt?
1184 4628 1295 4683 Aut
1339 4628 1387 4682 si
1435 4625 1799 4684 recesserunt.

187 4712 295 4779 dic,
334 4726 546 4782 quaso,
581 4724 866 4787 antequam
894 4732 954 4773 se
980 4719 1235 4775 Ecclesiae
1274 4716 1663 4781 reddidissent,
1694 4724 1805 4785 quo

182 4805 304 4875 jure
358 4806 796 4877 baptizaverunt?
840 4809 1067 4877 Quorum
1110 4813 1245 4879 ideo,
1292 4813 1494 4883 inquis,
1534 4809 1803 4881 Baptisma

188 4900 415 4954 rescindi
439 4916 541 4955 non
566 4900 755 4969 debuit,
787 4904 905 4972 quia
944 4906 1081 4959 intra
1114 4906 1247 4960 diem
1275 4907 1619 4976 praestitutum
1657 4904 1804 4957 resti-

188 4994 300 5059 tuti,
355 4995 695 5065 peremptoria
742 4999 989 5051 sententia
1034 5014 1134 5052 non
1182 5006 1487 5053 tenerentur.
1534 4996 1798 5062 Restituti,

187 5081 329 5150 quo?
362 5081 589 5153 Evigilo,
619 5084 861 5152 obsecro,
890 5086 978 5142 dic
1014 5087 1192 5156 nobis,
1220 5104 1327 5158 quo
1357 5086 1634 5142 restituti?
1666 5085 1803 5140 Pro-

188 5169 332 5227 lecto
358 5172 598 5230 dicturus
623 5190 704 5243 es,
731 5175 788 5230 In
812 5176 1133 5243 Ecclesium,
1156 5180 1245 5235 cui
1273 5193 1333 5235 se
1357 5178 1477 5234 illos
1498 5175 1805 5233 reddidisse

190 5264 399 5319 dixisti.
424 5263 788 5337 Quisquamne
814 5269 1112 5324 restituitur
1140 5271 1195 5325 in
1225 5270 1545 5336 Ecclesium,
1570 5270 1664 5339 qui
1693 5282 1803 5324 non

190 5356 360 5412 luerit
406 5358 476 5413 ab
525 5358 764 5414 Ecclesia
819 5362 1132 5429 separatus?
1170 5363 1537 5433 Quisquamne
1583 5361 1651 5415 ab
1698 5361 1828 5443 Ec-'

190 5448 363 5504 etesia
397 5463 508 5503 non
547 5459 823 5520 separatus
856 5453 1150 5521 quamlibet
1187 5468 1390 5523 paucos
1415 5451 1530 5508 dies
1564 5451 1803 5521 persistit

186 5538 241 5593 in
296 5539 632 5596 schismate?
670 5542 1032 5613 Quisquamne
1079 5545 1148 5600 ab
1192 5543 1439 5600 Ecclesia
1486 5557 1593 5597 non
1641 5556 1801 5611 sepa-
1836 5542 1849 5588 Ἀ

1915 5660 2193 5727 increpet,
2221 5654 2343 5726 quid
2374 5655 2423 5707 in
2454 5654 2540 5706 illo
2569 5648 2823 5721 praeclaro
2850 5643 3075 5700 concilio
3104 5640 3331 5695 fateatur
3357 5636 3502 5694 veri-

248 5654 267 5684 ¹
296 5644 379 5703 sic
396 5661 506 5703 Mss.
532 5654 650 5703 Editi
668 5663 853 5716 autem,
874 5656 925 5706 in
966 5670 1083 5719 quos
1105 5657 1252 5710 sintut
1274 5656 1340 5711 ab
1354 5654 1572 5708 euntibus
1593 5653 1802 5720 prolata,

177 5722 330 5841 ait)
357 5783 677 5831 Praetextatus
696 5787 747 5830 et
768 5779 1045 5832 reiicianus.

249 5841 330 5906 (ὁ)
353 5841 468 5892 Vide
492 5840 611 5892 infra
635 5842 716 5891 lilr.
742 5843 789 5905 4,
805 5855 853 5892 n.
878 5843 955 5891 35.
1294 5848 1345 5921 ςλ-
1377 5874 1389 5891 .

1582 355 1783 415 LIBER
1818 354 2132 419 TERTIUS.

1924 490 2072 535 ratus
2110 492 2171 535 se
2216 491 2337 551 post
2376 489 2588 559 tempus
2616 486 2910 560 quamlibet
2936 503 3156 563 parvum
3194 491 3370 553 reddit
3402 497 3509 554 Ec-

1922 572 2100 627 clesia:
2120 573 2143 626 i

1993 664 2218 722 CAPUT
2247 667 2408 726 XVII.
2437 698 2510 713 —
2530 673 2622 730 20.
2650 674 2895 732 Arbitror
2923 685 3004 745 te,
3030 678 3373 749 charissima,
3399 697 3509 741 non

1922 758 2092 813 solum
2130 760 2287 816 verba
2323 771 2409 817 tua
2439 780 2545 821 non
2572 768 2938 826 considerasse
2963 773 3346 831 conscribenda
3364 817 3381 845 ,
3411 777 3508 834 sed

1922 864 2020 904 nec
2048 851 2241 921 legisse
2267 857 2586 927 conscripta.
2612 859 2989 918 Verumtamen
3015 864 3140 934 quid
3169 865 3392 936 faceres,
3420 869 3508 927 cui

1922 944 2210 1000 necessitas
2254 946 2311 1001 in
2352 946 2455 1003 hoc
2495 964 2656 1020 opere
2690 953 3025 1024 ingerebatur
3050 959 3103 1012 in
3132 958 3508 1020 Maximianum

1921 1048 1983 1088 ac
2014 1036 2187 1090 socios
2213 1036 2328 1106 ejus
2351 1078 2368 1106 ,
2396 1053 2500 1095 non
2529 1043 2795 1111 propriam
2826 1046 3036 1115 dicere,
3069 1049 3162 1105 sed
3191 1052 3258 1106 ab
3283 1053 3402 1109 aliis
3428 1055 3510 1110 di-

1920 1133 2059 1180 ctam
2086 1168 2101 1194 ,
2158 1129 2425 1198 quomodo
2473 1132 2489 1162 ¹
2548 1148 2765 1202 posses,
2824 1137 3101 1196 defensare
3142 1145 3509 1202 sententiam?

1921 1216 2051 1272 Nam
2079 1227 2133 1274 et
2160 1220 2203 1273 si
2231 1229 2285 1275 tu
2313 1236 2418 1276 non
2452 1224 2679 1280 utereris
2706 1226 2787 1281 his
2815 1229 3023 1297 verbis,
3053 1230 3194 1288 idem
3215 1233 3386 1304 ipsum
3407 1235 3507 1293 de-

1920 1320 2122 1366 cretum
2165 1313 2375 1367 concilii
2421 1313 2726 1384 Bagaiensis
2768 1321 3081 1387 recitarem,
3132 1323 3221 1378 ubi
3246 1327 3506 1397 scriptum

1919 1413 1999 1457 est
2051 1420 2062 1456 :
2109 1402 2215 1458 Eos
2260 1415 2426 1459 autem
2471 1422 2594 1476 quos
2639 1409 2870 1480 sacrilegi
2906 1412 3097 1467 surculi
3135 1430 3238 1469 non
3281 1418 3510 1487 polluere

1920 1496 2208 1565 plantaria,
2250 1498 2344 1552 hoc
2383 1508 2488 1565 est,
2531 1500 2618 1570 qui
2658 1517 2690 1553 a
2733 1499 3039 1559 Maximiani
3073 1507 3237 1577 capite
3275 1511 3508 1580 proprias

1920 1606 2097 1645 cianus
2138 1591 2413 1646 verecundo
2456 1592 2575 1661 ﬁdei
2610 1593 2802 1662 pudore
2826 1604 3177 1665 retraxerunt,
3205 1600 3273 1653 ad
3298 1611 3507 1658 matrem

1917 1682 2198 1737 Ecclesiam
2224 1685 2387 1739 redire
2415 1686 2750 1755 permisimus.

1987 1776 2213 1831 CAPUT
2246 1777 2423 1832 XVIII.
2447 1808 2517 1819 -
2543 1779 2634 1833 21.
2658 1779 2909 1848 Proinde,
2935 1788 2990 1836 et
3012 1781 3057 1837 si
3079 1782 3205 1838 talia
3229 1790 3319 1839 tua
3342 1785 3507 1843 verba

1917 1883 2023 1923 non
2065 1870 2354 1938 reperirem
2376 1913 2389 1935 ,
2437 1870 2525 1926 hic
2564 1882 2711 1928 certe
2747 1872 3011 1940 dicerem,
3044 1874 3132 1930 hic
3160 1890 3256 1945 pro
3286 1877 3506 1933 veritate

1916 1961 2201 2016 clamarem
2228 2003 2243 2027 ,
2292 1962 2571 2029 Quomodo
2613 1965 2680 2018 ad
2723 1976 2947 2021 matrem
2991 1965 3281 2023 Ecclesium
3329 1970 3505 2027 redire

1918 2052 2291 2123 permittuntur
2314 2096 2328 2118 ,
2362 2054 2448 2123 qui
2478 2055 2544 2110 ab
2563 2055 2800 2111 Ecclesia
2820 2066 2989 2113 matre
3010 2073 3113 2112 non
3134 2062 3503 2116 recesserunt?

1914 2143 2021 2198 Aut
2069 2145 2113 2199 si
2162 2155 2530 2215 recesserunt,
2574 2164 2679 2217 quo
2715 2148 2874 2218 jure,
2917 2156 3197 2220 antequam
3230 2151 3501 2220 redirent,

1915 2234 2183 2304 baptizare
2229 2246 2555 2306 potuerunt;
2601 2239 2700 2293 nisi
2746 2241 2866 2308 quia
2907 2241 2960 2295 in
2996 2255 3153 2296 causa
3179 2242 3504 2297 resarciendi

1916 2328 2073 2397 hujus
2115 2329 2416 2384 schismatis
2456 2330 2606 2385 obliti
2646 2331 2773 2385 estis
2812 2332 3040 2401 propria:
3081 2333 3356 2399 vanitatis,
3398 2350 3503 2404 qua

1912 2430 2033 2490 post
2073 2424 2352 2490 episcopos
2392 2421 2458 2475 ab
2504 2422 2632 2491 ipsis
2672 2422 3045 2490 Apostolorum
3074 2423 3290 2479 sedibus
3320 2423 3503 2479 incon-

1912 2526 2120 2567 cussam
2166 2513 2358 2567 seriem
2401 2528 2569 2583 usque
2616 2514 2667 2567 in
2705 2513 2820 2569 haec
2846 2524 3081 2583 tempora
3110 2515 3459 2585 perducentcs
3482 2558 3498 2583 ,

1912 2621 2019 2660 non
2058 2621 2221 2660 unum
2266 2606 2533 2661 hominem
2556 2647 2570 2672 ,
2598 2623 2704 2662 non
2735 2622 2891 2661 unum
2920 2608 3137 2662 domum
3159 2650 3173 2674 ,
3205 2624 3308 2663 non
3340 2624 3498 2664 unum

1912 2699 2177 2754 civitatem
2199 2739 2214 2764 ,
2259 2713 2365 2753 non
2414 2714 2571 2753 unum
2612 2710 2856 2769 gentem,
2898 2700 2993 2754 sed
3020 2702 3205 2756 orbem
3237 2714 3499 2759 terrarum

1912 2791 2281 2862 baptizandum
2310 2806 2430 2847 esse
2457 2792 2725 2847 censetis?
2752 2800 2842 2846 aut
2868 2801 3014 2847 certe
3039 2794 3163 2864 quia
3190 2793 3344 2864 hujus
3376 2794 3500 2851 facti

1911 2883 2105 2938 horror
2145 2898 2357 2954 semper
2394 2886 2553 2939 etiam
2584 2884 2884 2939 facientium
2911 2884 3074 2941 corda
3098 2889 3398 2953 concussit,
3424 2897 3502 2943 tot

1912 2978 2120 3048 populis
2148 2978 2214 3032 ad
2242 2988 2469 3033 vestram
2499 2975 2928 3034 communionem
2955 2994 2985 3033 u
3014 2978 3318 3034 Maximiani
3349 2995 3499 3035 com-

1912 3069 2165 3124 munione
2212 3069 2555 3124 redeuntibus
2575 3109 2589 3135 ,
2632 3078 2739 3124 tam
2769 3070 2967 3124 multos
2993 3070 3205 3140 quidem
3232 3070 3383 3125 libuit
3412 3087 3500 3126 re-

1912 3175 2101 3229 parare
2120 3200 2135 3226 ,
2163 3160 2258 3214 sed
2288 3160 2471 3229 puduit
2494 3169 2601 3214 tam
2630 3159 2826 3215 multos
2851 3160 3179 3230 rebaptizare
3208 3177 3223 3215 :
3251 3153 3390 3231 quod
3418 3171 3496 3216 ta-

1909 3265 2029 3306 men
2046 3292 2063 3319 ,
2085 3250 2406 3320 quibuslibet
2430 3250 2813 3307 detestantibus
2837 3260 2892 3307 et
2914 3251 3320 3307 exhorrentibus
3338 3294 3354 3321 ,
3380 3268 3501 3321 pro-

1908 3350 2029 3413 pter
2073 3343 2296 3398 salutem
2349 3342 2621 3397 hominum
2662 3342 2941 3410 faceretis,
2987 3357 3106 3412 quze
3144 3352 3343 3413 quanto
3385 3344 3501 3413 plu-

1910 3436 2047 3489 rium
2087 3433 2290 3500 fuerat,
2337 3443 2487 3489 tanto
2524 3434 2701 3489 minus
2723 3434 2903 3504 utique
2926 3432 3315 3489 contemnenda
3344 3442 3459 3489 erat
3480 3474 3497 3502 ,

1910 3529 1955 3584 si
1997 3528 2100 3584 hoc
2136 3543 2367 3599 unquam
2399 3528 2640 3583 contuitu
2666 3527 2902 3583 veritatis
2928 3570 2943 3596 ,
2974 3537 3031 3583 et
3058 3543 3162 3584 non
3194 3528 3502 3599 pruijudieio

1912 3619 2157 3676 faceretis
2187 3620 2405 3675 erroris.
2440 3619 2602 3676 Vides
2626 3629 2771 3676 certe
2800 3619 2855 3673 in
2882 3618 2985 3674 hoc
3004 3617 3501 3677 Maximianensium

1909 3714 1977 3769 ad
2016 3722 2248 3769 vestram
2289 3715 2721 3768 communionem
2764 3711 2934 3767 reditu
2980 3710 3335 3782 patefactum,
3374 3725 3501 3765 vera

1910 3820 2030 3862 esse
2076 3820 2194 3876 quae
2228 3804 2296 3859 de
2321 3804 2591 3873 Buptismo
2613 3804 2861 3859 dicuntur
2887 3818 2917 3857 a
2945 3803 3115 3857 nobis.
3140 3801 3269 3856 Nam
3288 3796 3336 3857 'si
3364 3800 3499 3856 ullus

1909 3906 1992 3953 est
2032 3898 2085 3951 in
2123 3896 2427 3951 hominibus
2473 3896 2792 3960 intellectus,
2838 3894 2919 3949 vel
2953 3892 3163 3949 dicendi
3191 3892 3388 3962 aliquid
3416 3893 3498 3947 vel

1911 3988 2196 4053 audiendi,
2242 3988 2332 4058 qui
2373 3995 2653 4057 antequam
2694 3984 2879 4042 redeat
2906 3983 2973 4039 ad
3005 3983 3295 4039 Ecclesium
3324 3976 3501 4052 bapti-'

1910 4091 1995 4137 zat
2016 4122 2032 4149 ,
2060 4080 2299 4152 profecto
2324 4088 2473 4135 extra
2504 4078 2797 4135 Ecclesium
2822 4077 3051 4148 baptizat
3079 4094 3092 4131 :
3124 4086 3176 4131 et
3204 4087 3378 4131 tamen
3406 4091 3496 4130 re-

1909 4172 2232 4229 scindendus
2252 4172 2552 4241 Baptismus
2574 4186 2683 4226 non
2702 4180 2802 4237 est,
2826 4170 2964 4225 sicut
2988 4183 3085 4225 nec
3106 4171 3157 4224 in
3181 4168 3284 4223 illis
3301 4169 3497 4223 rescis-

1910 4281 2001 4322 sus
2033 4281 2063 4320 a
2089 4265 2238 4321 vobis
2262 4274 2361 4319 est.
2394 4264 2509 4333 Quo
2539 4280 2643 4317 non
2676 4270 2876 4318 mutato
2901 4304 2915 4330 ,
2947 4276 3047 4316 nec
3072 4259 3125 4315 in
3150 4273 3249 4315 suo
3273 4300 3287 4326 ,
3322 4275 3419 4315 nec
3446 4261 3497 4317 in

1908 4360 2218 4430 cujusquam
2257 4358 2505 4425 alterius,
2549 4356 2642 4413 sed
2686 4358 2740 4411 in
2776 4355 2946 4411 Putris
2971 4363 3025 4410 et
3047 4353 3168 4409 Filii
3191 4362 3243 4409 et
3270 4352 3499 4424 Spiritus

1908 4453 2078 4509 sancti
2117 4452 2333 4509 nomine
2368 4451 2592 4523 quisque
2627 4448 2876 4520 baptizat.
2904 4446 3142 4513 Deinde,
3175 4454 3372 4516 printer
3400 4446 3501 4500 Ba-

1909 4545 2089 4618 ptismi
2133 4554 2521 4602 sacramentum
2548 4586 2562 4611 ,
2607 4541 2748 4613 quod
2778 4540 2860 4595 vel
2885 4540 2952 4594 ad
2984 4528 3194 4610 poenam
3222 4536 3457 4607 perversi
3478 4577 3495 4605 ,

1910 4640 1994 4695 vel
2036 4638 2102 4694 ad
2142 4639 2366 4693 salutem
2409 4636 2540 4691 recti
2573 4635 2687 4690 sive
2711 4632 2936 4688 correcti
2962 4631 3222 4701 integrum
3248 4642 3498 4699 perseve-

1909 4742 1991 4787 rat
2014 4773 2029 4799 ,
2071 4731 2139 4785 de
2181 4730 2295 4800 ipsa
2328 4734 2686 4783 correctorum
2713 4723 3011 4794 expiatione
3038 4721 3123 4777 vel
3153 4721 3499 4777 mundationc

1905 4827 2031 4884 volo
2060 4822 2259 4893 aliquid
2285 4821 2483 4876 dicere.
2515 4816 2795 4873 Meministi
2816 4815 2958 4871 enim
2981 4830 3099 4885 quae
3122 4814 3376 4870 adversus
3402 4825 3500 4866 nos

1906 4918 2105 4977 dixeris
2126 4960 2139 4983 ,
2189 4913 2326 4982 quod
2356 4912 2629 4967 venientes
2658 4908 2724 4963 ad
2757 4923 2853 4963 nos
2881 4922 2912 4962 a
2941 4905 3093 4962 vobis
3119 4920 3182 4961 ex
3214 4904 3496 4959 haeretico-

1908 5028 2029 5069 rum
2072 5005 2332 5073 sacrilego
2376 5016 2588 5067 errore,
2616 5000 2731 5056 sine
2762 4999 2866 5054 ulla
2894 4997 3201 5067 expiatione
3221 5001 3497 5060 susceptos

1910 5105 2221 5160 habeamus.
2273 5096 2353 5150 Tu
2393 5093 2545 5150 nobis
2569 5092 2657 5149 die
2686 5091 2846 5147 modo
2871 5133 2887 5159 ,
2918 5091 2985 5146 de
3009 5089 3293 5145 schismate
3321 5082 3496 5137 Maxi-

1909 5196 2074 5252 miani
2115 5192 2399 5247 redeuntes
2436 5186 2503 5241 ad
2540 5201 2671 5253 vos,
2702 5200 2823 5241 cum
2850 5182 2903 5237 in
2929 5182 3039 5237 suis
3068 5179 3225 5236 etiam
3257 5175 3495 5244 suscipe-

1911 5298 2096 5344 rentur
2136 5283 2425 5339 honoribus
2454 5298 2468 5347 ;
2512 5295 2615 5350 qua
2652 5278 2864 5333 tandem
2890 5317 2904 5340 ,
2947 5287 3127 5344 quaeso
3149 5312 3164 5337 ,
3195 5268 3499 5340 expiatione

1889 5379 2151 5441 ;mundati
2194 5377 2356 5433 sunt?
2400 5375 2456 5430 In
2492 5374 2583 5428 illo
2612 5381 2755 5427 tanto
2782 5369 2986 5425 scelere
3015 5364 3360 5437 participato,
3392 5374 3499 5414 non

1912 5480 2067 5531 erant
2095 5480 2199 5526 tam
2228 5468 2430 5523 nefaria
2457 5466 2709 5522 societate
2738 5457 3027 5515 maculati?

1985 5563 2209 5621 CAPUT
2255 5561 2397 5617 XIX.
2433 5588 2504 5600 -
2542 5557 2631 5611 εἳ.
2674 5551 2900 5609 Attende
2944 5548 3069 5621 quid
3099 5548 3344 5612 insonet,
3375 5540 3503 5615 quid

1981 5835 2005 5869 ί
2029 5832 2151 5886 Editi
2172 5870 2186 5896 ,
2214 5841 2401 5895 quoquo
2419 5827 2574 5881 modo.
2608 5822 2906 5888 manuscripti
2929 5834 3074 5889 vero,
3101 5821 3351 5889 qumodo.
