4010 6482
197 538 531 599 Constantino
550 535 758 609 juniore
779 533 1087 590 nobilissimo
1107 533 1307 591 Ctesare
1329 531 1614 588 consulibus
1635 573 1650 599 ,
1681 533 1783 586 idi-

197 635 288 690 bus
310 630 589 686 decembris
629 645 691 685 ex
715 638 817 684 tota
841 628 893 682 Μ
901 627 1165 682 ociaciensi
1187 628 1393 680 inducto
1415 626 1431 656 '-
1463 635 1510 680 et
1545 625 1787 695 applicito

202 727 406 781 Victore
427 722 780 792 grammatico,
809 729 1005 775 astante
1027 721 1176 776 etiam
1199 717 1525 771 Nundinario
1548 716 1782 785 diacono,

194 816 513 886 ZenOpltilus
535 814 816 869 consularis
842 813 971 868 dixit
1001 829 1020 868 :
1050 812 1175 878 Quis
1207 811 1400 866 vocaris
1416 811 1442 864 .9
1468 808 1783 880 Respondit:

203 911 397 966 Victor.
432 910 498 964 Et
536 907 695 979 paulo
724 916 846 978 post
864 907 969 962 alio
995 906 1114 961 loco
1146 922 1160 958 :
1194 902 1552 959 Nundinarius
1576 918 1786 973 respon-

193 1003 264 1058 dit
297 1018 316 1056 :
346 999 612 1071 Legantur
647 1008 781 1052 acta.
822 997 1132 1067 Zenophilus
1157 996 1437 1051 consularis
1479 994 1609 1048 dixit
1637 1009 1656 1047 :
1685 991 1786 1048 Le-

192 1105 398 1168 gantur.
425 1091 496 1147 Et
522 1093 640 1163 legit
663 1090 715 1145 Ν
721 1091 960 1146 undinius
984 1098 1218 1160 exceptor
1249 1105 1268 1144 :
1297 1089 1615 1144 Diocletiano
1635 1087 1787 1142 octies

191 1196 236 1242 et
264 1184 590 1238 Maximiano
632 1184 810 1255 septies
834 1183 1123 1238 consulibus
1141 1224 1156 1247 ,
1189 1192 1368 1252 quarto
1395 1181 1587 1235 decimo
1612 1181 1784 1234 calen-

191 1276 280 1332 das
290 1275 441 1345 junii
463 1317 477 1342 ,
520 1292 582 1330 ex
600 1275 725 1329 actis
757 1273 974 1328 Munatii
999 1271 1184 1328 Felicis
1202 1273 1424 1342 flaminis
1445 1271 1669 1343 perpetui
1693 1287 1785 1324 cu-

188 1367 376 1425 ratoris
401 1365 628 1420 Colonia:
652 1362 892 1420 Cirtensis
923 1379 941 1418 :
970 1363 1096 1420 Cum
1120 1375 1319 1418 ventum
1347 1373 1469 1418 esset
1495 1362 1564 1416 ad
1583 1361 1786 1415 domum

189 1459 238 1514 in
257 1475 366 1528 qua
389 1455 668 1511 Christiani
705 1455 1092 1523 conveniebant,
1127 1454 1276 1509 Felix
1306 1455 1492 1524 flamen
1520 1460 1788 1524 perpetuus

190 1559 399 1603 curator
423 1546 592 1601 Paulo
614 1547 849 1618 episcopo
871 1547 1021 1611 dixit,
1050 1545 1285 1616 Proferte
1305 1546 1603 1616 Scripturas
1641 1544 1784 1616 legis,

189 1650 233 1696 et
251 1641 294 1696 si
322 1639 455 1711 quid
474 1639 616 1694 aliud
640 1641 720 1694 hic
747 1639 958 1704 habetis,
978 1649 1030 1692 ut
1056 1648 1104 1692 et
1125 1648 1374 1709 prtecepto
1393 1648 1440 1692 et
1452 1637 1677 1709 jussioni
1698 1653 1791 1706 pa-

189 1747 297 1784 rere
325 1730 556 1798 possitis.
590 1727 786 1783 Paulus
813 1729 1082 1798 episcopus
1103 1729 1230 1782 dixit
1261 1744 1279 1782 :
1310 1727 1603 1797 Scripturas
1633 1727 1788 1783 lecto-

188 1838 265 1876 res
310 1821 540 1887 habent,
571 1819 660 1875 sed
701 1836 792 1874 nos
819 1820 953 1890 quod
980 1819 1063 1873 hic
1106 1819 1379 1884 habemus,
1409 1819 1609 1872 damus.
1641 1816 1791 1873 Felix

189 1916 380 1984 ﬂamen
401 1922 673 1983 perpetuus
693 1922 896 1966 curator
915 1911 1044 1966 dixit
1067 1909 1236 1964 Paulo
1260 1926 1280 1965 :
1315 1909 1534 1964 Ostende
1558 1911 1788 1978 lectores,

191 2015 274 2060 aut
313 2005 469 2058 mitte
487 2004 558 2057 ad
578 2002 715 2058 illos.
757 2002 951 2057 Paulus
974 2003 1240 2074 episcopus
1277 2002 1405 2055 dixit
1439 2017 1458 2056 :
1490 2001 1677 2057 Omnes
1701 2017 1790 2056 co-

190 2098 455 2170 gnoscitis.
484 2095 634 2152 Felix
659 2097 845 2166 flamen
867 2106 1135 2166 perpetuus
1154 2105 1358 2150 curator
1377 2095 1505 2150 dixit
1527 2110 1546 2150 :
1569 2094 1624 2149 Ν
1625 2111 1690 2150 an
1709 2111 1793 2150 eos

190 2189 448 2244 novimus.
479 2185 677 2242 Paulus
696 2188 959 2259 episcopus
981 2188 1110 2242 dixit
1143 2203 1162 2242 :
1194 2185 1348 2241 Novit
1371 2187 1586 2257 officium
1625 2187 1792 2257 publi-

191 2295 306 2334 cum
327 2321 342 2344 ,
375 2278 432 2332 id
458 2288 533 2333 est
560 2277 771 2332 Edesius
805 2289 851 2332 et
875 2277 1063 2333 Junius
1085 2287 1392 2348 exceptores.
1426 2277 1574 2332 Felix
1605 2278 1792 2347 flamen

192 2380 473 2443 perpetuus
499 2380 704 2425 curator
729 2369 858 2424 dixit
889 2385 908 2424 :
941 2369 1181 2424 Manente
1217 2370 1412 2424 ratione
1436 2370 1499 2423 de
1525 2369 1795 2424 lectoribus

191 2473 314 2535 quos
355 2461 660 2516 monstrabit
685 2461 916 2532 Ofﬁcium
936 2501 950 2526 ,
983 2473 1028 2515 et
1062 2477 1146 2516 vos
1171 2462 1305 2530 quod
1326 2461 1406 2515 hic
1428 2459 1618 2514 habetis
1655 2460 1791 2513 date.

195 2555 423 2612 Sedente
449 2553 613 2608 Paulo
639 2553 874 2623 episcopo
893 2595 908 2620 ,
940 2565 986 2607 et
1008 2552 1256 2607 Montano
1279 2563 1326 2608 et
1362 2551 1558 2606 Victore
1607 2551 1670 2606 de
1696 2551 1796 2606 Ca-

194 2647 341 2703 stello
371 2655 421 2700 et
437 2645 490 2698 Μ
498 2645 683 2699 emorio
697 2644 996 2716 presbyteris
1017 2646 1062 2711 ’,
1084 2654 1282 2698 astante
1304 2643 1469 2697 Marte
1491 2659 1605 2697 cum
1627 2625 1793 2710 rElio,

194 2750 240 2795 et
281 2739 464 2794 Marte
499 2740 748 2806 diacono,
781 2738 1064 2808 proferente
1105 2737 1386 2791 Marcuclio
1407 2779 1420 2799 ,
1446 2734 1718 2800 Catulino,
1751 2744 1797 2789 et

197 2832 419 2887 Silvano
449 2839 495 2884 et
539 2829 729 2884 Caroso
753 2828 772 2860 ³
802 2828 1123 2883 subdiaconis
1142 2869 1158 2893 ,
1189 2838 1233 2882 et
1271 2826 1555 2893 Januario,
1591 2825 1800 2880 Marcu-

197 2925 266 2979 lio
288 2967 304 2988 ,
336 2923 625 2977 Fructuose
647 2964 663 2990 ,
697 2905 964 2992 Miggene,
1012 2919 1326 2985 Saturnino,
1365 2917 1561 2973 Victore
1585 2919 1800 2974 Samsu-

197 3016 308 3068 rico
330 3013 374 3078 ‘,
397 3023 444 3068 et
472 3012 664 3067 ueteris
687 3013 980 3085 fossoribus,
1003 3021 1178 3065 contra
1197 3011 1442 3066 scribente
1473 3011 1668 3066 Victore
1693 3011 1800 3064 Au-

201 3105 315 3175 ﬁdii
343 3105 397 3158 in
425 3105 569 3159 breve
587 3103 660 3158 sic
687 3119 707 3155 :
737 3102 933 3158 Calices
958 3104 1060 3156 duo
1080 3102 1253 3164 aurei;
1270 3102 1388 3155 item
1407 3100 1588 3156 calices
1607 3117 1697 3156 sex
1714 3119 1800 3156 ar-

199 3197 372 3268 gentei
392 3237 406 3260 ,
437 3207 534 3248 etc.
559 3194 626 3249 Et
663 3194 767 3248 alio
795 3194 913 3248 loco
945 3208 959 3246 :
999 3191 1334 3262 Posteaquam
1357 3202 1648 3261 perventum
1687 3202 1758 3247 est
1777 3198 1800 3231 ⁸

199 3289 252 3342 in
277 3287 657 3350 bibliothecam,
683 3285 884 3339 inventa
907 3295 1021 3339 sunt
1043 3284 1109 3338 ibi
1131 3284 1354 3338 armaria
1375 3284 1569 3350 inania,
1591 3284 1660 3338 ibi
1683 3299 1802 3354 pro-

199 3379 319 3432 tulit
349 3377 594 3432 Silvanus
612 3377 940 3447 capitnlatam
964 3386 1252 3446 argenteam
1273 3385 1319 3429 et
1341 3375 1600 3429 lucernam
1619 3392 1802 3446 argen-

198 3479 371 3531 team,
401 3467 541 3537 quod
566 3468 741 3520 diceret
763 3484 815 3521 se
840 3477 952 3536 post
977 3481 1149 3519 arcam
1171 3465 1191 3496 ⁸
1221 3465 1468 3520 invenisse
1489 3481 1594 3520 eas.
1636 3464 1804 3519 Victor

202 3559 420 3629 Auﬁdii
458 3559 666 3615 Silvano
687 3559 844 3622 dixit,
876 3558 1111 3613 Mortuus
1150 3562 1322 3628 fueras
1341 3599 1357 3625 ,
1385 3559 1430 3612 si
1455 3575 1554 3613 non
1576 3557 1692 3611 illas
1723 3558 1803 3611 in-

200 3652 450 3706 venisses.
480 3648 626 3704 Felix
657 3652 840 3719 flamen
867 3662 1135 3720 perpetuus
1157 3660 1365 3704 curator
1388 3649 1598 3705 Silvano
1631 3649 1760 3703 dixit
1784 3662 1804 3705 :

201 3741 425 3812 Inquire
447 3741 752 3813 diligentius,
784 3758 846 3795 ne
865 3742 987 3811 quid
1009 3741 1090 3794 hic
1111 3741 1424 3797 remanserit.
1460 3741 1700 3795 Silvanus
1721 3742 1802 3794 di-

202 3834 277 3886 xit
309 3849 330 3886 :
369 3830 521 3885 Nihil
546 3835 627 3886 hic
663 3833 938 3896 remansit,
984 3843 1140 3886 totum
1179 3833 1274 3886 hoc
1311 3834 1582 3902 ejecimus,
1613 3844 1707 3887 etc.
1738 3833 1807 3888 Et

204 3926 313 3979 alio
359 3924 500 3979 loco.
541 3923 817 3996 Ei'eutplar
856 3927 1011 3980 libelli
1053 3926 1228 3980 traditi
1251 3927 1501 3997 episc0pis
1531 3944 1562 3979 a
1596 3925 1802 3980 Nundi-

206 4019 354 4071 nario
371 4018 614 4070 diacono.
633 4015 797 4072 Testis
817 4027 886 4070 est
903 4017 1132 4072 Christus
1154 4027 1198 4071 et
1213 4017 1390 4087 Angeli
1418 4018 1550 4088 ejus,
1567 4019 1806 4087 quoniam

207 4111 549 4165 traditoribus
568 4111 973 4164 communicastis
989 4111 1008 4141 ⁷
1031 4126 1050 4164 :
1072 4111 1124 4162 id
1145 4122 1215 4164 est
1240 4111 1481 4166 Silvanus
1501 4127 1530 4163 a
1552 4111 1689 4166 Cirta
1711 4121 1807 4164 tra-

208 4204 346 4257 ditor
366 4213 444 4257 est
466 4243 480 4269 ,
509 4213 554 4256 et
579 4207 665 4274 fur
687 4218 855 4256 rerum
878 4218 1194 4273 pauperum,
1222 4204 1356 4272 quod
1378 4219 1548 4257 omnes
1586 4219 1670 4258 vos
1695 4204 1807 4272 epi-

209 4404 323 4451 bata
349 4402 540 4450 ibidem
567 4399 766 4463 legitur,
788 4408 885 4450 Cttr
907 4411 1023 4459 ωηο
1042 4399 1312 4463 internusso
1334 4411 1388 4449 eo
1411 4400 1548 4461 cujus
1583 4400 1806 4449 innocen-

213 4463 285 4514 tia
299 4464 523 4527 probata
545 4461 847 4527 est,silrano
869 4463 1189 4527 communicas
1209 4461 1233 4510 1’
1251 4461 1418 4510 clerici
1440 4471 1585 4510 etiam
1608 4473 1634 4527 a
1659 4468 1808 4510 Zeno-

206 4522 346 4588 philo
365 4526 675 4588 interrogati,
699 4537 807 4574 cum
825 4524 1122 4588 respondent
1145 4537 1200 4572 se
1221 4538 1250 4572 a
1273 4527 1532 4588 majoribus
1554 4522 1652 4572 suis
1673 4534 1809 4573 acce-

372 4587 508 4658 quod
530 4584 747 4658 Silvanus
770 4584 1142 4658 essettradttor,
1163 4589 1280 4658 quia
1303 4584 1485 4658 saltent
1511 4589 1556 4658 in
1575 4597 1810 4658 κληρω-

209 4645 348 4698 tione
367 4645 594 4698 codicum
621 4648 960 4697 tradendoruni
981 4659 1092 4709 qua!
1116 4648 1173 4695 ad
1188 4645 1371 4709 annum
1388 4647 1556 4695 ILIII‘ISlI
1575 4645 1673 4709 503,
1693 4660 1806 4708 per-

209 4712 360 4770 tinet,
389 4723 480 4759 res
515 4721 676 4758 sacras
699 4710 967 4759 tradidisset
984 4708 1294 4764 ;'traditioms
1315 4708 1429 4758 illud
1454 4711 1636 4757 erinieu
1664 4708 1809 4769 longe

209 4781 326 4821 ante
346 4772 396 4838 id
427 4773 664 4838 tenuioris
695 4784 721 4820 a
746 4770 932 4819 Silvano
953 4771 1212 4819 admissum
1235 4770 1519 4838 Signiﬁcant.
1550 4770 1673 4838 adde
1693 4778 1810 4819 (20n-

208 4835 378 4885 stantii
413 4831 573 4882 (:liloi'i
607 4841 828 4892 tempore
869 4847 962 4880 non
1004 4842 1216 4893 potuisse
1254 4831 1490 4880 Silvanum
1531 4833 1809 4893 episcolnan

208 4897 273 4948 οι)
292 4895 574 4945 traditionis
595 4897 779 4943 crimen
803 4907 830 4942 a
855 4896 1139 4942 Mmduiario
1161 4895 1361 4942 diacono
1384 4909 1428 4940 ιιι
1449 4895 1680 4954 judicium
1723 4907 1809 4954 pu-

207 4956 398 5006 blicum
419 4957 665 5018 Zeiiopliili
688 4959 772 5006 τινι
797 4957 1060 5004 consularis
1083 4955 1202 5004 trahi
1227 4968 1240 5008 ;
1268 4968 1430 5018 neque
1454 4955 1651 5001 denium
1677 4962 1811 5018 ινδι-

209 5021 288 5067 cio
309 5028 365 5069 ct
396 5016 660 5079 Zenophilo
687 5018 1096 5080 persequentilms
1132 5019 1293 5078 (quod
1323 5016 1398 5065 hic
1437 5024 1630 5078 postea,
1661 5029 1709 5064 ιι.
1729 5016 1810 5078 54,

207 5083 512 5130 Cresconius
532 5081 764 5140 objectat)
790 5082 836 5128 iu
863 5080 1087 5140 exsilium
1113 5080 1236 5140 ψει.

276 5145 291 5173 ι
321 5151 477 5192 Gesta
508 5139 754 5205 jiulicialia
773 5151 936 5192 contra
954 5139 1197 5205 silvanum
1243 5154 1288 5188 ιιι
1315 5139 1458 5205 hujus
1481 5142 1593 5205 tom;
1622 5151 1809 5201 Appell-

203 5204 339 5316 gicc‘,
376 5201 564 5264 terunt,
584 5202 748 5255 idibus
780 5202 1128 5263 decembribus,
1152 5209 1293 5253 sexto
1323 5201 1716 5262 Thmnuqadtensi
1739 5214 1814 5252 in-

243 5281 307 5316 uc
329 5281 380 5316 ο.

243 5274 380 5317 “NO.

271 5331 301 5398 3.
321 5327 508 5378 t‘adem
527 5335 668 5378 Gesta
687 5360 704 5387 ,
741 5325 926 5377 Victore
971 5323 1238 5377 Deusatelio
1275 5331 1322 5376 et
1345 5324 1573 5376 Memorio
1611 5325 1812 5390 presby-

269 5453 292 5484 ³
312 5451 464 5509 aliti,
479 5447 689 5501 carioso.
719 5458 767 5499 Αι
791 5462 963 5499 omnes
985 5455 1110 5506 3155.,
1135 5457 1325 5498 raroso.

270 5513 296 5544 ⁸
322 5512 634 5573 legendum,
666 5511 850 5561 Victore
889 5511 1166 5573 ειιιιιδιιγιτι,
1192 5521 1242 5559 ιιι
1263 5519 1390 5572 patet
1419 5523 1478 5557 ex
1509 5510 1708 5559 laudans
1730 5518 1814 5557 Ce-

205 5577 304 5625 stis
346 5573 664 5638 judicialibus
694 5582 862 5624 contra
899 5572 1168 5634 Silvanum,
1207 5574 1288 5621 ubi
1328 5575 1507 5633 smptus
1543 5576 1695 5622 \‘tclor
1730 5573 1815 5624 ille

202 5637 479 5687 SunstJrici
502 5643 792 5685 nominatur.

267 5702 293 5732 ⁸
321 5698 450 5748 t-Lditi
470 5733 484 5757 ν
514 5703 745 5774 [apertum
783 5703 869 5774 est.
898 5697 1213 5774 emcndantur
1239 5708 1301 5745 ex
1324 5695 1662 5774 subsenqlumite
1690 5695 1813 5746 libro

200 5769 413 5824 quarto,
442 5774 490 5807 n.
513 5756 594 5818 66,
621 5772 672 5808 et
697 5773 758 5824 es
783 5760 938 5808 (testis
953 5757 1261 5824 judicialibus
1279 5765 1445 5824 contia
1461 5756 1717 5807 Silvanum.

270 5823 296 5854 ⁸
319 5831 472 5870 Gesta
494 5830 660 5871 contra
685 5821 926 5870 Silvanum
948 5820 1222 5870 Constanter
1251 5820 1451 5877 habent,
1474 5831 1656 5868 arcam.

217 5889 220 5896 '
267 5885 293 5920 τ
322 5883 508 5936 eadem
525 5891 684 5946 Gesta,
711 5882 1015 5936 tradiderunt
1037 5881 1207 5945 quibus
1229 5878 1627 5935 conuuunicastis.

1553 415 1750 472 LIBER
1785 415 2101 475 TERTIUS.

3373 423 3480 482 διδ

1892 532 2034 602 scopi
2052 574 2065 596 ,
2095 541 2141 585 et
2167 531 2440 604 presbyteri
2464 576 2478 596 .
2509 542 2557 588 et
2595 534 2833 590 diacones
2852 577 2865 600 ,
2896 543 2942 590 et
2980 535 3196 591 seniores
3230 535 3408 602 scitis;
3434 548 3481 594 et

1843 686 1849 693 ,
1891 626 1954 680 de
1976 625 2355 695 quadringentis
2375 626 2582 694 follibus
2604 626 2682 699 (a)
2703 625 2917 682 Lucilla'
2938 628 3234 683 clarissimte
3255 633 3478 700 feminea,

1891 732 1985 787 pro
2005 732 2102 784 quo
2127 715 2261 770 vobis
2285 717 2610 786 conjuiastis,
2635 726 2688 771 ut
2721 719 2859 777 fieret
2886 715 3174 787 Majorinus
3195 719 3480 790 episcopus,

1891 818 1939 864 et
1977 808 2095 862 inde
2116 807 2308 881 factum
2334 810 2668 864 cstschisma.
2714 808 2852 862 Nam
2875 819 2921 862 et
2971 808 3142 864 Victor
3164 810 3294 880 fullo
3334 811 3484 865 vestri

1891 902 2160 972 prxsentia
2200 912 2247 954 et
2285 902 2462 971 populi
2485 903 2622 955 dedit
2661 902 2810 974 folles
2837 902 3046 974 viginti,
3075 913 3128 956 ut
3153 903 3321 972 factus
3358 913 3484 960 esset

1891 992 2149 1062 presbyter
2169 1032 2184 1057 ,
2217 991 2352 1061 quod
2402 993 2494 1046 scit
2522 991 2752 1047 Christus
2780 1001 2826 1046 et
2868 994 3047 1064 Angeli
3086 995 3196 1064 ejus
3216 1036 3229 1060 ,
3261 1003 3364 1049 etc.
3416 993 3486 1049 Et

1891 1083 1998 1139 alio
2019 1083 2137 1139 loco
2163 1102 2177 1138 :
2205 1084 2398 1152 Quibus
2425 1085 2565 1139 lectis
2589 1085 2901 1156 Zenophilus
2925 1087 3206 1140 consularis
3227 1088 3354 1141 dixit
3377 1103 3395 1141 :
3416 1087 3485 1142 Et

1891 1175 2017 1229 actis
2036 1183 2082 1229 et
2103 1175 2282 1229 litteris
2302 1191 2416 1245 quae
2434 1176 2656 1230 recitatae
2683 1187 2820 1243 sunt,
2845 1178 3138 1230 traditorem
3166 1187 3360 1232 constat
3381 1194 3488 1232 esse

1893 1265 2182 1321 Silvanum.
2212 1265 2342 1321 Item
2372 1267 2478 1321 alio
2499 1267 2617 1322 loco
2642 1285 2654 1320 :
2679 1267 2991 1338 Zenophilus
3012 1269 3291 1323 consularis
3316 1269 3487 1322 dixit:

1895 1359 2030 1426 Quid
2046 1359 2432 1414 administrabat
2448 1367 2566 1414 tunc
2583 1359 2821 1417 Silvanus
2836 1361 2887 1415 in
2903 1361 3076 1415 clero?
3100 1359 3272 1415 Victor
3285 1377 3489 1431 respon-

1893 1450 1967 1505 dit
1985 1451 1998 1483 ¹
2027 1469 2040 1504 :
2067 1451 2175 1507 Sub
2198 1450 2366 1506 Paulo
2386 1453 2623 1523 episcopo
2643 1460 2753 1507 orta
2773 1453 3050 1523 persecutio
3071 1462 3161 1521 est,
3180 1461 3225 1508 et
3246 1452 3489 1510 Silvanus

1891 1540 2233 1597 subdiaconus
2264 1542 2383 1612 fuit.

1966 1633 2192 1690 CAPUT
2222 1633 2393 1690 XXX.
2424 1665 2494 1675 —
2523 1636 2612 1692 54.
2649 1635 2918 1703 Habesne,
2936 1635 3101 1692 frater
3127 1635 3402 1705 Cresconi,
3420 1637 3487 1694 ad

1894 1725 1994 1781 ista
2015 1727 2156 1798 quod
2181 1727 2361 1782 dicas?
2378 1727 2514 1783 Puto
2543 1743 2651 1784 non
2682 1743 2852 1798 usque
2881 1727 3018 1784 adeo
3045 1727 3274 1784 frontem
3301 1729 3492 1799 periis-

1893 1832 1955 1874 se
1987 1818 2055 1874 de
2091 1819 2251 1874 rebus
2277 1818 2522 1875 humanis
2543 1860 2558 1888 ,
2589 1829 2649 1874 ut
2673 1819 2740 1874 ad
2768 1820 3136 1890 purgationem
3164 1819 3367 1875 Silvani
3391 1819 3490 1874 ad-

1897 1910 2004 1967 huc
2031 1920 2190 1982 putes
2219 1913 2538 1968 sententiam
2575 1912 2900 1968 recitandam
2931 1927 3090 1984 quam
3121 1911 3255 1968 dixit
3287 1913 3342 1967 in
3370 1911 3489 1968 Cie-

1896 2001 2148 2057 cilianum
2191 2011 2247 2057 et
2283 2003 2518 2072 collegas
2547 2003 2662 2072 ejus
2688 2004 2836 2073 quasi
2881 2003 3198 2070 tradituros;
3230 2018 3298 2059 ne
3324 2005 3492 2074 magis

1897 2106 1996 2148 nos
2030 2092 2325 2148 admoneas
2345 2093 2526 2148 dicere
2554 2107 2619 2147 ex
2647 2093 2885 2162 Epistola
2917 2093 3160 2164 Apostoli
3196 2095 3371 2150 simile
3389 2095 3476 2149 ali-

1896 2184 2042 2257 quid.
2072 2194 2130 2242 ut
2154 2186 2314 2256 paulo
2342 2194 2466 2242 ante
2494 2186 2932 2252 commemoravi,
2959 2187 3060 2253 Qui
3093 2187 3352 2255 praedicas
3384 2202 3489 2243 non

1899 2278 2238 2346 tradendum,
2271 2280 2471 2347 tradis;
2503 2289 2590 2346 et,
2627 2298 2647 2332 ι
2673 2279 2741 2332 1η
2761 2296 2860 2350 quo
2883 2281 3040 2334 alium
3050 2280 3260 2351 judicas
3279 2320 3294 2344 ,
3321 2289 3496 2334 temet-

1897 2372 2063 2442 ipsum
2082 2373 2610 2439 condemnas;eadem
2629 2373 2762 2426 enim
2797 2373 2904 2443 agis
2935 2386 3047 2441 quia
3072 2372 3299 2442 judicas.
3331 2388 3354 2424 ο
3388 2371 3495 2428 Sed

1900 2473 2093 2533 postea,
2111 2464 2304 2533 inquis,
2323 2463 2536 2518 Ursacio
2549 2464 2571 2496 '
2589 2472 2635 2518 et
2659 2462 2941 2532 Zenophilo
2959 2464 3367 2534 persequentibus
3379 2479 3494 2518 cum

1899 2553 2272 2607 communicare
2309 2553 2586 2618 noluisset,
2618 2562 2757 2608 actus
2784 2562 2857 2607 est
2885 2554 2939 2606 in
2967 2555 3220 2608 exsilium.
3266 2553 3380 2610 lmo
3403 2555 3492 2625 qui

1895 2644 2005 2716 jam
2034 2646 2260 2702 traditor
2287 2647 2418 2714 fuit,
2447 2661 2763 2716 permanere
2791 2647 2951 2702 etiam
2975 2647 3260 2704 haereticus
3281 2648 3493 2719 voluit,

1900 2745 1962 2792 ut
1986 2739 2178 2794 falsum
2207 2739 2462 2795 honorem
2495 2741 2546 2795 in
2579 2741 2689 2811 ipsa
2718 2748 2868 2810 parte
2890 2741 3078 2795 Donati
3109 2739 3368 2808 haberet,
3397 2742 3491 2811 qul

1901 2829 2100 2884 habere
2126 2830 2178 2884 in
2201 2830 2474 2885 Catholica
2503 2831 2703 2886 nullum
2722 2839 2922 2900 posset,
2943 2838 3048 2885 tam
3069 2831 3367 2888 manifestis
3388 2839 3492 2886 tra-

1902 2920 2119 2978 ditionis
2147 2937 2258 2977 suae
2295 2923 2460 2993 gestis
2489 2922 2701 2992 publico
2739 2921 2940 2991 judicio
2977 2922 3251 2977 reseratis.
3285 2921 3411 2976 Haec
3445 2928 3498 2978 ξι

1903 3013 2142 3083 profecto
2167 3012 2297 3068 falsa
2323 3028 2443 3069 esse
2466 3013 2709 3069 dicturus
2727 3025 2786 3066 es
2803 3053 2818 3077 ,
2851 3021 2906 3067 et
2935 3026 3033 3082 pro
3055 3013 3250 3068 vestris
3275 3010 3497 3082 majori—

1901 3101 2004 3158 bus
2023 3145 2037 3168 ,
2065 3111 2125 3158 ut
2148 3103 2435 3172 plurimum
2465 3103 2640 3172 possis
2662 3145 2676 3171 ,
2708 3112 2893 3158 contra
2923 3111 3138 3158 nostros
3178 3102 3279 3157 alia
3316 3103 3498 3172 prola-

1904 3201 2077 3250 turus.
2108 3195 2259 3264 Quod
2299 3195 2513 3266 quidem
2553 3195 2777 3250 forsitan
2812 3210 2920 3250 non
2944 3195 3181 3261 valebis,
3213 3210 3318 3249 non
3347 3195 3497 3251 inve-

1906 3287 2106 3343 niendo
2134 3287 2258 3358 quid
2289 3287 2549 3358 proferas.
2584 3286 2690 3343 Sed
2730 3288 2814 3342 fac
2841 3296 2891 3342 te
2930 3288 3232 3352 invenisse,
3265 3287 3346 3342 fac
3370 3302 3498 3356 pro-

1907 3380 2091 3434 tulisse
2123 3396 2136 3432 :
2170 3389 2383 3435 tantane
2411 3380 2540 3434 furis
2579 3377 2939 3449 impudentia,
2973 3389 3031 3433 ut
3058 3379 3154 3433 abs
3179 3386 3233 3432 te
3271 3378 3494 3449 prolatis

1906 3473 2076 3542 magis
2103 3472 2394 3527 contendas
2423 3471 2569 3527 credi
2599 3481 2848 3541 oportere
2866 3514 2879 3535 ,
2915 3487 3072 3542 quam
3102 3472 3180 3526 eis
3209 3486 3327 3542 quae
3365 3485 3495 3542 pro-

1908 3561 2151 3618 feruntur
2177 3578 2207 3616 a
2239 3562 2428 3618 nobis?
2448 3563 2554 3617 Aut
2576 3562 2716 3617 enim
2744 3570 2798 3617 et
2825 3561 2913 3616 hic
2938 3569 2992 3616 et
3012 3562 3119 3617 illic
3150 3562 3365 3618 fuerunt
3390 3570 3499 3617 tra-

1907 3653 2142 3720 ditores,
2174 3654 2217 3708 si
2247 3663 2300 3709 et
2329 3662 2382 3708 tu
2413 3653 2590 3724 aliqua
2620 3654 2814 3708 recitas
2833 3652 2901 3708 de
2929 3652 3268 3708 confessione
3288 3660 3499 3706 nostro-

1909 3761 2026 3800 rum
2051 3763 2062 3797 :
2082 3754 2173 3798 aut
2198 3745 2245 3800 si
2265 3744 2465 3814 aliquid
2491 3752 2644 3812 putas
2672 3752 2857 3798 contra
2887 3753 3098 3798 vestros
3113 3757 3142 3796 a
3160 3742 3358 3797 nostris
3377 3756 3499 3798 esse

1907 3836 2227 3901 conﬁctum,
2268 3851 2366 3890 cur
2403 3850 2509 3890 non
2551 3843 2604 3889 et
2632 3849 2662 3888 a
2694 3835 2886 3889 vestris
2928 3842 3113 3889 contra
3154 3842 3367 3888 nostros
3397 3832 3500 3889 hoc

1910 3929 2050 3985 idem
2079 3928 2232 3983 nobis
2261 3938 2447 3998 putare
2484 3925 2815 3982 conceditis?
2847 3925 2987 3996 Ergo
3016 3938 3111 3993 pro
3140 3924 3386 3978 humanis
3417 3923 3499 3978 fa-

1909 4021 2007 4076 ctis
2028 4062 2044 4086 ,
2073 4029 2164 4073 aut
2184 4027 2238 4074 ct
2262 4018 2387 4072 hinc
2415 4025 2468 4072 et
2498 4016 2622 4072 inde
2651 4013 3007 4071 manifestatis
3029 4057 3041 4080 ,
3073 4023 3166 4069 aut
3185 4029 3248 4069 ex
3273 4022 3501 4084 utroque

1911 4109 2078 4164 latere
2102 4108 2354 4173 incertis,
2386 4123 2454 4162 ne
2482 4107 2568 4176 qui
2602 4107 2654 4161 in
2687 4121 2848 4160 unum
2890 4105 3056 4160 Deum
3097 4104 3366 4160 credimus
3391 4106 3500 4161 titi-

1909 4215 2094 4271 gcmus
2116 4242 2129 4264 ,
2159 4199 2297 4268 quod
2325 4211 2528 4255 certum
2555 4206 2612 4253 et
2638 4197 2874 4252 divinum
2899 4210 3093 4250 munus
3117 4204 3232 4260 est,
3265 4196 3317 4250 in
3343 4195 3500 4251 Chri-

1912 4292 1977 4347 sti
2004 4293 2170 4363 gratia
2187 4290 2592 4346 coucnrilemus.
2621 4288 2754 4344 Cum
2783 4289 2924 4343 enim
2943 4297 3090 4358 gesta
3120 4289 3382 4357 majorum
3406 4303 3503 4342 no-

1912 4396 2144 4442 sti-orum
2188 4395 2347 4456 atque
2384 4393 2684 4438 vestrorum
2715 4381 2842 4438 hinc
2869 4377 3036 4454 atque
3068 4382 3193 4437 inde
3235 4383 3504 4440 contraria

1913 4478 2204 4534 recitantur
2248 4476 2402 4531 nobis
2429 4484 2576 4531 tanto
2605 4483 2726 4545 post
2753 4474 2892 4529 natis
2916 4515 2931 4539 ,
2963 4473 3008 4528 si
3039 4489 3138 4529 nec
3167 4473 3356 4529 saltem
3401 4473 3503 4528 du-

1913 4570 2084 4627 bitare
2131 4570 2498 4642 permittitur,
2555 4568 2680 4638 quid
2732 4567 3009 4638 iniquius?
3062 4567 3105 4622 si
3151 4575 3329 4622 autem
3379 4581 3505 4636 per-

1914 4662 2178 4727 mittitur,
2223 4661 2349 4732 quid
2393 4659 2786 4715 sufﬁcientius?
2831 4659 3015 4729 Neque
3057 4659 3200 4714 enim
3243 4659 3380 4714 sicut
3420 4659 3506 4714 in-

1913 4767 2117 4810 certum
2148 4764 2231 4810 est
2259 4769 2286 4806 a
2315 4753 2507 4823 quibus
2532 4751 2802 4806 exstiterit
2831 4751 3132 4807 traditionis
3161 4751 3360 4807 malum
3383 4792 3396 4812 ,
3431 4751 3509 4805 sic

1917 4849 2177 4904 incertum
2220 4856 2303 4902 est
2329 4861 2360 4900 a
2391 4860 2497 4915 quo
2537 4845 2789 4914 jubeatur
2832 4843 2985 4900 reddi
3038 4844 3263 4900 turbata:
3293 4844 3314 4875 ³
3363 4842 3508 4912 pacis

1916 4940 2112 4996 bouum
2123 4980 2135 4992 .
3486 4936 3496 4941 ’

1987 5029 2214 5086 CAPUT
2247 5028 2441 5084 XXXI.
2473 5057 2544 5070 —
2573 5029 2662 5084 35.
2697 5030 2774 5084 Ac
2803 5043 2897 5097 per
2926 5028 3027 5084 hoc
3056 5027 3146 5098 qui
3181 5040 3278 5098 pro
3305 5025 3507 5080 incerto

1916 5123 2089 5178 alieno
2119 5120 2258 5174 malo
2297 5134 2479 5189 pacem
2509 5119 2710 5174 Christi
2740 5120 2980 5190 respuit,
3012 5118 3310 5172 certissime
3336 5115 3508 5169 malus

1917 5223 1998 5271 est
2030 5230 2043 5268 :
2076 5210 2507 5283 quandoquidem
2532 5210 2831 5282 Cyprianus
2860 5223 2962 5265 nec
2982 5223 3081 5279 pro
3105 5221 3250 5261 certa
3280 5204 3512 5276 permix-

1984 5373 1998 5397 ι
2027 5363 2146 5432 tfditi
2187 5369 2259 5432 Er.
2292 5370 2354 5432 et
2397 5369 2505 5412 Im.
2527 5360 2680 5432 agnis
2723 5355 3311 5432 administrabatfmTunc
3356 5353 3504 5432 silva;

1918 5439 2008 5477 nus
2031 5425 2079 5475 in
2103 5425 2332 5474 clericum
2357 5416 2619 5486 respondit.
2661 5424 2960 5486 castigantur
2995 5418 3275 5480 juvantibus
3293 5416 3508 5468 nonnihil

1921 5490 2064 5549 hujus
2105 5486 2212 5536 libri
2239 5485 2597 5549 manuscriptis,
2639 5486 2725 5533 sed
2751 5485 2961 5532 maxime
2991 5490 3311 5531 succurreute
3336 5493 3509 5529 exem-

1920 5547 2038 5613 plari
2062 5557 2312 5613 CuSlOt'tItlt
2336 5547 2501 5598 contra
2524 5547 2778 5595 Silvanum.

1985 5615 2003 5642 ²
2030 5612 2144 5661 utin
2177 5624 2188 5659 :
2216 5612 2306 5660 Sed
2343 5615 2646 5672 posteaquam
2676 5603 2887 5672 Ifi'sacio.
2943 5602 3110 5672 Melius
3134 5603 3350 5653 nonnulli
3375 5611 3511 5672 Mss:

1919 5674 2011 5725 sed
2036 5680 2212 5736 postea.
2234 5667 2408 5736 inquis,
2438 5678 2532 5736 etc:
2562 5669 2606 5717 td
2633 5668 2760 5736 enim
2776 5668 2892 5736 ipse
2925 5667 3189 5728 exprobrat
3204 5667 3510 5717 Cresconius.

1984 5737 2006 5768 ³
2032 5730 2079 5784 in
2105 5744 2208 5784 Mss.
2237 5730 2485 5796 plerisque
2502 5731 2662 5786 deest,
2689 5730 2894 5778 turbata:

1985 5817 2224 5881 (a),t"ollis
2246 5815 2421 5863 nummi
2457 5823 2617 5873 genus
2636 5809 2856 5881 _§eii"er.
2894 5807 2979 5863 lib.
3005 5808 3068 5862 22
3099 5808 3163 5863 de
3184 5811 3384 5866 ωνίιεξο
3405 5816 3511 5880 υειν

1922 5870 2102 5946 ωἰ›.’8,
2127 5892 2177 5932 ιι.
2201 5880 2252 5945 9,
2271 5884 2323 5933 et
2337 5870 2616 5931 sermonem
2635 5870 2746 5926 589.
