4010 6472
535 543 711 606 torum
738 540 938 603 malitia
977 539 1298 602 zizaniorum
1329 560 1512 618 pacem
1543 542 1780 598 deseruit
1820 539 2117 594 frumento-

533 632 653 698 f'um
674 683 689 705 ,
721 637 820 712 qui
852 640 1090 696 scribens
1115 637 1181 692 ad
1216 637 1500 692 Maximum
1527 635 1690 700 dixit,
1720 631 1787 686 Et
1823 631 1865 685 si
1894 629 2123 683 videntur

533 725 588 790 in
620 725 850 789 EcCIesia
869 749 974 787 esse
999 730 1220 798 zizania,
1249 747 1349 784 non
1376 739 1541 782 tamen
1569 725 1803 797 impediri
1827 724 1969 777 debet
1996 721 2123 790 ﬁdes

535 818 624 880 du:
644 827 864 880 charitas
884 834 1054 878 nostra
1077 865 1093 892 ,
1125 832 1180 877 ut
1207 823 1442 893 quoniam
1470 820 1670 890 zizania
1695 834 1802 873 esse
1818 817 1872 871 in
1894 813 2124 868 Ecclesia

534 915 949 989 cernimus,-ipsi
972 914 1034 969 de
1062 912 1292 970 Ecclesia
1317 913 1628 968 recedamus.
1683 907 1801 966 Non
1823 909 1955 965 dixit
1972 949 1988 974 ,
2017 904 2122 962 Su-

541 993 844 1084 spicamur,
883 999 1200 1080 opinamur,
1233 1005 1589 1074 arbitramur,
1611 1005 1956 1074 conjicimus,
2003 1014 2123 1056 cre-

532 1103 743 1168 dimus;
773 1095 901 1170 sed,
930 1089 1194 1156 Cernimus
1235 1098 1386 1154 dixit.
1428 1098 1472 1154 0
1511 1098 1731 1153 verbum
1753 1138 1768 1165 ,
1800 1111 1905 1166 quo
1933 1095 2122 1148 cuncta

531 1181 794 1252 dubitatio
823 1193 1100 1250 tolleretur
1119 1235 1134 1260 ,
1167 1199 1226 1248 ut
1249 1206 1443 1262 corpus
1468 1181 1666 1246 Christi
1706 1203 1813 1243 non
1853 1185 2121 1242 dividere-

445 1282 458 1292 ”
531 1289 651 1344 tur!
681 1286 738 1344 Si
760 1287 870 1342 sola
893 1279 1158 1360 frumenta
1179 1282 1452 1340 desideras
1472 1324 1487 1349 ,
1517 1297 1670 1355 geme
1690 1282 1744 1335 in
1767 1280 1950 1335 labore
1970 1277 2119 1348 agri,

531 1369 703 1453 gaude
728 1381 784 1436 in
809 1393 905 1452 spe
931 1378 1130 1444 horrei,
1163 1376 1330 1432 tolera
1354 1375 1524 1430 malos
1551 1375 1603 1428 in
1630 1371 2008 1428 communione
2027 1369 2124 1424 Sa-

530 1481 926 1529 cramentorum
944 1470 1159 1536 Christi,
1184 1484 1253 1524 ne
1273 1477 1396 1523 ante
1412 1466 1610 1523 littoris
1631 1474 1843 1536 tempus
1863 1464 1997 1518 retia
2015 1460 2124 1516 dis-

529 1565 827 1635 rumpendo
845 1605 862 1634 ,
890 1563 988 1618 tias
1020 1561 1163 1633 quod
1188 1561 1416 1616 tolerare
1442 1557 1680 1613 noluisti.
1710 1556 1813 1611 Ista
1841 1553 2076 1610 dicerem
2101 1591 2118 1620 ,

531 1641 576 1711 si
615 1643 684 1710 de
710 1639 1056 1709 traditoribus
1093 1653 1228 1722 quos
1254 1647 1517 1706 accusatis
1547 1647 1748 1724 aliquid
1775 1644 2120 1720 prohassetis.

513 1723 644 1800 'lmo'
666 1737 768 1799 hoc
782 1757 910 1798 vero
939 1751 1180 1814 tempore
1202 1756 1301 1796 nec
1318 1740 1417 1796 ista
1432 1739 1543 1811 jam
1563 1736 1796 1794 dicerem
1818 1754 1830 1791 :
1851 1751 1959 1792 non
1979 1737 2123 1791 enim

525 1837 718 1910 jubeor
747 1836 1008 1899 tolerare,
1056 1849 1176 1892 cum
1206 1833 1397 1906 quibus
1432 1833 1542 1904 jam
1572 1847 1680 1887 non
1720 1845 1884 1901 cogor
1919 1830 2118 1885 vivere.

528 1917 757 2000 Quod'si
787 1926 918 1981 mihi
943 1923 1105 1982 etiam
1135 1936 1277 1980 nunc
1305 1917 1526 1979 traditdr
1551 1921 1986 1988 demonstretur,
2017 1934 2123 1991 qua

528 2011 857 2076 conscientia
883 2019 1073 2075 desero
1102 2027 1179 2073 tot
1200 2016 1518 2073 christianas
1546 2022 1735 2089 gentes
1753 2056 1769 2083 ,
1797 2013 1992 2085 quibus
2015 2029 2122 2070 non

529 2109 974 2167 demonstratur?
996 2099 1232 2175 Deinde,
1261 2124 1360 2180 ego
1400 2105 1515 2178 ipse
1545 2107 1590 2162 si
1629 2121 1770 2162 nunc
1793 2105 1944 2161 disco
1981 2099 2124 2178 quod

531 2198 694 2273 paulo
713 2210 836 2258 ante
858 2199 1178 2267 nesciebam,
1199 2215 1296 2257 cur
1315 2201 1368 2256 in
1395 2213 1482 2256 me
1501 2194 1802 2255 rescinditis
1826 2198 1968 2269 quod
1988 2198 2124 2254 scie-

529 2277 1028 2364 bami‘Baptismum
1049 2293 1241 2363 quippe
1259 2288 1456 2348 Christi
1474 2290 1561 2345 me
1577 2289 1848 2360 accepisse
1867 2289 2119 2344 sciebam:

530 2377 629 2441 vos
649 2376 807 2442 dtia'm
837 2379 936 2456 ipsi
959 2379 1190 2440 alienum
1212 2384 1407 2453 scelus,
1428 2377 1572 2464 quod
1593 2377 1892 2454 ignoratum
1917 2377 2122 2438 nemini

479 2485 486 2494 ‘
530 2469 724 2534 ubésse
749 2466 1067 2532 conceditis.
1451 2463 1460 2475 λ
1639 2463 1641 2466 ⁴

595 2559 830 2625 CAPUT
863 2558 1077 2622 XXX“.
1100 2595 1172 2607 -—
1190 2559 1281 2622 36.
1321 2560 1430 2622 cur
1454 2577 1583 2638 ergo
1610 2555 1728 2621 beri
1753 2561 2077 2637 baptizatum
2103 2606 2119 2635 ,

525 2645 686 2718 hodie
732 2657 1105 2732 rebaptizatis,
1155 2673 1278 2714 cum
1321 2653 1552 2714 alienum
1594 2657 1771 2714 scelus
1821 2657 1964 2728 quod
2007 2655 2124 2713 heri

526 2745 827 2808 nesciebam
847 2792 861 2816 ,
893 2745 1054 2807 hodie
1082 2747 1364 2806 doceatis?
1383 2744 1639 2805 Nesciens
1667 2763 1697 2804 a
1727 2743 1870 2819 quali
1897 2763 2124 2830 accepe-

526 2837 633 2907 rii',
662 2833 926 2911 Baptismi
947 2840 1152 2910 accepti
1177 2855 1286 2895 non
1309 2844 1428 2896 erat
1451 2851 1595 2896 reus.
1627 2835 1781 2895 Modo
1812 2837 1906 2894 abs
1938 2846 1990 2895 te
2020 2839 2124 2894 hoc

526 2923 748 3000 didicit,
777 2927 1037 3007 Baﬁtismi
1079 2929 1294 2988 rescissi
1323 2947 1489 3003 quare
1531 2933 1590 2987 ﬁt
1630 2947 1756 2988 reus
1771 2930 1802 2984 ἲ
1833 2929 1968 2986 Nam
2010 2929 2124 2988 sive

525 3019 865 3080 conecnserit’
898 3021 1234 3080 documentis
1277 3023 1416 3090 tuis,
1448 3023 1560 3078 sive
1599 3037 1706 3077 non
1749 3015 2116 3091 consenserit,

528 3113 622 3189 qui
647 3111 843 3173 Christi
873 3116 1202 3186 Baptismum
1241 3113 1542 3170 ministerio
1571 3111 1843 3170 traditoris
1872 3117 2118 3185 accepit,

523 3201 632 3268 nisi
647 3199 954 3281 probaveris
973 3223 1096 3265 eum
1118 3209 1286 3266 scisse
1304 3224 1335 3264 a
1362 3217 1467 3280 quo
1491 3208 1776 3278 acceperit,
1805 3222 1905 3264 nec
1932 3219 2125 3263 secun-

533 3301 662 3359 dum
688 3293 787 3358 vds
824 3303 974 3358 recte
1015 3297 1250 3372 potueris
1287 3299 1578 3372 baptizare.
1609 3296 1727 3355 Iam
1765 3314 1906 3354 nunc
1942 3306 2124 3355 averte

524 3391 594 3448 ab
617 3389 792 3449 studio
829 3391 1062 3464 partium
1088 3401 1322 3447 mentem
1353 3399 1498 3446 tuam
1519 3433 1534 3457 ,
1568 3397 1622 3446 et
1650 3389 1929 3460 considera
1960 3405 2120 3461 quam

525 3483 934 3540 innumerabilis
961 3478 1245 3539 multitudo
1270 3479 1696 3539 Christianorum
1727 3483 1779 3537 iu
1805 3481 1980 3538 Africa
2005 3484 2119 3553 ipsa

527 3561 734 3634 nesciat
759 3577 850 3650 qui
875 3577 1074 3634 fuerint
1094 3577 1375 3633 traditores
1400 3595 1414 3632 :
1440 3585 1638 3662 quanto
1659 3577 1826 3647 magis
1850 3576 1902 3630 in
1923 3585 2121 3631 caetero

525 3658 658 3727 orbe
683 3661 944 3728 terrarum
965 3712 981 3738 ,
1014 3679 1265 3742 quantam
1299 3658 1715 3736 multitudinem,
1748 3668 1850 3723 nisi
1880 3683 2003 3723 cum
2029 3668 2124 3723 ba-

526 3755 820 3836 ptiiaretur‘
856 3748 1026 3820 s‘cisse
1053 3757 1347 3818 eo'nviceris'
1374 3802 1388 3824 ,
1421 3763 1512 3815 aut
1541 3758 1912 3830 baptizandam
1942 3759 2123 3816 dicere

527 3839 634 3912 non
664 3843 907 3922 audebis,
934 3862 1026 3910 aut
1044 3853 1287 3925 judicare
1311 3852 1378 3909 de
1404 3853 1626 3908 occultis
1650 3853 1829 3908 cordis
1853 3849 2122 3908 audebis?

527 3946 593 4002 Et
622 3946 712 4002 ubi
751 3953 835 4001 est
869 3944 1012 4016 quod
1054 3944 1148 4001 tibi
1178 3944 1372 4016 placet,
1421 3953 1540 4014 quae
1577 3943 1674 3999 abs
1702 3951 1758 3998 te
1803 3941 2122 4012 interposita

528 4046 611 4100 est
637 4025 814 4096 divina
842 4037 1103 4094 sententia
1126 4055 1141 4093 :
1192 4036 1320 4102 Qua:
1343 4035 1612 4105 manifesta
1635 4043 1771 4102 sunt,
1803 4034 1941 4088 vobis
1963 4050 1984 4099 ;
2007 4050 2122 4105 qua

525 4141 693 4193 autem
708 4132 904 4188 occulta
917 4137 1053 4195 sunt,
1078 4127 1296 4184 Domino
1317 4127 1424 4183 Deo
1445 4137 1605 4182 vestro
1628 4126 1802 4200 (Deut.
1831 4141 1978 4193 xxix,
2000 4125 2120 4197 29)?

526 4219 700 4278 Crede
727 4223 842 4278 orbi
873 4221 1166 4278 christiano
1194 4217 1388 4278 dicenti
1415 4219 1530 4282 tibi,
1565 4219 1892 4290 Baptismum
1919 4217 2119 4274 Christi

527 4313 680 4379 scio;
710 4313 800 4384 qui
829 4312 1027 4368 fuerint
1065 4312 1350 4367 traditores
1391 4315 1444 4366 in
1485 4311 1663 4366 Africa
1687 4353 1702 4379 ,
1735 4312 1817 4365 vel
1859 4310 2116 4376 ubilibet,

526 4387 980 4486 ignorosQuid‘in
1007 4407 1094 4458 me
1120 4397 1327 4486 occulta
1353 4391 1834 4470 humana'jud’icas,
1863 4411 1921 4456 ut
1949 4401 2119 4455 mani-

526 4479 660 4552 festa
700 4495 754 4550 in
783 4479 868 4550 ine
895 4494 1070 4550 divina
1101 4483 1372 4548 rescindas
1391 4491 1417 4546 *ἒ
1438 4485 1545 4547 Fac
1586 4500 1638 4545 te
1667 4491 1842 4546 scelus
1881 4491 2116 4547 alienum

525 4585 690 4646 mede
715 4585 844 4650 mihi
872 4588 1115 4658 probare,
1139 4584 1276 4662 quod
1302 4585 1434 4638 dicis
1464 4603 1477 4639 :
1508 4583 1608 4638 hoc
1638 4598 1759 4638 cum
1787 4581 2116 4653 Baptismum

526 4681 847 4752 aeciperem,
871 4665 1172 4735 nesciebam
1196 4694 1208 4730 :
1239 4676 1283 4733 si
1314 4685 1529 4746 pr0pter
1548 4690 1642 4731 eos
1664 4687 1796 4746 quos
1818 4692 1958 4730 nunc
1986 4677 2114 4731 mihi

526 4771 711 4846 prodis
741 4771 818 4844 (a)
839 4814 855 4840 ,
884 4771 1153 4842 baptizare
1190 4784 1283 4824 eos
1308 4767 1398 4839 qui
1438 4768 1740 4823 nescientes
1769 4767 1835 4822 ab
1863 4765 2116 4826 adulteris

525 4875 866 4938 accepemut,
889 4880 1024 4938 quos
1044 4862 1202 4918 modo
1221 4861 1539 4932 prodideris.
1564 4861 1700 4930 Quid
1724 4861 1789 4915 ad
1814 4861 1926 4917 hrec
1946 4863 2111 4929 dicis;

526 4959 650 5026 nisi,
681 4958 795 5014 Non
835 4968 919 5014 est
946 4965 1187 5011 sanctum
1208 4996 1222 5018 ,
1253 4968 1360 5009 non
1387 4960 1469 5008 est
1508 4952 1765 5007 mundum
1787 4994 1803 5021 ,
1842 4953 1946 5008 nisi
1973 4952 2115 5025 quod

523 5053 767 5116 voluero,
800 5059 853 5106 et
877 5047 1144 5120 quomodo
1171 5047 1392 5101 voluero
1423 5043 1442 5076 ί
1465 5043 1492 5096 ?'

594 5137 822 5198 CAPUT
861 5131 1096 5196 XXXIII.
1120 5167 1193 5179 —
1212 5135 1298 5193 '57.
1332 5135 1396 5190 In
1426 5135 1519 5189 hac
1547 5150 1603 5190 re
1631 5135 1767 5190 testis
1797 5143 1886 5200 est,
1916 5135 2110 5206 inquis,

531 5236 686 5290 totius
712 5234 844 5288 orbis
869 5248 994 5303 pene
1019 5231 1340 5285 conscientia.
1370 5227 1746 5300 Respondetur
1774 5228 1868 5284 tibi
1893 5245 1906 5282 :
1937 5229 1992 5284 In
2014 5231 2115 5287 hac

527 5341 592 5382 re
634 5327 794 5382 totius
838 5325 984 5380 orbis
1026 5323 1178 5379 nulla.
1212 5332 1296 5380 est
1331 5323 1934 5390 omninocouscientia.
1978 5323 2111 5392 Hoc,

529 5416 738 5488 inquis,
783 5417 1002 5487 majores
1042 5414 1204 5468 nostri
1248 5427 1280 5467 a
1321 5415 1425 5467 suis
1463 5413 1752 5484 parentibus
1793 5423 2111 5487 acceperunt.

594 5589 613 5652 ξ
639 5595 692 5637 tn
709 5595 835 5647 Mm,
851 5593 897 5638 et
919 5588 1112 5652 qundo
1131 5588 1338 5641 wluero.

590 5649 664 5712 (a)
689 5658 838 5718 Locus
852 5649 1067 5718 mutilus,
1086 5650 1497 5718 redintegrandus
1526 5651 1603 5700 his
1632 5650 1758 5702 forte
1790 5653 1962 5704 additis
1992 5667 2112 5718 qua-

524 5713 870 5780 tuor_verhis,
913 5711 1156 5780 baptizare
1191 5711 1392 5780 me'vis,
1415 5713 1591 5780 debes;
1615 5721 1668 5763 ut
1696 5729 1839 5780 mox
1861 5711 2112 5780 sequatur,

527 5772 774 5836 baptizare
827 5787 906 5825 eos
954 5772 1035 5836 qui
1086 5772 1385 5826 nescieiues.‘
1410 5772 1580 5828 Facilis
1629 5777 1762 5834 enim.
1812 5772 2112 5832 librai'ioruni

521 5832 690 5904 lapsus
705 5835 794 5888 fuit
812 5836 863 5886 in
885 5832 1035 5888 verbo
1058 5837 1298 5899 baptizare
1312 5875 1328 5902 ,
1350 5842 1476 5904 quod
1500 5843 1680 5892 iterum
1707 5832 1923 5904 proxime
1948 5857 2112 5896 recur-

432 5907 440 5918 -
522 5898 684 5980 rotat.

1257 431 1533 489 CONTRA
1569 421 2006 488 cnescouteu
2038 405 2489 489 consueram,
2530 423 2588 480 s.
2628 424 2995 484 AUGUSTlNl

2232 537 2638 608 Respondetur:
2689 541 2791 597 Sed
2840 550 3077 600 errantes
3119 541 3186 599 ab
3231 545 3536 605 errantibus
3577 557 3672 608 aut
3722 569 3796 609 ea»

2229 627 2627 686 lumniantibus.
2687 629 2817 688 Nam
2867 643 2922 689 et
2972 635 3201 706 majores
3247 636 3556 696 Judmorum
3614 655 3813 716 corpus

2228 724 2423 781 Christi
2451 727 2517 781 de
2540 727 2783 798 sepulcro
2812 729 3040 786 furatum
3077 747 3108 785 a
3133 734 3243 788 suis
3268 734 3559 806 majoribus
3583 753 3814 812 accepe-

2227 829 2371 875 runt.
2402 819 2522 874 Non
2562 823 2681 875 olim
2711 823 2935 898 de[uncti
2961 834 3110 892 sunt,
3152 826 3328 897 inquis
3347 869 3363 894 ,
3389 818 3476 901 qui
3525 833 3818 898 traditioni]

2229 910 2379 982 hujus
2408 911 2603 983 {acinus
2628 930 2716 983 per
2736 901 2860 985 quos
2887 925 2934 970 et
2960 917 3138 986 quibus
3166 919 3288 973 locis
3313 919 3593 976 admissum
3623 925 3690 986 sit
3727 943 3815 982 co-

2228 1014 2521 1074 gnoverunt.
2551 1003 2919 1076 Respondetur
2943 1025 2956 1062 :
2985 1007 3099 1066 Hoc
3124 1018 3179 1065 et
3200 1012 3367 1066 nostri
3395 1029 3491 1082 pro
3513 1015 3626 1073 suis
3655 1017 3816 1085 parti-

2228 1089 2328 1149 bus
2358 1093 2376 1126 ¹
2407 1095 2607 1152 dicunt.
2636 1089 2888 1163 Exstant‘,
2916 1091 3121 1172 inquis,
3151 1102 3302 1156 etiam
3328 1103 3440 1158 libri
3465 1106 3651 1175 quibus
3691 1108 3814 1163 ordo

2225 1200 2396 1239 rerum
2439 1197 2690 1257 gestarant
2731 1189 2947 1258 ﬁdeliter
2981 1206 3042 1244 ac
3081 1190 3346 1264 diligenter
3377 1195 3670 1266 adscriptas
3695 1205 3768 1252 est
3792 1212 3812 1252 :

2226 1286 2343 1331 sunt
2371 1288 2502 1343 acta,
2533 1289 2650 1334 sunt
2680 1281 2878 1348 littere,
2909 1283 3180 1340 multorum
3203 1302 3398 1356 quoque
3423 1295 3624 1342 tenetur
3644 1292 3813 1346 mani.

2229 1367 2356 1439 festa
2381 1370 2646 1441 confessio.
2677 1369 3048 1454 Respondetur
3090 1374 3221 1444 tibi,
3251 1371 3366 1434 haec
3394 1386 3449 1433 et
3490 1381 3694 1436 nostris
3721 1397 3815 1454 pm

2227 1458 2337 1514 suis
2365 1461 2601 1529 partibus
2621 1477 2725 1518 non
2750 1451 2958 1521 deesse.
2986 1467 3092 1522 Aut
3111 1483 3239 1539 ergo
3264 1469 3369 1523 illis
3387 1470 3696 1540 credamus,
3722 1451 3810 1548 qui

2226 1556 2512 1618 potuerunt
2558 1567 2770 1609 causam
2810 1571 2960 1612 suam
3006 1559 3110 1614 illis
3154 1560 3408 1626 Ecclesiis
3450 1565 3809 1636 persuadere,

2225 1655 2358 1709 quas
2378 1642 2602 1714 scriptas
2631 1646 2684 1700 in
2713 1645 2890 1704 Libris
2931 1647 3125 1705 divinis
3152 1659 3205 1706 et
3231 1653 3506 1709 canonicis
3544 1655 3807 1726 legimus:

2225 1743 2316 1787 aut
2341 1735 2480 1804 quod
2510 1745 2564 1791 tu
2589 1735 2767 1794 dixisti
2795 1740 2862 1796 de
2889 1739 3100 1811 Optato,
3132 1759 3232 1800 nec
3256 1745 3595 1804 absolvamus
3622 1749 3802 1822 dubia,

2227 1840 2326 1880 nec
2341 1825 2657 1886 damnemus
2674 1847 2689 1897 ;
2713 1840 2766 1886 et
2787 1847 2970 1902 pacem
2990 1834 3187 1891 Christi
3207 1837 3359 1910 cujus
3376 1838 3576 1896 bonum
3591 1840 3812 1908 dubium

2227 1932 2332 1972 non
2359 1927 2462 1986 est,
2495 1920 2725 1977 fraterna
2747 1923 3032 1982 dilectione
3060 1935 3358 1985 teneamus.

2297 2011 2524 2070 CAPUT
2561 2013 2802 2082 XXXIV.
2825 2049 2896 2059 —
2911 2019 3000 2075 58.
3038 2020 3143 2077 Sed
3169 2019 3473 2094 Orientales,
3495 2024 3638 2098 quos
3658 2026 3811 2084 modo

2227 2111 2438 2159 nostros
2466 2119 2587 2162 esse
2623 2108 2900 2177 concedis,
2931 2128 3033 2167 non
3062 2112 3270 2170 latuisse
3295 2116 3389 2171 hoc
3427 2119 3631 2194 [acinus
3657 2119 3811 2177 dicis.

2225 2196 2399 2268 Atque
2430 2207 2487 2253 ut
2510 2198 2613 2255 hoc
2638 2201 2852 2270 probes,
2887 2204 3076 2261 inseris
3104 2208 3410 2280 principium
3435 2211 3666 2281 epistalc
3693 2229 3812 2267 con-

2226 2289 2332 2343 cilii
2364 2289 2694 2382 ASardicensis
2742 2294 2799 2363 ’,
2852 2296 2938 2350 ubi
2987 2297 3178 2354 Donati
3218 2299 3541 2374 Carthaginis
3591 2305 3813 2382 episcopi

2224 2379 2382 2434 vestri
2411 2397 2592 2438 nomen
2619 2385 2871 2440 invenitur
2907 2388 3241 2459 adscriptum.
3283 2392 3435 2466 Quod
3465 2393 3580 2449 ideo
3621 2379 3812 2467 factum

2227 2481 2378 2540 putas
2404 2479 2452 2526 et
2479 2473 2737 2544 aﬂirmas,
2783 2478 2919 2546 quod
2945 2479 3170 2534 videlicet
3216 2479 3588 2551 Orientalibus,
3627 2487 3718 2557 qui
3756 2488 3814 2546 de

2225 2561 2438 2620 concilio
2466 2581 2558 2620 suo
2589 2567 2696 2622 ntec
2721 2570 2912 2640 scripta
2953 2572 3230 2639 miserunt,
3263 2573 3462 2644 facinus
3499 2577 3814 2648 displicuerit

2226 2651 2528 2708 traditarum
2550 2698 2565 2724 ,
2592 2666 2638 2711 et
2666 2658 2728 2712 ab
2753 2677 2926 2716 eorum
2952 2678 3008 2716 se
3032 2665 3380 2720 communione
3403 2677 3740 2737 retraxerunt,
3768 2679 3812 2732 et

2227 2757 2492 2818 propterea
2513 2749 2712 2806 Donato
2735 2761 2897 2809 vestro
2915 2759 3350 2814 communicabant
3373 2757 3472 2834 (a).
3505 2761 3666 2818 Disce
3692 2779 3813 2836 emo

2225 2837 2366 2910 quod
2388 2843 2592 2899 nescis:
2616 2842 2932 2901 Sardicense
2951 2848 3236 2904 concilium
3255 2851 3577 2908 Arianorum
3600 2855 3700 2910 fuit
3719 2855 3811 2928 (ὁ),

2226 2929 2370 3000 quod
2408 2940 2574 3002 totum
2607 2934 2811 3006 jamdiu
2851 2946 2935 2994 est
2980 2937 3019 3005 ',
3045 2949 3104 2996 ut
3143 2939 3402 3000 habemus
3444 2943 3499 2999 in
3547 2946 3809 3017 manibus,

2225 3032 2559 3088 contractum
2605 3028 2835 3084 maxime
2877 3039 3062 3086 contra
3109 3031 3457 3092 Athanasium
3505 3036 3810 3113 episcopum

2224 3114 2646 3194 Alexandrinum
2669 3119 3011 3189 catholicum,
3034 3123 3123 3194 qui
3144 3139 3331 3186 eorum
3351 3141 3596 3182 errorem
3616 3144 3684 3184 ex
3702 3129 3810 3198 ipsa

2225 3209 2437 3268 civitate
2466 3221 2664 3281 ortum,
2692 3228 2802 3286 pra:
2826 3215 3038 3270 caeteris
3065 3216 3260 3270 acriter
3282 3218 3544 3288 arguebat
3570 3229 3629 3275 et
3654 3221 3807 3277 reielv

2225 3295 2386 3356 lebat.
2413 3299 2531 3357 Non
2556 3303 2715 3374 igitur
2753 3305 2948 3360 mirum
2979 3305 3023 3360 si
3051 3305 3125 3361 illi
3157 3306 3390 3364 haeretici
3419 3309 3686 3370 Donatum
3716 3312 3812 3368 sibi

2225 3393 2488 3450 asciscere
2517 3403 2852 3452 teutaveruut
2869 3437 2885 3463 ,
2909 3413 3043 3469 quos
3067 3413 3168 3469 per
3195 3408 3364 3455 totum
3410 3399 3597 3457 orbem
3628 3403 3812 3460 catho-

2226 3481 2325 3541 lica
2349 3484 2640 3542 damnabat
2660 3488 2918 3544 Ecclesia.
2943 3489 3254 3562 Quanquam
3280 3507 3379 3547 nos
3399 3493 3514 3549 sine
3538 3495 3813 3552 civitatum

2225 3577 2529 3634 nominibus
2570 3581 2848 3654 episcopos
2885 3580 2954 3636 ad
2982 3598 3115 3654 quos
3159 3583 3242 3639 hte
3283 3583 3473 3643 litterae
3505 3585 3643 3641 datae
3685 3595 3818 3644 sunt

2226 3670 2538 3729 habeamus.
2563 3674 2669 3728 Aut
2689 3689 2816 3746 ergo
2835 3675 3026 3745 aliquis
3048 3675 3286 3732 Donatus
3315 3677 3410 3733 fuit
3429 3693 3534 3734 non
3555 3679 3610 3733 in
3633 3679 3814 3739 Africa

2225 3763 2544 3835 episcopus,
2572 3765 2658 3821 cui
2690 3767 2890 3822 nomini
2920 3767 3185 3842 Carthago
3209 3786 3240 3827 a
3268 3771 3465 3831 vestris
3486 3781 3570 3830 est
3597 3772 3810 3838 addita;

2225 3864 2338 3921 aut,
2365 3864 2425 3911 ut
2459 3855 2590 3925 dixi,
2635 3856 2936 3913 Africanam
2979 3859 3226 3915 hzeresim
3269 3860 3554 3920 Orientalis
3593 3861 3814 3922 haeresis

2225 3946 2327 4003 sibi
2354 3948 2574 4004 tentavit
2608 3949 2919 4021 adjungere.
2951 3950 3104 4022 Quod
3135 3950 3260 4007 hinc
3301 3954 3533 4009 maxime
3559 3955 3811 4012 credibile

2226 4049 2328 4107 est,
2355 4039 2496 4110 quod
2524 4039 2590 4094 ad
2617 4039 2952 4112 Carthaginis
2979 4042 3286 4113 episcopum
3319 4043 3561 4100 Romano
3591 4056 3810 4118 praeter-

2225 4132 2411 4198 misso,
2453 4149 2722 4204 nunquam
2769 4133 3056 4189 Orientalis
3090 4136 3352 4191 catholica
3386 4137 3690 4194 scriberet:
3720 4138 3808 4196 ubi

2224 4226 2414 4282 saltem
2437 4236 2615 4282 vester
2635 4227 2794 4283 scribi
2814 4228 3016 4298 debuit,
3043 4246 3201 4301 quem
3223 4231 3408 4288 soletis
3432 4231 3659 4289 Romam
3686 4250 3810 4305 pau-

2224 4318 2303 4374 cis
2326 4319 2517 4387 vestris
2559 4319 2772 4376 mittere
2808 4336 2874 4376 ex
2900 4320 3094 4377 Africa.
3129 4322 3235 4377 Sed
3267 4324 3374 4378 Deo
3400 4325 3636 4396 gratias,
3671 4326 3807 4400 quod

2225 4427 2324 4478 nec
2349 4414 2534 4479 valuit,
2562 4415 2612 4470 si
2636 4423 2811 4470 tamen
2841 4421 3016 4486 coepta
3039 4423 3150 4482 est,
3172 4416 3264 4478 illa
3286 4418 3614 4487 conspiratio
3643 4420 3809 4480 haere-

2224 4507 2452 4560 ticorum
2478 4505 2827 4562 Orientalium
2864 4523 2986 4563 cum
3013 4508 3154 4564 Afris
3193 4510 3464 4568 ἣξει-(ξιίοἱο
3495 4514 3804 4583 pranderet

2225 4595 2306 4656 Tu
2336 4600 2566 4656 Arianos
2594 4601 2703 4670 jam
2731 4600 2871 4658 inter
2896 4599 3180 4662 hmreticos
3198 4611 3252 4658 et
3276 4599 3428 4663 nobis
3456 4615 3516 4661 et
3541 4605 3696 4664 vobis
3719 4604 3807 4664 de»

2225 4692 2496 4748 testandos
2521 4693 2573 4746 in
2618 4699 2708 4748 tua
2745 4695 2967 4764 epistola
3009 4696 3270 4766 posuisti;
3297 4697 3439 4752 unde
3474 4697 3608 4753 mihi
3637 4709 3802 4760 tecum

2222 4787 2364 4850 nulla
2419 4787 2706 4847 necessitas
2746 4797 2827 4844 est
2853 4788 3012 4846 etiam
3055 4790 3123 4846 de
3166 4791 3264 4846 hac
3288 4793 3584 4862 qumstione
3621 4793 3804 4853 conﬁi-

2221 4893 2368 4950 gere.
2390 4878 2522 4934 Nam
2549 4880 2690 4948 quod
2716 4881 2808 4935 tibi
2834 4883 3155 4952 proposuisti
3181 4885 3528 4954 quaestionem
3558 4893 3802 4958 tanquam

2219 4985 2250 5028 a
2294 4971 2448 5026 nobis
2491 4970 2776 5042 objectam,
2820 4969 2884 5030 Si
2926 4974 3035 5029 hac
3070 4974 3143 5028 ita
3185 4985 3322 5043 sunt,
3373 4993 3412 5032 α
3458 4981 3804 5034 communione

2220 5072 2496 5118 vestrorum
2533 5064 2955 5132 quemadmodum
2995 5063 3281 5124 Orientales
3319 5076 3494 5136 postea
3538 5068 3804 5140 disgregati

2218 5155 2375 5212 sunt?
2403 5163 2458 5210 et
2486 5155 2805 5224 respondisti
2834 5154 2969 5226 quod
3003 5157 3060 5218 in
3085 5157 3384 5227 recipiendis
3418 5159 3598 5214 iterum
3627 5161 3803 5216 nostris

2220 5249 2475 5303 damnata:
2517 5264 2684 5304 causa:
2744 5266 2844 5303 non
2889 5251 3141 5321 potuerint
3186 5267 3386 5306 servare
3431 5255 3803 5308 constantiam:

2284 5407 2300 5470 ἕ
2326 5403 2541 5470 Nonnulli
2565 5405 2758 5458 codices
2771 5417 2900 5470 ,_pro
2915 5405 3021 5470 suis
3036 5405 3329 5470 parentibus.

2281 5469 2302 5500 ί
2324 5475 2375 5534 tu
2398 5467 2637 5534 Mss.loco_,
2662 5465 3266 5534 Sardicensis,eonstanter
3283 5469 3517 5534 scriptum
3540 5465 3803 5530 esasesdi-

2218 5531 2372 5583 censis
2385 5543 2404 5592 ;
2447 5543 2542 5581 nec
2561 5530 2704 5581 aliter
2732 5531 2782 5580 in
2803 5532 2970 5592 primis
2993 5532 3299 5584 editiouihus.

2283 5588 2397 5663 isic
2418 5600 2518 5641 Am.
2540 5599 2613 5663 ter.
2641 5601 2692 5642 et
2708 5588 2881 5643 omnes
2905 5603 3008 5644 atss.
3028 5593 3133 5644 Sola
3155 5595 3306 5646 editio
3325 5601 3438 5646 ιον.
3477 5593 3652 5656 habet,
3674 5588 3794 5658 quod

2217 5661 2381 5705 natam:
2393 5667 2500 5715 jam
2519 5653 2606 5704 diu
2627 5663 2716 5707 est.

2280 5718 2352 5778 (a)
2371 5717 2486 5765 Vide
2510 5716 2646 5776 infra,
2672 5717 2752 5767 lih.
2774 5718 2823 5774 4,
2847 5732 2895 5768 n.
2914 5718 2992 5768 59..

2281 5775 2351 5842 (b)
2390 5775 2672 5845 Sardiceuse
2713 5781 2841 5845 istud
2886 5781 3015 5833 idem
3053 5779 3266 5845 creditur
3312 5794 3368 5845 ac
3419 5775 3795 5845 Philippomlita-

2541 5844 2810 5894 orientales
2853 5845 3028 5907 Ariani,
3058 5844 3231 5897 relicto
3258 5842 3552 5908 Sardicensi,’
3573 5842 3797 5898 solum

2351 5917 2377 5954 c
2495 5936 2509 5955 .

2315 5910 2509 5956 uerunt.
