4010 6470
559 537 649 610 qui
668 551 732 592 ea
755 531 1170 595 committerent,
1196 525 1543 585 similitudine
1581 522 1765 579 talium
1811 528 2019 593 patrum
2048 519 2136 573 iu-

559 641 780 698 crepare
797 626 839 692 ¹,
872 639 972 682 nec
991 632 1168 679 tamen
1195 620 1295 677 sibi
1316 621 1540 675 alterum
1564 616 1818 687 populum
1839 612 1990 684 quasi
2013 625 2140 682 pur-

560 727 741 791 gatum
769 724 823 772 et
840 715 1097 786 liquatum
1111 712 1135 746 ⁸
1155 710 1489 782 separatione
1511 707 1769 776 sacrilega
1786 703 2138 759 constituere:

561 807 831 882 quomodo
858 805 1013 861 nobis
1041 818 1147 860 non
1185 802 1342 857 liceat
1364 815 1467 855 nec
1490 799 1646 864 facta,
1686 797 1870 853 nescio
1894 807 2139 865 quorum,

560 917 679 973 qua:
702 899 869 971 magis
892 897 1124 969 objicitis
1147 909 1305 968 quam
1326 892 1564 964 probatis
1590 891 1818 953 imitari;
1841 902 1942 943 nec
1966 896 2141 942 tamen

559 993 628 1048 ab
655 1006 717 1048 ea
747 1005 865 1063 quae
900 989 955 1044 in
991 988 1225 1043 uniuerso
1269 984 1480 1049 mundo,
1512 982 1655 1038 sicut
1679 979 1965 1051 Apostolus
1989 976 2138 1044 dicit,

560 1085 832 1157 fructiﬁcat
854 1092 902 1139 et
928 1082 1106 1138 crescit
1125 1078 1342 1153 (Coloss.
1377 1093 1418 1144 ι,
1448 1074 1529 1146 6),
1560 1082 1742 1130 saneta
1783 1070 2022 1128 Ecclesia
2049 1083 2139 1125 se-

556 1177 775 1249 parari?
798 1174 1063 1247 Numquid
1093 1173 1267 1243 aliqua
1294 1170 1640 1228 Sacramenta
1665 1166 2008 1222 instituerunt
2028 1171 2138 1218 tra-

557 1269 780 1335 ditores,
806 1268 863 1323 in
891 1267 1081 1338 quibus
1104 1261 1443 1334 baptizarer?
1465 1258 1728 1330 Numquid
1748 1257 1953 1329 aliquos
1978 1254 2142 1311 libros

557 1362 628 1419 de
651 1361 891 1418 facienda
926 1342 1008 1415 vel
1035 1356 1286 1414 imitanda
1318 1353 1603 1410 traditione
1627 1350 1857 1422 posteris
1885 1346 2140 1406 condide-

558 1464 703 1519 runt,
755 1459 812 1509 et
850 1466 1035 1509 eorum
1083 1458 1329 1506 tenemus
1380 1445 1759 1517 sequimurque
1807 1438 2139 1498 doctrinam?

557 1544 710 1614 Quod
740 1543 786 1599 si
812 1543 1087 1607 fecissent,
1122 1554 1227 1596 nec
1253 1537 1355 1595 sibi
1381 1534 1777 1594 communicare
1801 1537 2132 1604 paterentur,

558 1638 663 1693 nisi
689 1650 783 1692 eos
810 1634 899 1706 qui
924 1634 1015 1689 illa
1043 1632 1299 1703 legerent,
1322 1627 1711 1700 approbarent;
1742 1623 1841 1695 ipsi
1863 1623 1930 1678 ab
1950 1618 2140 1676 Eccle-

555 1727 651 1783 siae
677 1741 735 1782 se
766 1726 969 1781 unitate
992 1722 1325 1779 dividerent:
1350 1720 1405 1775 iu
1436 1732 1661 1789 quorum
1697 1715 1956 1771 divisione
1983 1725 2071 1767 me
2092 1709 2137 1765 si

554 1818 788 1885 videres,
812 1826 937 1873 tune
962 1831 1049 1870 me
1069 1815 1251 1870 dicere
1277 1812 1505 1869 deberes
1533 1824 1654 1866 esse
1682 1809 1735 1863 in
1765 1806 1991 1863 ecclesia
2032 1812 2140 1859 tra-

554 1912 807 1969 ditorum.
834 1909 988 1979 Quod
1016 1908 1062 1963 si
1090 1922 1184 1963 sua
1210 1906 1444 1979 pessima
1489 1903 1557 1959 de
1585 1899 1824 1956 facienda
1855 1896 2139 1953 traditione

552 2008 819 2074 praecepta
846 1999 1264 2063 conscriberent,
1296 2010 1398 2052 nec
1438 2003 1615 2049 tamen
1654 1998 1803 2047 extra
1846 1988 2137 2044 Ecclesium

555 2106 651 2148 sua
675 2090 888 2161 propria
930 2088 1340 2159 congregatione
1383 2093 1543 2155 atque
1571 2079 1947 2137 communione
1982 2077 2136 2132 colli-

556 2191 839 2254 gerentur;
881 2180 1082 2237 zizania
1108 2188 1390 2252 propterea
1419 2180 1877 2246 computarentur,
1908 2182 2138 2242 quorum

557 2289 717 2333 causa
748 2275 1010 2330 frumenta
1037 2287 1143 2328 non
1169 2279 1318 2328 recte
1345 2270 1742 2325 desererentur.

626 2363 852 2422 CAPUT
887 2361 1211 2420 XXXIX.—
1232 2362 1320 2418 45.
1349 2359 1492 2415 Ecce
1517 2358 1638 2414 dico
1666 2357 1880 2420 iterum,
1905 2367 2026 2424 qua:
2052 2364 2139 2407 me

552 2457 779 2515 ulterius
805 2463 953 2512 vetas
995 2455 1175 2511 dicere
1211 2469 1226 2507 :
1263 2452 1447 2523 Argitis
1473 2451 1616 2521 apud
1636 2466 1714 2503 me
1743 2465 1846 2514 eos,
1884 2462 2009 2516 quos
2026 2445 2139 2515 jam

551 2550 673 2605 olim
694 2549 960 2622 defunctos
986 2564 1099 2603 mea
1124 2546 1342 2618 cognitio
1367 2562 1468 2600 non
1488 2543 1737 2617 judicavit
1771 2540 1905 2612 (Lib.
1939 2542 1965 2595 1
1999 2546 2135 2594 cont.

550 2641 771 2697 Litteras
818 2641 1078 2709 Petiliani,
1127 2657 1183 2695 n.
1232 2637 1344 2711 i9).
1387 2638 1527 2693 Dicis
1552 2646 1607 2691 tu
1632 2646 1856 2691 contra:
1891 2633 2025 2687 Licet
2050 2631 2140 2686 tibi

550 2741 599 2787 et
629 2732 778 2788 hodie
793 2731 1043 2803 judicare,
1074 2737 1120 2785 et
1141 2729 1396 2802 judicium
1430 2744 1531 2783 non
1562 2735 1756 2781 tantum
1784 2726 1849 2780 de
1872 2725 2012 2788 vivis,
2047 2722 2136 2777 sed

553 2823 706 2878 etiam
730 2823 795 2877 de
817 2822 1030 2878 mortuis
1057 2820 1233 2876 haberi
1265 2827 1445 2892 potest.
1493 2818 1633 2873 Licet
1660 2817 1792 2872 enim
1821 2816 1887 2869 sit
1910 2824 2138 2870 mortuus

552 2914 641 2984 qui
670 2915 909 2984 peccauit,
927 2928 1183 2982 nunquam
1200 2911 1333 2967 illud
1348 2911 1562 2967 moritur
1579 2908 1713 2979 quod
1731 2907 1958 2961 admisit.
1976 2903 2135 2974 Quid,

553 3005 599 3059 si
629 3019 748 3059 cum
773 3004 973 3058 viveret
1002 3017 1061 3058 se
1090 3002 1349 3068 correxit,
1372 3002 1645 3070 Deumque
1671 2996 1931 3067 placavit?
1953 2995 2139 3050 Nonne

553 3102 823 3151 mortuum
846 3102 899 3150 et
923 3093 1156 3150 deletum
1178 3100 1262 3149 est
1288 3091 1433 3162 quod
1473 3089 1723 3146 admisit?
1750 3089 1888 3145 sicut
1912 3086 2137 3144 Felicia-

552 3199 657 3241 nus
677 3193 731 3241 et
751 3184 1102 3240 Praetextatus
1121 3181 1421 3238 Maximiani
1447 3179 1807 3242 ordinatores,
1837 3177 1958 3232 data
1998 3177 2137 3232 sicut

552 3275 686 3334 dicis
715 3277 987 3344 dilatione,
1030 3290 1089 3332 se
1126 3283 1275 3331 tanto
1315 3272 1521 3330 scelere
1550 3278 1917 3328 correxerunt.
1947 3268 2136 3324 Mirum

551 3376 639 3424 est
663 3376 838 3424 autem
882 3368 928 3424 si
966 3366 1178 3438 propria
1209 3373 1424 3436 peccata
1463 3377 1570 3418 non
1608 3360 1807 3417 obsunt
1831 3358 2135 3415 hominibus

553 3458 646 3529 qui
671 3473 733 3514 ea
754 3459 892 3513 facta
912 3455 1261 3519 correxerint,
1289 3464 1344 3510 et
1364 3453 1704 3520 aliisobsuut
1720 3452 1810 3521 qui
1831 3465 1894 3506 ea
1919 3448 2139 3505 omnino

553 3564 661 3605 non
689 3548 943 3605 fecerint:
970 3547 1110 3620 quod
1136 3547 1181 3601 si
1200 3546 1269 3601 de
1289 3545 1444 3601 nobis
1473 3545 1664 3615 agitur,
1705 3542 1862 3608 adde,
1893 3540 1993 3610 Qui
2037 3554 2140 3596 nec

552 3640 688 3697 facta
716 3639 1079 3711 cognoverint.
1110 3637 1215 3695 Sed
1240 3636 1374 3693 dicis
1401 3636 1549 3690 licere
1567 3634 1691 3688 mihi
1710 3634 1860 3688 etiam
1889 3632 2038 3687 hodie
2045 3633 2140 3703 ju-

552 3731 744 3797 dicare,
769 3731 888 3803 quia
908 3730 1159 3802 judicium
1186 3744 1289 3783 non
1317 3736 1512 3782 tantum
1540 3725 1603 3780 de
1626 3726 1769 3793 vivis,
1801 3724 1889 3780 sed
1906 3724 2058 3779 etiam
2076 3723 2142 3780 de

551 3822 766 3879 mortuis
794 3822 907 3892 ﬁeri
934 3829 1113 3890 potest.
1154 3818 1296 3875 Ecce
1323 3817 1446 3873 volo
1467 3815 1732 3887 judicare,
1766 3815 1860 3871 sed
1885 3830 1981 3872 vos
2009 3830 2138 3871 eau-

550 3929 666 3971 sam
699 3914 869 3984 ipsam
906 3926 1013 3968 non
1042 3909 1203 3967 vultis
1242 3923 1430 3981 agere;
1477 3908 1587 3963 imo
1616 3922 1750 3964 vero
1778 3914 1903 3963 tunc
1941 3914 2136 3973 actam,

551 4016 680 4064 tunc
698 4007 857 4064 etiam
880 4006 998 4063 sine
1016 4004 1178 4061 dubio
1198 4003 1557 4065 terminatam,
1587 4000 1743 4056 nobis
1768 3999 2141 4056 demonstran-

550 4099 717 4168 tibus,
748 4113 855 4155 non
879 4097 1043 4154 vultis
1071 4109 1380 4167 agnoscere.
1412 4092 1518 4150 Sed
1549 4092 1803 4148 faciamus
1829 4105 1925 4147 vos
1962 4089 2139 4160 potius

551 4189 752 4246 habere
775 4188 915 4260 quod
945 4188 1137 4244 docere
1159 4184 1406 4257 possitis:
1433 4198 1568 4254 quos
1592 4180 1827 4238 nondum
1857 4180 2133 4247 docuistis,

552 4293 719 4350 quare
755 4279 865 4350 jam
909 4276 1319 4349 rebaptizandos
1359 4291 1481 4332 esse
1520 4272 1856 4335 contenditis.
1892 4272 2136 4344 quando-

552 4368 768 4442 quidem
794 4383 825 4422 a
868 4367 1211 4426 traditoribus
1235 4379 1370 4435 quos
1412 4364 1788 4435 iguoraverant
1813 4362 2133 4434 baptizatos,

551 4473 656 4517 nec
678 4473 799 4515 cum
825 4456 1114 4513 docueritis
1154 4454 1426 4523 baptizare
1462 4452 1730 4518 debeatis;
1761 4454 1899 4508 sicut
1923 4467 2019 4509 eos
2045 4454 2135 4521 qui

552 4550 855 4609 nescientes
885 4548 952 4603 ab
980 4547 1234 4602 adulteris
1259 4544 1511 4614 baptizati
1529 4554 1675 4613 sunt,
1705 4552 1761 4600 et
1783 4542 1890 4600 illis
1915 4542 2137 4615 proditis

548 4653 715 4714 atque
741 4643 1000 4701 convictis
1018 4656 1125 4697 non
1149 4637 1464 4711 baptizatis?

621 4733 847 4791 CAPUT
886 4732 999 4789 XL.
1026 4762 1099 4773 —
1125 4731 1213 4787 M.
1254 4729 1351 4785 Hic
1375 4728 1513 4784 forte
1536 4728 1714 4784 dicas:
1742 4726 1846 4784 Sed
1876 4726 1941 4782 de
1968 4725 2137 4782 Caeci—

552 4827 699 4886 liano
716 4828 826 4899 jam
851 4826 1144 4898 iudicatum
1169 4830 1271 4879 est.
1301 4821 1675 4894 Respondetur
1698 4820 1825 4876 tibi:
1847 4819 1963 4877 Jam
1986 4819 2134 4890 judi-

549 4929 728 4977 catum
757 4926 875 4976 erat
893 4925 949 4974 et
970 4916 1039 4973 de
1065 4915 1335 4972 Primiano
1352 4927 1383 4968 a
1405 4920 1616 4968 centum
1637 4911 1897 4982 episcopis
1915 4912 2131 4979 vestris,

550 5011 746 5083 quibus
783 5024 904 5066 eum
948 5006 1336 5079 iniquissimum
1381 5003 1729 5060 Maximianus
1771 5013 2129 5073 persuaserat,

550 5113 837 5175 antequam
858 5100 1151 5172 Bagaiense
1168 5096 1456 5153 concilium
1476 5094 1742 5152 faceretis.
1766 5094 1870 5152 Sed
1889 5097 1943 5152 in
1960 5097 2133 5166 primo

546 5197 748 5269 judicio
774 5194 1057 5251 damnatus
1072 5199 1158 5248 est
1181 5190 1396 5255 absens,
1424 5189 1479 5244 in
1506 5188 1739 5245 secundo
1763 5188 2035 5245 absolutus
2051 5197 2136 5246 est

549 5303 811 5362 praesens.
841 5287 901 5344 Si
933 5294 1055 5358 post
1087 5283 1316 5355 primum
1345 5296 1480 5353 quos
1503 5281 1788 5350 baptizavit
1814 5282 2133 5353 rebaptizari

554 5398 659 5438 non
680 5387 924 5452 possunt,
947 5384 1146 5450 quanto
1163 5376 1339 5445 potius
1362 5382 1486 5444 post
1508 5374 1836 5431 secundum?
1856 5373 1932 5430 Ita
1952 5384 2007 5431 et
2024 5374 2135 5431 Ca:-

549 5473 777 5529 cilianus
797 5471 967 5539 primo
986 5467 1125 5538 apud
1148 5465 1523 5535 Carthaginem
1553 5465 1757 5533 judicio
1783 5466 2013 5523 Secundi
2044 5467 2134 5523 Ti-

551 5563 766 5636 ιωωηί
790 5561 1071 5618 damnatus
1093 5567 1181 5619 est
1205 5560 1422 5628 absens,
1451 5557 1688 5616 secundo
1707 5558 1908 5630 judicio
1930 5562 2128 5619 Miltia-

617 5743 634 5775 ι
659 5747 798 5812 Mss...
821 5744 868 5790 et
887 5736 985 5790 illis
1005 5739 1090 5804 qut
1109 5751 1168 5791 ca
1186 5735 1529 5792 committerent
1546 5750 1565 5801 ;
1581 5736 1944 5794 similitudinem
1964 5741 2134 5797 talittm

549 5814 744 5872 parum
762 5814 1026 5864 τηεν-φατε.
1144 5860 1155 5872 ⁸

618 5867 642 5902 ³
663 5863 852 5929 Aliquot
873 5870 1003 5926 Mss,
1026 5867 1071 5916 et
1092 5860 1371 5925 elsquatum.

529 5962 553 5992 ι
579 5984 585 5990 .

1336 405 1607 467 CONTRA
1646 399 2078 463 CRESCONIUM
2117 398 2569 473 DONATISTAM,
2608 404 2666 463 S.
2707 404 3074 463 AUGUSTINI

3721 404 3826 466 51)

2250 524 2336 580 dis
2353 525 2371 559 ι
2396 522 2620 580 Romani
2640 523 2915 581 absolutus
2934 535 3017 582 est
3034 540 3304 597 praesens:
3330 528 3505 585 adhuc
3524 544 3626 585 nos
3647 531 3717 587 de
3734 534 3829 593 illo

2247 628 2423 677 certos
2453 632 2572 673 esse
2601 632 2707 672 non
2735 618 2896 674 vultis
2917 660 2932 685 ,
2980 619 3167 675 saltem
3211 619 3459 677 dubitare
3500 626 3825 691 permittite;

2246 718 2412 776 vincit
2431 720 2573 777 enim
2594 734 2693 773 vos
2718 733 2827 775 non
2849 719 3022 774 solum
3048 717 3137 789 qui
3166 715 3512 773 Caecilianum
3541 719 3649 773 scit
3674 719 3827 777 inno—

2246 820 2477 878 centem,
2498 825 2683 867 verum
2706 812 2862 867 etiam
2884 810 2972 880 qui
2994 809 3163 865 nescit
3185 818 3489 865 nocentem.
3518 804 3630 865 Vos
3659 820 3826 868 autem

2246 911 2497 974 utrosque
2523 902 2929 973 rebaptizandos
2953 902 3085 957 'esse
3123 902 3371 964 censetis.
3412 909 3467 958 et
3504 901 3599 972 qui
3632 902 3856 973 dicunt.

2244 993 2518 1063 Novimus,
2568 1003 2622 1052 et
2666 995 2755 1066 qui
2796 994 2996 1059 dicunt,
3042 993 3158 1049 Non
3198 995 3444 1050 novimus
3471 996 3655 1066 qualis
3682 985 3847 1053 (ueri.

2247 1086 2580 1142 thcilianus.
2603 1086 2717 1142 Non
2744 1094 2871 1141 sunt
2890 1085 3195 1153 baptizandi
3226 1101 3362 1155 quos
3389 1086 3688 1157 baptizavit
3716 1088 3821 1144 Pri-

2245 1177 2454 1233 mianus
2478 1184 2601 1248 post
2620 1178 2847 1245 primum
2874 1176 3129 1248 judicium
3154 1192 3263 1248 quo
3291 1177 3576 1237 damnatus
3624 1187 3711 1234 est
3735 1180 3820 1235 ab~

2245 1285 2392 1337 sene,
2422 1278 2476 1325 et
2499 1269 2798 1340 baptizandi
2827 1279 2952 1327 sunt
2991 1285 3129 1342 quos
3170 1270 3457 1339 baptizavit
3503 1270 3821 1329 Caecilianus

2244 1372 2367 1435 post
2388 1365 2676 1441 secundum
2701 1365 2957 1435 judicium
2992 1381 3103 1438 quo
3134 1366 3405 1423 absolutus
3438 1376 3519 1423 est
3553 1369 3822 1439 praesens?

2245 1457 2396 1514 Illum
2423 1458 2729 1514 damnatum
2755 1458 3009 1514 damnare
3027 1473 3137 1514 non
3161 1459 3345 1515 licuit:
3367 1459 3435 1515 de
3457 1459 3561 1516 isto
3580 1459 3821 1516 absoluto

2246 1550 2434 1606 saltem
2477 1550 2636 1606 liceat
2680 1549 2940 1606 dubitare.
2970 1548 3136 1622 Cujus
3178 1549 3403 1606 crimina
3447 1550 3662 1607 etiamsi
3690 1558 3821 1606 certa

2245 1642 2401 1698 nobis
2429 1651 2629 1711 essent,
2662 1643 2716 1699 in
2744 1642 2980 1699 Ecclesia
3007 1643 3329 1700 constitutos
3344 1644 3387 1708 ',
3413 1657 3572 1713 quam
3602 1643 3823 1713 Spiritus

2246 1743 2460 1792 sanctus
2487 1735 2633 1793 velut
2658 1751 2839 1794 aream
2865 1752 2988 1793 eum
3018 1737 3170 1807 palea
3198 1736 3592 1807 praenuntiavit,
3623 1752 3818 1808 nequa-

2245 1841 2404 1898 quam
2434 1841 2533 1883 nos
2558 1827 2728 1884 aliena
2754 1835 2970 1898 peccata
3006 1843 3112 1883 non
3143 1828 3345 1884 imitata
3379 1828 3732 1884 macularent.
3758 1827 3820 1883 Et

2246 1926 2424 1974 tamen
2451 1920 2656 1974 etiamsi
2684 1919 2838 1977 nobis
2864 1920 3060 1975 incerta
3089 1934 3210 1976 esse
3229 1921 3500 1985 dicuntur,
3526 1934 3639 1997 non
3660 1920 3819 1976 solum

2244 2010 2323 2065 rei
2348 2010 2739 2072 constituimur,
2769 2024 2956 2066 verum
2984 2010 3145 2067 etiam
3170 2010 3472 2080 baptizandi
3503 2009 3818 2077 iudicamur.

2242 2100 2390 2157 Itane
2432 2102 2625 2172 agitis?
2667 2102 2862 2157 siccine
2903 2108 3091 2158 cuncta
3139 2100 3480 2172 pervertitis?
3528 2100 3822 2158 Tantumne

2242 2208 2431 2248 revera
2454 2193 2607 2249 vobis
2630 2193 2791 2250 licere
2810 2194 3161 2256 arbitramini,
3193 2203 3252 2249 ut
3275 2195 3414 2264 quod
3439 2195 3600 2250 vultis
3618 2195 3692 2251 sit
3707 2209 3818 2250 san-

2242 2292 2407 2342 ctum.
2449 2285 2589 2355 quod
2637 2286 2798 2341 vultis
2837 2285 3204 2341 immundum?
3244 2284 3501 2342 Cohibete
3545 2300 3679 2356 vos;
3723 2301 3818 2343 non

2241 2376 2532 2450 proficiatis
2556 2377 2610 2433 in
2639 2376 2811 2439 malis.
2843 2392 2912 2432 ne
2931 2377 3165 2448 pereatis
3189 2391 3219 2431 a
3243 2377 3418 2432 bonis.

2313 2468 2542 2526 CAPUT
2577 2468 2714 2527 XLI.
2738 2501 2808 2512 —
2828 2470 2915 2526 45.
2949 2470 3082 2525 Nam
3116 2469 3244 2525 illud
3274 2470 3417 2542 quod
3446 2471 3577 2537 dixi,
3614 2471 3762 2539 Quod
3780 2472 3821 2525 si

2243 2562 2307 2617 de
2329 2564 2754 2634 persecutionibus
2780 2564 2911 2636 agis,
2944 2563 3043 2619 cito
3067 2564 3366 2635 respondeo,
3388 2564 3434 2618 si
3451 2563 3649 2635 aliquid
3668 2566 3823 2635 inique

2244 2657 2383 2727 passi
2420 2658 2553 2720 estis,
2584 2673 2684 2712 non
2711 2658 2960 2727 pertinere
2983 2656 3053 2711 ad
3090 2673 3173 2712 eos
3209 2657 3294 2727 qui
3324 2658 3447 2711 talia
3489 2658 3716 2727 quamvis
3736 2659 3821 2712 im-

2243 2751 2398 2823 probe
2420 2752 2673 2823 facientes,
2714 2767 2805 2818 pro
2835 2767 2959 2821 pace
2984 2760 3150 2806 tamen
3178 2750 3388 2808 unitatis
3414 2752 3734 2807 ltmdabiliter
3754 2763 3820 2808 ta-

2246 2841 2409 2898 lerant
2450 2843 2631 2913 (Lib.l
2665 2852 2838 2899 contra
2876 2842 3056 2898 Lilter.
3088 2842 3354 2909 Petiliam,
3387 2861 3437 2898 n.
3466 2844 3609 2916 20);
3637 2860 3805 2915 quam,

2243 2931 2504 2989 fallaciter
2524 2933 2770 2990 refellere
2789 2936 3025 3003 voluisti,
3055 2950 3276 3005 prorsus
3295 2950 3400 2990 non
3427 2937 3666 3007 cogitans
3690 2936 3818 2991 litte-
3838 2956 3847 2963 ε

2242 3040 2332 3081 ras
2354 3034 2471 3081 tuas
2489 3026 2604 3081 sani
2624 3027 2811 3097 capitis
2840 3026 3110 3082 habituras
3138 3041 3258 3082 esse
3279 3027 3557 3082 lectorem.
3583 3027 3659 3082 Ita
3679 3028 3811 3082 enim

2243 3118 2560 3189 rospondes,
2610 3118 2759 3189 quasi
2802 3133 2901 3189 ego
2943 3119 3191 3184 dixerim,
3224 3120 3650 3187 persecutionem
3675 3118 3819 3174 vobis

2244 3224 2344 3282 pro
2374 3224 2502 3281 pace
2527 3209 2746 3265 unitatis
2776 3209 2887 3266 ﬁeri
2919 3210 3132 3266 debere.
3166 3210 3318 3281 Quod
3351 3210 3442 3266 illo
3471 3212 3680 3281 quidem
3708 3211 3820 3266 loco

2249 3318 2358 3359 non
2382 3303 2490 3357 dixi
2523 3321 2537 3357 :
2567 3303 2661 3359 sed
2701 3302 2830 3368 dixi,
2879 3303 2941 3357 Si
2980 3303 3174 3373 aliquid
3201 3303 3370 3372 inique
3398 3304 3540 3374 passi
3562 3304 3695 3369 estis,
3726 3319 3820 3357 non

2247 3397 2498 3466 pertinere
2522 3396 2592 3451 ad
2617 3412 2702 3452 eos
2729 3397 2761 3451 ἂ
2791 3397 2973 3468 quibus
3013 3395 3335 3452 laudabiliter
3361 3414 3452 3469 pro
3476 3397 3682 3451 unitatis
3706 3411 3822 3465 pace

2247 3486 2544 3549 tolerantur,
2575 3486 2664 3557 qui
2691 3486 2813 3541 talia
2852 3487 2906 3542 in
2947 3503 3034 3542 vos
3078 3488 3307 3559 quamvis
3341 3488 3568 3558 improbe
3608 3488 3820 3557 faciunt.

2246 3581 2397 3650 Quod
2423 3595 2543 3637 cum
2573 3579 2907 3652 apertissime
2932 3580 3130 3635 dictum
3173 3581 3261 3643 sit,
3295 3580 3485 3640 saltem
3527 3579 3820 3651 expositum

2247 3671 2524 3728 attendant
2547 3684 2682 3741 quos
2707 3670 2890 3726 fallere
2913 3672 3149 3727 voluisti.
3180 3671 3365 3743 Neque
3395 3672 3537 3727 enim
3576 3679 3648 3736 te,
3679 3671 3820 3741 quod

2246 3772 2354 3820 tam
2381 3772 2623 3834 apertum
2664 3770 2764 3828 est,
2796 3778 2902 3817 non
2935 3762 3260 3819 intellexisse
3287 3763 3553 3820 arbitror:
3581 3763 3672 3819 sed
3697 3763 3819 3819 bre-

2245 3857 2462 3912 vitatem
2488 3856 2766 3911 sentcntiae
2794 3868 2929 3911 mea:
2970 3853 3124 3911 facile
3152 3857 3346 3924 putasti
3374 3871 3534 3926 posse
3573 3856 3626 3911 in
3658 3854 3819 3925 caligi—

2247 3963 2368 4003 nem
2396 3947 2555 4014 mitti,
2587 3944 2677 4001 ubi
2702 3944 2979 4015 quodlibet
2999 3945 3140 4001 aliud
3169 3930 3396 4011 diceres,
3415 3947 3465 4003 ei
3492 3945 3817 4017 respondisse

2244 4037 2521 4093 videreris.
2552 4035 2664 4091 Cur
2685 4042 2866 4091 autem
2895 4035 3121 4092 dixerim
3144 4037 3312 4091 malos
3328 4039 3715 4094 communionis
3728 4053 3815 4094 no-

2245 4138 2390 4189 strte.
2419 4127 2522 4183 hoc
2550 4137 2652 4196 est,
2698 4142 2839 4183 area:
2889 4127 3169 4184 dominica:
3219 4130 3456 4198 paleam;
3489 4147 3609 4186 cum
3653 4133 3701 4187 in
3728 4147 3815 4186 vos

2244 4221 2422 4292 inique
2449 4228 2631 4291 agunt,
2659 4234 2687 4274 a
2715 4219 2873 4276 bonis
2888 4220 3087 4275 nostris
3108 4219 3451 4277 laudabiliter
3470 4237 3567 4292 pro
3589 4238 3711 4293 pace
3737 4233 3809 4276 to-

2243 4311 2424 4379 lerari,
2455 4311 2582 4382 quid
2610 4324 2747 4381 opus
2788 4319 2873 4367 est
2908 4319 2967 4365 ut
3011 4311 3128 4381 ipse
3168 4311 3470 4379 ostendam,
3501 4313 3613 4383 ipse
3639 4313 3812 4368 defen-

2243 4404 2395 4468 dam;
2427 4417 2549 4458 cum
2588 4415 2688 4471 pro
2725 4415 2815 4458 me
2850 4400 3040 4457 beatus
3080 4402 3376 4474 Cyprianus
3404 4404 3729 4473 apertissime
3764 4412 3812 4457 et

2241 4496 2618 4552 candidissime
2660 4494 2821 4561 dicat,
2851 4496 3012 4551 etiam
3054 4510 3176 4551 cum
3202 4504 3494 4552 cernuntur
3518 4498 3569 4552 in
3595 4495 3811 4552 Ecclesia

2243 4589 2393 4653 mali,
2426 4604 2532 4642 non
2563 4596 2778 4658 propter
2803 4602 2895 4643 eos
2915 4586 3212 4644 Ecclesium
3243 4587 3595 4644 deserendam
3629 4588 3801 4657 (Epist.

2244 4680 2312 4734 ad
2346 4677 2690 4746 Maximum):
2720 4678 2825 4733 hoc
2847 4686 2950 4741 est,
2979 4677 3123 4749 quod
3170 4676 3302 4746 dixi,
3342 4692 3437 4734 eos
3475 4693 3574 4749 pro
3611 4677 3809 4734 mutatis

2244 4784 2375 4842 pace
2401 4768 2743 4823 tolerandos?
2765 4767 2950 4837 Neque
2975 4768 3115 4823 enim
3160 4780 3255 4824 vos
3278 4769 3508 4838 amplius
3533 4782 3683 4840 quam
3721 4780 3808 4822 nos

2241 4869 2651 4934 persequuntur,
2692 4861 2781 4927 qui
2813 4873 2909 4914 vos
2938 4859 3120 4930 inique
3145 4870 3534 4930 persequentes
3564 4861 3683 4915 dant
3721 4873 3802 4911 vo-

2241 4951 2323 5007 bis
2347 4951 2412 5008 ad
2441 4951 2783 5022 decipiendos
2808 4951 3108 5021 imperitos,
3135 4950 3262 5007 licet
3287 4949 3474 5007 falsam
3520 4949 3802 5007 similitudi-

2243 5060 2364 5103 nem
2384 5045 2588 5117 glorim,
2614 5044 2771 5100 nobis
2791 5052 2970 5099 autem
3000 5045 3194 5100 vulnus
3217 5045 3420 5116 grande
3450 5047 3690 5102 tristitiae.

2311 5137 2541 5193 CAPUT
2575 5136 2735 5193 XLll.
2761 5167 2830 5183 -—
2856 5135 2944 5192 46.
2987 5136 3190 5193 Deinde
3217 5150 3648 5195 commemorans
3665 5139 3803 5194 etiam

2240 5229 2424 5284 nescio
2449 5244 2581 5299 quos
2621 5237 2882 5292 mortuos,
2929 5242 3067 5298 quos
3103 5242 3135 5282 a
3177 5229 3377 5285 nostris
3418 5229 3552 5286 dicis
3597 5230 3802 5288 occisos.

2244 5330 2492 5391 tanquam
2532 5321 2585 5378 in
2627 5335 2818 5392 campo
2843 5317 3106 5378 facundia;-
3148 5330 3253 5378 tuae
3283 5321 3532 5394 positus’
3574 5322 3806 5379 latissime

2306 5621 2325 5694 ξ
2346 5627 2460 5694 ἑἮς.
2476 5625 2567 5694 Ετοκ
2581 5617 2828 5694 θὲΡἮτθξ
2842 5628 2968 5694 θίξβον
2994 5618 3259 5694 "mw;

2302 5684 2322 5715 ²
2346 5680 2484 5743 Editi,
2809 5688 2866 5732 At
2888 5690 3019 5744 Mss.,
3044 5684 3319 5736 constith
3348 5696 3368 5735 :
3391 5685 3578 5749 pendet
3597 5698 3626 5737 a
3646 5685 3805 5737 subite.

2302 5751 2422 5794 lente
2442 5743 2614 5794 verbo.
2644 5741 2956 5794 macularent.

2236 5751 2422 5809 queute
2442 5751 2614 5814 verbo,
2644 5751 2956 5794 macularent.

2302 5808 2324 5840 ⁸
2344 5815 2465 5875 θαι,
2487 5817 2538 5875 ut
2562 5817 2732 5866 campo
2768 5805 3009 5875 facundia:
3030 5820 3073 5857 se

2237 5879 2298 5935 po
2339 5866 2584 5931 facundia:
2625 5866 2875 5931 sepositus.
2923 5875 3072 5923 mea

3074 5806 3275 5868 positos.
3299 5814 3375 5859 Er.
3401 5815 3453 5859 et
3475 5815 3606 5868 Lov.,
3624 5809 3673 5859 in
3691 5820 3797 5860 eam

3165 5876 3246 5923 tur
3279 5883 3344 5924 ex
3376 5873 3722 5938 musta-imis.
