4010 6492
224 526 312 584 ιῖἳί
1549 513 1747 573 LIBER
1784 513 2099 574 TERTIUS.

221 653 507 712 cxaggeras
532 640 728 706 locum,
755 638 808 694 in
833 651 937 709 quo
958 635 1108 692 vobis
1136 634 1385 691 videmini
1415 632 1614 688 similes
1648 646 1794 686 mar-

220 746 428 806 tyrum;
452 750 574 789 cum
601 732 837 804 quotidie
862 740 1157 787 vestrorum
1180 728 1506 784 incredibilia
1532 727 1796 797 patiamur

217 828 354 883 facta
386 828 704 882 clericorum
754 835 808 882 et
850 824 1369 889 Circumcellionum,
1402 822 1568 877 multo
1612 821 1796 892 pejora

217 934 377 990 quam
408 918 767 989 quorumlibet
788 917 1048 971 latronum
1077 924 1233 985 atque
1273 913 1603 983 praedonum.
1633 911 1795 965 Nam-

216 1026 321 1081 que
351 1009 634 1064 horrendis
661 1009 851 1063 armati
880 1010 1136 1077 cujusque
1166 1004 1377 1076 generis
1411 1003 1551 1070 telis,
1584 1002 1796 1058 terribi-

217 1103 340 1157 liter
376 1101 639 1171 vagando,
662 1117 766 1155 non
787 1101 906 1155 dico
931 1097 1366 1163 ecclesiasticam,
1392 1095 1484 1150 sed
1507 1096 1672 1165 ipsam
1697 1094 1796 1147 bu-

216 1205 431 1247 mauam
457 1193 687 1262 quietem
715 1204 1005 1261 pacemque
1034 1187 1365 1257 perturbant,
1392 1185 1665 1239 nocturnis
1703 1199 1797 1253 ag-

218 1283 588 1356 gressionibus
618 1283 929 1337 clericorum
969 1280 1351 1334 catholicorum
1375 1279 1583 1331 iuvasas
1611 1276 1798 1329 domos

218 1374 390 1429 nudas
419 1382 578 1443 atque
607 1372 790 1426 inanes
818 1370 1231 1439 derelinquunt:
1257 1368 1400 1437 ipsos
1429 1367 1587 1421 etiam
1615 1374 1799 1434 raptos

219 1473 274 1519 et
302 1464 532 1518 fustibus
555 1472 759 1528 tunsos,
792 1461 1039 1531 ferroque
1059 1461 1321 1523 concisos,
1346 1457 1630 1513 semivivos
1662 1456 1798 1525 abji-

219 1556 387 1610 eiunt.
420 1554 641 1623 Insuper
666 1568 802 1609 novo
836 1560 890 1607 et
924 1551 1147 1606 antehac
1174 1550 1409 1605 inaudito
1448 1548 1666 1603 sceleris
1706 1562 1800 1617 ge-

221 1661 377 1711 nere,
410 1645 578 1699 oculis
602 1658 787 1699 eorum
815 1642 1016 1697 calcem
1046 1650 1199 1697 aceto
1224 1640 1485 1711 permixto
1516 1637 1800 1693 infundeno

222 1746 305 1793 tes
328 1744 384 1791 et
413 1734 766 1799 infertientes,
796 1748 929 1804 quos
950 1734 1179 1789 evellere
1199 1731 1515 1803 compendio
1539 1738 1798 1801 poterant,

221 1827 537 1883 excruciare
584 1826 807 1895 amplius
854 1824 1057 1894 eligunt
1102 1838 1259 1893 quam
1304 1822 1459 1876 citius
1510 1834 1799 1875 exczecare.

222 1918 355 1975 Nam
388 1920 561 1988 primo
593 1927 792 1972 tantum
822 1918 963 1971 calce
992 1916 1062 1970 ad
1110 1915 1210 1970 hoc
1257 1913 1459 1969 facinus
1498 1912 1800 1979 utebantur,

221 2012 318 2068 sed
352 2021 694 2082 posteaquam
736 2009 854 2063 illos
898 2009 1086 2077 quibus
1117 2010 1216 2061 hoc
1247 2004 1500 2070 fecerant,
1528 2004 1634 2058 cito
1662 2003 1803 2057 salu-

224 2113 333 2160 tem
362 2116 640 2173 reparasse
659 2100 977 2165 didicerunt,
1007 2106 1218 2153 acetum
1238 2097 1572 2151 addiderunt.

292 2193 523 2250 CAPUT
563 2191 744 2246 XLIII.
771 2221 840 2231 —
864 2191 953 2245 47.
993 2188 1193 2244 Omitto
1218 2196 1341 2243 ante
1366 2194 1559 2257 quanta
1587 2186 1806 2241 commic

228 2294 431 2352 serunt,
450 2286 639 2355 quibus
660 2283 872 2339 easdem
892 2283 1035 2353 leges
1049 2282 1307 2337 adversus
1321 2295 1555 2336 errorem
1572 2288 1806 2334 vestrum

229 2378 480 2433 constitui
527 2382 835 2444 coegerunt,
881 2374 1047 2443 magis
1076 2372 1361 2427 christiana
1404 2370 1807 2426 mansuetudine

230 2476 575 2539 temperatas,
608 2483 764 2536 Quam
796 2468 846 2520 in
875 2475 981 2519 tam
1023 2480 1212 2535 magna
1242 2463 1447 2519 scelera
1490 2463 1543 2517 vi
1587 2462 1808 2533 congrui

227 2560 426 2631 vigoris
454 2568 715 2615 exsertas.
747 2558 1040 2627 Episcopus
1066 2556 1359 2611 catholicus
1384 2570 1412 2609 a
1442 2555 1807 2610 Thubursicu-

228 2656 359 2711 bure
406 2654 605 2708 Servus
653 2651 887 2717 nomine,
934 2666 1053 2705 cum
1086 2651 1324 2704 invasum
1353 2664 1383 2703 a
1413 2649 1603 2703 vestris
1634 2648 1808 2702 locum

228 2755 517 2818 repeteret,
551 2755 606 2800 et
632 2745 905 2813 utriusque
936 2744 1101 2813 partis
1127 2750 1497 2813 procuratores
1520 2756 1810 2811 proconsu-

232 2838 343 2893 lare
371 2837 806 2909 przestolarentur
835 2850 1078 2897 examen,
1125 2842 1343 2904 repente
1387 2834 1487 2888 sibi
1528 2834 1579 2887 in
1618 2834 1813 2903 oppido

231 2937 530 2983 memorato
557 2926 747 2981 vestris
775 2926 991 2982 armatis
1033 2924 1356 2979 irruentibus
1383 2926 1468 2978 vix
1491 2925 1640 2979 vivus
1663 2924 1815 2979 aufu-

235 3019 329 3089 git.
357 3020 397 3073 A
421 3018 612 3089 quibus
644 3028 792 3086 pater
818 3017 932 3087 ejus
962 3017 1259 3089 presbyter,
1284 3026 1439 3073 :etate
1477 3033 1540 3072 ac
1574 3019 1812 3074 moribus

233 3110 431 3181 gravis,
462 3125 522 3164 ea
568 3108 715 3163 carde
761 3124 864 3178 qua
912 3109 1260 3163 vehementer
1296 3108 1524 3163 amictus
1566 3116 1666 3175 est,
1698 3117 1818 3179 post

234 3200 350 3256 dies
377 3215 577 3270 paucos
602 3200 830 3254 excessit
851 3214 880 3255 e
902 3199 1027 3252 vita.
1052 3198 1401 3254 Maximianus
1427 3202 1709 3269 episcopus
1724 3215 1816 3255 ca-

235 3292 469 3346 tholicus
499 3291 822 3361 Bagaiensis,
859 3291 996 3346 dicta
1030 3292 1167 3345 inter
1193 3299 1369 3360 partes
1392 3291 1668 3361 judiciaria
1691 3306 1816 3346 sen-

233 3384 427 3448 tentia,
455 3383 724 3437 basilicam
765 3382 910 3436 fundi
934 3382 1333 3437 Calvianensis‘
1378 3384 1629 3450 evicerat,
1661 3398 1818 3453 quam

232 3475 410 3529 vestri
438 3474 616 3527 illicite
644 3474 924 3545 aliquando
946 3483 1363 3543 usurpaverant:
1395 3474 1533 3529 hanc
1559 3490 1677 3529 cum
1701 3476 1821 3544 jure

237 3565 533 3637 perspicuo
559 3566 819 3631 retineret,
854 3566 905 3620 in
941 3582 999 3620 ea
1033 3566 1146 3635 ipsa
1186 3566 1285 3620 sub
1324 3566 1476 3619 altari
1504 3580 1607 3635 quo
1632 3565 1820 3621 confu-

235 3664 414 3728 gerat,
446 3655 631 3711 eodem
671 3670 827 3724 supra
861 3672 919 3711 se
950 3656 1137 3723 fracto,
1166 3656 1386 3725 ejusque
1415 3656 1571 3726 lignis
1597 3656 1821 3726 aliisque

237 3748 497 3813 fustibus,
527 3748 667 3803 ferro
696 3749 855 3803 etiam
899 3748 1185 3802 crudeliter
1224 3763 1413 3812 caesus,
1462 3757 1628 3803 totum
1672 3749 1820 3803 illum

239 3847 419 3901 locum
452 3844 704 3914 sanguine
730 3845 982 3915 opplevit.
1012 3844 1307 3913 Acceperat
1344 3851 1518 3898 autem
1545 3853 1597 3899 et
1626 3844 1823 3914 grande

238 3938 435 3992 vulnus
458 3936 509 3990 in
534 3936 763 4005 inguine,
792 3935 931 3991 unde
957 3950 1147 3990 cruore
1175 3934 1373 4004 largius
1394 3934 1663 3999 efﬂuenle,
1689 3950 1823 3989 con-

240 4032 393 4087 tinuo
422 4039 743 4096 moreretur,
778 4029 876 4083 nisi
905 4029 1073 4099 major
1095 4044 1277 4083 eorum
1304 4028 1590 4082 crudelitas
1618 4042 1709 4097 per
1736 4043 1825 4081 oc-

239 4123 440 4179 cultam
458 4122 551 4176 Dei
575 4121 990 4177 misericordiam
1017 4120 1322 4190 profuisset.
1347 4119 1477 4174 Nam
1501 4135 1619 4173 cum
1652 4135 1824 4174 mem-

239 4215 354 4272 bris
380 4228 447 4272 ex
476 4232 538 4272 ea
565 4225 714 4285 parte
731 4215 941 4269 nudatis
970 4214 1258 4268 semivivus
1284 4214 1497 4283 insuper
1525 4228 1826 4283 pronusque

241 4309 567 4374 traheretur,
598 4307 926 4363 exundantes
957 4322 1117 4361 venas
1147 4307 1375 4360 latenter
1398 4307 1569 4376 pulvis
1608 4306 1823 4360 obstru-

242 4401 370 4454 sit’.
402 4399 531 4453 Inde
574 4406 876 4453 nostrorum
910 4398 1151 4452 manibus
1194 4412 1313 4452 cum
1362 4395 1612 4465 ferretur,
1642 4412 1827 4452 rursus

243 4491 346 4545 illis
398 4490 725 4544 irruentibus
775 4488 1036 4543 violenter
1069 4497 1306 4543 extortus
1358 4497 1458 4555 eSt,
1510 4488 1828 4559 graviusque

242 4583 553 4648 mulctatus,
585 4582 718 4635 etde
746 4581 955 4636 excelsa
985 4581 1114 4635 turri
1134 4589 1289 4634 noctu
1304 4580 1679 4651 praecipitatus,
1704 4581 1829 4637 sub-

245 4682 324 4728 ter
379 4674 562 4728 cinere
615 4672 865 4727 stercoris
892 4673 1120 4726 molliter
1141 4672 1350 4740 jacebat
1372 4680 1643 4741 exceptus,
1668 4686 1829 4726 sensu

246 4767 444 4819 amisso
463 4766 549 4818 vix
563 4774 859 4819 extremum
888 4763 1128 4833 spiritum
1158 4763 1396 4818 teuens’.
1417 4763 1491 4817 Ibi
1508 4779 1630 4817 eum
1659 4773 1831 4817 trans-

247 4858 358 4912 iens
388 4856 606 4927 quidam
637 4871 836 4926 pauper
876 4855 1095 4920 invenit,
1142 4870 1259 4909 cum
1287 4855 1486 4909 ventris
1508 4856 1830 4911 exonerandi

244 4967 404 5005 causa
434 4950 499 5002 ad
529 4963 651 5004 eum
681 4948 982 5002 divertisset
1009 4949 1203 5002 locum.
1239 4948 1465 5016 Agnovit
1491 4956 1829 5016 autem,eum

247 5042 473 5109 |.'\\'I(.IIIS
494 5055 644 5094 suam
672 5039 949 5109 conjugem
977 5036 1272 5102 accersilt‘,
1303 5052 1459 5107 quam
1516 5038 1695 5106 procul
1738 5053 1829 5093 ve-

248 5154 268 5185 ι·
306 5132 506 5188 cundia
535 5132 831 5187 dimoverat
876 5133 1145 5187 lucernam
1199 5131 1475 5185 ferentem.
1522 5130 1670 5185 Tunc
1708 5146 1830 5186 eum

243 5229 401 5281 ambo
433 5233 791 5295 pervexcrunt
808 5225 1044 5290 domum,
1063 5225 1145 5281 vel
1171 5224 1498 5293 miserando,
1526 5226 1608 5281 vel
1634 5224 1831 5295 aliquid

244 5318 407 5371 etiam
437 5317 618 5372 lucelli
646 5316 932 5387 sperando,
962 5332 1083 5373 cum
1104 5317 1215 5372 sive
1242 5316 1395 5371 vivus
1422 5317 1533 5371 sive
1569 5326 1828 5382 mortuus,

244 5410 509 5466 collectus
558 5418 737 5466 tamen
783 5409 979 5465 nostris
1021 5408 1414 5465 ostenderetur.
1464 5407 1601 5476 Quid
1644 5408 1835 5479 plura?

312 5565 328 5595 ι
356 5565 503 5613 sicin
526 5504 885 5627 omnibus
914 5572 967 5614 At
991 5566 1039 5614 in
1066 5564 1211 5615 editis
1233 5564 1432 5627 legitur,
1457 5562 1798 5627 Calmanensls.

310 5627 331 5656 ³
356 5626 481 5675 Editi
504 5662 518 5686 ,
564 5625 817 5676 obstruxit.
852 5633 961 5676 Mss.
988 5640 1176 5687 omnes,
1199 5624 1438 5676 obstruat.
1486 5632 1538 5675 Et
1561 5627 1610 5687 in
1634 5626 1837 5687 epistola

252 5684 357 5751 I83,
390 5688 449 5735 ad
473 5684 776 5751 Bonifacium,
802 5688 884 5737 ubi
897 5688 1001 5737 haec
1024 5684 1245 5751 ejusdem
1270 5688 1533 5751 Maximiani
1546 5684 1836 5751 describitur

250 5749 433 5812 aedes.
453 5763 507 5812 in.
534 5749 613 5812 27,
634 5746 845 5812 legitur:
875 5766 897 5794 α
915 5746 1180 5812 exundanti
1204 5763 1343 5799 vente
1362 5748 1517 5811 pulvis
1533 5750 1828 5799 obstrusus.»

315 5812 335 5871 ξ
365 5809 677 5859 Michaeliuus
693 5809 801 5871 'Ms.,
824 5810 1037 5861 trahens.

314 5870 336 5899 δ
360 5877 422 5937 lu.
449 5878 587 5931 3155.,
612 5870 896 5937 accerseret.
922 5898 983 5908 --
1003 5879 1078 5922 Er.
1117 5873 1265 5937 Lugd.
1292 5879 1347 5937 et
1385 5881 1500 5921 ven.
1543 5872 1613 5922 sic
1656 5871 1838 5937 habent

625 5933 820 5995 Agnovit
842 5939 1025 5993 autem,
1071 5941 1171 5985 tum
1183 5928 1405 5999 "pavidus
1428 5947 1563 5986 suam
1584 5934 1837 5997 conjugem

494 6078 724 6141 Sacr.
777 6081 1045 6142 Auensr.
1081 6081 1195 6143 IX.

1756 6172 1781 6187 θ

3372 519 3478 579 522

1900 631 2117 688 Mirabili
2148 636 2421 690 curatione
2450 644 2666 691 sanatus
2704 643 2806 703 est,
2849 634 2995 701 vivit,
3041 635 3219 707 plures
3258 637 3310 691 in
3355 637 3478 708 ejus

1901 737 2123 793 corpore
2152 726 2425 782 cicatrices
2454 744 2611 796 quam
2642 730 2877 784 membra
2922 738 3287 785 numerantur.
3327 730 3479 786 Hunc

1903 816 1970 871 ad
2000 820 2376 875 transmarinas
2408 829 2576 876 terras
2605 823 2837 877 occisum
2869 839 2897 875 a
2921 825 3134 889 vestris,
3169 825 3305 878 fama
3336 842 3477 879 nun-

1902 908 2141 977 tiaverat,
2174 920 2225 965 et
2248 912 2363 981 ejus
2386 910 2634 969 facinoris
2665 914 2987 980 immanitas,
3025 917 3308 986 gravisque
3340 916 3467 969 indi,

1901 1000 2094 1069 gnitas,
2127 1017 2549 1072 quaquaversum
2570 1004 2741 1058 audiri
2774 1007 2958 1073 potuit,
2997 1005 3179 1059 dolore
3210 1006 3474 1060 horrcndo

1901 1102 2087 1146 cuncta
2109 1106 2485 1149 commoverat.
2516 1096 2631 1161 Quo
2659 1106 2997 1166 posteaquam
3017 1098 3129 1165 ipse
3145 1106 3356 1150 secutus
3375 1107 3474 1149 est.

1903 1187 2286 1241 rccentissimm
2316 1188 2589 1243 cicatrices
2631 1188 2746 1258 ejus
2792 1189 2945 1243 fama:
2976 1189 3101 1243 illud
3144 1190 3473 1243 mendacium.

1901 1274 2285 1332 defenderunt:
2319 1295 2439 1332 nam
2470 1295 2624 1349 quem
2663 1281 3145 1350 tuncinspicientes
3176 1283 3261 1335 vix
3289 1282 3444 1334 t‘l't‘tIC

1902 1377 2019 1421 rent
2046 1370 2243 1435 vivum,
2277 1384 2380 1429 non
2411 1378 2613 1425 temere
2662 1371 2751 1425 illa
2782 1372 3010 1440 jactassc
3035 1372 3310 1425 videbatur
3340 1373 3479 1425 θοοῖς

1901 1473 2040 1513 sum.
2074 1460 2169 1514 Hic
2199 1476 2319 1515 cum
2352 1462 2459 1516 illic
2485 1462 2774 1516 invenisset
2801 1462 3054 1532 collegam
3080 1463 3479 1518 Thubursiccn-

1902 1561 2034 1614 sem,
2060 1566 2217 1619 quem
2239 1552 2393 1620 paulo
2416 1561 2539 1607 ante
2561 1555 2993 1619 commemoravi,
3023 1563 3076 1608 et
3098 1555 3229 1608 alios
3257 1553 3475 1608 nounui

1903 1639 1983 1693 los
2010 1640 2199 1694 similia
2231 1642 2313 1696 vel
2338 1658 2440 1696 non
2468 1644 2635 1697 multo
2663 1643 2914 1698 inferiora
2945 1659 3245 1713 perpessos,
3277 1660 3375 1699 nec
3400 1646 3477 1699 eis

1902 1731 1968 1786 ad
2000 1735 2211 1803 propria
2248 1736 2546 1791 revertendi
2578 1737 2685 1791 ulla
2715 1737 2933 1791 facultas
2967 1745 3148 1807 patere
3177 1737 3481 1802 videretur;

1880 1834 1957 1881 .et
1983 1825 2104 1893 quia
2131 1826 2630 1883 Circumcelliouum
2661 1837 2963 1884 vestrorum
2984 1828 3176 1885 nobilis
3200 1829 3343 1883 furor
3361 1828 3485 1883 hor-

1902 1918 2125 1973 rendum
2169 1921 2413 1988 praebens
2445 1923 2637 1977 vestris
2680 1922 2887 1977 clericis
2933 1923 3239 1977 satellitium
3285 1936 3482 1993 usque-

1905 2023 2111 2078 quaque
2138 2009 2475 2065 odiosissime
2498 2011 2754 2076 innotuit;
2782 2012 2967 2081 ingens
2992 2013 3046 2067 in
3072 2027 3166 2066 vos
3194 2012 3487 2081 conﬂagra-

1905 2103 1980 2157 vit
2000 2103 2215 2170 invidia,
2238 2111 2396 2173 atque
2413 2104 2535 2158 inde
2548 2104 2741 2158 factum
2764 2112 2845 2160 est
2862 2113 2985 2159 utet
3003 2106 3283 2173 przeteritae
3303 2120 3489 2160 omnes

1906 2203 2087 2249 contra
2116 2209 2211 2248 vos
2260 2195 2405 2265 leges
2450 2198 2827 2260 excitarentur,
2876 2204 2929 2250 et
2970 2196 3085 2249 ista:
3134 2196 3491 2250 conderentur

1907 2300 2059 2340 nova:
2100 2285 2196 2357 (a).
2242 2286 2472 2351 Quarum
2520 2296 2698 2342 tamen
2731 2287 3091 2341 universarum
3139 2286 3414 2352 severitas,
3446 2287 3491 2341 si

1908 2386 2208 2431 vestrorum
2237 2377 2549 2432 inordinata:
2580 2394 2642 2433 ac
2668 2378 2782 2433 sine
2808 2379 2913 2432 ulla
2938 2380 3052 2449 lege
3094 2380 3358 2449 grassanti
3388 2394 3491 2433 sa:-

1909 2470 2051 2523 vitiae
2094 2478 2452 2539 comparetur,
2501 2469 2634 2523 mira
2678 2470 2869 2524 lenitas
2910 2470 3224 2539 appellanda
3267 2480 3367 2526 est.
3398 2471 3484 2539 Hi1

1909 2558 2053 2615 enim
2084 2560 2251 2629 magis
2280 2567 2424 2615 tanta
2467 2568 2730 2630 potestate
2768 2569 2982 2631 accepta
3026 2562 3377 2617 mansuetudo
3400 2577 3483 2617 ca-

1911 2650 2102 2705 tholica
2128 2650 2552 2716 commendatur,
2580 2666 2739 2722 quam
2768 2651 3017 2708 hmretiea
3044 2653 3347 2707 immanitas
3379 2653 3491 2722 ple-

1911 2743 2222 2797 ctiturzimo
2245 2759 2371 2799 vero
2392 2745 2443 2798 in
2466 2758 2585 2809 nos,
2611 2742 2803 2809 caedes,
2832 2746 3065 2814 rapinas,
3096 2744 3361 2810 incendia,
3390 2760 3493 2799 cte-

1911 2835 2118 2899 citates,
2160 2836 2529 2905 excogitando,
2575 2835 2850 2901 minando,
2891 2836 3209 2900 exercendo,
3241 2835 3494 2890 audacius

1913 2934 1968 2981 et
2002 2927 2235 2980 insanius
2264 2926 2641 2981 debacchatur.

1988 3018 2209 3075 CAPUT
2236 3019 2415 3073 XLIV.
2443 3050 2513 3059 —
2539 3020 2626 3075 48.
2658 3018 2787 3074 Eme
2827 3019 2968 3076 enim
3019 3034 3119 3089 ego
3171 3034 3498 3074 commemo-

1917 3126 2041 3166 rare
2064 3111 2230 3175 volui,
2265 3126 2359 3179 per
2382 3127 2500 3180 qua:
2530 3109 2723 3165 factum
2751 3119 2851 3175 est,
2878 3120 2936 3165 ut
2959 3109 3041 3165 his
3068 3112 3263 3165 nostris
3294 3120 3498 3181 tempo-

1917 3202 2063 3257 ribus
2092 3201 2347 3257 adversus
2380 3216 2473 3255 vos
2508 3202 2605 3256 ista
2650 3202 2945 3271 imperialia
2980 3209 3172 3256 statuta
3211 3201 3495 3267 ferrentur,

1920 3297 2027 3351 imo
2067 3295 2323 3351 adversus
2366 3311 2605 3351 errorem
2634 3305 2870 3349 vestrum
2902 3294 2997 3367 (ὁ).
3041 3294 3170 3348 Nam
3202 3295 3326 3365 quid
3355 3303 3493 3360 tam,

1920 3390 1966 3445 si
1987 3389 2223 3460 sapiatis,
2259 3388 2511 3458 prodesse
2535 3388 2780 3458 probabis
2810 3388 2868 3440 ‘?
2893 3385 3153 3441 Caeterum
3180 3387 3355 3441 omnia
3379 3401 3498 3456 qua:

1921 3481 2005 3536 vel
2035 3480 2359 3535 anteriorum
2388 3478 2580 3535 litteris
2607 3478 2786 3544 didici,
2819 3478 2904 3532 vel
2933 3479 3048 3546 ipse
3075 3478 3327 3548 cognovi,
3360 3491 3499 3532 saeva

1923 3571 2059 3627 facta
2089 3579 2384 3626 vestrorum
2408 3612 2421 3634 ,
2472 3570 2663 3639 quibus
2710 3569 2777 3624 ab
2820 3569 2969 3623 initio
3004 3568 3281 3624 divisionis
3310 3578 3501 3624 vestra:

1923 3678 2090 3734 usque
2117 3662 2182 3717 ad
2211 3662 2312 3718 hoc
2338 3671 2543 3733 tempus
2574 3662 2863 3717 Ecclesiam
2891 3663 3206 3717 catholicam
3234 3664 3500 3731 persecuti

1923 3766 2066 3824 sunt,
2094 3756 2140 3810 si
2161 3756 2316 3811 velim
2340 3763 2598 3819 retexere,
2627 3769 2745 3825 quae
2768 3755 2964 3823 lingua,
2993 3754 3112 3823 quis
3132 3754 3305 3819 stilus,
3334 3766 3503 3822 quan-

1925 3858 2037 3903 tum
2076 3856 2285 3915 tempus
2311 3846 2581 3915 otiumque
2609 3844 2869 3899 sufficiat?

1996 3936 2222 3994 CAPUT
2259 3936 2417 3991 XLV.
2446 3966 2515 3975 -—
2544 3936 2633 3990 49.
2667 3934 2741 3989 De
2768 3933 2959 4004 Optato
2996 3949 3117 3990 cum
3148 3948 3390 4003 agerem,
3419 3943 3501 3989 tu-

1924 4046 2029 4102 que
2058 4030 2159 4087 hoc
2206 4029 2376 4100 magis
2404 4043 2660 4084 excusare
2690 4027 2951 4082 voluisses
2971 4068 2987 4094 ,
3034 4044 3189 4099 quam
3237 4043 3460 4099 purgare
3481 4070 3499 4094 ,

1926 4123 2106 4180 dixisti
2134 4138 2244 4178 reos
2266 4123 2381 4175 hinc
2399 4130 2585 4175 vestros
2614 4137 2718 4175 esse
2738 4136 2838 4174 non
2859 4135 3023 4189 posse,
3046 4121 3179 4191 quod
3201 4137 3282 4174 eos
3303 4120 3370 4173 ad
3390 4121 3504 4174 vin-

1927 4214 2201 4269 dicandum
2229 4229 2373 4267 nemo
2405 4213 2681 4283 pertulerit.
2724 4212 2825 4267 Tot
2852 4212 3259 4282 protestationes
3289 4223 3503 4268 nostro-
3576 4228 3583 4235 ·

1927 4323 2045 4362 rum
2072 4307 2139 4361 de
2168 4304 2535 4362 furiosissimis
2563 4313 2862 4359 vestrorum
2885 4303 3151 4359 violentiis
3171 4303 3384 4358 archiva
3408 4319 3506 4373 pu-

1928 4398 2065 4454 blica
2091 4398 2247 4453 citius
2275 4397 2659 4466 impleverunt,
2700 4410 2859 4465 quam
2890 4395 3051 4449 ullam
3096 4395 3232 4465 apud
3261 4410 3357 4451 vos
3384 4397 3504 4451 vin-

1928 4490 2122 4547 dictam
2154 4490 2241 4544 illa
2267 4488 2401 4542 facta
2428 4496 2756 4543 meruerunt.
2789 4485 2893 4541 Sed
2924 4485 3061 4541 forte
3086 4495 3141 4541 et
3167 4486 3253 4541 hic
3276 4485 3503 4553 dicatur,

1931 4582 2347 4654 protestationes
2370 4580 2582 4650 quidem
2607 4578 2897 4648 depositas,
2939 4577 3033 4632 sed
3061 4576 3127 4632 ad
3166 4576 3309 4646 ipsos
3337 4576 3507 4632 vindi-

1931 4674 2099 4729 cauda
2128 4674 2265 4728 nulla
2308 4672 2510 4741 perlata
2537 4672 2577 4723 ³.
2614 4669 2750 4723 Audi
2780 4683 2908 4737 ergo
2930 4667 3170 4738 quaedam
3190 4708 3207 4735 ,
3245 4684 3365 4738 qua:
3390 4669 3507 4738 ipse

1931 4780 2050 4819 sum
2079 4772 2349 4834 expertus.
2370 4763 2499 4817 Cum
2522 4768 2856 4828 receptarum
2876 4773 2906 4813 a
2929 4760 3115 4814 vestris
3129 4758 3508 4815 Maximianen—

1933 4856 2091 4921 sium,
2121 4870 2255 4926 quos
2281 4854 2692 4917 damnaverant,
2719 4864 2935 4905 causam
2957 4852 3417 4919 cognovissemus,
3451 4860 3506 4906 et

1936 4961 2053 5001 eam
2081 4956 2503 5015 quaquaversum
2532 4949 2835 5010 poteramus
2861 4940 3083 4995 ferventi
3110 4939 3505 4995 diﬂ’amaremus

1936 5034 2220 5099 instantia;
2251 5032 2322 5086 illi
2354 5030 2512 5085 rebus
2556 5040 2660 5084 tam
2702 5030 3002 5085 recentibus
3030 5038 3083 5084 et
3108 5038 3251 5084 tanta
3278 5030 3504 5085 manife-

1935 5124 2164 5180 statione
2207 5120 2566 5188 clarentibus,
2614 5120 2738 5191 quid
2783 5120 3105 5190 respondere
3142 5130 3361 5190 possent
3399 5136 3505 5177 non

1938 5214 2287 5278 invenientes.
2316 5212 2472 5268 solito
2498 5211 2738 5268 crebrius
2762 5220 2818 5267 et
2840 5211 3089 5267 audacius
3112 5210 3511 5268 Circumcellio-

1939 5322 2064 5362 num
2086 5306 2348 5362 violentiis
2375 5305 2647 5376 turbisque
2675 5304 2969 5359 furentibus
2996 5315 3091 5356 nos
3116 5316 3145 5353 a
3170 5302 3508 5371 praedicanda

1937 5398 2198 5456 catholica
2226 5398 2482 5465 veritate,
2514 5411 2714 5467 suaque
2755 5395 2959 5451 fallacia
2986 5392 3383 5462 convincenda,
3416 5394 3512 5461 de-

2005 5665 2021 5697 ί
2047 5662 2166 5713 Editi
2187 5667 2261 5711 Er.
2289 5668 2341 5711 et
2371 5667 2503 5711 Lov.:
2524 5666 2642 5709 Nam
2663 5654 2779 5716 quid
2800 5652 2909 5716 jam
2940 5650 2983 5703 si
3003 5648 3221 5713 sapiatis,
3244 5657 3393 5717 potest
3414 5665 3515 5705 esse

1940 5724 2230 5791 probabilius
2252 5722 2277 5774 ?
2298 5722 2614 5791 me!!de
2629 5724 2856 5791 ﬁmi,

1940 5773 2330 5900 ἔιᾷέῑόδὶῗεψι
2367 5784 2510 5841 editi,
2534 5780 2598 5830 ad
2620 5778 2745 5841 ipsos
2783 5773 3093 5828 vindicandos
3131 5774 3316 5828 nullam
3358 5776 3518 5843 perla-

2068 5861 2084 5898 :
2108 5860 2185 5896 ma
2207 5860 2253 5896 e.

2025 5934 2076 6058 (ιζ
2100 5938 2255 5993 Leges
2276 5930 2481 6001 Honorii.
2508 5926 2621 5999 vide
2640 5936 2784 5987 supra
2800 5930 2962 5975 notam
2990 5921 3084 5986 (α),
3107 5924 3201 5975 col.
3224 5921 3454 5977 445448.

2026 5994 2054 6044 b
2098 5991 2268 6043 Confer
2284 5998 2530 6055 Augustini
2548 5996 2690 6052 epist.
2718 5987 2823 6049 I85,
2846 6001 2895 6036 n.
2920 5984 2999 6034 26.

2025 5934 2076 6058 a3
2100 5938 2255 5993 Leges
2276 5934 2481 6001 Honorii.
2508 5934 2621 5999 vide
2640 5936 2784 5987 supra
2800 5934 2962 5975 notam
2990 5934 2999 5977 l

2002 5934 2054 6060 Eb
2098 5991 2268 6043 Confer
2284 5998 2530 6055 Augustini
2548 5996 2690 6052 epist.
2718 5987 2823 6049 I85,
2846 6001 2895 6036 n.
2920 5984 2999 6034 26.

2812 6072 3207 6162 {.Dt'x-sept.)
