4010 6472
483 429 588 495 527

485 555 668 611 biliter
705 552 964 616 tolerant,
1012 560 1118 602 non
1164 556 1227 599 ea
1266 537 1572 604 laudabilia,
1612 533 1704 590 sed
1747 526 2068 587 damnabilia

483 646 782 716 judicantes
809 662 822 695 ε
856 657 951 696 nec
982 647 1200 709 propter
1227 633 1425 688 zizania
1460 638 1694 700 segetem
1721 624 1941 690 Christi,
1972 635 2073 675 nec

487 713 704 810 propter
737 740 909 804 prims
934 747 1112 786 aream
1140 726 1372 790 Christi,
1398 738 1496 777 nec
1521 730 1736 792 propter
1761 730 1890 771 vasa
1921 713 2073 768 inho-

490 807 677 885 norata
731 831 945 882 domum
983 835 1226 891 magnam
1257 815 1478 881 Christi,
1507 828 1607 868 nec
1648 819 1868 882 propter
1903 807 2075 877 pisces

493 921 665 976 malos
697 918 828 972 retia
849 915 1048 968 Christi
1073 911 1470 979 derelinquunt.

563 1008 788 1066 CAPUT
845 1007 928 1061 ιι.
969 1035 1040 1049 --
1077 1004 1166 1060 56.
1222 1002 1396 1071 Reges
1439 1012 1561 1053 cum
1610 995 1663 1049 in
1702 1006 1887 1048 errore
1931 995 2076 1056 sunt,

490 1121 590 1177 pro
632 1105 748 1173 ipso
786 1116 972 1157 errore
1003 1101 1147 1171 leges
1171 1105 1356 1152 contra
1396 1088 1930 1149 veritatemferunt;
1956 1096 2080 1138 cum

491 1174 546 1250 in
576 1195 803 1250 veritate
855 1202 996 1258 sunt,
1028 1190 1270 1244 similiter
1307 1194 1492 1241 contra
1536 1195 1772 1235 errorem
1819 1191 1917 1246 pro
1964 1174 2080 1243 ipsa

489 1291 717 1344 veritate
760 1287 1098 1342 decernunt:
1131 1283 1199 1336 ita
1243 1290 1296 1336 et
1341 1277 1546 1348 legibus
1594 1272 1746 1326 malis
1786 1267 2081 1339 probantur

497 1384 643 1448 boni,
670 1392 721 1437 et
752 1381 956 1450 legibus
983 1377 1138 1432 bonis
1166 1372 1519 1430 emendantur
1544 1365 1725 1422 ‘mali.
1756 1363 1873 1417 Rex
1905 1359 2082 1415 Nabu-

495 1473 834 1529 chodonosor
867 1483 1149 1540 perversos
1189 1467 1361 1535 legem
1390 1475 1590 1517 saevam
1631 1455 1796 1520 dedit,
1829 1462 1887 1508 ut
1912 1452 2084 1508 simu-

497 1565 700 1620 lacrum
727 1564 1040 1617 adoraretur
1064 1579 1076 1613 :
1108 1559 1247 1612 idem
1274 1563 1546 1610 correctus
1573 1563 1835 1613 severam,
1855 1562 1925 1601 ne
1945 1545 2085 1599 Deus

495 1674 656 1714 verus
692 1655 1153 1725 blasphemaretur
1207 1649 1364 1722 (Dan.
1393 1664 1470 1722 ill,
1519 1646 1576 1712 5,
1610 1645 1664 1710 6,
1710 1642 1824 1712 96).
1875 1640 1933 1694 In
1984 1637 2087 1691 hoc

499 1750 642 1806 enim
673 1763 844 1816 reges,
888 1746 1025 1799 sicut
1060 1745 1138 1798 eis
1165 1741 1416 1795 divinitus
1446 1737 1770 1808 praccipitur,
1819 1733 1929 1787 Deo
1975 1745 2087 1784 ser-

500 1842 652 1896 viunt
674 1842 725 1894 in
755 1847 1007 1908 quantum
1037 1850 1195 1906 reges
1219 1843 1341 1888 sunt
1376 1830 1597 1903 (Psalm.
1627 1844 1683 1891 ll,
1711 1826 1823 1895 10),
1846 1825 1889 1877 si
1913 1823 1965 1877 in
1989 1835 2088 1875 suo

499 1946 666 2002 regno
716 1931 851 1984 bona
897 1927 1152 1999 jubeant,
1200 1925 1335 1980 mala
1379 1921 1715 1993 prohibeant,
1760 1931 1864 1970 non
1915 1913 2090 1968 solum

501 2039 622 2095 qua:
650 2023 920 2094 pertinent
944 2021 1010 2076 ad
1038 2020 1326 2074 humanam
1357 2015 1689 2074 societatem,
1713 2020 1897 2062 verum
1925 2003 2090 2060 etiam

504 2131 624 2188 qua:
649 2115 714 2170 ad
747 2115 978 2168 divinam
1008 2111 1342 2180 religionem.

577 2207 667 2264 57.
708 2204 926 2260 Frustra
978 2203 1132 2267 dicis,
1177 2200 1456 2266 Relinquar
1506 2196 1660 2250 libero
1709 2190 1938 2246 arbitrio.
1987 2187 2094 2244 Cur

507 2299 650 2354 enim
691 2312 794 2352 non
828 2297 880 2350 in
909 2293 1208 2349 homicidiis
1236 2300 1292 2346 et
1320 2291 1371 2344 in
1401 2288 1617 2358 stupris,
1642 2295 1697 2342 et
1721 2287 1775 2340 in
1796 2284 2095 2355 quibusque

507 2391 628 2445 aliis
658 2388 979 2445 facinoribus
1007 2394 1061 2441 et
1099 2383 1314 2454 ﬂagitiis
1362 2381 1531 2436 libero
1573 2388 1626 2434 te
1666 2378 1888 2433 arbitrio
1916 2375 2096 2430 dimit-

509 2481 729 2538 tendum
775 2495 893 2535 esse
941 2475 1284 2548 proclamas?
1332 2473 1460 2541 Quae
1499 2481 1674 2525 tamen
1717 2468 1894 2524 omnia
1938 2465 2096 2535 justis

510 2573 714 2646 legibus
741 2570 1044 2641 comprimi,
1078 2567 1420 2623 utilissimum
1457 2579 1519 2619 ac
1548 2563 1958 2619 saluberrimum
1992 2567 2094 2612 est.

508 2664 890 2736 Deditquidem
908 2663 1044 2717 Deus
1061 2660 1262 2715 homini
1283 2659 1506 2714 liberam
1523 2655 1872 2715 voluntatem,
1887 2649 1982 2706 sed
1999 2663 2097 2703 nec

508 2754 704 2810 bonam
751 2754 1154 2817 infructuosam,
1200 2765 1300 2805 nec
1343 2748 1534 2802 malam
1564 2760 1684 2800 esse
1710 2743 1879 2798 voluit
1923 2741 2098 2810 impu-

511 2847 698 2900 nitam.
718 2845 956 2914 Quisquis
971 2842 1324 2908 christianum,
1347 2838 1540 2909 inquis,
1563 2836 1898 2907 persequitur,
1913 2831 2100 2888 Christi

511 2950 584 2995 est
614 2941 866 2994 inimicus.
896 2937 1095 2992 Verum
1137 2935 1291 2999 dicis,
1323 2935 1366 2988 si
1412 2948 1520 2987 non
1549 2931 1653 2986 hoc
1694 2930 1746 2983 in
1778 2929 1871 2982 illo
1919 2941 2103 2997 perse-

512 3033 724 3104 quitur’
754 3030 896 3102 quod
924 3027 1138 3083 Christo
1167 3035 1250 3080 est
1288 3023 1578 3078 inimicum.
1611 3020 1794 3090 Neque
1822 3017 1962 3072 enim
2005 3015 2102 3070 do-

512 3123 691 3178 minus
731 3123 785 3175 in
824 3134 998 3184 servo,
1033 3125 1184 3188 pater
1227 3113 1281 3167 in
1323 3113 1452 3179 ﬁlio,
1494 3111 1715 3165 maritus
1755 3109 1807 3163 in
1852 3107 2097 3177 conjuge,

512 3231 634 3271 cum
686 3222 809 3269 sunt
863 3212 1071 3282 utrique
1111 3205 1418 3270 christiani,
1465 3220 1572 3258 non
1617 3201 1814 3256 debent
1858 3198 2101 3270 persequi

513 3307 642 3364 vilia
672 3305 975 3362 christiana:
1023 3300 1289 3357 contraria
1341 3295 1576 3352 veritati.
1609 3295 1692 3348 An
1733 3306 1859 3346 vero
1904 3290 1948 3344 si
1995 3303 2101 3343 non

513 3405 922 3472 persequantur,
954 3409 1059 3449 non
1103 3393 1180 3448 rei
1214 3387 1550 3460 negligentiae
1599 3385 1790 3440 merito
1838 3382 2102 3439 tenebun-

515 3489 647 3544 tur?
693 3487 798 3542 Sed
829 3487 882 3539 in
909 3484 1156 3539 omnibus
1198 3482 1456 3537 tenendus
1482 3487 1566 3534 est
1598 3477 1788 3532 modus
1815 3486 1967 3546 aptus
2007 3474 2105 3528 hu-

518 3577 783 3644 manitati,
813 3591 1080 3646 congruus
1103 3574 1347 3629 charitati
1372 3590 1385 3638 ;
1417 3580 1476 3625 ut
1506 3585 1607 3625 nec
1635 3577 1801 3623 totum
1841 3567 1980 3636 quod
2009 3581 2106 3635 po-

519 3670 725 3726 tcstatis
750 3677 831 3723 est
851 3675 1148 3734 exseratur,
1171 3673 1224 3719 et
1251 3665 1304 3718 in
1328 3679 1392 3718 eo
1414 3661 1556 3732 quod
1578 3659 1866 3725 exseritur,
1891 3658 2105 3713 dilectio

518 3777 624 3817 non
653 3758 947 3824 amittatur,
973 3758 1024 3811 in
1049 3771 1112 3812 co
1139 3765 1316 3810 autem
1343 3752 1485 3823 quod
1515 3767 1622 3806 non
1648 3751 1934 3814 exseritur,
1957 3763 2104 3802 man.

518 3851 744 3908 suetudo
765 3858 1112 3905 monstretur.
1145 3845 1241 3902 Ubi
1271 3861 1399 3899 vero
1428 3844 1572 3898 nulla
1603 3859 1671 3899 ex
1697 3841 1894 3896 divinis
1921 3840 2107 3894 huma-

519 3945 668 3998 nisve
690 3944 894 4014 legibus
925 3948 1159 4011 potestas
1180 3936 1510 4000 conceditur,
1530 3935 1663 3989 nihil
1685 3933 1928 4004 improbe
1948 3941 2107 4000 atque

519 4034 890 4105 imprudenter
916 4032 1193 4087 audeatur.

593 4125 820 4181 CAPUT
860 4123 967 4178 Lll.
996 4153 1065 4162 -—-
1094 4122 1182 4176 58.
1212 4119 1347 4174 Audi
1367 4119 1475 4190 jam
1505 4117 1574 4172 de
1601 4113 2108 4171 Maximianensibus

527 4215 669 4286 quod
692 4215 849 4285 paulo
880 4223 1004 4268 ante
1030 4213 1364 4275 distuleram,
1390 4219 1446 4264 ut
1471 4218 1524 4265 et
1545 4218 1664 4264 tuos
1693 4208 1975 4278 episcopos
2013 4220 2110 4260 no-

522 4307 666 4362 veris
698 4307 788 4360 tibi
817 4321 936 4360 esse
964 4305 1253 4368 mentitos;
1285 4311 1340 4357 et
1365 4317 1473 4357 non
1500 4301 1672 4355 solum
1703 4299 1843 4370 quod
1882 4298 2113 4369 pertinet

527 4401 596 4457 ad
627 4399 882 4470 Baptismi
911 4397 1281 4467 quaestionem,
1314 4395 1400 4449 vel
1427 4394 1495 4448 ad
1527 4393 1822 4447 alienorum
1864 4399 2111 4460 peccato-

525 4511 645 4551 rum
686 4495 739 4547 in
770 4491 1011 4547 Ecclesia
1055 4489 1172 4544 sine
1216 4487 1430 4558 propria
1477 4485 1931 4541 contaminatione
1975 4485 2111 4540 Iole-

526 4588 780 4654 rantiam,
810 4600 994 4640 verum
1043 4583 1203 4638 etiam
1246 4579 1388 4651 quod
1437 4579 1504 4634 ad
1547 4578 1934 4648 persecutionis
1982 4577 2114 4632 invi-

529 4681 694 4747 diam,
738 4679 789 4732 in
833 4692 934 4747 qua
963 4674 1178 4746 quidem
1205 4672 1367 4728 vestri
1409 4672 1463 4726 in
1512 4685 1611 4725 nos
1653 4669 1827 4725 omnia
1872 4670 2113 4724 Romana

525 4773 650 4845 jura
678 4782 730 4826 et
759 4769 1005 4841 praesidia
1032 4773 1369 4837 superarunt,
1390 4764 1443 4818 in
1475 4763 1576 4818 hac
1607 4777 1708 4817 una
1733 4762 2114 4816 Maximianen-

531 4868 668 4922 sium
701 4878 858 4918 causa
907 4860 1118 4916 noveris
1159 4857 1452 4912 terminari.
1494 4855 1625 4910 Nam
1669 4853 1713 4908 si
1760 4853 1972 4909 concilii
2016 4853 2116 4907 Ba-

535 4956 769 5029 gaiensis
795 4953 1165 5024 episcoporum
1197 4958 1496 5004 vestrorum
1538 4955 1902 5001 trecentorum
1940 4953 1994 4998 et
2017 4943 2114 4998 de-

531 5064 672 5114 cem,
693 5044 1093 5101 memorabilem
1126 5042 1290 5106 illam,
1318 5039 1385 5094 de
1408 5054 1511 5109 qua
1537 5037 1783 5107 superius
1813 5034 1955 5106 quod
1985 5033 2114 5090 satis

532 5156 654 5196 esse
679 5138 958 5193 videbatur
1002 5132 1222 5198 inserui,
1256 5146 1361 5185 non
1400 5139 1453 5185 te
1499 5129 1665 5200 piguit
1693 5128 1872 5198 legere
1896 5135 2113 5183 senten—

531 5233 684 5296 tiam,
715 5245 834 5283 cum
864 5228 950 5281 illa
975 5226 1135 5280 verba
1166 5224 1442 5277 damnatos
1467 5237 1586 5276 cum
1631 5221 1950 5274 Maximiano
1982 5220 2114 5275 duo-

533 5322 727 5386 decim,
760 5335 986 5391 quorum
1026 5315 1368 5388 praesentium
1414 5313 1658 5369 manibus
1696 5313 1968 5368 ordinatus
2009 5321 2111 5380 est,

535 5413 870 5484 apertissime
915 5409 1238 5470 ostendant;
1285 5407 1595 5461 dilationem
1636 5413 1813 5460 autem
1858 5405 2114 5460 redeundi

536 5507 604 5564 ad
633 5505 1062 5563 communionem
1092 5510 1322 5557 vestram
1354 5499 1456 5553 illis
1495 5513 1615 5553 esse
1653 5513 1984 5562 concessam,
2022 5498 2113 5568 qui

533 5614 656 5657 cum
687 5606 871 5655 essent
907 5599 961 5652 in
989 5595 1361 5653 communione
1399 5591 1721 5659 Maximiani,
1761 5591 2113 5648 Primianum-

597 5742 616 5776 ι
645 5745 742 5786 Am.
767 5743 819 5787 et
841 5748 1013 5786 omnes
1033 5741 1162 5795 Mss,
1185 5731 1523 5795 emundmttur.

595 5803 620 5832 ²
645 5808 777 5860 Am.,
818 5799 902 5849 sed
935 5810 1030 5860 non
1072 5792 1160 5846 hoc
1194 5794 1259 5860 in,
1283 5792 1366 5844 illo
1409 5792 1725 5860 persequitur.
1767 5797 1840 5841 Er.
1885 5796 1936 5841 et
1967 5797 2112 5860 Lov._,

529 5862 625 5983 3f:
667 5855 772 5913 hoc
809 5860 860 5911 in
908 5859 990 5911 illo
1035 5855 1356 5922 persequitur.
1401 5855 1702 5919 Castigantur
1743 5867 1807 5906 ex
1851 5855 2115 5906 manuscri-

1256 419 1529 479 CONTRA
1554 407 1985 473 CRESCONIUM
2023 401 2476 476 DONATISTAM,
2515 407 2572 465 S.
2614 403 2981 466 AUGUSTINI

2176 539 2278 592 que
2304 523 2669 592 damnassent,
2699 534 2878 580 tamen
2907 519 3119 594 quando
3153 517 3501 576 Maximianus
3535 517 3752 574 ordina-

3649 392 3750 458 598

2178 624 2264 670 tus
2309 625 2410 681 est,
2443 631 2550 671 non
2598 617 2996 681 interfuerunt;
3045 627 3216 683 neque
3257 609 3402 667 enim
3445 623 3637 665 omnes
3680 609 3760 664 in-
3805 627 3825 642 τ

2180 718 2384 764 teresse
2426 719 2735 780 potuerunt,
2775 718 2869 763 aut
2913 722 2979 762 ex
3024 719 3173 761 more
3217 703 3566 760 debuerunt:
3596 700 3761 772 pluri-

2181 816 2327 855 mum
2354 802 2521 856 miror
2549 800 2818 870 quomodo
2846 807 2900 854 te
2930 797 3059 866 falli,
3092 796 3271 853 nescio
3297 811 3404 866 quo
3445 794 3758 860 mentiente,

2183 893 2513 962 permiseris,
2557 894 2642 948 cui
2681 892 2842 947 verba
2884 891 2998 960 ipsa
3034 905 3154 960 quae
3193 887 3419 943 obscura
3464 901 3573 942 non
3619 893 3763 953 sunt,

2185 1000 2284 1040 nec
2314 994 2527 1040 acutum
2565 984 2834 1055 ingenium
2879 997 2984 1053 quo
3009 980 3377 1044 discutiantur,
3422 978 3518 1034 sed
3562 987 3768 1032 tantum

2185 1077 2421 1131 animum
2459 1091 2564 1146 quo
2603 1076 2946 1131 advertantur
2983 1082 3298 1144 exposcunt,
3327 1086 3396 1127 ne
3422 1071 3491 1126 ab
3517 1085 3585 1127 eo
3627 1069 3770 1127 falle-

2185 1169 2342 1235 reris,
2371 1168 2598 1223 recitare
2639 1167 2877 1238 potuisti.
2905 1165 3012 1221 Sed
3042 1166 3164 1235 quia
3209 1164 3325 1220 fieri
3367 1173 3546 1234 potest
3575 1173 3636 1218 ut
3666 1179 3769 1218 non

2186 1273 2304 1312 eam
2357 1259 2571 1328 legeris,
2622 1267 2677 1312 et
2721 1257 2948 1326 simplici
3000 1255 3191 1312 aﬂ'ectu
3237 1265 3488 1327 tanquam
3518 1256 3775 1327 episcopo

2188 1350 2272 1404 vel
2313 1350 2576 1420 episcopis
2606 1348 2749 1404 aliud
2796 1349 2890 1403 tibi
2920 1347 3313 1404 insinuantibus
3341 1347 3501 1404 facile
3528 1346 3775 1404 credide-

2189 1443 2298 1508 ris;
2353 1442 2534 1512 accipe
2562 1457 2678 1497 eam
2709 1449 2764 1496 et
2810 1440 2946 1512 lege,
2979 1449 3035 1496 et
3058 1455 3219 1511 quam
3265 1440 3356 1495 tibi
3396 1455 3427 1494 a
3464 1454 3552 1495 me
3593 1454 3775 1494 verum

2191 1534 2398 1590 dicatur
2442 1534 2677 1590 attende.
2723 1532 2907 1604 Neque
2953 1533 3094 1589 enim
3137 1541 3360 1604 possunt
3402 1547 3522 1588 eam
3566 1530 3776 1603 tegendi

2192 1626 2450 1681 mendacii
2497 1627 2577 1680 sui
2623 1641 2813 1694 causa,
2855 1633 2916 1681 ut
2958 1624 3169 1678 libitum
3227 1623 3418 1690 fuerit,
3458 1621 3775 1687 emendare,

2193 1721 2302 1774 imo
2351 1718 2575 1785 falsare,
2607 1734 2764 1789 quam
2804 1717 3005 1788 judicio
3045 1716 3257 1788 publico
3300 1715 3440 1786 apud
3483 1727 3777 1784 proconsu-

2195 1813 2301 1866 lem
2343 1812 2724 1882 allegaverunt,
2757 1825 2916 1881 quam
2967 1808 3129 1864 toties
3167 1808 3332 1879 gestis
3371 1805 3780 1875 municipalibus

2197 1903 2559 1972 inserendam,
2613 1917 2712 1974 pro
2763 1917 2874 1957 suae
2913 1915 3089 1956 causaa
3139 1899 3461 1955 necessitate
3505 1905 3778 1962 curarunt,

2197 1997 2410 2068 quando
2449 1996 2678 2068 agebant
2717 1995 2978 2052 adversus
3003 2008 3120 2060 eos,
3147 2002 3207 2049 ut
3236 1994 3306 2050 de
3344 1992 3580 2048 basilicis
3619 1991 3782 2062 pelle-

2197 2102 2404 2146 rentur.

2269 2182 2495 2238 CAPUT
2522 2181 2652 2237 Llll.
2684 2211 2754 2222 —
2782 2182 2872 2238 59.
2898 2180 2986 2237 Sic
3005 2189 3153 2236 certe
3181 2179 3364 2251 incipit
3392 2193 3454 2234 ea
3483 2176 3783 2233 sententia:

2201 2267 2693 2337 Cum'omnipotentis
2709 2265 2805 2320 Dei
2825 2265 3071 2320 etChristi
3084 2266 3194 2334 ejus
3221 2264 3476 2318 voluntate
3501 2263 3554 2316 in
3581 2260 3786 2315 ecclesia

2199 2360 2790 2434 Bagaiensi‘concilium
2826 2358 3441 2431 gereremus,Gamalius,
3476 2355 3788 2420 Primianus,

2205 2451 2442 2520 Pontius,
2474 2451 2846 2518 Secundianus,
2879 2451 3214 2520 Januarius’,
3253 2449 3587 2512 Saturninus,
3619 2445 3786 2509 Felix,

2203 2546 2481 2619 Pegasius,
2515 2545 2738 2616 Ruﬁnus
2757 2587 2772 2611 ,
2803 2543 3112 2611 Fortunius,
3146 2543 3437 2614 Crispinus,
3469 2539 3792 2606 Florentius,

2207 2639 2446 2712 Optatus,
2491 2639 2744 2707 Donatus,
2783 2638 3130 2704 Donatianus,
3172 2645 3217 2691 et
3247 2635 3412 2690 caeteri
3441 2650 3654 2688 numero
3702 2641 3795 2685 tre-

2205 2734 2335 2788 centi
2351 2743 2395 2786 et
2411 2731 2580 2786 decem
2607 2749 2625 2786 :
2655 2730 2850 2802 placuit
2876 2729 3101 2798 Spiritui
3135 2736 3308 2781 sancto
3339 2725 3425 2797 qui
3460 2725 3516 2778 in
3547 2724 3692 2778 nobis
3705 2732 3795 2789 est,

2206 2843 2381 2897 pacem
2406 2826 2612 2894 ﬁrmare
2628 2832 2941 2895 perpetuam,
2967 2830 3013 2875 et
3039 2820 3316 2874 schismata
3344 2833 3573 2872 resecare
3597 2815 3807 2870 sacrile-

2206 2935 2291 2990 go.
2322 2917 2526 2974 Deinde
2554 2932 2675 2972 cum
2720 2916 2886 2971 multa
2916 2915 2969 2969 in
3005 2927 3100 2969 eos
3145 2909 3412 2966 horrenda
3443 2909 3798 2970 vomuissent,

2206 3009 2366 3078 paulo
2396 3017 2516 3078 post
2562 3008 2676 3062 ait:
2715 3005 3086 3060 Maximianum
3124 3003 3245 3074 ﬁdei
3277 3001 3538 3066 temulum,
3580 2997 3802 3053 veritatis

2209 3103 2515 3168 adulterum,
2546 3099 2787 3154 Ecclesiae
2810 3099 2988 3152 matris
3013 3095 3294 3162 inimicum,
3314 3093 3518 3158 Dathw,
3547 3090 3731 3156 Chore,
3755 3097 3802 3144 et

2208 3197 2398 3250 Abiron
2420 3195 2719 3259 ministrum,
2743 3193 2804 3246 de
2830 3191 2969 3262 pacis
2993 3190 3182 3262 gremio
3211 3186 3469 3243 sententiae
3484 3185 3684 3256 fulmen
3711 3198 3802 3237 ea:-

2209 3289 2568 3356 cussit.Vides,
2598 3297 2656 3342 ut
2681 3286 2932 3353 arbitror,
2961 3284 3332 3339 Maximianum
3362 3281 3480 3336 sine
3510 3279 3621 3333 ulla
3646 3276 3804 3333 dubi-

2211 3383 2412 3437 tatione
2433 3380 2760 3436 damnatum.
2793 3377 2992 3433 Deinde
3019 3386 3142 3448 post
3168 3389 3354 3446 pauca,
3380 3373 3474 3429 sed
3495 3372 3655 3442 plane
3679 3385 3804 3441 gra-

2210 3474 2446 3540 vissima,
2479 3487 2596 3544 quae
2617 3472 2670 3524 in
2691 3485 2812 3524 eum
2838 3469 2993 3523 libuit
3021 3467 3343 3532 declamare,
3372 3465 3669 3534 adjungens
3711 3477 3806 3516 or-

2212 3567 2481 3622 dinatores
2529 3565 2664 3634 ejus,
2704 3572 2902 3618 etcum
2953 3575 3019 3614 eo
3059 3559 3176 3614 sine
3214 3558 3469 3612 dilatione
3491 3555 3756 3609 damnans
3787 3568 3805 3608 :

2215 3659 2324 3712 Nec
2343 3659 2504 3712 solum
2530 3658 2684 3720 hunc,
2715 3655 2904 3725 inquit,
2924 3651 3124 3708 sceleris
3151 3651 3229 3705 sui
3285 3668 3420 3705 mors
3437 3651 3574 3721 justo
3610 3647 3811 3702 conde-

2211 3759 2381 3817 nmat,
2433 3749 2583 3801 trahit
2631 3748 2780 3801 etiam
2841 3745 2909 3797 ad
2960 3742 3264 3797 consortium
3297 3740 3521 3794 criminis
3555 3737 3810 3808 plurimos

2213 3850 2390 3896 catena
2417 3839 2685 3909 sacrilegii.
2719 3835 2923 3891 Deinde
2949 3850 3070 3889 cum
3099 3834 3261 3888 etiam
3291 3833 3343 3885 in
3377 3832 3612 3900 ipsorum
3645 3844 3811 3899 exag-

2212 3931 2504 4006 gerandum
2533 3930 2728 3995 scelus,
2767 3943 2886 3998 qua:
2917 3926 3119 3998 putavit
3148 3922 3515 3988 declamando,
3546 3920 3808 3986 lfudisset,

2214 4023 2507 4081 nominavit
2521 4036 2614 4077 eos
2630 4022 2720 4085 ita,
2735 4017 3100 4087 conclusitque
3111 4015 3387 4069 damnatos
3405 4033 3419 4067 :
3439 4012 3652 4066 Famosi
3661 4026 3808 4081 ergo,

2215 4116 2406 4188 inquit,
2419 4114 2641 4169 criminis
2659 4128 2791 4179 reos,
2808 4109 3149 4164 Victorianum
3176 4105 3643 4170 Carcabianensem,
3661 4101 3812 4154 Mar-

2217 4212 2411 4267 tianum
2422 4207 2777 4271 Sullectinum,
2796 4200 3383 4258 BeianumBaianensem
3401 4197 3441 4265 ⁸,
3457 4197 3690 4253 Salvium
3705 4196 3814 4249 Au-

2217 4305 2535 4376 saphensem,
2555 4300 2873 4355 Theodorum
2903 4297 3216 4362 Usulensem,
3238 4293 3497 4348 Donatum
3526 4290 3817 4346 Sabrateno

2218 4415 2340 4465 sem,
2350 4396 2633 4467 Miggenem
2652 4391 3165 4461 Elephantariensem,
3179 4386 3536 4440 Prwtextatum
3551 4383 3817 4436 Assuritao

2220 4507 2361 4558 num,
2391 4488 2621 4544 Salvium
2643 4484 3103 4548 Membresitanum,
3118 4479 3372 4535 Valerium
3410 4476 3753 4530 Melzitanum
3770 4475 3813 4542 ⁸,

2221 4582 2537 4637 Felicianum
2561 4578 2894 4632 Mustitanum
2918 4585 2965 4630 et
2990 4573 3278 4628 Martialem
3306 4569 3683 4631 Pertusensem,
3723 4567 3815 4638 qui

2220 4676 2419 4746 funesto
2451 4688 2600 4744 opere
2628 4669 2923 4740 perditionis
2950 4683 3036 4721 vas
3057 4664 3318 4720 sordidum
3334 4662 3542 4717 collecta
3561 4659 3814 4729 [iaculen-

2222 4771 2291 4823 tia
2317 4768 2658 4840 glutinarunt;
2689 4763 2776 4817 sed
2802 4773 2847 4816 et
2876 4760 3082 4815 clericos
3111 4756 3386 4828 aliquando
3412 4753 3652 4808 Ecclesia?
3677 4751 3818 4806 Car-

2223 4860 2463 4931 thaginis,
2491 4857 2574 4927 qui
2599 4856 2719 4909 dum
2745 4853 2962 4924 facinori
2985 4853 3254 4913 intersunt,
3280 4848 3455 4902 illicito
3483 4844 3696 4899 incestni
3751 4843 3820 4896 lc-

2222 4952 2478 5008 nocinium
2506 4949 2862 5022 prwbuerun-t;
2885 4944 2980 4999 Dei
3011 4941 3332 5014 praesidentis
3360 4939 3567 4994 arbitrio
3597 4936 3820 4990 mirer-

2222 5049 2344 5104 salis
2365 5044 2566 5101 concilii
2589 5061 2675 5098 ore
2703 5041 2918 5096 veridico
2943 5039 3210 5092 damnatos
3227 5052 3332 5091 esse
3343 5032 3650 5106 cognoscite.
3668 5028 3820 5098 Quid

2223 5139 2450 5211 planius,
2477 5135 2603 5207 quid
2633 5131 2985 5198 manifestius,
3006 5128 3133 5200 quid
3159 5126 3462 5198 expressius
3479 5123 3581 5179 dici
3597 5121 3820 5192 potest?

2293 5229 2518 5288 CAPUT
2556 5227 2687 5282 LIV.
2715 5255 2786 5265 —
2805 5223 2894 5280 60.
2926 5220 3060 5277 Audi
3099 5220 3209 5290 jam
3241 5217 3434 5289 quibus
3459 5212 3640 5270 dilatio
3670 5222 3821 5268 tem-

2223 5324 2371 5396 poris
2398 5319 2666 5392 impertita
2695 5317 2796 5382 sit;
2823 5323 2881 5370 ut
2909 5312 3093 5368 videas
3118 5325 3212 5367 eos
3240 5324 3359 5365 esse
3396 5307 3484 5378 qui
3510 5319 3618 5360 non
3646 5303 3824 5359 inter-

2225 5416 2460 5479 fuerunt,
2485 5410 2697 5484 quando
2725 5407 3070 5472 Maximiano,
3100 5419 3220 5460 cum
3241 5399 3598 5463 ordinaretur,
3619 5409 3822 5450 manus

2225 5508 2485 5579 impositte
2525 5513 2668 5560 sunt.
2699 5503 2802 5558 Eos
2823 5511 3014 5566 autem,
3043 5497 3234 5569 inquit,
3273 5511 3398 5566 quos
3434 5488 3670 5562 sacrilegi
3701 5505 3824 5545 sur!-

2288 5669 2306 5700 ί
2331 5674 2462 5729 Lov.,
2482 5665 2534 5718 in
2555 5657 3232 5726 Eccleslasancta
3257 5656 3424 5720 Abest,
3454 5660 3826 5720 Multi.

2215 5737 2498 5842 afﬁnes
2521 5799 2648 5851 Mss,
2671 5783 3016 5851 Jtmuaritmus.

2291 5856 2312 5887 ³
2329 5854 2496 5904 Plures
2517 5847 2643 5902 item
2659 5859 2789 5912 Mss,
2814 5847 3137 5912 Beitmenscm.

2288 5917 2311 5949 ⁸
2335 5919 2417 5968 Hic
2439 5929 2607 5966 omnes
2630 5922 2755 5972 Mss.,
2774 5909 3070 5964 'Velitanum.
