4010 6486
222 559 341 615 adi
363 574 468 614 non
499 562 725 630 polluere
747 562 1023 634 plantaria,
1051 568 1105 622 id
1126 579 1217 638 est,
1242 573 1328 642 qui
1348 589 1381 628 a
1418 574 1719 631 Maximiani
1737 596 1822 633 ca-

220 649 337 721 pite
356 653 597 721 praprias
618 670 798 710 manus
821 661 1100 715 verecundo
1129 664 1323 732 pudore
1336 666 1455 733 ﬁdei
1480 680 1819 737 retraxerunt,

218 744 294 795 ad
324 753 544 797 matrem
574 744 857 802 Ecclesiam
906 751 1071 807 redire
1116 756 1453 824 permisimus.
1502 759 1609 815 Hos
1644 764 1820 819 cernis

216 835 683 904 quemadmodum
728 854 833 894 non
874 841 1051 897 dicant
1075 859 1193 901 esse
1217 847 1515 915 damnatos,
1558 853 1652 908 sed
1695 862 1821 911 tunc

214 926 415 983 eadem
443 927 803 988 damnationis
833 936 1094 991 sententia
1123 940 1450 1010 retinendos,
1481 945 1524 998 si
1553 954 1817 1004 transacto

212 1016 310 1073 die
341 1020 660 1088 constituto,
685 1023 861 1080 redire
891 1026 1176 1084 noluerint.
1203 1030 1372 1099 Quem
1400 1034 1537 1090 diem
1569 1035 1639 1092 ita
1682 1054 1814 1095 con-

208 1111 490 1167 stituunt:
517 1115 590 1167 Ac
616 1132 680 1169 ne
703 1128 991 1188 angustum,
1030 1121 1222 1193 inquit,
1266 1126 1588 1183 redeuntibus
1620 1139 1815 1203 tempus

208 1220 359 1272 spem
385 1205 570 1259 salutis
593 1216 801 1262 arctatte
814 1210 915 1263 diei
943 1228 1176 1280 pressura
1202 1216 1467 1285 subducat,
1493 1225 1811 1292 agnoscenti-

207 1293 305 1349 bus
356 1296 543 1364 quibus
596 1297 730 1367 licet,
778 1302 1094 1358 manentibus
1142 1308 1537 1375 prascedentibus
1587 1315 1807 1381 statutis,

206 1387 467 1443 universis
487 1406 642 1459 usque
656 1392 707 1445 in
722 1392 854 1447 diem
868 1403 1097 1450 octavum
1114 1398 1809 1472 calendarumjanuariarum

205 1481 448 1551 proxime
477 1484 773 1553 futurarum
801 1486 1073 1556 agnitionis
1100 1492 1369 1559 pandimus
1377 1494 1617 1565 januam,
1649 1507 1704 1551 ut
1730 1499 1812 1552 iri—-

204 1574 335 1645 tegri
356 1574 571 1630 honoris
589 1594 649 1629 ac
677 1577 797 1646 ﬁdei
812 1581 1024 1649 regressi
1040 1582 1254 1638 habeant
1268 1586 1603 1653 fundamenta
1620 1604 1640 1642 :
1657 1606 1808 1660 quam

201 1665 247 1717 si
275 1665 559 1736 quisquam
585 1667 782 1739 ingredi
817 1671 1087 1741 nequiverit
1126 1674 1275 1744 pigra
1300 1678 1531 1747 segnitia,
1560 1680 1683 1733 sciat
1712 1682 1807 1736 sibi

200 1758 271 1811 ad
296 1774 484 1814 omnes
519 1761 738 1815 veniales
774 1762 942 1817 aditus
969 1780 1062 1817 sua
1096 1762 1350 1821 voluntate
1374 1769 1505 1822 viam
1546 1788 1651 1825 esse
1696 1776 1807 1827 sub-

198 1854 436 1906 ductam.
470 1852 697 1908 Manebit
719 1856 852 1909 enim
878 1855 1013 1909 circa
1040 1874 1122 1911 eos
1147 1858 1281 1913 dicta
1314 1863 1581 1929 sententia,
1614 1872 1661 1919 et
1691 1875 1804 1935 post

201 1945 553 2014 praestitutum
578 1946 707 2000 diem
736 1947 1059 2003 redeuntibus
1087 1950 1193 2019 ﬁxa
1220 1953 1530 2021 ptenitentia.

268 2033 511 2090 CAPUT
540 2034 649 2091 LV.
688 2065 759 2076 -—
779 2036 867 2092 6i.
895 2037 1053 2095 Certe
1086 2039 1196 2109 jam
1221 2042 1497 2111 perspicis,
1526 2043 1607 2099 vir
1625 2045 1799 2102 diser-

198 2126 433 2191 tissime,
460 2127 514 2181 in
544 2127 659 2182 illos
686 2138 736 2182 te
754 2129 947 2199 potius,
970 2145 998 2184 a
1023 2131 1214 2202 quibus
1229 2133 1564 2190 mendacium
1582 2137 1795 2207 audisti,

195 2219 384 2274 omnia
403 2228 722 2290 retorquere
744 2220 960 2290 debere,
992 2239 1113 2293 qua:
1136 2225 1189 2280 in
1219 2241 1336 2293 nos,
1368 2236 1613 2298 tanquam
1643 2246 1796 2286 men-

196 2312 277 2367 titi
308 2313 382 2369 de
412 2313 518 2368 hac
546 2328 607 2368 re
634 2314 910 2383 fuerimus,
948 2316 1173 2373 dicenda
1196 2320 1485 2375 arbitratus
1519 2336 1599 2377 es.
1637 2323 1795 2381 Certe

193 2405 465 2476 perspicis
489 2405 611 2460 illos
626 2405 780 2474 duos,
808 2406 875 2461 de
907 2408 1097 2478 quibus
1122 2412 1347 2481 agimus,
1371 2429 1440 2467 ex
1469 2430 1654 2470 eorum
1675 2431 1794 2474 esse

193 2510 454 2563 numero,
486 2497 575 2567 qui
600 2512 721 2552 cum
742 2496 1062 2554 Maximiano
1084 2500 1368 2556 duodecim
1396 2502 1516 2559 sine
1535 2505 1793 2562 dilatione

194 2589 441 2645 damnati
468 2599 612 2658 sunt,
642 2605 750 2646 non
778 2606 847 2646 ex
876 2604 1062 2647 eorum
1093 2593 1285 2663 quibus
1308 2595 1563 2651 redeundi
1583 2607 1791 2669 tempus

194 2682 471 2739 indultum
495 2692 596 2739 est.
621 2683 779 2740 Certe
806 2684 991 2755 liquet,
1026 2686 1212 2755 claret,
1259 2698 1313 2743 et
1342 2690 1634 2760 cernitur‘,
1688 2692 1788 2747 ob-

191 2773 430 2841 scurari,
463 2772 643 2845 obtegi
664 2775 811 2829 nullo
832 2774 994 2831 modo
1027 2786 1222 2848 potest,
1265 2790 1461 2849 quanta
1487 2781 1788 2852 eloquentia

190 2863 235 2919 is
258 2879 289 2918 a
320 2879 438 2935 quo
467 2864 734 2920 sententia
764 2865 852 2920 illa
878 2867 1015 2921 dicta
1046 2879 1147 2934 est,
1186 2869 1458 2939 discrevit,
1482 2873 1784 2940 illustravit,

190 2954 485 3023 expressit.
514 2954 620 3010 Cur
653 2956 817 3011 verba
858 2957 1031 3013 adhuc
1054 2958 1287 3014 dantur?
1308 2961 1416 3015 Cur
1435 2972 1620 3018 contra
1650 2964 1785 3021 luci-

188 3043 475 3099 dissimam
503 3046 780 3101 veritatem
800 3062 898 3118 pro
921 3049 1202 3105 manifesto
1215 3067 1396 3108 errore
1411 3054 1787 3111 contenditur?

187 3135 297 3192 Cur
327 3138 580 3193 homines
612 3154 671 3195 se
714 3140 858 3209 ipsos
896 3141 1204 3213 decipiunt?
1240 3144 1295 3200 Si
1323 3146 1540 3216 laqueos
1562 3147 1782 3219 diaboli,

187 3243 330 3299 quos
388 3231 657 3286 resolvere
715 3241 876 3303 atque
933 3234 1252 3306 abrumpere
1306 3238 1600 3309 deberent,
1655 3256 1784 3297 conc

186 3324 445 3379 strictius
465 3325 731 3394 implicant
754 3335 809 3380 et
852 3326 1173 3393 obvolvunt;
1206 3329 1381 3386 adhuc
1426 3332 1608 3403 accipe
1641 3333 1785 3390 unde

183 3415 599 3481 vehementius,
627 3426 680 3473 et
713 3418 915 3475 utinam
950 3434 1073 3475 cum
1097 3420 1274 3492 aliquo
1298 3421 1474 3479 fructu
1497 3427 1784 3482 correctio-

179 3506 276 3563 nis
308 3507 646 3563 erubescant.

254 3599 502 3656 CAPUT
518 3601 649 3657 LVl.
680 3631 740 3642 —-
763 3604 851 3659 62.
874 3604 931 3659 In
948 3616 1243 3662 memorato
1263 3608 1489 3664 concilio
1504 3609 1781 3682 Bagaiensi

184 3689 303 3747 dies
334 3700 393 3747 et
424 3694 607 3747 consul
634 3694 934 3765 adscriptus
962 3706 1064 3764 est,
1094 3712 1200 3753 non
1248 3699 1418 3754 solum
1458 3716 1563 3771 quo
1591 3702 1781 3758 decre-

185 3794 298 3842 tum
359 3786 571 3841 concilii
613 3789 883 3843 conditum
928 3800 1032 3859 est,
1078 3806 1267 3846 verum
1308 3793 1467 3847 etiam
1512 3794 1676 3863 ipsius
1704 3796 1784 3851 di.

118 3884 121 3885 '
186 3875 435 3932 lationis.
471 3877 610 3949 Ergo
633 3893 662 3932 a
689 3879 775 3935 die
796 3890 982 3935 octavo
1006 3882 1349 3937 calendarum
1378 3884 1636 3938 mai-arum
1662 3896 1783 3954 post

183 3971 530 4027 consulatum
556 3971 839 4028 Theodosii
862 3974 1082 4045 Augusti
1104 3990 1180 4041 ιιι,
1204 3976 1479 4031 consulatu
1513 3978 1783 4047 Augusto-

184 4075 330 4129 rum,
362 4062 584 4117 Arcadii
613 4079 669 4118 ιιι
698 4074 753 4119 et
782 4065 998 4121 Honorii
1021 4067 1267 4132 iterum',
1291 4068 1381 4137 qui
1410 4066 1522 4123 dies
1548 4079 1629 4124 est
1654 4084 1781 4123 con-

184 4153 290 4207 cilii
326 4153 658 4224 Bagaiensis,
690 4172 856 4227 usque
875 4158 941 4212 ad
963 4167 1207 4213 octavum
1227 4159 1569 4214 ealendarum
1588 4160 1774 4231 janua-
1818 4174 1822 4178 ‘

184 4245 413 4313 riarum,
456 4246 549 4316 qui
600 4246 715 4303 dies
753 4258 836 4303 est
878 4250 1165 4317 dilationis,
1206 4259 1328 4305 octo
1375 4265 1586 4305 menses
1611 4250 1780 4307 ferme

184 4347 560 4393 numerantur.
581 4338 849 4395 Invenitur
864 4350 1039 4396 autem
1056 4342 1337 4411 postulatio
1360 4343 1497 4411 apud
1514 4343 1779 4399 Herodem

183 4429 567 4500 proconsulem
636 4431 792 4503 (vide
847 4442 1044 4501 quanto
1109 4443 1227 4503 post
1286 4432 1470 4504 dicta)
1522 4434 1781 4490 adversus

185 4519 524 4577 Felicianum
550 4531 605 4577 et
632 4523 1010 4579 Praetextatum
1039 4524 1106 4580 de
1132 4525 1429 4580 Mustitanis
1466 4535 1520 4581 et
1562 4528 1779 4583 Assuri-

183 4613 322 4667 tanis
350 4613 488 4666 locis
517 4613 896 4681 excludendos,
948 4615 1097 4685 cujus
1133 4631 1300 4685 pauca
1342 4618 1608 4687 subjunxi.
1656 4619 1779 4674 Post

182 4708 510 4761 consulatum
557 4708 873 4762 dominorum
918 4708 1127 4762 Arcadii
1167 4726 1222 4763 ιιι
1259 4718 1302 4763 et
1344 4708 1559 4765 Honorii
1599 4712 1781 4766 iterum

183 4797 537 4868 Augustorum
588 4797 687 4869 (a),
726 4808 867 4853 sexto
904 4816 1063 4853 nonas
1102 4801 1331 4866 martias,
1373 4800 1677 4871 Carthagine
1724 4803 1780 4856 in

185 4889 458 4943 secretario
483 4890 706 4958 prwtorii
734 4888 967 4943 Titianus
988 4890 1114 4943 dixit
1135 4906 1151 4943 :
1171 4889 1476 4961 Peregrinus
1500 4893 1778 4962 presbyter,

186 4988 230 5032 et
254 4979 485 5033 seniores
508 4976 749 5033 Ecclesiae
770 4976 823 5031 Μ
831 4996 889 5032 us
900 4980 1072 5032 titana:
1088 4980 1303 5049 regionis
1318 4979 1338 5010 ³
1361 4982 1460 5033 tale
1474 4981 1779 5037 desiderium

187 5083 567 5143 prosequuntur
598 5087 617 5123 :
641 5071 768 5127 Cum
790 5070 1036 5126 Ecclesiae
1063 5072 1327 5127 catholica:
1355 5077 1667 5129 sanctitatem
1704 5078 1780 5131 vir

185 5166 449 5219 memoria:
473 5164 771 5218 venerabilis
796 5164 857 5217 ab
885 5172 1056 5218 errore
1081 5164 1307 5235 per/idia'
1328 5164 1557 5221 Donatus
1582 5184 1779 5223 assere-

186 5269 282 5325 ret,
314 5259 372 5311 in
402 5258 514 5326 ejus
535 5273 715 5311 nomen
737 5266 784 5310 et
806 5258 995 5311 cultant
1010 5257 1185 5311 mundi
1206 5259 1491 5327 penetotius
1509 5260 1779 5315 observan-

190 5350 260 5403 tia
291 5349 493 5403 nutrita
518 5348 706 5402 coaluit
739 5366 751 5401 :
784 5348 871 5403 sed
901 5365 1018 5403 cum
1046 5348 1155 5420 ejus
1178 5348 1436 5419 religionis
1465 5350 1783 5410 laudandum

250 5551 341 5619 ξω
379 5549 649 5620 potigribus
673 5555 724 5599 et
766 5547 1017 5620 plerisque
1041 5555 1171 5608 Mss,
1220 5546 1406 5620 claret,_
1426 5547 1609 5620 emimt.
1642 5550 1661 5612 (
1678 5551 1777 5613 vel,

184 5610 316 5662 enim
355 5608 443 5671 ei;
484 5609 609 5660 forte
640 5624 741 5673 pro
753 5608 783 5668 ,“
812 5608 1019 5673 enitet),
1066 5608 1315 5668 concerni,
1359 5608 1659 5673 obscurari;
1681 5608 1774 5663 etc:

249 5676 270 5704 ²
294 5669 610 5736 omnesstss.
634 5669 740 5721 haec
761 5673 912 5736 verba
935 5669 1251 5733 praetereunt,
1276 5669 1522 5736 consulatu
1548 5682 1780 5736 Augusto-

185 5746 299 5804 rum
320 5733 537 5804 .4rcadii,
562 5740 607 5782 et
630 5732 828 5783 Honorii
851 5730 1057 5794 iterum;
1083 5730 1351 5795 eorumque
1375 5730 1480 5782 loco
1510 5730 1710 5795 habent,
1733 5742 1779 5785 et

187 5794 554 5916 “xxxiii,
592 5857 814 5908 Ecclesia:
854 5856 1120 5909 Mnstitana:
1157 5865 1203 5908 et
1247 5856 1537 5911 Assuritana:
1552 5858 1776 5922 regionis.

253 5934 330 5997 (a)
348 5944 481 5987 anno
503 5935 670 5986 Christi
690 5934 796 5985 594.

1616 465 1810 521 LIBER
1851 467 2164 532 TERTIUS.

3409 499 3515 555 530

1935 583 2315 657 mirandumque
2341 596 2653 662 propositum
2691 598 2997 656 Maximiani
3035 605 3298 675 cujusdam
3324 622 3512 666 venena

1931 676 2232 744 polluerent,
2280 683 2553 740 multorum
2599 700 2757 745 cattus
2807 694 3085 749 antistitum
3131 697 3185 751 in
3212 714 3369 752 unum
3403 699 3509 756 Deo

1929 768 2249 837 conspirante
2284 774 2540 846 collectus,
2574 780 2826 836 hominem
2854 785 2932 838 vel
2955 790 3122 856 potius
3151 800 3357 858 pestem,
3398 808 3513 862 qua

1926 874 2157 928 superna:
2176 862 2431 933 displicuit
2456 870 2726 939 majestati,
2759 875 2909 928 etiam
2929 892 3072 947 pura:
3091 880 3271 934 mentis
3299 885 3509 953 propria

1926 951 2223 1005 coercitione
2273 955 2549 1013 damnavit.
2610 961 2714 1018 Eos
2755 982 2949 1036 quoque
2985 986 3108 1039 quos
3148 951 3330 1028 aliena:
3371 951 3507 1044 prae-

1924 1044 2223 1111 sumptionis
2252 1062 2392 1101 error
2408 1059 2703 1119 attraxerat,
2735 1068 2882 1125 portu
2908 1061 3070 1129 primo
3101 1067 3356 1133 proposito
3400 1085 3508 1137 pte-

1923 1132 2136 1199 nitendi,
2168 1137 2211 1188 si
2257 1140 2433 1193 reverti
2480 1156 2715 1213 cuperent
2754 1148 2885 1201 intra
2911 1159 3105 1222 tempus
3133 1132 3205 1207 ad
3247 1132 3502 1227 religionis

1921 1226 2167 1280 tramitem
2208 1230 2493 1285 destitutum
2523 1235 2570 1300 ί,
2620 1240 2730 1307 pari
2759 1240 2942 1309 vigoris
2991 1243 3331 1301 admonitione
3360 1265 3499 1303 com-

1921 1318 2133 1383 pescuit.
2183 1319 2289 1374 Sed
2314 1324 2419 1376 suis
2457 1325 2698 1381 institutis
2742 1330 2979 1399 iniquitas
3004 1335 3298 1405 delectatur,
3329 1347 3376 1392 et
3423 1356 3503 1394 sc-

1916 1409 2181 1479 metipsam
2208 1430 2307 1467 non
2336 1419 2539 1485 deserit,
2563 1436 2677 1473 cum
2702 1424 2855 1476 semel
2881 1428 3194 1496 praecipitata
3237 1434 3498 1486 corruerit.

1915 1498 2064 1556 Idem
2089 1521 2305 1576 namque
2326 1507 2676 1568 Maximianus
2698 1524 2911 1584 emptam
2943 1521 3098 1572 nutrit
3143 1524 3428 1589 audaciam,
3452 1535 3499 1579 et

1915 1592 2044 1648 alios
2092 1597 2287 1651 sibimet
2338 1603 2593 1657 consociat
2638 1605 2705 1658 ad
2744 1610 2987 1675 furorem.
3016 1608 3158 1664 Inter
3197 1630 3319 1683 quos
3348 1617 3498 1669 etiam

1913 1682 2208 1742 Felicianus
2231 1691 2458 1759 quidam,
2492 1694 2580 1763 qui
2604 1697 2767 1765 primo
2808 1709 2941 1751 recta
2978 1682 3217 1769 sectatus,
3243 1704 3495 1773 deprava-

1912 1774 2062 1829 tionis
2088 1777 2240 1849 hujus
2261 1784 2647 1839 attaminatione
2670 1789 2920 1856 fuscatus,
2954 1792 3006 1843 in
3030 1790 3311 1847 Mustitana
3355 1798 3495 1867 posi-

1911 1874 1991 1920 tus
2020 1868 2236 1935 civitate,
2274 1871 2381 1926 Deo
2424 1877 2754 1945 omnipotenti
2794 1882 3008 1951 parietes
3055 1896 3390 1953 consecratos,
3448 1900 3496 1943 et

1909 1954 2191 2013 Ecclesiam
2215 1966 2550 2020 venerandam
2578 1972 2721 2037 quasi
2736 1973 2954 2040 quadam
2970 1974 3254 2031 obsessione
3278 1980 3491 2035 credidit

1906 2051 2249 2105 retinendam.
2302 2053 2457 2109 Hunc
2510 2059 2661 2112 etiam
2705 2060 3042 2119 Prwtextatus
3081 2069 3135 2121 in
3183 2070 3492 2127 Assuritanis

1907 2142 2134 2209 partibus
2163 2144 2408 2199 imitatur.
2459 2148 2567 2203 Sed
2592 2167 2706 2205 cum
2740 2156 2990 2223 aequitatis
3037 2167 3137 2214 tua:
3166 2162 3493 2218 innotesceret

1905 2235 2137 2303 potestati
2192 2240 2500 2294 consortium
2550 2244 2908 2314 sacerdotum,
2955 2250 3189 2318 jussisti,
3246 2263 3301 2306 ut
3351 2264 3493 2324 gesta

1902 2332 2146 2380 testantur
2163 2328 2259 2399 (a),
2284 2332 2492 2395 exploso
2513 2336 2650 2388 omni
2668 2341 3078 2397 contradictionis
3098 2343 3297 2413 e/fectu,
3326 2364 3491 2402 sacra-

1900 2416 2106 2471 tissimis
2120 2422 2460 2477 sacerdotibus
2471 2441 2503 2477 a
2512 2428 2744 2497 profanis
2760 2432 3003 2487 mentibus
3020 2436 3251 2491 ecclesias
3263 2440 3490 2493 vindica-

1899 2514 1976 2560 tas
1989 2520 2219 2577 oportere
2240 2514 2451 2567 restitui.
2475 2515 2635 2572 Vides
2648 2534 2841 2589 nempe
2858 2538 3024 2592 usque
3042 2524 3107 2577 ad
3127 2526 3281 2595 hujus
3299 2538 3483 2599 postu-

1896 2597 2106 2655 lationis
2131 2602 2272 2657 diem
2295 2604 2474 2661 abillo
2504 2604 2812 2677 praestituta:
2836 2614 3122 2683 dilationis,
3153 2597 3481 2689 quodﬁtrium

1895 2686 2009 2744 fere
2052 2693 2313 2748 mensium
2364 2704 2573 2768 tempus
2616 2700 2898 2758 efﬂuxerit.
2948 2706 3263 2763 Producitur
3302 2720 3482 2767 autem

1894 2781 1996 2836 iste
2021 2783 2319 2853 conﬂictus,
2347 2797 2601 2856 quantum
2631 2808 2695 2847 ex
2737 2796 2902 2864 gestis
2933 2802 3399 2867 proconsularibus
3426 2814 3482 2860 et

1893 2873 2304 2943 municipalibus
2332 2878 2584 2950 indagare
2624 2886 2918 2953 potuimus,
2949 2906 3114 2959 usque
3136 2894 3202 2947 ad
3229 2894 3269 2947 Τ
3274 2894 3477 2950 Ιιροᾶοο

1891 2977 2009 3017 rum
2065 2968 2459 3037 proconsulem,
2512 2971 2612 3026 hoc
2658 2985 2962 3047 est,usque
3002 2981 3065 3034 ad
3107 2985 3229 3037 anni
3257 2986 3479 3040 alterius

1891 3050 2032 3107 diem
2063 3055 2404 3112 undecimum
2444 3062 2697 3117 calendas
2735 3064 2987 3135 januarii.
3017 3071 3133 3138 Quo
3159 3072 3245 3127 die
3292 3074 3475 3130 clerici

1891 3152 1944 3199 et
1972 3145 2210 3202 seniores
2238 3159 2454 3219 agentes
2484 3153 2582 3207 sub
2611 3154 2812 3224 Rogato
2860 3160 3130 3229 episcopo,
3161 3164 3251 3232 qui
3296 3165 3347 3218 in
3386 3165 3465 3220 lo-

1889 3248 2012 3290 cum
2042 3236 2276 3292 damnati
2296 3239 2601 3296 Praztextati
2627 3246 2926 3301 Assuritani
2945 3248 3115 3304 fuerat
3136 3252 3474 3323 subrogatus,

1888 3326 2249 3397 allegaverunt
2301 3335 2579 3387 memorati
2627 3340 2956 3403 proconsulis
2994 3340 3311 3410 jussionem,
3353 3360 3475 3400 cum

1889 3416 2053 3472 aforis
2086 3428 2238 3474 erant
2263 3435 2290 3473 ιι
2331 3426 2707 3495 communione
2750 3438 2947 3494 vestra,
2979 3441 3032 3485 ct
3053 3432 3291 3501 ejusdem
3324 3449 3474 3490 com-

1887 3509 2157 3564 munionis
2178 3520 2368 3565 vestrae
2396 3512 2595 3568 inimici
2617 3516 2668 3569 in
2686 3516 2901 3585 judiciis
2929 3520 3151 3589 publicis
3179 3525 3476 3593 argueban-

1890 3606 1993 3665 tur,
2048 3609 2100 3655 et
2128 3602 2432 3670 expellendi
2450 3603 2517 3659 de
2565 3606 2695 3661 lucis
2738 3608 2848 3663 Deo
2886 3625 3096 3667 summo
3152 3616 3477 3672 consecratis

1888 3701 2139 3763 tanquam
2168 3696 2406 3765 sacrilegi
2437 3698 2771 3765 petebantur.

1958 3778 2186 3839 CAPUT
2233 3785 2388 3839 LVll.
2426 3815 2496 3826 ---
2541 3788 2629 3841 65.
2676 3789 2753 3841 Ex
2810 3790 3051 3859 quolibet
3092 3807 3220 3863 ergo
3250 3810 3474 3851 numero

1888 3874 2086 3931 fuerint
2108 3876 2432 3947 (quanquam
2456 3879 2585 3933 satis
2611 3891 2866 3948 appareat
2891 3898 2955 3936 ex
2984 3900 3088 3953 quo
3111 3885 3351 3959 fuerint),
3379 3890 3474 3959 qui

1888 3968 2027 4023 intra
2076 3970 2421 4023 constitutum
2481 3971 2750 4026 dilationis
2806 3973 2945 4027 diem
2995 3981 3355 4033 communioni
3413 3996 3473 4036 se

1888 4069 2078 4114 vestrm
2125 4075 2228 4114 non
2275 4061 2689 4130 reddiderunt';
2739 4067 3003 4133 quomodo
3050 4084 3168 4122 cum
3224 4071 3289 4124 iis
3339 4088 3474 4141 quos

1888 4158 2036 4203 extra
2060 4150 2489 4205 communionem
2515 4163 2747 4208 vestram
2784 4155 3202 4224 haptizaverunt,
3238 4177 3343 4215 non
3375 4178 3470 4216 cx—

1888 4242 2044 4312 piatis
2070 4242 2173 4296 alio
2214 4243 2556 4313 Baptismate,
2608 4247 2917 4301 redierunt?
2946 4250 3000 4302 ln
3054 4266 3160 4320 quo
3201 4254 3338 4306 facto
3364 4269 3469 4308 non

1889 4348 1982 4387 vos
2026 4333 2660 4405 reprehendimus,‘quod
2686 4337 3011 4407 Baptismum
3041 4340 3239 4396 Christi
3272 4360 3472 4414 nequa-

1888 4439 2046 4494 quam
2078 4425 2392 4495 sacrilegum
2414 4427 2571 4481 etiam
2603 4427 2657 4481 in
2686 4429 2972 4485 schismate
2996 4433 3253 4503 sacrilego
3276 4449 3473 4505 cogno-

1888 4516 2071 4578 vistis;
2126 4516 2268 4586 quod
2318 4517 2595 4573 hominum
2631 4521 2977 4588 perversitate
3024 4535 3284 4587 correcta,
3343 4526 3471 4580 illud

1887 4606 2029 4676 quod
2056 4607 2215 4662 etiam
2245 4608 2296 4660 in
2331 4609 2597 4677 perversis
2647 4619 2853 4665 rectum
2876 4612 3063 4679 fuerat,
3099 4616 3469 4685 approbastis;

1887 4699 2029 4768 quod
2056 4699 2287 4753 humana
2318 4701 2441 4753 vitia
2467 4716 2587 4754 cum
2609 4701 2800 4755 divinis
2840 4704 3125 4773 signaculis
3152 4722 3256 4760 non
3286 4708 3474 4762 confu-

1886 4790 2072 4855 distis;
2121 4791 2260 4859 quod
2302 4790 2438 4843 dona
2475 4791 2750 4856 Ecclesia},
2788 4808 2905 4862 qua:
2951 4805 3145 4864 praeter
3181 4797 3473 4851 Ecelesiam

1887 4894 2097 4949 quoque
2128 4880 2309 4935 haberi
2335 4888 2388 4932 et
2416 4879 2528 4933 dari
2565 4881 2631 4934 ad
2663 4881 2969 4939 habentium
3001 4895 3053 4939 et
3101 4887 3471 4957 accipientium

1886 4969 2204 5038 supplicium
2244 4977 2551 5038 potuerunt,
2601 4986 2699 5025 nec
2749 4973 2802 5027 in
2830 4973 3094 5028 damnatis
3146 4977 3466 5045 damnanda,

1886 5074 1986 5115 nec
2011 5060 2061 5112 in
2092 5058 2320 5127 receptis
2352 5059 2602 5113 mutanda
2633 5065 2935 5117 censuistis.

1957 5149 2183 5205 CAPUT
2222 5148 2403 5203 LVIII.
2431 5180 2500 5188 —
2527 5150 2613 5205 64.
2656 5152 2763 5208 Nec
2816 5154 2943 5209 illud
2989 5156 3466 5225 reprehendimus,

1886 5242 2029 5312 quod
2071 5240 2289 5295 eosdem
2344 5241 2489 5310 ipsos
2545 5241 2735 5296 famosi
2787 5244 3023 5298 criminis
3060 5260 3212 5311 reos,
3250 5255 3304 5300 et
3352 5258 3471 5316 post

1886 5332 2205 5395 sententiam
2268 5333 2623 5390 damnationis
2688 5338 2961 5405 ipsorum,
3036 5349 3089 5390 et
3161 5347 3281 5405 post
3334 5338 3469 5394 dila-

1887 5426 2045 5481 tionis
2075 5425 2214 5480 diem
2262 5427 2379 5481 aliis
2405 5428 2772 5495 constitutum,
2802 5439 2976 5482 tamen
3000 5437 3217 5498 propter
3246 5432 3469 5499 populos

1886 5517 2126 5572 infirmos
2152 5518 2242 5587 qui
2271 5519 2349 5574 eis
2376 5518 2733 5585 adhaeserunt,
2764 5519 3124 5587 recordantes,
3154 5522 3335 5587 credo,
3372 5540 3467 5593 pa-

1887 5609 2208 5665 trisfamilias
2264 5611 2690 5675 sollicitudinem,
2750 5627 2818 5666 ne
2872 5611 3028 5667 simul
3076 5629 3197 5669 cum
3251 5618 3467 5674 zizauiis

1950 5736 1968 5804 ἶ
2002 5738 2160 5804 ῗςπίβν
2182 5732 2518 5804 Ρνίξδτίίυέᾳηιῖ
2759 5745 2791 5804 .’
2828 5800 2836 5804 -
2876 5801 2883 5804 _
2944 5796 2952 5804 .

1950 5795 1969 5863 ξ
2002 5795 2083 5863 Hie
2105 5792 2332 5863 pass-duo
2349 5795 2544 5863 addunt,
2568 5792 2799 5863 qugmodo
2819 5800 2914 5845 toto
2936 5795 3018 5847 illo
3051 5805 3262 5863 tempore
3281 5814 3311 5853 a
3338 5802 3464 5855 vobis

1888 5854 2083 5907 alienati
2098 5855 2340 5919 baptizare
2360 5853 2648 5917 potuerunt?

1955 5936 2027 5999 (a)
2050 5944 2188 5987 Gesta
2210 5945 2373 5988 contra
2388 5936 2608 5999 Salvium,
2634 5934 2752 5988 infra
2774 5936 2856 5989 lib.
2878 5940 2925 6004 4,
2946 5955 2995 5993 ιι.
3016 5944 3062 5995 ὃ.
