4010 6526
464 521 565 578 851

471 633 835 690 eradicaretur
873 639 932 686 et
981 627 1212 684 triticum
1244 667 1260 693 ,
1301 627 1418 682 sine
1456 621 1630 696 aliqua
1678 619 2042 680 detractione‘

468 726 817 798 colligendos,
848 733 902 778 et
938 723 1051 793 ipsa
1089 720 1414 775 abundantia
1457 719 1730 775 ‘charitatis
1756 716 2047 788 expiandos

467 833 588 874 esse
609 815 923 872 credidistis.
957 813 1064 868 Nec
1091 812 1220 867 illud
1269 809 1730 882 reprehendimus,
1757 809 1896 882 quod
1927 824 2043 874 eos,

468 925 590 965 cum
617 908 790 964 adhuc
839 907 1029 962 famosi
1071 901 1369 960 schismatis
1403 905 1678 974 sacrilegio
1712 899 2042 968 tenerentur,

468 1001 630 1054 etiam
657 1011 754 1068 per
787 1003 1029 1053 terrenas
1054 1005 1348 1066 potestates
1376 996 1635 1065 persecuti
1680 996 1828 1050 estis.
1863 994 2049 1049 Fiebat

465 1094 608 1148 enim
637 1091 764 1159 hoc,
791 1095 1045 1161 quantum
1065 1097 1157 1143 res
1175 1089 1289 1158 ipsa
1312 1097 1594 1143 consecuta
1621 1085 1890 1153 indicavit,
1925 1101 2047 1140 cor-

466 1181 672 1256 figendi
693 1185 888 1250 studio,
915 1189 1026 1238 non
1049 1181 1299 1249 nocendi,
1330 1178 1390 1236 u't
1411 1179 1515 1236 illis
1552 1181 1808 1236 molestiis
1843 1179 2042 1249 agitati,

467 1289 624 1335 suum
654 1280 829 1335 scelus
846 1277 1083 1347 cogitare
1107 1283 1443 1345 cogerentur,
1473 1279 1525 1329 et
1551 1273 1813 1343 repressis
1838 1273 2047 1326 animo-

470 1373 646 1428 sitatis
673 1368 818 1425 furiis
847 1367 1154 1424 emendare.
1201 1365 1307 1422 Sed
1335 1366 1457 1436 quia
1477 1363 1576 1419 ista
1601 1379 1706 1419 non
1753 1362 2048 1434 reprehen-

469 1466 666 1530 dimus,
700 1463 820 1519 ideo
846 1461 1009 1516 νεεὶῆ
1050 1459 1349 1515 schismatis
1379 1453 1580 1512 crimen
1605 1457 1722 1526 jure
1752 1456 2049 1525 culpamus,

468 1560 661 1613 merito
707 1557 1054 1619 detestamur,
1097 1549 1478 1608 bittni‘t‘atione
1508 1543 1892 1615 convincimus,
1946 1549 2052 1617 quo

467 1665 564 1706 vos
591 1653 620 1704 a
671 1650 847 1716 nobis,
896 1650 1004 1703 imo
1045 1645 1112 1702 ab
1141 1645 1283 1701 orbis
1313 1649 1576 1700 terra‘rtnm
1614 1642 1873 1726 catholica
1901 1645 2053 1696 com-

470 1745 726 1800 munione
748 1741 1028 1812 separatis,
1059 1739 1182 1794 talia
1211 1737 1363 1793 nobis
1392 1734 1715 1806 obiiciendo,
1756 1733 1929 1804 qualia
1961 1746 2055 1786 vos

467 1838 524 1892 in
551 1849 708 1891 causa
725 1831 1216 1888 Maximianensium
1241 1825 1450 1895 fe‘cisSe,
1483 1833 1697 1897 negare,
1729 1817 1786 1880 ut
1803 1826 2054 1890 arbitror,

467 1931 578 1986 non
613 1923 857 2000 potestis.
893 1919 949 1982 Si
981 1921 1123 1980 enim
1153 1923 1456 1994 Baptismus
1499 1919 1697 1974 Christi
1723 1927 1824 2004 est,
1859 1926 1912 1972 et
1935 1911 2058 1970 ideo

470 1995 630 2079 nullo
649 2021 809 2076 modo
833 2015 1207 2083 destruendus,
1231 2014 1320 2085 qui
1345 2006 1498 2068 datus
1525 2015 1605 2066 est
1621 2013 1716 2080 ‘per
1730 1995 2059 2065 Felicianum

472 2117 529 2170 et
545 2113 942 2174 P‘raetextatum,
976 2121 1098 2162 cum
1119 2099 1348 2175 separati
1371 2117 1401 2156 a
1427 2102 1577 2157 vobis
1602 2099 1918 2155 Maximiano
1939 2113 2060 2152 con-

470 2203 845 2276 jutigcrent‘u'r,
883 2209 1004 2257 cum
1047 2199 1140 2254 illo
1182 2197 1212 2253 a
1239 2193 1388 2252 ‘vobis
1412 2211 1506 2266 pro
1535 2180 1724 2250 nefarii
1757 2192 2059 2276 schismatis

474 2273 702 2352 crimine
731 2291 1103 2356 eondemnati;
1161 2285 1430 2360 Quomodo
1477 2301 1584 2340 non
1636 2291 1717 2339 est
1759 2273 2061 2352 Baptismus

475 2386 695 2452 Christi,
725 2383 810 2440 vel
839 2371 1107 2455 «ῃυὸὣὸἀο
1132 2373 1486 2436 deStruendtis
1530 2383 1631 2443 est,
1675 2377 1765 2446 qui
1803 2373 1959 2434 datur
2009 2368 2063 2429 in

473 2478 738 2544 Ecclesia,
769 2475 889 2547 qua:
942 2471 1120 2530 ramos
1141 2473 1269 2528 suos
1293 2513 1306 2537 ,
1365 2461 1423 2526 ut
1443 2467 1618 2524 verbis
1648 2465 1898 2540 Cypriani
1923 2478 2060 2536 utar,

475 2588 575 2644 per
603 2570 905 2626 universam
934 2569 1130 2622 terram
1159 2558 1310 2634 Copia
1337 2561 1594 2644 ubertatis
1618 2553 1857 2615 extendit
1887 2558 2064 2630 (Libro

477 2639 543 2719 die
571 2660 910 2732 Simplicitate
932 2655 1292 2721 Prwldt'orum,
1326 2655 1414 2708 seu
1437 2653 1498 2707 de
1528 2639 1734 2707 Unitate
1761 2645 2025 2720 Ecclesiw)
2047 2667 2060 2702 :

477 2755 569 2827 qui
595 2751 866 2825 postremo
896 2751 1051 2806 datur
1080 2751 1134 2804 in
1158 2737 1267 2802 illis
1294 2735 1545 2801 li'c'clesiis
1571 2786 1584 2809 ,
1618 2759 1749 2814 quas
1796 2733 2064 2812 nunquam

475 2849 533 2904 in
552 2844 766 2902 Lilteris
787 2832 1089 2915 apostolicis
1124 2828 1348 2895 recitare
1385 2833 1626 2899 cessatis,
1654 2851 1921 2906 nunquam
1974 2834 2070 2887 da-

479 2938 740 2994 nttiaStis’
763 2936 784 2990 Τ
811 2933 868 2991 Si
893 2927 1170 2989 damnatos
1195 2921 1528 2999 iui'nli'tgrunt
1558 2927 1840 2982 restituere
1871 2924 2068 2996 placuit

483 3029 588 3104 pro
618 3027 955 3086 iesarcienda
983 3025 1132 3096 pa'rte
1159 3021 1349 3104 Donati
1371 3040 1388 3088 ;
1426 3019 1551 3091 quid
1592 3023 1684 3102 vos
1711 3015 1932 3071 offendit
1958 3025 2068 3070 toto

481 3113 614 3180 orbe
656 3119 848 3176 diffusa
889 3115 1065 3173 unitas
1110 3103 1326 3178 Christi,
1371 3109 1488 3182 qua:
1532 3110 1618 3165 vel
1661 3104 1926 3186 damnare.
1962 3123 2071 3184 non

482 3212 656 3284 potuit
684 3205 969 3276 inauditos,
993 3199 1074 3262 v’e'l
1097 3203 1315 3261 omnino
1347 3217 1444 3257 nec
1460 3187 1731 3284 damnavit
1762 3215 1862 3258 nec
1891 3193 2070 3292 absol-

488 3297 911 3374 vitlncognitos,
963 3297 1044 3357 vel
1099 3292 1650 3374 itmocentescredidit
1704 3289 1836 3366 quos
1887 3289 2073 3349 didicit

486 3371 762 3452 absolutos
775 3396 797 3448 ?
809 3394 862 3450 Si
878 3392 1128 3448 discissos
1145 3407 1173 3444 a
1193 3389 1340 3443 vobis
1356 3371 1800 3442 Maximianenses
1820 3375 2072 3455 perjussa

483 3476 723 3558 jtt'dicu’m
767 3481 1133 3555 persequendo
1177 3481 1391 3536 sedibus
1439 3479 1753 3558 expulistis;
1810 3477 1934 3548 quid
1978 3491 2072 3531 vos

489 3571 586 3652 per
615 3579 981 3653 imperatores,
1005 3575 1093 3645 qui
1113 3567 1326 3628 eosdem
1350 3571 1557 3640 judices
1578 3566 1813 3653 mittunt,
1835 3569 2072 3639 indigna3

487 3651 599 3742 pati
653 3651 957 3739 querimini,
1016 3664 1103 3734 qui
1145 3679 1238 3717 vos
1288 3661 1356 3715 ab
1407 3662 1521 3730 ejus
1573 3651 1809 3715 Ecclesia
1863 3660 1930 3714 de
1968 3675 2074 3729 quo

487 3761 746 3830 scriptum
776 3766 858 3813 est
895 3755 1036 3827 quod
1077 3753 1358 3830 adorabunt
1403 3769 1515 3806 eum
1545 3768 1714 3806 omnes
1737 3749 1874 3821 reges
1902 3762 2068 3830 terra},

487 3825 659 3910 omnes
689 3845 855 3923 gentes
881 3825 1091 3903 δ’ἐνὺὶρηῖ
1128 3826 1234 3928 illi,
1261 3847 1315 3924 et
1343 3845 1483 3915 quod
1506 3845 1848 3899 dominabitur
1886 3829 1917 3898 ὰ
1946 3844 2074 3898 mari

485 3945 642 4014 usque
662 3939 729 3995 (id
777 3937 935 4006 mare,
984 3935 1079 3992 etc
1127 3929 1336 4008 ﬂumine
1364 3953 1517 4008 usque
1552 3935 1620 3989 ad
1650 3938 1886 4014 terminos
1942 3937 2073 4012 orbis

486 4027 634 4090 terra:
654 4019 823 4104 (Psa'l.
850 4029 1121 4097 Lxx1,l.i),
1146 4023 1346 4082 nefario
1374 4028 1659 4083 schismate
1681 4017 2003 4082 discidistis?

559 4112 784 4181 CAPUT
809 4107 944 4176 LIX.
975 4151 1045 4160 —-
1072 4105 1160 4175 65.
1195 4105 1333 4174 Ecce
1359 4119 1467 4189 jam
1497 4135 1600 4173 non
1631 4119 1784 4187 dico,
1813 4111 1854 4175 si
1889 4135 2072 4189 persc-

488 4211 755 4272 cutioncm
787 4201 958 4267 facere
1001 4195 1107 4265 ἢδη
1152 4209 1311 4276 licet,
1357 4208 1480 4263 fecit
1520 4208 1774 4278 Optatus;
1805 4226 1871 4264 ne
1901 4209 2076 4266 adhuc

490 4309 637 4362 dicas
661 4305 762 4359 non
787 4293 1052 4371 pei'tiiiere
1081 4300 1144 4353 ad
1176 4293 1416 4371 vestros,
1466 4297 1720 4368 quidquid
1746 4301 1969 4370 Optatus
1999 4301 2076 4355 eis

494 4369 859 4466 ignorantibus
905 4389 1061 4455 fecit;
1100 4393 1217 4442 cuni
1273 4369 1371 4457 ipsi
1416 4389 1595 4442 dicere
1636 4406 1737 4443 non
1767 4369 2076 4459 permittant

492 4495 668 4545 terras
686 4479 754 4539 ab
784 4479 959 4536 Africa
983 4476 1381 4535 minutissimas.
1400 4479 1498 4546 Qui
1519 4479 1798 4535 tradituros
1826 4482 1875 4535 in
1901 4482 2076 4537 Africa

493 4579 723 4643 fuerint,
752 4562 873 4646 quid
907 4551 1171 4646 'maliAl'ri
1201 4559 1430 4638 episcopi
1458 4569 1701 4637 fecerint,
1735 4573 2072 4646 ignoramus:

497 4669 592 4730 sed
624 4644 782 4742 plane
808 4648 926 4721 dico
951 4708 965 4732 ,
1010 4644 1054 4718 si
1087 4655 1509 4750 persecutionem
1552 4661 1724 4718 facere
1770 4679 1874 4717 non
1911 4644 2074 4732 licet,

495 4759 659 4818 vestri
694 4743 1223 4842 Maxiihimmns’iliti‘s,
1263 4747 1333 4808 ita
1360 4765 1416 4809 ut
1445 4747 1550 4809 non
1579 4749 1794 4824 possitis
1830 4773 2026 4826 negare
2059 4801 2073 4825 ,

495 4855 755 4912 fecerunt.
791 4851 845 4908 Si
889 4845 1312 4919 persecutionem
1343 4845 1431 4916 qui
1460 4847 1731 4919 patiuntur
1766 4846 2077 4902 innocentes

496 4953 650 5012 sunt,
693 4937 829 5014 passi
866 4935 988 4995 sunt
1029 4923 1488 5014 Maiimianenses.
1540 4935 1805 5007 Numquid
1850 4948 1902 4993 et
1938 4955 2080 4995 nunc

498 5041 736 5097 dicturus
762 5031 848 5103 es,
879 5023 1153 5088 Basilicam
1172 5011 1248 5084 vei
1271 5021 1561 5104 speluncam
1587 5027 1891 5106 Maximiani
1912 5021 2078 5104 popu-

500 5135 581 5190 lus
620 5132 762 5186 nullo
802 5138 1086 5184 nostrorum
1118 5132 1320 5178 auctore
1349 5121 1638 5178 destruxit?
1683 5124 1994 5194 Quanquam
2034 5127 2081 5181 si

503 5228 654 5298 cujus
675 5215 1062 5281 communionis
1093 5217 1243 5271 turba
1273 5215 1357 5270 illa
1387 5215 1544 5270 fuerit
1573 5215 1868 5286 inquiratur
1898 5217 2024 5287 (non
2051 5233 2080 5272 a

503 5315 696 5374 vestris
722 5314 1005 5371 credantur
1034 5305 1317 5380 immissi),
1361 5306 1460 5374 ipsi
1497 5308 1833 5377 reperientur
1859 5307 2082 5364 forsitan

505 5407 704 5476 vestri,
731 5417 820 5461 aut
839 5411 983 5459 certe
1001 5396 1188 5454 vestris
1212 5395 1506 5466 adjuvando
1529 5397 1793 5466 permixti.
1823 5398 1928 5454 Sed
1956 5399 2083 5469 quid

509 5502 574 5558 ad
603 5501 735 5556 nos?
760 5493 1070 5566 Respondes
1095 5489 1233 5547 enim
1254 5530 1270 5555 ,
1313 5487 1433 5542 Non
1469 5490 1676 5559 fecimus
1697 5533 1710 5556 ,
1740 5509 1838 5547 non
1873 5494 2085 5546 immisi-

575 5615 590 5645 ι
620 5619 671 5662 tu
694 5611 851 5662 veteri
894 5606 1173 5669 Corbeiensi
1200 5603 1682 5669 gis.,_(_icttjuditione.
1731 5613 1869 5656 Forte
1908 5606 2086 5669 legen-

505 5675 640 5732 dum,
664 5680 718 5722 ut
741 5672 876 5732 infra,
903 5671 987 5718 lib.
1013 5667 1160 5732 4,11‘u.
1196 5663 1273 5725 25,
1309 5665 1388 5732 _8'2,
1418 5667 1753 5726 destructione,
1793 5663 2088 5732 Baptismatis

507 5726 732 5785 nimirum
755 5731 834 5781 vel
856 5726 1187 5780 Ordinatiouis.
1215 5726 1357 5776 Paulo
1383 5737 1488 5791 post
1504 5765 1516 5789 ,
1543 5743 1715 5778 omnes
1739 5726 1866 5789 Mss,
1886 5731 2083 5792 famaso,

504 5797 628 5846 loco.
654 5794 838 5846 famosi.

525 5797 854 5917 0%)qu
879 5869 1121 5918 nunquam
1142 5847 1240 5898 ulto
1261 5852 1476 5912 concilio,
1497 5852 1618 5904 sicut
1639 5851 1933 5904 Felicianum
1955 5862 2090 5905 Prat-

508 5925 832 5980 textatumque
850 5917 1135 5980 ,dunmastis.

574 5982 595 6013 ³
616 5990 716 6031 Am.
746 5977 798 6031 et
814 5979 1035 6042 plerique
1061 5987 1187 6041 Mss,
1213 5977 1373 6039 digna.

1245 511 1519 569 CONTRA
1556 497 1989 568 caescostmt
2029 485 2481 576 DONATISTAM,
2522 509 2578 565 s.
2619 508 2985 566 AUGUSTINI

3630 515 3739 574 53!

2152 638 2296 688 mus,
2333 623 2536 692 quinam
2586 625 2662 678 illi
2701 615 2899 687 ruerunt
2928 613 3220 696 ignoramus
3245 643 3266 682 :
3308 629 3742 697 persecutionem

2155 723 2331 771 tamen
2355 732 2384 770 a
2409 718 3065 798 quibuscumquegpassum
3078 735 3200 775 eum
3223 737 3380 792 quem
3407 707 3598 778 fateris
3619 726 3635 756 ⁸
3663 725 3740 780 in-

2152 806 2350 876 justum
2375 852 2389 877 ,
2426 811 2674 880 quoniam
2718 814 2858 866 clara
2905 829 2992 867 res
3037 822 3152 877 est;
3193 830 3254 868 ea
3289 831 3410 885 quce
3452 818 3735 888 patimini,

2155 913 2250 954 vos
2285 897 2454 970 justus
2489 897 2856 960 demonstrare
2901 921 3005 958 non
3050 916 3290 976 possunt.
3340 905 3447 962 Sed
3498 909 3740 978 aquibus

2157 995 2316 1048 etiam
2343 991 2784 1069 MaxillllallellSt‘S
2806 1001 3227 1068 persecutionem
3257 1000 3396 1069 passi
3426 1010 3577 1064 sunt,
3613 1016 3738 1070 pro-

2157 1089 2457 1143 consularia
2488 1099 2633 1159 gesta
2677 1084 2954 1145 testantur.
2997 1092 3241 1146 lnstructi
3285 1101 3411 1147 sunt
3451 1092 3738 1154 advocmi,

2158 1177 2299 1233 adita
2319 1165 2585 1248 judicia",
2615 1171 2668 1234 et
2704 1169 2951 1250 tanquam
2983 1180 3036 1235 in
3064 1181 3342 1236 haareticos
3367 1183 3626 1238 excitata.
3668 1183 3748 1238 ΙΙΙ.

2159 1269 2263 1326 sibi
2286 1273 2562 1326 tuitionem
2596 1259 2991 1342 possidentibus
3028 1273 3380 1344 postulabant.
3425 1274 3748 1343 Allegabant

2159 1362 2318 1419 vestri
2347 1355 2636 1434 Bagaiense
2657 1364 2938 1440 concilium
2961 1406 2975 1430 ,
3002 1373 3056 1420 et
3079 1365 3358 1440 damnatos
3391 1364 3703 1436 ﬂagitabant
3727 1367 3749 1398 ³

2161 1457 2332 1510 sacris
2353 1453 2556 1509 atdibus
2585 1443 2708 1525 pelli
2734 1497 2749 1522 ,
2777 1439 3104 1521 instabatur,
3136 1455 3274 1509 dicta
3294 1470 3454 1509 causa
3483 1465 3569 1511 est
3593 1473 3607 1521 ;
3630 1471 3748 1512 cum

2161 1547 2227 1604 eo
2250 1539 2513 1618 praeSente
2533 1529 2768 1602 Salvium
2793 1533 3261 1602 Membresitanum
3279 1547 3298 1576 ‘
3327 1547 3642 1602 hatreticum
3669 1564 3755 1604 os-

2164 1637 2441 1711 tendistis,
2490 1625 2725 1710 vicistis,
2772 1627 3068 1714 expulistis.
3098 1621 3534 1700 i’ersecdtionem
3593 1647 3754 1716 igitur

2164 1719 2282 1789 illos
2310 1729 2492 1813 passos
2518 1751 2656 1804 esse,
2686 1750 2780 1789 vos
2800 1736 2992 1813 fecisse
3012 1719 3186 1810 video.
3215 1727 3395 1790 Justus
3418 1753 3629 1806 quiero,
3660 1753 3753 1792 vos

2165 1821 2283 1883 esse
2305 1805 2611 1898 perhibetis.
2642 1829 2752 1898 Ego
2780 1805 3040 1883 concludo
3070 1846 3083 1882 :
3116 1805 3230 1883 Non
3252 1843 3379 1901 ergo
3407 1805 3498 1900 qui
3519 1845 3642 1885 eam
3667 1846 3756 1900 pa-

2166 1911 2323 1985 titur,
2355 1909 2960 1991 co'nscquenlerjustus;
2995 1935 3093 1976 nec
3120 1921 3210 1992 qui
3232 1921 3388 1984 facit,
3413 1937 3754 1992 consequen-

2169 2019 2250 2094 ter
2276 2012 2508 2096 injustus
2530 2021 2630 2096 est.
2871 2087 2874 2090 ῃ

2239 2087 2475 2176 CAPUT
2497 2087 2608 2158 LX.
2639 2135 2710 2144 —
2731 2091 2820 2159 66.
2854 2087 3143 2181 Τυέψυτευε
3171 2113 3314 2160 artes
3338 2105 3652 2164 dialecticas
3673 2124 3751 2164 ac-

2170 2181 2383 2271 cusabis
2412 2211 2426 2246 :
2469 2211 2555 2249 me
2587 2203 2763 2250 tamen
2794 2179 2978 2250 verum
3003 2195 3180 2251 dicere
3209 2197 3395 2250 saltem
3437 2199 3635 2254 tacitus
3663 2215 3754 2269 ap-

2170 2269 2419 2364 pjrobabis
2436 2327 2449 2348 ,
2473 2287 2524 2339 ct
2553 2287 2715 2355 eliges
2745 2296 2887 2341 tuam
2918 2288 3235 2364 sententiam
3262 2289 3437 2357 potius
3460 2291 3750 2360 corrigere,

2170 2379 2273 2446 qua
2295 2377 2490 2430 nullam
2510 2377 2707 2446 justam
2739 2363 3162 2448 persecutionem
3189 2396 3308 2435 esse
3337 2381 3557 2450 dixisti,
3601 2399 3756 2453 quam

2173 2463 2666 2523 Maximiancnsium
2697 2483 3062 2539 persecutores
3101 2474 3280 2528 dicere
3315 2474 3544 2545 injustos
3569 2517 3585 2540 ,
3627 2492 3758 2548 quos

2171 2572 2378 2616 vestros
2407 2577 2525 2616 esse
2551 2563 2763 2617 tandem
2791 2565 2955 2634 gestis
2985 2566 3449 2633 proconsularibus
3471 2568 3756 2638 agnovisti.

2172 2647 2447 2734 Nonrsa'ne
2476 2653 2594 2710 sine
2621 2653 2794 2710 fructu
2814 2639 3270 2734 schismaticorum
3299 2669 3606 2719 vestrorum
3636 2677 3759 2734 per-

2172 2745 2338 2800 secuti
2365 2745 2492 2801 estis
2521 2762 2790 2802 errorem:
2821 2764 2943 2802 nam
2965 2748 3288 2824 Felicianum
3308 2760 3362 2808 et
3376 2751 3763 2811 Prtetextatum

2174 2831 2361 2890 eodem
2386 2829 2634 2893 conﬂictu
2658 2845 2712 2892 et
2740 2833 3004 2894 molestiis
3038 2843 3381 2910 correxistis;
3421 2855 3476 2901 et
3513 2845 3766 2916 Optatum

2175 2917 2387 2996 quidem
2424 2927 2803 3006 Gildonianum
2837 2935 3082 3005 graviora
3109 2935 3270 2990 exitia
3299 2937 3764 3000 comminantem.

2174 3019 2443 3098 Mustitani
2473 3011 2531 3079 et
2563 3025 2860 3080 Assuritani
2879 3067 2895 3094 ,
2925 3027 3062 3082 sicut
3089 3026 3157 3081 ab
3176 3028 3256 3082 eis
3282 3042 3498 3098 quoque
3525 3039 3767 3098 praesens

2177 3095 2376 3198 audivi,
2396 3117 2637 3198 timuisSe
2663 3105 2912 3172 dicuntur
2935 3160 2949 3185 ,
2981 3127 3034 3173 et
3067 3133 3193 3174 suos
3221 3095 3503 3189 episcopos
3527 3095 3767 3190 coegisse

2175 3205 2236 3262 lli.
2354 3189 2607 3264 Primiani
2623 3212 3051 3266 communionem
3077 3221 3492 3269 reverterentur.
3512 3212 3622 3269 Sed
3648 3228 3767 3269 cum

2178 3299 2280 3355 hoc
2325 3300 2548 3376 Optatus
2587 3301 2748 3356 nullis
2775 3307 2940 3374 gestis
2987 3303 3210 3374 publicis
3257 3305 3535 3375 exegerit;
3584 3305 3769 3376 utquid

2177 3377 2327 3461 agam
2353 3369 2551 3446 talibus
2584 3369 2839 3470 adversus
2862 3409 2956 3448 vos
2979 3369 3003 3459 ,ν
3038 3403 3250 3463 paratos
3278 3369 3473 3464 negare
3510 3369 3770 3468 quidquid

2179 3497 2374 3552 negare
2401 3483 2710 3551 potueritis?
2732 3485 2862 3538 Acta
2897 3494 3114 3539 exstant
3134 3487 3536 3554 proconsularia
3568 3496 3624 3544 et
3650 3504 3772 3544 mu-

2178 3574 2454 3642 nicipalia,
2483 3574 2674 3643 quibus
2690 3575 2924 3630 recitatis
2951 3575 3313 3642 ostendimus,
3342 3587 3536 3649 quanta
3560 3577 3612 3633 vi
3643 3594 3765 3634 me-

2179 3663 2369 3722 morati
2404 3657 2433 3719 a
2463 3670 2655 3721 vestris
2685 3675 2743 3738 ut
2767 3667 2898 3744 locis
2932 3653 3533 3742 cederenturgebautur
3556 3671 3602 3725 ⁵.
3648 3670 3770 3728 Non

2179 3758 2488 3827 culpamus,
2535 3749 2640 3812 non
2680 3757 3016 3841 invidemus:
3057 3775 3165 3816 non
3204 3759 3400 3816 frustra
3440 3761 3722 3818 laborastis
3750 3802 3768 3831 ,

2180 3868 2286 3908 non
2326 3843 2592 3906 incassum
2624 3852 2916 3928 terruistis,
2958 3867 3063 3907 non
3099 3853 3327 3909 inaniter
3349 3855 3590 3924 agitastis
3614 3873 3629 3910 :
3657 3855 3772 3911 dis-

2179 3945 2365 4016 plicuit
2394 3945 2471 3999 eis
2491 3929 2704 3999 afflictis
2719 3944 3028 4000 animositas
3054 3959 3184 4010 sua;
3213 3944 3365 4002 fracti
3393 3955 3555 4014 sunt,
3585 3961 3771 4002 emen-

2179 4019 2289 4092 dati
2310 4045 2461 4102 sunt,
2494 4037 2718 4091 correcti
2742 4051 2804 4090 ac
2828 4039 3024 4106 recepti
3051 4045 3192 4103 sunt,
3222 4046 3342 4107 post
3365 4052 3515 4092 suam
3543 4036 3771 4092 damna-

2180 4130 2377 4183 tionem
2399 4169 2414 4195 ,
2444 4137 2563 4198 post
2591 4128 2816 4182 aliorum
2853 4129 3154 4184 dilationem
3173 4171 3188 4196 ,
3218 4139 3338 4200 post
3370 4139 3604 4186 vestram
3644 4146 3769 4201 per.

2180 4221 2529 4277 secutionem.
2555 4221 2778 4291 Recepti
2807 4230 2930 4275 sunt
2961 4230 3137 4276 autem
3163 4223 3301 4276 sicut
3330 4222 3547 4277 fuerant
3568 4264 3582 4290 ,
3609 4223 3767 4278 hono-

2180 4316 2314 4378 rati,
2346 4301 2485 4369 nulla
2532 4315 2856 4383 poenitentia:
2903 4315 3161 4385 gravioris
3211 4314 3585 4385 humiliatione
3637 4317 3658 4348 ⁸
3686 4317 3768 4371 vel

2183 4407 2378 4476 expiati
2398 4387 2476 4461 vel
2505 4405 2778 4484 degradati
2798 4446 2812 4469 ,
2845 4421 2942 4461 nec
2963 4406 3062 4476 ipsi
3090 4421 3186 4461 nec
3213 4407 3289 4460 illi
3315 4421 3436 4461 cum
3457 4407 3661 4477 quibus
3681 4423 3766 4463 re-

2182 4499 2319 4566 cepti
2378 4506 2532 4563 sunt,
2590 4511 2724 4566 quos
2780 4511 2962 4552 secum
2998 4506 3372 4568 separaveraut
3403 4507 3592 4554 contra
3633 4513 3764 4566 vos,

2182 4589 2580 4660 baptizaverant
2610 4597 2759 4642 extra
2775 4603 2891 4655 vos,
2915 4602 3049 4660 quos
3064 4588 3522 4659 rebaptizaveraut
3543 4590 3768 4647 fortasse

2184 4690 2303 4751 post
2329 4695 2441 4734 vos.
2509 4751 2515 4762 ι
2955 4745 2957 4750 η
3059 4749 3066 4754 ι

2255 4757 2478 4825 CAPUT
2505 4757 2640 4824 LXI.
2669 4799 2742 4811 —-
2765 4771 2855 4826 67.
2886 4773 3028 4827 Nihil
3058 4772 3268 4829 habetis
3283 4775 3393 4844 jam
3423 4774 3567 4831 unde
3586 4775 3767 4846 caligi-

2186 4851 2315 4922 nesa
2344 4865 2614 4919 mendacia
2645 4864 2950 4920 hominibus
2970 4867 3168 4938 ignaris
3187 4867 3255 4923 de
3274 4869 3436 4924 rebus
3465 4870 3623 4940 longe
3641 4886 3768 4940 pm-

2185 4951 2358 5012 tcritis
2386 4949 2653 5026 ingeratis.
2681 4955 2832 5024 Quod
2860 4959 3020 5013 vestri
3042 4958 3183 5028 apud
3209 4959 3616 5016 Constantinum
3649 4969 3766 5016 tunc

2187 5051 2562 5120 imperatorem
2591 5057 2974 5103 accusaverunt
3007 5050 3376 5116 Caecilianum,
3407 5051 3622 5121 publica
3653 5066 3767 5107 mo—

2189 5144 2420 5198 nimenta
2446 5142 2805 5214 proclamant;
2839 5141 3032 5197 dictam
3061 5158 3181 5199 esse
3209 5159 3423 5199 causam
3447 5185 3463 5212 ,
3494 5153 3551 5199 et
3576 5144 3646 5200 ad
3675 5143 3768 5199 de-

2255 5299 2272 5364 ξ
2298 5295 2374 5364 sic
2386 5293 2486 5364 duo
2503 5301 2606 5364 atss.
2633 5293 2716 5363 Alii
2736 5307 2851 5364 cum
2876 5295 3033 5364 editis,
3059 5293 3248 5359 feceris.

2254 5359 2274 5420 ξ
2299 5357 2434 5420 Editi,
2458 5355 2520 5403 ad
2544 5355 2860 5420 judicia.
2885 5355 3184 5420 castigantur
3203 5371 3268 5406 ex
3291 5359 3649 5420 manuscriptis.

2256 5419 2277 5450 ³
2300 5418 2381 5484 Hic
2402 5426 2500 5465 Am.
2542 5417 2688 5484 addit,
2732 5415 2798 5466 iri
2838 5415 3104 5484 Itaguimsi.
3145 5425 3218 5468 Er.
3245 5428 3295 5484 et
3322 5427 3428 5469 Lov.
3451 5415 3568 5484 cum
3593 5421 3776 5484 aliquot

2191 5488 2324 5544 Mss,
2343 5478 2393 5528 in
2421 5477 2684 5544 Bagaiensi.
2734 5477 3058 5544 Expuuiitnus
3095 5482 3376 5544 auctoritate
3420 5480 3628 5544 aliorum
3661 5477 3778 5544 quo-

2191 5543 2407 5611 rumdam
2430 5541 2860 5611 [nanuseriptorum
2881 5542 2965 5604 qui
3004 5549 3173 5605 postea
3213 5541 3336 5601 loco,
3380 5542 3534 5592 sacris
3557 5541 3774 5598 wditius.

2192 5605 2392 5661 habent,
2416 5601 2567 5652 sacris
2580 5601 2784 5653 sedibus.

2259 5667 2279 5697 ⁸
2303 5665 2491 5728 Aliquot
2532 5671 2638 5713 Mss.
2689 5672 2740 5714 et
2765 5666 2912 5728 editio
2956 5676 3079 5716 am;
3101 5675 3221 5715 Cum
3241 5665 3291 5715 in
3312 5671 3548 5728 praesente
3571 5667 3783 5718 Salu'um

2194 5726 2627 5796 Memin-e.~-itunmn,
2675 5735 2770 5796 etc.
2811 5726 2896 5777 Alii
2941 5729 3169 5796 quidam:
3191 5726 3321 5777 Cum
3349 5734 3591 5790 praesente
3627 5729 3785 5780 Saluio

2195 5789 2570 5845 Membresitnno,
2591 5787 2868 5838 hazreticum
2891 5787 3176 5848 ostendistis,
3205 5797 3299 5839 etc.

2257 5854 2280 5922 ξ
2306 5852 2440 5922 tam,
2461 5849 2764 5922 θεξςυαπιιιῑῖο
2802 5851 2965 5922 Melius
2987 5853 3314 5922 manuscripts
3339 5852 3654 5922 υτθερμηιειτ-

2200 5905 2594 6028 ὤζιῖ
2610 5910 2885 5976 ρωηξεεηιειι
2897 5911 3133 5976 graviore,
3153 5905 3239 5965 sed
3252 5905 3596 5967 Iturrtiliatione.
3607 5921 3779 5967 mnen-
