4010 6470
483 435 592 495 535

482 547 619 605 orbe
669 545 963 614 dilatatur,
1004 556 1124 615 qua:
1167 540 1482 612 prophetata
1531 539 1609 596 sic
1656 537 1890 596 creditur
1918 577 1933 602 ,
1985 535 2064 592 sic

487 639 730 696 omnium
759 639 920 695 etiam
938 633 1235 692 inﬁdelium
1258 633 1426 690 oculis
1450 632 1755 699 exhibetur,
1782 639 1841 686 ut
1860 627 2074 685 claudat

488 731 653 787 etiam
677 745 772 787 ora
814 730 1165 800 Paganorum,
1197 726 1286 797 qui
1314 725 1570 782 adversus
1593 738 1713 780 eam
1766 718 2074 792 paucissimi

484 829 882 887 remanserunt,
913 828 1122 889 partem
1139 817 1330 873 Donati
1350 816 1514 872 audes
1532 827 1867 886 praeponere,
1889 811 2074 868 dicens

485 917 630 990 quod
659 926 714 972 et
746 923 944 986 praeter
969 913 1202 970 Africam
1231 912 1415 968 nescio
1436 925 1571 982 quos
1599 907 1858 975 habeatis,
1881 905 2073 976 quibus

487 1016 667 1062 tamen
699 1020 806 1060 non
835 1003 1236 1076 apparentibus,
1264 1019 1332 1059 ex
1357 1001 1534 1078 Africa
1557 1015 1652 1056 vos
1677 1000 1848 1054 solere
1859 998 2074 1053 mittere

485 1098 768 1168 episcopos
798 1112 907 1152 non
935 1098 1161 1168 negatis,
1195 1110 1379 1162 unum,
1411 1101 1504 1149 aut
1528 1093 1682 1159 duos,
1734 1100 1824 1146 aut
1848 1099 1904 1145 ut
1932 1090 2072 1145 mul-

491 1196 600 1244 tum
632 1195 741 1244 tres
775 1205 788 1240 :
821 1196 877 1243 et
902 1187 1287 1258 argumentaris
1314 1185 1542 1240 inaniter
1570 1191 1758 1238 contra
1782 1181 2072 1237 evidentis-

484 1278 678 1336 simam
692 1263 1002 1346 veritatem,
1013 1277 1156 1349 quod
1170 1277 1294 1332 ideo
1311 1275 1464 1331 nobis
1480 1289 1589 1329 non
1610 1280 1756 1328 totus
1771 1271 1916 1327 orbis
1927 1285 2075 1326 com-

486 1373 749 1438 municet,
781 1371 904 1442 quia
928 1371 1017 1426 vel
1040 1369 1214 1425 adhuc
1240 1367 1421 1424 multas
1449 1375 1575 1422 sunt
1613 1366 1854 1437 gentium
1879 1362 2073 1419 barba-

485 1479 669 1520 rarum
692 1480 810 1536 qua:
831 1465 887 1519 in
907 1464 1177 1520 Christum
1201 1460 1440 1518 nondum
1467 1458 1832 1526 crediderunt,
1859 1457 1945 1512 vel
1973 1455 2072 1512 sub

483 1555 706 1610 nomine
729 1553 925 1609 Christi
951 1553 1185 1610 haereses
1212 1551 1394 1608 multae
1419 1566 1451 1606 a
1477 1549 1851 1606 communione
1875 1555 2074 1604 nostra:

480 1645 759 1700 societatis
798 1645 1007 1700 alienae.

558 1738 789 1794 CAPUT
813 1738 992 1794 LXIV.
1018 1767 1089 1780 —-
1118 1738 1207 1792 71.
1239 1736 1350 1792 Nec
1379 1734 1630 1803 attendis,
1668 1751 1768 1793 nec
1793 1736 1981 1792 saltem
2006 1735 2073 1793 ab

485 1831 783 1888 scientibus
805 1831 1016 1902 quaeris,
1047 1844 1206 1900 quam
1230 1829 1414 1886 multae
1460 1829 1695 1898 ipsarum
1723 1828 2071 1884 barbararum

484 1925 723 1995 gentium
775 1940 908 1995 quas
955 1921 1423 1988 commemorasti,
1464 1919 1663 1976 Christi
1714 1919 1824 1991 jam
1870 1919 2074 1977 nomini

484 2016 803 2086 mancipata
832 2015 958 2081 sint,
985 2023 1041 2071 et
1080 2012 1532 2084 quemadmodum
1559 2013 1612 2068 in
1642 2020 1865 2068 caeteras
1891 2011 2071 2068 Evan-

484 2106 688 2176 gelium
717 2106 1010 2162 crescendo
1059 2105 1383 2161 fructiﬁcare
1426 2119 1533 2159 non
1582 2112 1777 2172 cesset,
1809 2103 1980 2159 donec
2016 2103 2073 2159 in

482 2199 736 2256 omnibus
757 2193 877 2256 cum
897 2199 1060 2255 fuerit
1078 2199 1444 2270 praedicatum,
1463 2196 1638 2252 veniat
1662 2197 1802 2251 linis.
1825 2195 1910 2252 Sic
1929 2196 2072 2252 enim

481 2290 744 2347 Dominus
777 2293 853 2346 ait
878 2308 892 2345 :
925 2290 993 2346 Et
1019 2289 1377 2361 prtedicabitur
1397 2289 1492 2342 hoc
1521 2287 1858 2360 Evangelium
1880 2289 1934 2342 in
1957 2289 2074 2343 uni-

481 2397 624 2437 verso
651 2384 798 2449 orbe,
841 2384 894 2437 in
923 2383 1262 2437 testimonium
1299 2380 1532 2436 omnibus
1571 2381 1831 2452 gentibus;
1883 2390 1928 2434 et
1956 2391 2072 2436 tunc

480 2474 643 2529 veniet
670 2475 787 2544 ﬁnis
813 2473 1026 2546 (Matth.
1047 2490 1195 2542 xxw,
1223 2472 1336 2545 ﬂ).
1367 2472 1480 2528 Nisi
1510 2471 1647 2528 forte
1684 2474 1844 2528 etiam
1871 2473 1922 2527 in
1951 2481 2070 2528 tan-

482 2572 596 2618 tum
623 2579 720 2620 vos
751 2566 1045 2636 praecipitat
1065 2566 1250 2621 insana
1277 2564 1547 2634 superbia,
1578 2573 1638 2619 ut
1663 2564 1765 2620 hoc
1785 2565 1923 2635 quod
1937 2581 2072 2636 pra:-

481 2657 683 2712 diclnm
715 2667 818 2723 est,
845 2658 911 2713 de
937 2667 1085 2728 parte
1108 2658 1299 2714 Donati
1329 2657 1526 2727 putetis
1551 2657 1933 2728 incipiendum,
1963 2671 2070 2713 non

483 2764 553 2804 ex
575 2749 681 2803 illis
709 2749 966 2804 Ecclesiis
994 2764 1126 2820 quas
1171 2747 1415 2819 Apostoli
1440 2747 1831 2818 plantaverunt,
1881 2747 2071 2818 quibus

481 2854 589 2895 non
616 2840 974 2894 communicat
1005 2855 1129 2909 pars
1156 2839 1368 2895 Donati.
1388 2838 1472 2894 An
1493 2845 1549 2894 et
1567 2838 1710 2908 ipsas
1735 2849 1792 2893 ut
1815 2839 2070 2896 mundum

479 2929 704 2999 impleat
751 2930 1084 2998 rebaptizare
1131 2930 1410 2986 conabitur
1439 2969 1455 2996 ,
1504 2945 1628 2985 cum
1669 2929 1940 2986 Catholica
1976 2946 2072 3002 per

479 3029 672 3075 cuncta
693 3030 989 3086 crescente,
1023 3020 1112 3074 illa
1141 3031 1195 3076 et
1227 3022 1283 3076 in
1321 3021 1437 3090 ipsa
1463 3021 1643 3077 Africa
1688 3022 1925 3094 quotidie
1967 3024 2070 3078 mi-

479 3113 714 3168 nuatur?
753 3112 798 3168 Ο
831 3128 1027 3169 vesana
1067 3113 1390 3182 perversitas
1429 3113 1735 3170 hominum!
1766 3115 1992 3170 Laudari
2020 3124 2072 3171 te

479 3204 678 3270 credis,
706 3204 774 3260 de
797 3205 1011 3260 Christo
1037 3204 1305 3261 credendo
1345 3205 1487 3276 quod
1532 3221 1640 3261 non
1682 3206 1868 3272 vides;
1899 3218 1954 3262 et
1977 3208 2072 3263 da-

479 3301 652 3356 mnari
684 3309 734 3356 te
763 3316 867 3354 non
893 3300 1088 3365 credis,
1109 3300 1176 3354 de
1189 3299 1426 3355 Ecclesia
1443 3300 1686 3370 negando
1714 3301 1856 3370 quod
1885 3301 2068 3368 vides;

479 3407 604 3447 cum
636 3392 764 3447 illud
794 3401 953 3461 caput
978 3392 1034 3447 in
1057 3392 1194 3448 etelo
1219 3393 1322 3458 sit,
1355 3391 1458 3447 hoc
1481 3407 1677 3462 corpus
1706 3394 1760 3448 in
1790 3396 1966 3450 terra?

552 3484 642 3538 72.
687 3486 943 3555 Agnoscis
972 3483 1244 3541 Christum
1281 3483 1336 3538 in
1372 3499 1440 3540 eo
1480 3484 1622 3554 quod
1667 3487 1925 3556 scriptum
1966 3495 2070 3557 est,

483 3576 732 3632 Exaltare
759 3593 912 3646 super
953 3577 1103 3632 cietos
1122 3618 1138 3642 ,
1170 3575 1310 3630 Deus
1339 3592 1357 3630 :
1386 3584 1441 3631 et
1479 3591 1584 3631 non
1613 3578 1857 3648 agnoscis
1882 3578 2069 3634 Eccle-

480 3669 616 3724 siam
645 3668 699 3723 in
725 3685 790 3724 eo
816 3668 958 3739 quod
987 3669 1245 3739 sequitur,
1271 3665 1342 3722 Et
1361 3683 1511 3740 super
1530 3685 1729 3723 onmem
1753 3678 1937 3724 terram
1959 3671 2073 3742 glo-

481 3760 562 3814 ria
592 3769 678 3814 tua
709 3759 879 3833 (Psal.
902 3777 1031 3825 cvn,
1058 3760 1154 3830 6)?
1181 3759 1442 3830 Agnoscis
1465 3759 1736 3816 Christum
1761 3761 1816 3816 in
1842 3775 1909 3816 eo
1932 3761 2074 3832 quod

480 3852 738 3921 scriptum
765 3863 867 3919 est,
896 3851 1159 3906 Foderunt
1185 3868 1366 3907 manus
1389 3868 1527 3907 meas
1550 3861 1597 3907 et
1621 3852 1771 3923 pedes
1796 3869 1932 3907 meos
1952 3893 1966 3918 ,
1995 3854 2075 3908 di-

481 3951 871 3998 numeraverunt
901 3943 1071 3996 omnia
1097 3959 1212 3998 ossa
1244 3961 1391 4009 mea;
1431 3943 1532 4014 ipsi
1567 3960 1683 3998 vero
1723 3944 2073 3999 considerave-

481 4043 604 4088 runt
625 4045 670 4088 et
691 4043 1056 4105 conspexerunt
1080 4050 1161 4086 me
1183 4051 1197 4087 :
1221 4034 1493 4088 diviserunt
1511 4033 1607 4088 sibi
1631 4035 1919 4090 vestimenta
1939 4051 2072 4104 mea,

483 4135 532 4180 et
552 4143 705 4196 super
725 4136 904 4180 vestem
929 4142 1089 4181 meam
1114 4126 1356 4180 miserunt
1378 4135 1563 4183 sortem
1586 4142 1606 4182 :
1630 4136 1684 4183 et
1704 4143 1811 4184 non
1832 4130 2076 4200 agnoscis

484 4215 782 4271 Ecclesiam
812 4218 864 4272 in
889 4233 954 4272 eo
978 4217 1120 4288 quod
1149 4218 1308 4288 paulo
1336 4228 1456 4290 post
1477 4220 1736 4290 sequitur,
1759 4221 2073 4278 Commemo-

481 4307 732 4362 rabuntur
775 4319 819 4362 et
865 4319 1209 4364 convertentur
1251 4311 1318 4364 ad
1362 4311 1637 4366 Dominum
1683 4313 1903 4367 universi
1949 4315 2076 4382 ﬁnes

485 4407 668 4462 terra;
706 4407 751 4452 et
779 4397 1065 4452 adorabunt
1091 4401 1146 4452 in
1172 4410 1440 4470 conspectu
1467 4403 1578 4472 ejus
1615 4403 1862 4458 universa:
1897 4406 2079 4474 patria:

481 4489 707 4558 gentium
729 4488 746 4518 ¹
776 4486 947 4561 (Psal.
977 4505 1065 4542 χχι
1085 4530 1100 4556 ,
1129 4490 1226 4554 17,
1252 4489 1340 4555 18,
1365 4490 1452 4555 19,
1475 4491 1610 4562 28)?
1637 4493 1897 4562 Agnoscis
1920 4495 2076 4552 Chri-

481 4587 625 4633 stum
654 4579 706 4633 in
738 4595 803 4635 eo
832 4579 975 4649 quod
1003 4579 1259 4649 scriptum
1289 4592 1407 4648 est,
1439 4579 1578 4637 Deus
1597 4624 1612 4650 ,
1647 4584 1905 4654 judicium
1934 4595 2078 4643 tuum

480 4669 589 4738 regi
620 4669 704 4734 da,
738 4677 781 4722 et
802 4669 1060 4740 justitiam
1089 4680 1224 4723 tuam
1251 4671 1360 4739 ﬁlio
1388 4672 1519 4742 regis
1547 4689 1566 4726 :
1595 4682 1651 4728 et
1689 4689 1794 4730 non
1835 4680 2077 4747 agnoscis

479 4757 776 4817 Ecclesiam
803 4759 857 4814 in
883 4774 949 4814 eo
977 4760 1118 4830 quod
1145 4760 1389 4817 Psalmus
1417 4763 1531 4832 ipse
1553 4773 1797 4832 testatur,
1825 4767 2076 4822 Domina-

480 4851 618 4906 bitur
639 4867 671 4903 a
699 4851 828 4904 mari
858 4868 1013 4921 usque
1040 4853 1107 4904 ad
1136 4868 1306 4920 mare,
1333 4863 1378 4906 et
1407 4870 1439 4906 a
1461 4855 1672 4924 ﬂumine
1694 4873 1852 4928 usque
1877 4860 1944 4913 ad
1973 4869 2076 4914 ter-

479 4944 643 4998 minos
683 4941 817 4996 orbis
859 4953 1007 4998 terraa
1035 4959 1054 4997 :
1089 4959 1260 4998 coram
1298 4943 1391 4998 illo
1437 4945 1666 5000 desident
1689 4946 1999 5020 ‘zEt/tiOpes,
2033 4963 2078 5006 et

479 5035 670 5090 inimici
694 5035 803 5104 ejus
824 5044 1012 5088 terram
1032 5035 1240 5105 lingent.
1265 5033 1429 5105 Reges
1449 5035 1663 5092 Tharsis
1685 5049 1732 5092 et
1755 5039 1938 5095 insula:
1961 5059 2076 5097 mu-

479 5141 603 5181 nera
631 5124 862 5192 offerent,
893 5141 1033 5196 reges
1064 5125 1287 5179 Arabum
1316 5137 1364 5181 et
1391 5127 1531 5182 Saba
1558 5129 1693 5183 dona
1720 5132 2007 5198 adducent;
2032 5145 2077 5190 et

480 5215 761 5269 adorabunt
788 5232 902 5291 cum
927 5231 1098 5269 omnes
1120 5232 1260 5287 reges
1288 5227 1454 5283 terrae,
1483 5234 1653 5273 omnes
1679 5232 1845 5291 gentes
1865 5224 2075 5280 servient

483 5307 534 5360 ei
563 5305 734 5377 (Psal.
762 5321 886 5360 um
906 5347 920 5372 ,
952 5305 1016 5373 2,
1045 5307 1098 5373 8,
1130 5307 1256 5379 ll)?
1282 5308 1545 5378 Agnoscis
1573 5309 1840 5366 Christum
1876 5315 1962 5370 ubi
1989 5315 2074 5370 di-

481 5396 624 5452 citur
650 5395 716 5449 ad
739 5394 953 5450 Judtcos
973 5437 988 5462 ,
1024 5396 1146 5450 Non
1175 5408 1247 5452 est
1277 5399 1402 5452 milii
1426 5400 1657 5454 voluntas
1686 5401 1739 5456 in
1765 5405 1928 5470 vobis,
1953 5408 2076 5462 dicit

483 5489 735 5547 Dominus
762 5491 1074 5560 omnipotens
1094 5533 1110 5551 .
1141 5508 1230 5546 nec
1259 5493 1508 5562 accipiam
1535 5495 1787 5564 sacriﬁcia
1815 5499 1878 5552 de
1905 5501 2070 5555 mani-

483 5691 948 5803 ῗεῗξὲῗῃὲιῑιέἓξὲνενη
971 5689 1238 5754 legendum
1259 5694 1355 5755 hic,
1381 5693 1622 5760 ubertati;
1659 5704 1710 5748 et
1739 5699 1878 5761 infra,
1903 5714 1982 5754 vos
1999 5717 2070 5754 so-

547 5816 562 5844 ι
593 5821 708 5885 Mss._
723 5812 917 5885 quidam
1180 5818 1361 5885 addunt
1383 5854 1399 5879 ,
1439 5821 1666 5884 quoniam
1689 5824 1880 5878 Domini
1897 5832 1969 5880 est
1990 5841 2069 5882 re-

479 5886 649 5937 gnum,
664 5880 708 5923 et
732 5873 834 5937 ipse
851 5873 1172 5928 dominabitur
1186 5873 1414 5941 geritiimi.

1223 427 1500 487 CONTRA
1536 421 1969 482 CRESCONIUM
2009 417 2465 488 DONATISTAM,
2504 420 2562 477 S.
2604 421 2968 480 AUGUSTINI

3656 425 3772 483 556

2176 536 2267 590 bus
2293 538 2504 602 vestris;
2541 538 2663 610 quia
2695 539 2874 610 utique
2897 536 3092 594 Christi
3132 536 3392 594 adventus
3418 537 3643 594 abstulit
3669 541 3766 596 illa

2175 627 2355 683 omnia
2395 626 2650 683 sacriﬁcia
2676 628 2981 684 Judaaorum
3013 645 3025 680 :
3055 637 3109 683 et
3138 643 3244 683 non
3287 631 3532 700 agnoscis
3572 631 3771 687 Eccle-

2177 720 2312 776 siam
2338 721 2390 776 in
2412 736 2478 777 eo
2503 721 2646 792 quod
2671 723 2930 793 sequitur,
2962 722 3213 789 Quoniam
3236 723 3298 776 ab
3319 733 3435 778 ortu
3462 724 3587 779 solis
3609 741 3772 796 usque

2177 813 2247 868 ad
2265 830 2514 882 occasum,
2547 814 2884 887 gloriﬁcatum
2909 824 2980 870 est
3002 831 3184 870 nomen
3202 832 3370 870 meum
3392 817 3445 870 in
3465 817 3700 887 gentibus
3723 819 3768 884 ¹,

2179 907 2299 962 dicit
2328 907 2579 964 Dominus
2605 910 2918 980 omnipotens
2947 908 3202 980 (Malach.
3226 926 3272 977 ι,
3301 911 3388 978 10,
3421 911 3510 982 11)
3537 911 3561 965 ?
3591 912 3775 982 Agno-

2177 999 2285 1056 scis
2305 999 2575 1056 Christum
2604 1000 2656 1056 in
2683 1016 2748 1056 eo
2776 1000 2915 1071 quod
2941 999 3071 1056 dicit
3095 1001 3374 1072 propheta,
3398 1000 3548 1081 Sicut
3570 1003 3676 1056 ovis
3701 1004 3772 1056 ad

2177 1093 2543 1148 immolandum
2569 1095 2746 1149 ductus
2776 1103 2847 1149 est
2879 1093 3030 1166 (Isai.
3060 1111 3180 1162 Lnt,
3210 1093 3298 1167 7),
3327 1103 3382 1150 et
3416 1105 3613 1151 czetera
3649 1112 3774 1167 qua:

2177 1183 2253 1239 ibi
2295 1175 2375 1240 de
2401 1183 2494 1240 illo
2534 1194 2786 1256 tanquam
2821 1187 2875 1241 in
2914 1186 3203 1258 Evangelio
3242 1186 3493 1258 leguntur
3523 1207 3537 1243 :
3562 1197 3620 1243 et
3660 1203 3767 1244 non

2179 1277 2424 1346 agnoscis
2454 1277 2748 1334 Ecclesium
2778 1278 2830 1332 in
2857 1292 2922 1334 eo
2957 1278 3099 1349 quod
3136 1278 3295 1349 paulo
3321 1286 3443 1349 post
3466 1278 3626 1346 dicit,
3650 1279 3774 1335 La:-

2180 1375 2306 1434 tare,
2332 1368 2537 1437 sterilis,
2561 1384 2674 1440 quae
2699 1385 2800 1424 non
2826 1371 3002 1439 paris;
3028 1386 3230 1442 erumpe
3255 1379 3302 1425 et
3326 1372 3513 1440 clama,
3535 1387 3652 1441 qua:
3670 1388 3775 1427 non

2179 1459 2402 1530 parturis
2425 1475 2444 1513 :
2468 1461 2706 1530 quoniam
2731 1463 2879 1515 multi
2907 1462 3005 1531 ﬁlii
3029 1462 3256 1528 desertae,
3289 1463 3450 1533 magis
3477 1480 3632 1534 quam
3659 1466 3776 1534 ejus

2178 1565 2292 1620 qua:
2317 1549 2464 1604 habet
2487 1551 2668 1605 virum.
2708 1549 2851 1606 Dixit
2877 1553 3013 1607 enim
3041 1551 3290 1607 Dominus
3331 1569 3350 1607 :
3388 1551 3565 1608 Dilata
3605 1555 3777 1609 locum

2179 1643 2488 1698 tabernaculi
2510 1644 2618 1709 tui,
2649 1653 2696 1698 et
2717 1645 2863 1698 aulas
2888 1653 3000 1700 tuas
3023 1645 3255 1716 conﬁge;
3277 1662 3380 1699 non
3399 1654 3471 1699 est
3491 1646 3630 1716 quod
3652 1664 3776 1717 par-

2177 1751 2265 1791 cas
2282 1775 2298 1801 ,
2331 1736 2534 1808 porrige
2558 1737 2760 1808 longius
2789 1738 3042 1806 funiculos
3061 1779 3074 1805 ,
3109 1739 3252 1809 palos
3279 1737 3474 1793 validos
3501 1739 3772 1808 conﬁrma,

2179 1828 2331 1882 etiam
2359 1836 2506 1897 atque
2535 1829 2685 1882 etiam
2722 1829 2778 1883 in
2813 1830 3072 1884 dexteram
3113 1838 3260 1900 atque
3300 1831 3556 1885 sinistram
3596 1841 3775 1885 cxten-

2178 1921 2322 1976 dens.
2351 1921 2539 1976 Semen
2564 1922 2696 1975 enim
2727 1931 2868 1976 tuum
2893 1922 3209 1976 luereditabit
3237 1932 3443 1992 gentes;
3473 1932 3521 1978 et
3548 1924 3776 1979 civitates

2176 2028 2291 2084 quae
2326 2013 2533 2068 deserta:
2569 2023 2742 2082 erant,
2774 2013 3095 2068 inhabitabis.
3129 2012 3253 2067 Non
3281 2023 3353 2068 est
3381 2015 3516 2084 quod
3541 2025 3774 2080 metuas;

2177 2103 2469 2174 prtevalebis
2490 2105 2622 2159 enim
2646 2121 2664 2160 :
2684 2121 2772 2160 nec
2796 2106 3056 2160 erubescas
3085 2104 3218 2174 quod
3245 2105 3549 2160 detestabilis
3575 2107 3771 2176 fueris;

2177 2197 2528 2267 confusionem
2552 2198 2686 2252 enim
2713 2198 2767 2250 in
2797 2206 3090 2269 perpetuum
3118 2196 3450 2265 Oblivisceris,
3480 2198 3772 2269 ignominiae

2177 2288 2438 2344 viduitatis
2467 2299 2566 2344 tute
2593 2305 2693 2344 non
2730 2289 2829 2343 eris
2857 2305 3046 2343 memor
3069 2304 3087 2342 :
3112 2289 3349 2365 quoniam
3387 2305 3478 2360 ego
3517 2305 3635 2343 sum
3661 2288 3770 2344 Do-

2177 2380 2345 2434 minus
2373 2381 2460 2450 qui
2485 2380 2618 2450 facio
2647 2389 2694 2434 te
2712 2421 2727 2445 ,
2761 2377 3009 2434 Dominus
3037 2395 3218 2433 nomen
3243 2379 3289 2432 ei
3304 2395 3323 2444 ;
3358 2390 3403 2433 et
3431 2379 3518 2450 qui
3545 2380 3678 2433 eruit
3707 2389 3770 2446 te,

2177 2472 2286 2543 ipse
2308 2471 2446 2527 Deus
2469 2471 2635 2528 Israel
2656 2473 2900 2526 universa:
2920 2479 3064 2526 terra:
3085 2470 3342 2526 vocabitur
3363 2468 3473 2542 (Id.
3495 2486 3604 2538 LIV,
3631 2471 3770 2542 1-5).

2249 2563 2477 2620 CAPUT
2516 2562 2678 2620 LXV.
2714 2593 2785 2604 —
2815 2565 2903 2619 75.
2933 2565 2988 2618 In
3019 2563 3102 2618 his
3135 2571 3284 2619 certe
3317 2561 3536 2618 Litteris
3574 2564 3773 2619 sanctis

2180 2655 2477 2714 Ecclesiam
2506 2659 2634 2715 dicit
2661 2658 2992 2732 Cyprianus,
3024 2669 3084 2715 ut
3119 2659 3322 2716 diceret
3357 2677 3369 2712 :
3412 2659 3504 2715 Sic
3544 2658 3774 2714 Ecclesia

2179 2747 2388 2804 Domini
2411 2750 2522 2805 luce
2546 2755 2752 2821 perfusa
2768 2790 2782 2818 ,
2813 2768 2902 2821 per
2928 2753 3097 2805 orbem
3122 2761 3282 2806 totum
3312 2751 3483 2805 radios
3508 2768 3633 2805 suos
3659 2768 3774 2821 por-

2177 2840 2310 2894 rexit
2331 2880 2345 2905 ,
2375 2857 2544 2896 ramos
2572 2857 2690 2896 suos
2730 2858 2820 2911 per
2843 2843 3124 2897 universam
3150 2852 3334 2896 terram
3361 2843 3508 2912 copia
3536 2843 3774 2897 ubertatis

2179 2934 2402 2989 extendit
2434 2933 2569 3006 (Lib.
2601 2935 2663 2989 de
2689 2934 3028 3006 Simplicitate
3054 2935 3417 3000 Prtelatorum,
3445 2952 3533 2990 seu
3562 2937 3628 2990 de
3652 2935 3776 2991 Uni-

2180 3035 2282 3080 tate
2311 3025 2598 3099 Ecclesiae).
2632 3027 2766 3083 lluic
2787 3069 2802 3094 ,
2843 3027 3126 3095 Cresconi,
3158 3037 3318 3084 tantm
3357 3028 3773 3084 manifestationi

2179 3117 2483 3173 divinorum
2510 3118 2842 3188 eloquiorum
2869 3120 3208 3175 calumniaris
3229 3162 3243 3186 ,
3272 3121 3533 3176 intuendo
3562 3121 3776 3176 residua

2179 3209 2420 3280 gentium
2437 3251 2453 3274 ,
2489 3223 2607 3279 quae
2632 3210 2869 3266 nondum
2895 3212 3173 3281 occupavit
3193 3212 3465 3278 Ecclesia;
3493 3221 3552 3268 et
3580 3223 3774 3284 quanta

2179 3301 2550 3370 occupaverit,
2580 3301 2722 3358 unde
2761 3303 2829 3358 ad
2874 3303 3086 3359 residua
3128 3305 3356 3361 tenenda
3394 3307 3642 3378 quotidie
3673 3306 3775 3363 dii-

2179 3391 2435 3461 lunditur,
2467 3409 2574 3448 non
2603 3393 2852 3451 attendis.
2884 3395 3163 3464 Quomodo
3192 3398 3336 3452 enim
3370 3398 3776 3469 prophetiarum

2179 3483 2400 3540 istarum
2430 3483 2660 3539 futuram
2687 3485 3069 3556 perfectionem
3097 3501 3202 3542 non
3229 3504 3390 3560 negas
3411 3530 3424 3554 ,
3449 3491 3542 3561 qui
3569 3500 3776 3546 tantum

2180 3585 2492 3646 provectum
2517 3615 2531 3642 ,
2574 3576 2659 3630 cui
2700 3576 2926 3632 debetur
2963 3577 3077 3648 ipsa
3118 3580 3410 3650 perfectio,
3438 3596 3634 3652 negare
3663 3598 3775 3638 non

2179 3665 2389 3722 dubitas
2406 3708 2423 3735 ,
2450 3681 2557 3721 non
2583 3667 2703 3722 dico
2731 3667 2988 3724 adversus
3018 3685 3175 3726 voces
3198 3670 3408 3728 divinas
3426 3713 3442 3740 ,
3467 3673 3562 3728 sed
3585 3673 3700 3744 jam
3724 3682 3779 3730 et

2179 3756 2436 3814 adversus
2465 3758 2622 3812 tuas?
2647 3757 2781 3814 Nam
2805 3768 2859 3814 et
2880 3759 2948 3815 de
2973 3769 3026 3816 te
3051 3761 3104 3816 vi
3130 3777 3320 3832 magna
3347 3763 3515 3832 ipsius
3537 3764 3778 3821 veritatis

2180 3864 2496 3920 expressum
2521 3860 2622 3916 est,
2651 3859 2710 3906 ut
2729 3849 2937 3908 diceres
2963 3854 3231 3920 nesciens,
3255 3855 3334 3910 vel
3363 3871 3470 3911 non
3493 3857 3778 3914 attendens

2181 3941 2310 4012 quid
2349 3941 2579 4009 dixeris,
2610 3943 2753 4013 quod
2795 3944 2850 3998 in
2884 3943 3228 4012 Christianum
3267 3964 3450 4002 nomen
3479 3957 3616 4004 totus
3651 3966 3778 4021 quo-

2183 4035 2304 4088 tidie
2341 4036 2548 4089 vertitur
2575 4036 2811 4092 mundus.
2852 4037 2959 4094 Cur
2987 4054 3116 4110 ergo
3158 4039 3281 4096 huic
3318 4040 3621 4111 Ecclesiae,
3649 4039 3778 4116 quas

2182 4135 2295 4183 toto
2341 4128 2543 4184 mundo
2588 4131 2880 4187 crescendo
2927 4131 3210 4200 dilatatur,
3261 4139 3368 4189 non
3416 4138 3777 4192 communicat

2182 4237 2306 4294 pars
2334 4223 2562 4280 Donati?
2599 4224 2860 4282 Videlicet
2903 4242 2971 4282 ne
3009 4243 3042 4282 a
3076 4229 3446 4298 peccatoribus
3485 4231 3775 4299 polluatur.

2184 4315 2253 4372 Et
2277 4316 2362 4372 ubi
2391 4327 2474 4373 est
2499 4317 2642 4387 quod
2669 4333 2773 4374 non
2802 4318 2957 4374 istam
2985 4329 3236 4388 vestram,
3260 4335 3377 4390 quas
3405 4321 3460 4375 in
3481 4322 3669 4378 Africa
3694 4339 3778 4378 rc-

2184 4422 2410 4463 manens
2447 4408 2563 4462 orbi
2607 4417 2871 4464 terrarum
2903 4410 3284 4478 calumniatur,
3311 4421 3402 4466 aut
3428 4428 3497 4467 ex
3519 4413 3703 4469 Africa
3729 4415 3782 4471 in

2183 4499 2368 4568 paucis
2397 4498 2684 4554 latentibus
2714 4501 3086 4570 peregrinatur
3105 4542 3119 4568 ,
3151 4502 3246 4558 sed
3275 4503 3418 4560 illam
3448 4520 3573 4574 qua:
3601 4521 3782 4561 ramos

2183 4603 2311 4644 suos
2345 4605 2440 4658 per
2477 4590 2780 4645 universam
2821 4600 3018 4647 terram
3048 4595 3201 4664 copia
3229 4594 3486 4650 ubertatis
3515 4598 3780 4663 extendit,

2184 4681 2353 4735 noluit
2375 4681 2551 4736 deseri
2577 4681 2874 4754 Cyprianus
2891 4724 2908 4751 ,
2936 4684 3143 4740 etiamsi
3173 4685 3225 4740 in
3251 4685 3364 4756 ejus
3388 4689 3776 4744 communione

2185 4787 2291 4826 non
2314 4780 2518 4825 tantum
2542 4773 2667 4842 sint,
2696 4789 2878 4830 verum
2899 4786 3194 4846 appareant
3213 4785 3545 4848 peccatores,
3571 4781 3780 4849 dicens,

2185 4863 2326 4917 Nam
2363 4865 2457 4918 etsi
2493 4865 2724 4920 videntur
2750 4868 2804 4921 in
2832 4867 3059 4924 Ecclesia
3087 4885 3192 4924 esse
3220 4870 3448 4938 zizania,
3478 4888 3585 4926 non
3616 4881 3784 4927 tamen

2182 4955 2416 5025 impediri
2440 4957 2581 5012 debet
2608 4959 2684 5012 vel
2708 4958 2856 5027 ﬁdes,
2884 4960 2961 5014 vel
2981 4961 3202 5016 charitas
3226 4970 3435 5026 nostra;
3459 4973 3513 5016 ut
3541 4966 3784 5035 quoniam

2183 5049 2380 5102 zizania
2407 5065 2514 5104 esse
2541 5051 2596 5104 in
2623 5050 2856 5106 Ecclesia
2885 5054 3135 5109 cernimus
3156 5094 3170 5119 ,
3213 5055 3313 5125 ipsi
3346 5055 3409 5110 de
3434 5053 3674 5112 Ecclesia
3704 5076 3783 5113 re~

2183 5140 2420 5196 cedamus
2450 5140 2541 5212 (In
2568 5141 2739 5212 Epist.
2771 5145 2838 5196 ad
2866 5143 3195 5216 Maximum).

2252 5231 2480 5287 CAPUT
2510 5232 2694 5286 LXVI.
2721 5263 2792 5274 -—
2817 5235 2905 5289 74.
2936 5234 3033 5289 llic
3073 5245 3129 5291 et
3168 5246 3222 5291 tu
3265 5238 3532 5308 responde
3552 5280 3571 5306 ,
3603 5242 3650 5295 si
3693 5242 3783 5295 tibi

2181 5321 2357 5392 placet
2380 5323 2494 5378 veri
2513 5323 2710 5395 aliquid
2733 5327 3078 5396 respondere,
3102 5338 3156 5383 et
3177 5329 3446 5400 quomodo
3466 5331 3785 5405 implebitur

2181 5412 2320 5482 quod
2351 5414 2604 5484 scriptum
2632 5425 2745 5480 est,
2782 5416 2948 5472 Filius
2976 5419 3139 5473 malus
3166 5421 3278 5490 ipse
3305 5438 3358 5475 se
3389 5423 3596 5492 justum
3637 5427 3779 5493 dicit,

2181 5506 2368 5566 exitum
2388 5516 2554 5562 autem
2576 5524 2726 5562 suum
2747 5525 2847 5563 non
2868 5509 3024 5564 abluit
3049 5511 3230 5582 (Prov.
3249 5529 3394 5581 xstv,
3412 5518 3553 5586 apud
3571 5517 3782 5590 LXX)?

2179 5595 2256 5651 Da
2299 5611 2424 5668 ergo
2464 5597 2628 5656 tilium
2670 5599 2942 5668 malum',
2985 5601 3431 5662 Maximiancnses
3471 5607 3780 5682 damnetgct

2243 5711 2260 5739 ι
2287 5707 2474 5780 Addunt
2488 5709 2566 5781 hic
2598 5709 2899 5781 iidemAMssq
2915 5720 2968 5781 et
2985 5714 3034 5764 in
3055 5715 3184 5765 omni
3208 5717 3310 5768 loco
3330 5717 3578 5781 incensum
3613 5721 3781 5772 adole-

2177 5769 2305 5826 bitur
2345 5769 2959 5844 nominimmeo,_et__hostia
2975 5790 3102 5836 pura
3129 5791 3147 5827 :
3169 5791 3398 5844 magnum
3603 5769 3778 5834 nometh

2176 5845 2336 5882 meum
2357 5833 2406 5881 in
2424 5833 2656 5895 gentibus,
2675 5834 2795 5885 dicit
2819 5833 3050 5890 Dominus
3070 5833 3382 5895 armipotens.

2242 5854 2336 5882 mm
2357 5854 2406 5881 ut
2424 5854 2656 5895 geramus,
2675 5854 2795 5885 arcu
2819 5854 3050 5890 Dominus
3070 5854 3180 5890 omn
3261 5854 3382 5892 tens.

2242 5896 2262 5926 ι
2287 5902 2385 5943 Am.
2412 5903 2652 5947 etomnes
2672 5903 2778 5948 Mss.
2800 5912 2812 5952 :
2837 5907 2913 5950 Da
2935 5913 3048 5964 ergo
3079 5903 3144 5953 ad
3567 5919 3587 5959 :
3609 5906 3773 5978 forte,
