4010 6498
236 460 349 519 557

234 582 615 651 persequatur,
638 576 900 633 damnatis
922 584 977 633 et
995 579 1283 648 persecutis
1307 577 1711 642 reconcilietur;
1741 576 1825 631 vel

232 672 320 725 sic
340 670 692 725 convincatur
710 711 724 735 ,
752 670 837 725 vel
864 669 939 725 sic
968 666 1346 737 confundatur,
1376 670 1461 725 vel
1488 670 1566 725 sic
1595 669 1825 739 corriga-

233 772 345 817 tur.
377 760 649 826 Quomodo
670 803 685 827 ,
712 750 919 832 inquis,
963 771 1095 817 totus
1130 764 1262 819 orbis
1295 763 1643 817 communione
1666 771 1830 817 uestra

234 853 427 922 plenus
452 860 525 907 est
544 894 558 918 ,
591 853 676 907 ubi
706 860 809 906 tam
841 852 1016 908 multa:
1036 864 1152 909 sunt
1181 854 1391 909 hcereses
1410 897 1422 918 ,
1453 870 1667 925 quarum
1695 854 1829 908 vobis

234 943 387 997 nulla
412 944 788 999 communicat?
816 944 928 1000 Imo
955 960 1061 999 non
1092 954 1295 1000 tantum
1324 946 1585 1002 haareticis
1603 987 1618 1015 ,
1646 961 1829 1001 verum

231 1033 406 1087 etiam
438 1034 650 1089 exeteris
692 1033 994 1090 hominibus
1032 1034 1186 1090 malis
1230 1035 1416 1106 plenus
1453 1046 1534 1091 est
1574 1036 1748 1103 orbis,
1778 1044 1832 1092 et

230 1125 445 1179 sanctis
475 1140 538 1180 ac
565 1125 809 1181 fidelibus
835 1127 929 1182 Dei
960 1127 1127 1183 servis
1169 1127 1357 1198 plenus
1383 1137 1465 1184 est
1492 1128 1636 1184 orbis
1667 1146 1679 1182 :
1710 1129 1830 1200 quia

229 1224 293 1270 et
322 1230 477 1271 mare
516 1217 734 1286 plenum
773 1228 854 1273 est
882 1219 1075 1274 amaris
1105 1219 1383 1285 fluctibus,
1416 1220 1629 1291 plenum
1668 1229 1749 1277 est
1779 1230 1833 1277 et

229 1305 490 1362 dulcibus
518 1308 771 1378 piscibus.

308 1400 406 1456 75.
446 1398 517 1453 In
542 1402 719 1472 paucis
737 1443 751 1467 ,
784 1401 979 1472 inquis,
1013 1405 1296 1473 frequenter
1320 1413 1389 1458 est
1416 1405 1635 1471 veritas;
1663 1421 1830 1459 errare

228 1491 517 1545 multorum
542 1501 635 1546 est.
668 1493 735 1547 Et
758 1508 826 1549 ne
850 1494 1027 1549 verbis
1053 1494 1156 1551 tuis
1182 1504 1341 1551 tantae
1365 1486 1506 1551 illius
1530 1496 1729 1552 sterilis
1757 1497 1831 1550 fe-

227 1581 504 1637 cunditati
528 1584 895 1640 contradicere
924 1585 1180 1641 videreris
1206 1587 1291 1642 cui
1320 1586 1516 1642 dictum
1543 1598 1643 1653 est,
1674 1586 1831 1642 Multi

226 1673 328 1743 ﬁlii
358 1674 608 1743 deserta,
638 1678 799 1747 magis
824 1694 977 1749 quam
1005 1679 1114 1747 ejus
1139 1694 1255 1747 quia
1282 1679 1425 1733 habet
1451 1682 1611 1733 virum
1634 1697 1652 1734 .·
1674 1678 1827 1734 adhi-

225 1764 398 1821 buisti
425 1783 493 1821 ex
519 1768 808 1839 Evangelio
833 1770 1216 1835 testimonium,
1258 1771 1508 1836 Quoniam
1538 1773 1687 1843 pauci
1714 1782 1829 1826 sunt

224 1857 317 1925 qui
339 1858 610 1912 salvantur
638 1858 787 1931 (Luc.
818 1876 908 1914 xm
926 1902 941 1926 ,
974 1860 1085 1931 25).
1117 1861 1277 1916 Solve
1301 1878 1428 1932 ergo
1456 1865 1824 1932 quastionem,

225 1950 508 2018 quomodo
538 1951 655 2020 ipse
683 1951 938 2005 Dominus
968 1952 1144 2018 dicat,
1189 1952 1353 2018 Quam
1378 1962 1517 2007 arcta
1545 1964 1591 2007 et
1616 1965 1828 2025 angusta

222 2052 297 2096 est
333 2045 417 2096 ria
454 2060 571 2113 qua:
595 2045 731 2098 ducit
760 2045 828 2098 ad
861 2046 1011 2099 vitam
1029 2086 1044 2111 ,
1076 2056 1122 2099 et
1148 2047 1295 2116 pauci
1320 2057 1434 2100 sunt
1461 2048 1547 2118 qui
1570 2047 1826 2101 inveniunt

222 2150 338 2188 eam
368 2134 591 2205 (Matth.
620 2152 715 2203 vn,
746 2136 868 2209 14)!
914 2146 967 2191 et
995 2136 1135 2192 idem
1167 2137 1281 2207 ipse
1310 2138 1434 2191 alibi
1465 2138 1636 2203 dicat,
1671 2137 1825 2193 Multi

220 2224 285 2277 ab
316 2231 513 2280 oriente
541 2237 587 2281 et
613 2228 867 2281 occidente
894 2228 1111 2294 uenient,
1144 2238 1187 2282 et
1214 2229 1495 2282 recumbent
1519 2245 1633 2283 cum
1657 2229 1822 2283 Abra-

221 2316 347 2369 ham
376 2326 425 2371 et
452 2315 606 2371 Isaac
631 2328 678 2372 et
702 2318 863 2373 Iacob
887 2320 939 2373 in
966 2336 1119 2390 regno
1145 2320 1387 2373 caelorum
1413 2318 1521 2389 (Id.
1551 2336 1662 2385 vm,
1691 2319 1779 2391 11)
1805 2338 1819 2386 ;

218 2410 501 2479 quomodo
547 2410 709 2466 etiam
757 2412 810 2466 in
851 2412 1168 2483 Apocalypsi
1206 2411 1600 2467 demonstretur
1637 2427 1821 2467 eorum

216 2500 546 2569 multitudo,
580 2517 736 2571 quam
784 2518 1068 2559 numerare
1116 2517 1273 2557 nemo
1316 2511 1523 2572 poterat
1567 2518 1634 2558 ex
1677 2504 1819 2557 omni

215 2601 380 2662 gente
408 2602 467 2648 et
492 2594 635 2649 tribu
665 2602 719 2649 et
742 2595 941 2665 lingua,
976 2594 1285 2650 habentium
1315 2595 1480 2649 stolas
1508 2595 1675 2660 albas,
1709 2596 1820 2665 pal-

214 2700 447 2756 masque
479 2685 786 2753 ferentium,
814 2688 903 2757 qui
930 2702 1206 2756 pressuras
1232 2697 1449 2758 propter
1476 2688 1633 2742 fidem
1659 2688 1818 2743 Chri-

211 2777 284 2831 sti
315 2777 689 2834 sustinuerant
729 2777 911 2851 (Apoc.
945 2793 1047 2844 vn,
1080 2778 1136 2851 9)
1166 2795 1178 2831 :
1208 2778 1472 2849 quomodo
1511 2779 1671 2834 iidem
1711 2780 1819 2835 sint

211 2872 373 2941 pauci
417 2872 510 2941 qui
553 2871 726 2926 multi.
755 2870 935 2942 Neque
960 2872 1103 2927 enim
1135 2871 1359 2926 alterum
1387 2871 1576 2926 horum
1610 2882 1693 2927 est
1727 2888 1818 2927 vc-

210 2978 361 3030 rum,
390 2962 619 3017 alterum
648 2962 872 3027 falsum,
900 2978 1023 3017 cum
1052 2962 1119 3016 sit
1148 2972 1433 3031 utrumque
1456 2962 1630 3016 divina
1660 2962 1814 3017 Veri-

209 3062 327 3108 tate
354 3054 645 3123 prolatum,
679 3054 780 3108 nisi
810 3054 931 3123 quia
962 3053 1121 3107 iidem
1146 3053 1245 3123 ipsi
1272 3053 1397 3108 boni
1425 3054 1643 3123 verique
1662 3053 1817 3108 Chri—

209 3147 374 3200 stiani
393 3188 410 3213 ,
440 3149 530 3216 qui
561 3161 655 3215 per
684 3162 743 3201 se
784 3148 929 3215 ipsos
965 3146 1118 3201 multi
1153 3154 1311 3210 sunt,
1339 3146 1392 3200 in
1417 3146 1815 3214 comparatione

206 3237 486 3291 malorum
526 3237 883 3307 falsorumque
926 3237 1106 3292 itidem
1146 3238 1298 3307 pauci
1336 3248 1477 3293 sunt.
1521 3238 1611 3294 Sic
1650 3239 1814 3293 multa

202 3344 383 3400 grana
416 3329 611 3397 quibus
637 3329 829 3386 horrea
854 3345 1045 3401 magna
1071 3332 1437 3400 complentur,
1473 3346 1639 3401 pauca
1678 3331 1813 3387 dici-

200 3435 338 3475 mus
366 3420 426 3474 in
453 3422 841 3490 comparatione
870 3422 1162 3491 palearum.
1192 3421 1280 3477 Sic
1310 3422 1499 3489 etiam,
1522 3433 1580 3476 ut
1604 3422 1671 3478 de
1696 3423 1813 3492 ipso

200 3510 315 3566 Dei
347 3518 670 3565 testamento
696 3510 898 3578 dicam,
931 3511 1074 3581 quod
1110 3512 1306 3567 factum
1341 3521 1423 3566 est
1447 3512 1515 3567 ad
1540 3512 1811 3567 Abraham

200 3602 273 3657 de
305 3602 527 3657 semine
554 3603 668 3672 ejus
694 3604 835 3673 quod
862 3611 944 3659 est
966 3604 1211 3660 Christus
1229 3646 1245 3672 ,
1275 3605 1456 3660 multa:
1484 3614 1609 3661 sunt
1644 3606 1811 3660 stella:

201 3710 345 3765 quas
388 3710 677 3751 numerare
719 3712 824 3752 non
865 3712 1185 3767 possumus,
1231 3698 1423 3767 quibus
1463 3709 1569 3752 tam
1610 3698 1811 3768 grande

201 3787 411 3843 caelum
456 3786 684 3857 undique
724 3788 1121 3858 circumfulgct,
1163 3795 1216 3843 et
1256 3803 1451 3857 paucas
1492 3789 1717 3844 dicimus
1756 3789 1808 3843 in

201 3877 621 3948 comparatione
647 3893 827 3934 arente
854 3879 1037 3934 maris.
1079 3878 1238 3933 Forte
1270 3879 1441 3933 stellae
1474 3879 1805 3949 signiﬁcave—

202 3977 332 4022 runt
372 3966 681 4038 spirituales
719 3969 1080 4036 Christianos,
1107 3970 1270 4024 maris
1297 3977 1474 4024 autem
1503 3984 1665 4024 arena
1688 3984 1808 4024 car-

200 4059 391 4125 nales,
420 4074 517 4128 per
545 4074 680 4129 quos
707 4068 760 4116 et
792 4077 860 4116 ex
884 4061 1077 4130 quibus
1101 4061 1262 4115 etiam
1306 4060 1540 4117 hazreses
1580 4070 1635 4116 et
1664 4061 1807 4117 schi-

199 4159 384 4207 smata
411 4154 547 4205 fiunt
576 4170 589 4207 :
620 4161 844 4222 utroque
884 4162 1061 4207 tamen
1098 4166 1294 4222 genere
1320 4152 1509 4221 plenus
1532 4162 1615 4208 est
1654 4169 1809 4207 mun-

200 4242 299 4299 dus
321 4284 339 4308 ,
372 4243 498 4314 quia
539 4244 679 4299 idem
714 4244 967 4299 Dominus
995 4243 1153 4310 dicit,
1183 4244 1315 4313 Ager
1343 4254 1414 4298 est
1443 4244 1523 4297 hic
1552 4245 1806 4309 mundus;

200 4345 256 4392 et
284 4344 347 4390 tu
376 4336 495 4405 ipse
523 4335 617 4391 tibi
647 4337 868 4392 veritate
908 4344 1257 4405 extorquente
1288 4335 1499 4402 dixisti,
1533 4335 1600 4389 1n
1625 4353 1806 4391 nomen

198 4428 549 4481 christianum
586 4437 717 4482 totus
754 4428 977 4498 quotidie
1002 4430 1207 4481 vertitur
1236 4426 1474 4480 mundus.
1508 4427 1611 4481 Per
1636 4436 1808 4482 totum

198 4519 369 4589 igitur
394 4533 609 4588 agrum,
640 4518 740 4573 hoc
765 4526 866 4583 est,
897 4534 995 4588 per
1025 4527 1193 4572 totum
1222 4516 1477 4572 mundum
1514 4516 1801 4586 frumenta,

199 4625 293 4680 per
323 4618 507 4666 totum
533 4611 731 4665 zizania
754 4627 767 4676 ;
798 4611 918 4681 quia
944 4611 1012 4665 de
1033 4620 1259 4681 utroque
1287 4610 1420 4664 dixit
1449 4612 1539 4681 qui
1564 4612 1673 4665 falli
1698 4628 1806 4667 non

196 4713 404 4773 potest,
432 4703 597 4758 Sinite
617 4713 827 4774 utraque
850 4719 1066 4757 crescere
1091 4720 1245 4773 usque
1268 4703 1335 4756 ad
1356 4719 1563 4757 messem
1592 4704 1803 4775 (Matth.

198 4809 294 4851 ιιιι
318 4838 337 4862 ,
370 4795 465 4861 58,
498 4794 611 4866 '50).

264 4889 509 4945 CAPUT
548 4888 754 4944 LXVII.
784 4919 855 4928 ——
907 4890 992 4944 76.
1025 4888 1321 4944 Cobibeant
1367 4889 1545 4959 itaque
1588 4905 1647 4945 sc
1688 4890 1803 4946 fru-

195 4992 513 5039 mentorum
545 4998 640 5052 per
686 4991 855 5037 totum
901 4982 1155 5037 mundum
1203 4990 1348 5036 tanta
1402 4983 1645 5038 ubertate
1686 4999 1805 5039 cre-

194 5077 475 5131 scentium
505 5074 650 5143 impii
681 5074 983 5130 desertores
1008 5115 1023 5141 ,
1074 5083 1127 5128 et
1172 5089 1277 5127 non
1307 5074 1534 5128 audeant
1577 5075 1645 5129 de
1673 5090 1807 5144 quo-

194 5166 455 5220 rumdam
497 5165 819 5219 zizaniorum
852 5174 1219 5234 separatorum
1264 5163 1527 5232 paucitate
1563 5165 1799 5235 gloriari.

194 5256 357 5323 Quod
400 5256 447 5310 si
475 5256 803 5327 gloriantur,
835 5257 995 5311 etiam
1026 5256 1080 5309 in
1107 5255 1207 5309 hoc
1234 5255 1349 5324 ipso
1374 5257 1668 5325 procedunt
1704 5257 1803 5311 ad-

194 5362 394 5403 versus
422 5362 516 5402 eos
541 5347 702 5403 iidem
728 5347 806 5402 illi
829 5348 1288 5413 lllaximiancnses,
1321 5348 1521 5417 judicio
1546 5350 1561 5379 ¹
1586 5349 1764 5405 divino
1783 5392 1799 5417 ,

194 5440 258 5494 ad
288 5455 391 5495 eos
423 5439 479 5493 in
509 5440 758 5494 omnibus
777 5439 1179 5495 confundendos
1201 5479 1214 5504 ,
1243 5449 1325 5505 et,
1358 5442 1403 5493 si
1429 5442 1655 5510 sapiant,
1681 5457 1803 5497 cor-

192 5532 458 5602 rigendos
483 5532 712 5603 appositi
748 5551 760 5587 :
791 5546 925 5602 quos
951 5531 1120 5586 multo
1151 5531 1428 5600 pauciores
1472 5532 1801 5601 praefidentia

194 5702 282 5762 pro
302 5727 346 5759 ,_
374 5691 440 5740 ad
461 5728 475 5749 ,
496 5752 506 5761 .
525 5690 889 5762 repetendum,
936 5689 1197 5762 da._Paulo
1241 5696 1346 5751 post
1371 5750 1382 5762 _
1399 5691 1515 5761 editi
1555 5690 1797 5762 ferebant,

196 5751 346 5818 celei
367 5750 699 5818 convincatur,
738 5752 824 5818 vet
846 5750 889 5818 si
928 5750 1267 5815 confundatur,
1309 5750 1382 5801 vel
1419 5752 1463 5802 si
1502 5750 1795 5818 corrigatur.

194 5815 593 5885 Me_lu_xs__quidam
608 5822 737 5885 Mss”
755 5815 827 5865 vel
843 5815 933 5885 sic.

263 5881 279 5908 ι
310 5876 448 5948 aliti,
476 5876 528 5926 in
544 5876 752 5938 judicio.
779 5877 1041 5940 ttedundat,
1065 5876 1144 5939 in,
1169 5890 1263 5928 nec
1285 5879 1335 5931 in
1357 5878 1578 5930 omnibus
1602 5886 1679 5930 est
1701 5892 1802 5931 ma-

196 5946 477 6001 nuscriptis.

1608 455 1815 515 LIBER
1852 454 2165 515 TERTIUS.

3420 490 3529 551 558

1943 576 2293 635 multitudinis
2318 596 2427 640 sua:
2469 592 2731 657 persecuti
2767 604 2920 663 sunt,
2963 607 3016 654 et
3051 608 3420 677 persequendo
3460 614 3531 671 ad

1941 680 2090 721 suam
2121 676 2561 733 'communionem
2590 682 2796 753 aliquos
2821 702 3003 744 eorum
3036 676 3530 760 denuoiconverte-

1942 767 2099 857 runt,
2140 775 2203 816 ac
2240 764 2317 819 sic
2354 777 2578 826 caeteros
2601 772 2956 847 justissimos,
2984 798 3091 852 quo
3120 787 3136 817 ¹
3177 792 3529 857 paucissimos

1942 850 2288 922 reliquerunt.

2012 944 2099 1000 77.
2138 946 2291 1016 Non,
2323 953 2527 1024 inquis,
2569 965 2901 1018 communicat
2947 968 3129 1026 Oriens
3172 974 3394 1047 Africae,
3436 997 3528 1034 nec

1939 1040 2115 1111 Africa
2141 1042 2356 1101 Orienti.
2394 1049 2510 1105 Non
2539 1066 2669 1109 sane
2688 1096 2703 1121 ,
2747 1058 2840 1113 sed
2869 1060 2921 1115 in
2959 1063 3128 1132 paleis
3157 1040 3423 1125 haereticis
3459 1072 3531 1127 ab

1938 1146 2062 1187 area
2100 1134 2365 1194 dominica
2393 1146 2651 1213 separatis
2679 1166 2691 1200 :
2721 1150 2772 1204 in
2802 1150 3079 1210 frumentis
3100 1167 3279 1213 autem
3309 1162 3529 1217 catholio

1938 1226 2015 1281 eis
2043 1236 2098 1282 et
2139 1229 2476 1290 interioribus
2505 1238 2671 1306 paleis
2708 1244 2924 1299 omnino
2950 1250 3307 1305 communicat
3332 1252 3528 1311 Oriens

1936 1318 2163 1385 Africae,
2194 1332 2248 1377 et
2287 1325 2463 1381 Africa
2502 1328 2727 1387 Orienti.
2754 1335 2859 1389 Alii
2896 1338 3091 1409 quippe
3118 1340 3234 1409 hic,
3275 1344 3365 1397 alii
3394 1362 3534 1401 vero

1937 1409 2062 1503 alibi
2091 1421 2249 1483 atque
2277 1416 2404 1473 alibi
2432 1418 2668 1477 hazretici
2696 1439 2817 1479 cum
2839 1427 3027 1484 diffusa
3049 1432 3243 1503 ubique
3264 1436 3529 1493 catholica

1937 1502 2137 1560 unitate
2171 1507 2477 1579 conﬂigunt.
2520 1512 2724 1585 Ubique
2750 1526 2831 1572 est
2854 1520 2995 1575 enim
3022 1522 3111 1578 illa
3139 1502 3206 1580 de
3231 1542 3333 1595 qua
3374 1530 3525 1583 exic-

1935 1605 2078 1663 runt,
2106 1600 2195 1668 qui
2217 1615 2335 1657 esse
2361 1602 2555 1676 ubique
2578 1608 2796 1665 minime
2835 1620 3143 1682 potuerunt,
3174 1616 3413 1674 dicentes
3438 1635 3525 1676 se-

1934 1690 2165 1745 cundum
2194 1693 2244 1747 id
2272 1697 2409 1764 quod
2438 1698 2504 1754 de
2542 1700 2644 1754 illis
2672 1703 2983 1771 przedietum
3009 1717 3092 1762 est
3112 1749 3125 1774 ,
3162 1709 3293 1765 Ecce
3330 1714 3412 1766 hic
3453 1725 3523 1768 est

1934 1782 2181 1852 Christus,
2205 1805 2317 1843 ecce
2344 1790 2449 1845 illic
2466 1792 2680 1862 (Matth.
2707 1813 2855 1865 xxxv,
2881 1798 2972 1870 25)
2994 1818 3007 1853 :
3026 1801 3114 1856 alii
3136 1801 3239 1858 hoc
3261 1803 3398 1872 loco,
3418 1806 3525 1861 alio

1932 1876 2021 1930 alii
2047 1879 2310 1934 variarum
2347 1889 2838 1957 prmsumptionum,
2883 1892 2963 1947 vel
3004 1896 3179 1964 potius
3203 1900 3523 1967 amputatio—

1931 1981 2057 2020 num
2088 1971 2327 2038 proprias
2347 1976 2630 2041 particulas
2662 1980 3004 2037 ostendentes
3021 2025 3035 2051 ,
3060 1995 3217 2055 atque
3242 1987 3404 2057 impia
3426 2005 3522 2044 su-

1931 2060 2113 2128 perbia
2161 2062 2393 2118 radicem
2444 2066 2584 2121 unde
2633 2070 2781 2125 fracti
2833 2082 2957 2127 sunt
2998 2074 3338 2146 abnegantcs.
3387 2080 3523 2135 Huic

1929 2166 2057 2221 ergo
2084 2152 2357 2219 Ecclesize,
2387 2172 2505 2225 quae
2534 2160 2766 2228 copiosis
2788 2166 3123 2221 successibus
3141 2209 3156 2234 ,
3188 2184 3309 2223 cum
3331 2169 3525 2226 dilata~

1929 2250 2014 2297 tur
2042 2253 2153 2300 toto
2181 2246 2313 2302 orbe
2341 2260 2599 2305 terrarum
2619 2292 2633 2318 ,
2664 2267 2731 2307 ex
2758 2257 2900 2310 omni
2927 2267 3086 2327 gente
3111 2302 3125 2325 ,
3166 2261 3310 2316 tribu
3334 2273 3389 2319 et
3414 2263 3517 2320 lin-

1925 2351 2047 2406 gua,
2078 2340 2211 2407 parit
2233 2342 2620 2400 multitudinem
2646 2348 3046 2406 candidatorum
3064 2362 3116 2408 et
3142 2357 3517 2428 palmatorum,

1925 2430 2061 2485 sicut
2081 2432 2134 2485 in
2169 2434 2487 2507 Apocalypsi
2517 2440 2769 2509 scriptum
2801 2452 2917 2510 est,
2957 2461 3115 2514 quam
3146 2463 3304 2505 nemo
3329 2467 3519 2508 nume-

1924 2537 2044 2577 rare
2064 2535 2249 2593 potest
2279 2546 2291 2580 :
2316 2527 2468 2594 huic,
2502 2530 2748 2600 inquam,
2774 2533 3029 2591 Ecclesia:
3055 2539 3137 2592 cui
3164 2548 3369 2608 partem
3412 2544 3517 2599 Do-

1924 2617 2032 2669 nati
2061 2632 2166 2670 non
2196 2621 2592 2677 communicare
2619 2625 2955 2682 manifestum
2998 2639 3107 2693 est,
3150 2633 3381 2703 majores
3416 2651 3514 2691 ve-

1923 2706 2020 2759 stri
2050 2707 2275 2775 probare
2305 2709 2634 2780 debuerunt,
2672 2730 3019 2787 quaecumque
3050 2736 3172 2774 vera
3194 2722 3513 2779 documenta

1922 2797 1990 2851 de
2022 2799 2363 2856 traditoribus
2394 2802 2712 2860 habuerunt.
2744 2807 2895 2875 Quod
2933 2812 2978 2864 si
3019 2811 3301 2882 fecissent,
3332 2816 3430 2885 ipsi
3460 2817 3513 2871 in

1922 2888 2009 2942 illa
2052 2901 2265 2957 essent,
2306 2903 2455 2948 extra
2504 2896 2646 2951 illam
2676 2914 2804 2954 vero
2831 2900 2904 2954 illi
2951 2918 3087 2972 quos
3122 2917 3511 2963 accusassent:

1921 2998 2065 3037 nunc
2092 2993 2266 3039 autem
2294 3001 2415 3041 cum
2460 3000 2736 3045 accusatos
2784 2992 2836 3046 in
2884 2994 2975 3047 illa
3025 3001 3385 3066 permansisse
3428 3002 3510 3056 vi-

1920 3074 2159 3141 deamus,
2186 3078 2311 3145 quid
2336 3079 2462 3135 boni
2490 3082 2556 3137 de
2578 3086 2975 3143 accusatoribus
3002 3092 3199 3147 sentire
3228 3093 3508 3165 debemus,

1919 3180 2052 3234 quos
2081 3177 2230 3222 extra
2257 3170 2404 3225 illam
2433 3173 2719 3229 videmus?
2748 3178 2825 3231 Ae
2850 3193 2946 3247 per
2971 3180 3147 3236 hocin
3168 3184 3253 3237 illa
3289 3186 3511 3255 quadri-

1919 3258 2111 3325 partita
2156 3260 2558 3331 distributione,
2593 3266 2681 3321 ubi
2719 3267 2858 3333 dixi,
2891 3285 3012 3325 cum
3058 3273 3125 3327 de
3166 3276 3510 3335 traditoribus

1918 3350 2262 3419 proferuntur
2284 3371 2348 3409 ex
2378 3368 2597 3427 utraque
2628 3370 2776 3429 parte
2796 3362 3135 3432 documenta,
3167 3377 3255 3422 aut
3284 3381 3509 3440 utraque

1918 3456 2043 3496 vera
2071 3459 2191 3498 esse
2210 3486 2223 3511 ,
2256 3455 2346 3500 aut
2370 3457 2588 3518 utraque
2608 3450 2759 3517 falsa,
2787 3464 2877 3507 aut
2904 3466 3085 3510 nostra
3112 3473 3237 3512 vera
3257 3468 3311 3513 et
3331 3469 3509 3518 vestra

1916 3533 2048 3589 falsa
2068 3578 2082 3603 ,
2113 3547 2205 3592 aut
2247 3549 2427 3595 nostra
2459 3542 2585 3597 falsa
2616 3553 2669 3598 et
2698 3553 2871 3600 vestra
2905 3563 3029 3603 vera
3075 3548 3209 3619 (Lib.
3257 3552 3282 3604 1
3334 3562 3509 3608 contra

1917 3626 2134 3684 Litteras
2165 3630 2430 3701 Petiliani,
2464 3652 2514 3688 η.
2542 3635 2655 3706 25);
2681 3653 2801 3692 cum
2827 3639 3035 3695 videres
3057 3642 3108 3696 in
3142 3646 3507 3712 superioribus

1917 3721 2086 3775 tribus
2116 3738 2208 3777 vos
2238 3724 2488 3780 facillime
2522 3731 2791 3797 superari,
2822 3732 3017 3787 frustra
3057 3735 3149 3787 tibi
3180 3735 3283 3789 hoc
3324 3746 3507 3792 extre-

1915 3828 2097 3881 mum,
2136 3818 2288 3885 quasi
2330 3834 2431 3886 qua
2470 3820 2725 3875 evaderes
2749 3863 2762 3887 ,
2810 3824 3035 3894 elcgisti.
3082 3826 3333 3892 Quamvis
3361 3830 3504 3884 enim

1914 3922 2071 3975 quam
2117 3907 2456 3977 impudenter
2483 3912 2691 3965 dicatur
2732 3914 3015 3981 advertas;
3063 3926 3236 3972 tamen
3284 3935 3347 3975 ea
3390 3921 3503 3990 ipsa

1913 4014 2037 4054 vera
2064 4002 2239 4056 vestra
2260 4043 2274 4068 ,
2309 4003 2353 4057 si
2393 4019 2495 4073 qua
2524 4016 2704 4060 essent
2744 4006 2977 4063 humana
3020 4009 3334 4067 documenta
3362 4055 3377 4081 ,
3427 4013 3505 4070 illi

1913 4094 2170 4149 Ecclesia:
2224 4096 2435 4165 probari
2485 4098 2817 4166 debuerunt,
2871 4118 3029 4172 quam
3072 4103 3296 4173 probant
3340 4105 3504 4161 docu-

1915 4195 2092 4240 menta
2122 4188 2320 4242 divina.

1982 4277 2208 4333 CAPUT
2248 4280 2477 4335 LXVIII.
2501 4313 2571 4321 —
2594 4284 2680 4339 78.
2712 4284 2802 4338 Dic
2830 4284 2959 4339 mihi
2981 4326 2994 4351 ,
3028 4286 3254 4342 obsecro
3297 4298 3376 4355 te;
3409 4290 3503 4346 sed

1911 4369 2020 4423 noli
2063 4369 2338 4427 effundere
2379 4373 2601 4430 nebulas
2642 4376 2929 4445 imperitis,
2964 4387 3020 4432 ut
3045 4380 3295 4449 quoniam
3332 4380 3501 4437 tradi-

1913 4470 2056 4516 torcs
2086 4474 2362 4520 accusatos
2383 4483 2488 4521 non
2513 4469 2659 4523 vales
2687 4470 3023 4535 convincere,
3052 4471 3340 4527 identidem
3367 4474 3503 4529 velis

1910 4564 2053 4609 artes
2078 4554 2384 4612 dialecticas
2421 4572 2673 4614 accusare
2708 4579 2720 4613 :
2764 4560 2849 4614 dic
2874 4576 3001 4631 ergo
3021 4604 3034 4626 ,
3068 4578 3197 4632 rogo
3224 4572 3277 4618 te
3298 4605 3311 4627 ,
3341 4578 3501 4619 causa

1912 4646 2012 4701 ista
2044 4659 2218 4703 vestra
2240 4664 2361 4704 cum
2385 4652 2523 4705 veris
2548 4651 2883 4707 documentis
2908 4654 3101 4708 vestris
3131 4654 3385 4723 perducta
3420 4664 3503 4712 est

1909 4740 1976 4795 ad
1996 4741 2250 4810 judicium
2277 4745 2749 4797 transmarinarum
2771 4743 3128 4800 Ecclesiarum
3158 4747 3342 4803 labore
3369 4764 3500 4818 apo-

1910 4836 2100 4889 stolico
2125 4836 2481 4901 fundatarum,
2506 4850 2574 4891 an
2604 4852 2708 4891 non
2740 4846 2823 4892 est
2848 4838 3142 4907 perducta?
3165 4839 3220 4894 Si
3246 4840 3500 4909 perducta

1911 4937 2012 4990 est,
2040 4928 2241 4981 vicistis
2272 4927 2324 4981 in
2349 4943 2414 4982 eo
2433 4927 2654 4997 judicio,
2678 4945 2745 4983 an
2773 4930 2893 4985 victi
2915 4932 3082 4986 estis?
3108 4932 3161 4986 Si
3189 4933 3381 4986 vicisse
3402 4945 3499 4984 vos

1909 5020 2085 5076 dicitis
2104 5062 2118 5085 ,
2150 5036 2246 5076 cur
2271 5021 2349 5074 eis
2380 5022 2629 5076 Ecclesiis
2653 5065 2666 5088 ,
2710 5024 2764 5077 in
2791 5040 3012 5094 quarum
3039 5025 3231 5095 iudicio
3257 5024 3455 5077 vicistis
3480 5065 3495 5087 ,

1910 5127 2016 5167 non
2057 5112 2498 5167 communicatis?
2522 5112 2576 5168 Si
2603 5123 2781 5169 autem
2812 5116 2974 5186 (quod
3001 5116 3128 5169 satis
3156 5116 3267 5185 ipsa
3298 5114 3497 5169 indicat
3564 5158 3572 5165 .

1911 5204 1977 5258 ab
1998 5205 2073 5258 eis
2102 5204 2329 5259 alienata
2357 5214 2536 5259 vestra
2565 5206 2891 5278 communio)
2924 5209 3043 5262 victi
3072 5208 3217 5269 estis,
3250 5206 3376 5276 quid
3403 5223 3499 5261 no-

1911 5298 2115 5353 biseum
2149 5298 2230 5354 vel
2272 5299 2411 5353 mala
2439 5300 2521 5354 vel
2552 5300 2688 5354 bona
2716 5315 2875 5354 causa
2918 5300 3121 5369 perdita
3158 5298 3374 5368 litigatis
3399 5341 3412 5365 ,
3446 5300 3496 5354 id

1913 5392 2169 5447 habentes
2196 5394 2483 5447 maximum
2506 5395 2727 5460 crimen,
2764 5393 2903 5463 quod
2926 5393 3148 5447 crimine
3178 5392 3495 5447 traditorum

1908 5501 2043 5557 quos
2088 5486 2140 5539 in
2181 5485 2379 5555 judicio
2422 5486 2889 5541 transmarinarum
2930 5484 3287 5539 Ecclesiarum
3332 5485 3496 5539 etiam

1909 5595 2032 5634 vera
2070 5580 2385 5634 documenta
2420 5582 2751 5649 proferenles
2777 5577 3095 5633 convincere
3141 5576 3360 5633 minime
3408 5592 3495 5648 p'r

1910 5675 2086 5729 tuistis
2112 5715 2125 5740 ,
2169 5676 2351 5729 orbem
2390 5673 2736 5727 christianum
2785 5671 3098 5741 perfunditis
3124 5714 3137 5739 ,
3170 5674 3291 5743 quia
3336 5674 3388 5728 in
3429 5688 3493 5728 ea

1909 5782 2066 5824 causa
2106 5769 2158 5821 in
2195 5782 2297 5837 qua
2328 5768 2587 5820 interesse
2628 5779 2734 5819 non
2779 5765 2983 5836 potuit,
3029 5767 3188 5839 elegit
3224 5766 3494 5839 judicibus

1976 5946 1996 5977 ⁸
2017 5948 2091 5996 Er.
2118 5950 2171 5997 et
2190 5949 2322 6007 Lov.,
2344 5954 2477 6008 quos.
2502 5943 2670 5996 Melius
2691 5954 2792 5997 Am.
2819 5952 2873 5999 et
2886 5952 3014 6013 use,
3038 5959 3148 6013 quo.
