4010 6468
487 464 595 523 545

487 578 682 635 deinde
735 575 963 649 subjecit
991 590 1006 627 :
1036 571 1311 643 Proferens
1358 577 1523 622 autem
1550 566 1724 636 spinas
1754 572 1800 639 et
1831 561 2063 623 tribulos,

487 673 703 744 reproba
724 681 770 726 et
795 666 1134 724 maledictioni
1152 664 1383 734 proxima
1409 671 1511 726 est;
1538 659 1683 728 cujus
1703 656 1818 726 ﬁnis
1844 653 1897 708 in
1917 651 2074 705 ustio-

489 781 623 817 nem.
640 762 791 829 Quod
814 775 881 815 ne
905 759 1010 814 illis
1035 757 1226 828 quibus
1271 747 1826 824 loquebatur'optasse
1853 744 2068 799 videre-

489 865 614 909 tur:
646 852 832 921 Con/isi
883 866 1056 905 sumus
1085 851 1100 881 ί
1125 857 1313 914 autem,
1360 845 1549 914 inquit,
1595 843 1657 896 de
1679 841 1835 904 vobis,
1889 843 2074 909 fratres

426 977 433 980 η
489 946 795 1012 charissimi,
827 945 1035 998 meliora
1083 953 1127 996 et
1156 940 1396 995 ha’renlia
1441 937 1594 992 saluti
1625 934 1807 1007 (Hebr.
1831 949 1900 996 VI,
1925 928 2072 1001 7—9).

488 1038 733 1094 Attendis
781 1047 924 1092 certe
969 1034 1238 1106 quomodo
1277 1033 1362 1087 hic
1405 1030 1636 1093 dixerit,
1690 1027 1898 1081 meliora
1925 1040 1944 1078 :
1971 1038 2076 1078 non

488 1137 610 1200 quia
642 1131 782 1185 bona
804 1136 958 1183 erant
1010 1143 1128 1198 quae
1158 1140 1317 1195 supra
1346 1124 1575 1187 dixerat,
1620 1117 1860 1189 proferre
1896 1115 2076 1185 spinas

481 1236 544 1280 et
576 1224 820 1289 tribulos,
852 1230 906 1277 et
932 1222 1193 1276 ustionem
1217 1217 1408 1272 mereri
1440 1232 1453 1280 ;
1487 1213 1581 1270 sed
1607 1211 1774 1282 magis
1815 1208 1938 1280 quia
1960 1220 2076 1260 ma-

487 1313 538 1368 la
569 1324 740 1379 erant,
773 1321 830 1368 ut
858 1313 961 1367 illis
983 1310 1231 1366 devitatis
1283 1309 1505 1363 meliora
1541 1305 1800 1374 eligerent
1835 1309 1889 1355 et
1917 1306 2075 1367 opta-

490 1415 634 1473 rent,
664 1405 764 1459 hoc
779 1413 879 1471 est,
915 1404 1050 1458 bona
1085 1401 1247 1456 tantis
1291 1399 1448 1454 malis
1490 1393 1774 1452 contraria.
1804 1389 1910 1447 Sed
1939 1387 2078 1443 forte

491 1495 808 1568 Apostolum
832 1497 909 1551 sic
937 1494 1257 1550 audiendum
1299 1506 1419 1548 esse
1474 1487 1769 1553 arbitraris,
1819 1481 2078 1554 quemad-

491 1590 714 1647 modum
743 1589 812 1644 de
855 1603 914 1643 se
964 1588 1077 1657 ipse
1113 1585 1275 1650 dicit,
1337 1592 1584 1651 tanquam
1631 1577 1924 1642 hominem,
1955 1572 2081 1628 etsi

490 1682 796 1751 imperitum
823 1693 1090 1744 sermone,
1134 1676 1228 1731 sed
1254 1691 1360 1730 non
1390 1671 1610 1728 scientia
1635 1668 1705 1741 (ll
1721 1668 1838 1723 Cor.
1873 1683 1950 1733 χι,
1973 1665 2030 1734 6)
2064 1683 2076 1718 :

491 1781 550 1827 et
575 1771 698 1826 ideo
727 1785 834 1824 non
863 1770 1144 1824 verborum
1171 1768 1226 1822 in
1248 1781 1335 1833 eo,
1365 1763 1459 1820 sed
1487 1777 1666 1818 rerum
1694 1769 1851 1831 atque
1873 1765 2083 1814 senten-

493 1864 686 1919 tiarum
713 1863 1085 1917 auctoritatem
1111 1867 1268 1930 putas
1301 1873 1420 1913 esse
1441 1853 1771 1920 sectandam,
1797 1852 1936 1906 bona
1955 1848 2080 1920 poni

492 1942 746 2012 debuisse
774 1952 1122 2019 contendens,
1167 1951 1256 2006 ubi
1310 1949 1490 2020 posuit
1516 1948 1633 2018 ipse
1678 1945 1909 1999 meliora.
1943 1939 2082 2009 Quid

496 2047 543 2102 si
570 2055 625 2101 et
650 2061 748 2115 ego
766 2045 876 2115 jam
933 2045 1016 2099 bis
1070 2042 1264 2097 litteris
1307 2039 1660 2104 assuefactus,
1691 2044 1746 2091 et
1792 2034 1907 2089 illas
1949 2045 2084 2102 quas

495 2149 632 2206 puer
673 2134 833 2189 didici
898 2133 1115 2199 oblitus,
1140 2133 1217 2186 sic
1262 2131 1394 2198 dixi,
1444 2127 1676 2199 Objicitis
1731 2125 2080 2190 traditionem,

497 2227 628 2282 hanc
650 2228 813 2298 ipsam
838 2225 995 2279 multo
1015 2223 1324 2294 probabilius
1351 2237 1444 2275 nos
1469 2218 1605 2273 vobis
1629 2217 1893 2284 obiicimus
1921 2231 1940 2268 :
1969 2224 2086 2268 tan-

498 2335 659 2390 quam
685 2319 941 2382 dicerem,
972 2315 1348 2380 Probabiliter,
1375 2310 1797 2381 comparativum
1823 2323 1920 2379 pro
1938 2306 2085 2378 posi-

498 2411 608 2465 tivo
662 2424 890 2481 poncns,
930 2417 1055 2462 ‘non
1096 2407 1220 2477 quia
1240 2418 1335 2460 vos
1372 2401 1741 2473 probabiliter,
1800 2398 1895 2454 sed
1919 2396 2087 2467 magis

497 2503 620 2573 quia
663 2499 1087 2570 improbabiliter
1114 2515 1128 2565 ;
1160 2499 1297 2554 sicut
1325 2497 1419 2552 ille
1447 2495 1676 2560 meliora,
1726 2506 1833 2548 non
1853 2491 1976 2562 quia
1995 2489 2088 2544 illa

495 2603 650 2650 erant
676 2595 836 2660 bona,
868 2592 962 2647 sed
995 2591 1163 2663 magis
1213 2589 1338 2660 quia
1372 2588 1556 2644 mala:
1589 2594 1644 2641 tu
1677 2599 1844 2655 quare
1883 2590 1989 2637 tam
2007 2590 2090 2637 te-

495 2701 646 2742 mere
673 2683 950 2741 concludis
969 2700 1035 2739 ex
1081 2683 1182 2736 hoc
1206 2681 1556 2737 conﬁrmasse
1583 2691 1689 2741 me,
1720 2689 1816 2730 vos
1841 2671 2090 2744 probabi-

497 2778 640 2844 liter,
673 2778 794 2848 quia
825 2777 935 2831 dixi
955 2791 1053 2831 nos
1077 2772 1403 2844 probabilius
1431 2771 1454 2824 ?

569 2868 795 2924 CAPUT
841 2866 1051 2923 LXXV.
1078 2896 1150 2908 —
1191 2865 1282 2921 87.
1313 2863 1624 2933 Quanquam
1659 2875 1759 2917 nec
1798 2857 2090 2914 secundum

497 2959 871 3031 grammaticos
896 2959 949 3012 in
970 2957 1134 3013 verbo
1144 2970 1231 3011 me
1242 2969 1452 3010 errasse
1467 2951 1908 3024 reprehenderes,
1922 2947 1969 3004 si
1989 2948 2092 3004 sal-

500 3060 610 3108 tem
639 3051 918 3107 verborum
969 3050 1207 3120 ipsorum
1253 3055 1496 3103 auctores
1543 3047 1629 3100 vel
1656 3051 1857 3099 attente
1886 3043 2085 3112 legere,

499 3143 586 3199 vel
620 3142 928 3198 memoriter
950 3141 1188 3196 recolere
1213 3138 1491 3194 voluisses.
1533 3137 1770 3192 Pueriles
1813 3134 1953 3189 enim
1993 3131 2089 3186 ha-

499 3234 627 3291 bent
644 3233 853 3299 litterae,
884 3233 978 3288 sed
1003 3248 1110 3287 non
1134 3248 1164 3286 a
1189 3245 1355 3302 puero
1382 3229 1630 3301 imperito
1656 3228 1876 3294 dictum,

624 3348 678 3397 Di
697 3346 897 3396 meliora
914 3347 1022 3407 piis,
1033 3357 1364 3408 erroremque
1387 3343 1607 3408 hostibus
1627 3341 1786 3391 illum!

624 3409 852 3458 Discissos
872 3406 1015 3457 nudis
1032 3406 1272 3456 laniabant
1285 3406 1519 3454 dentibus
1533 3410 1681 3454 artus.

929 3466 1320 3532 (Virgil.,6corg.
1343 3465 1425 3517 tib.
1449 3467 1498 3527 5,
1524 3478 1647 3515 vers.
1671 3464 1780 3524 515,
1804 3461 1940 3523 514.)

509 3573 790 3643 Quomodo
813 3587 941 3643 ergo
971 3571 1182 3626 meliora
1207 3572 1326 3643 piis,
1385 3569 1536 3640 quasi
1563 3569 1704 3624 bona
1747 3575 1929 3623 essent
1951 3565 2090 3634 istis,

503 3679 567 3722 ac
591 3680 697 3721 non
715 3665 888 3735 potius
921 3679 1110 3736 magna
1155 3664 1316 3731 mala,
1348 3661 1441 3732 qui
1471 3661 1716 3716 discissos
1753 3659 1903 3714 nudis
1923 3657 2093 3713 lania-

505 3758 626 3813 bant
653 3757 882 3813 dentibus
905 3767 1048 3812 artus
1078 3757 1103 3810 ?
1128 3755 1249 3812 Jam
1278 3754 1428 3810 vides
1477 3761 1642 3820 certe,
1675 3753 1799 3823 quia
1827 3751 1964 3806 sicut
1993 3750 2095 3806 iste

503 3848 610 3920 piis
640 3848 812 3917 potuit
838 3857 1026 3918 optare
1077 3845 1322 3911 meliora,
1365 3842 1609 3915 quamvis
1650 3843 1740 3898 illa
1768 3841 1820 3896 in
1865 3855 2092 3911 quorum

505 3939 912 4009 comparatione
939 3938 1178 4009 optabat,
1204 3952 1314 3992 non
1367 3944 1547 3991 essent
1586 3934 1766 3999 bona;
1808 3932 1888 3988 sic
1911 3940 1965 3988 et
1992 3946 2093 4001 ego

507 4029 657 4101 potui
691 4029 892 4096 dicere,
925 4028 1248 4083 traditionem
1276 4026 1585 4097 probabilius
1623 4024 1761 4079 vobis
1805 4023 2092 4094 objicimus,

506 4124 750 4195 quamvis
773 4137 892 4179 eam
921 4135 1017 4177 vos
1045 4120 1201 4176 nobis
1225 4133 1333 4174 non
1376 4116 1721 4188 probabiliter
1769 4115 2094 4184 objiceretis.

507 4214 581 4270 Ut
607 4215 849 4269 omittam
876 4214 1000 4286 quia
1043 4221 1098 4268 et
1140 4210 1416 4283 probabile
1467 4208 1678 4279 quando
1719 4207 1929 4272 dicitur,
1990 4223 2098 4262 non

436 4316 442 4322 '
508 4313 899 4376 consequenter
927 4313 1010 4360 est
1048 4319 1275 4369 verum;
1304 4317 1425 4357 cum
1455 4316 1517 4356 ea
1548 4300 1797 4356 dicuntur
1842 4313 1960 4369 quae
1983 4298 2098 4353 fieri

509 4404 738 4469 possunt
763 4410 826 4451 ac
845 4396 1038 4461 solent,
1064 4403 1118 4450 et
1147 4394 1268 4448 ideo
1295 4394 1608 4463 probantur,
1640 4391 1744 4446 hoc
1763 4400 1846 4445 est
1866 4431 1881 4458 ,
1904 4403 2098 4459 appro-

510 4487 707 4544 bantur
750 4494 804 4542 et
855 4483 1169 4551 creduntur,
1196 4482 1409 4538 etiamsi
1452 4481 1592 4536 facta
1631 4495 1737 4534 non
1773 4479 1881 4534 sint
1916 4478 2100 4550 :quod

511 4587 692 4634 autem
715 4592 900 4632 verum
930 4583 1032 4640 est,
1059 4590 1182 4630 cum
1221 4573 1538 4638 ostenditur,
1573 4571 1878 4627 necessario
1909 4570 2102 4642 proba-

512 4669 621 4742 bile
644 4676 747 4736 est,
771 4675 826 4722 et
854 4667 944 4723 illo
977 4668 1157 4737 utique
1197 4665 1546 4736 probabilius.
1603 4662 1802 4718 Recole
1828 4663 1992 4718 libros
2014 4661 2102 4717 ubi

511 4761 674 4818 verba
745 4759 978 4816 didicisti
1031 4777 1043 4814 :
1096 4775 1256 4830 quam
1329 4768 1380 4814 te
1453 4773 1562 4814 non
1606 4757 1812 4824 fallam,
1862 4755 2103 4827 profecto

512 4867 769 4924 reperies.

505 4999 513 5007 ,
587 4943 814 5000 CAPUT
856 4943 1092 4999 LXXVI.
1115 4973 1185 4982 -—
1213 4941 1368 4999 Unde
1390 4943 1598 4997 etiamsi
1627 4950 1833 4998 vestros
1854 4941 2102 5012 probabi-

513 5039 636 5095 liter
664 5039 864 5094 nostris
909 5036 1250 5092 traditionem
1271 5036 1532 5106 objecisse
1577 5035 1926 5091 concederem
1953 5053 1967 5102 ;
1998 5050 2102 5090 non

517 5133 638 5189 ideo
669 5148 855 5190 verum
883 5132 1145 5201 objecisse
1165 5172 1180 5197 ,
1211 5130 1616 5196 contenderem,
1648 5139 1702 5185 et
1727 5139 1873 5186 recte
1898 5145 1995 5185 nos
2017 5131 2103 5184 di-

517 5242 697 5282 cerem
747 5224 1074 5296 probabilius
1123 5224 1262 5278 banc
1313 5223 1548 5292 objiccre
1577 5240 1590 5275 :
1620 5221 2105 5292 quandoquidema

517 5317 673 5373 vobis
693 5317 956 5374 nominari
984 5325 1190 5371 tantum
1208 5314 1493 5369 traditores
1519 5313 1753 5368 solemus
1769 5312 1972 5378 audire,
1996 5312 2106 5366 nul-

520 5408 585 5463 lis
604 5418 783 5465 autem
810 5409 976 5480 gestis
993 5407 1079 5464 vel
1100 5404 1494 5467 ecclesiasticis,
1528 5405 1612 5458 vel
1634 5403 1881 5474 publicis,
1909 5404 2104 5458 recita-

523 5514 569 5554 ri
592 5500 1049 5570 demonstrarique
1088 5497 1393 5561 confessos;
1421 5510 1451 5550 a
1484 5493 1634 5549 nobis
1676 5501 1854 5549 autem
1878 5494 2108 5564 proferri

525 5600 582 5646 et
609 5600 753 5660 gesta
778 5591 986 5661 publica
1019 5591 1106 5645 ubi
1154 5587 1323 5644 vestri
1375 5584 1729 5650 tradiderunt,
1762 5593 1816 5639 et
1857 5583 2108 5639 ecclesia-

528 5681 660 5738 stica
685 5681 770 5736 ubi
814 5681 1042 5735 confessi
1070 5681 1180 5734 Deo
1205 5678 1370 5749 judiei
1399 5675 1639 5733 derelicti
1667 5683 1808 5731 sunt.

596 5773 821 5831 CAPUT
851 5772 1106 5827 LXXVII.
1122 5803 1190 5812 --
1206 5772 1292 5828 88.
1312 5770 1418 5828 Sed
1436 5785 1540 5826 non
1561 5769 1748 5830 omitto
1765 5777 1871 5828 tam
1888 5768 2111 5827 manife-

595 5911 612 5942 ⁸
637 5912 714 5963 Sic
729 5914 836 5962 Mss.
860 5907 996 5970 Editi,
1013 5902 1317 5969 conﬁdimus.

1231 450 1498 509 CONTRA
1539 441 1966 504 CRESCONIUM
2007 434 2460 503 DONATISTAM,
2501 434 2556 491 S.
2601 431 2962 492 AUGUSTINI

3653 429 3757 489 5H

2184 564 2324 610 stum
2341 531 2658 622 adju‘torium
2683 560 2846 616 tuum,
2875 563 2980 620 quo
2995 546 3315 604 nobisetiam
3330 545 3576 603 nesciens
3595 545 3759 616 pluri-

2181 660 2326 702 mum
2351 645 2514 711 faves,
2531 642 2769 698 docendo
2784 641 2995 712 regulas
3015 639 3355 710 comparativi
3375 637 3570 710 gradus
3590 654 3605 692 :
3632 637 3764 705 Quia

2180 740 2235 794 td
2255 739 2390 810 quod
2416 748 2533 792 ante
2558 737 2777 807 positum
2806 742 2875 790 est
2896 741 3066 805 auget,
3101 749 3203 786 non
3253 732 3386 802 quod
3430 739 3548 785 ante
3574 730 3765 784 dictum

2181 841 2255 886 est
2275 829 2550 900 improbat.
2574 825 2876 883 Secundum
2895 824 3038 880 enim
3059 821 3445 893 bancregulam
3473 831 3639 887 tuam,
3673 835 3760 874 se-

2183 921 2414 975 cundum
2457 918 2699 990 quasdam
2722 916 2888 972 verba
2915 926 3005 970 tua
3049 915 3102 968 in
3146 912 3369 983 epistola
3395 920 3506 976 tua,
3536 912 3654 965 sine
3681 910 3764 963 ul-

2185 1017 2234 1072 la
2260 1013 2570 1069 difﬁcultate
2616 1009 2941 1067 obtinuimus
2978 1020 3191 1062 causam
3223 1010 3481 1059 nostram.
3511 1001 3592 1057 Tu
3623 1001 3766 1056 enim

2185 1107 2364 1163 dixisti
2390 1106 2442 1160 in
2483 1105 2668 1177 primis
2717 1101 2955 1172 partibus
3009 1099 3302 1153 litterarum
3349 1105 3578 1160 tuarum,
3624 1094 3769 1148 velut

2184 1205 2422 1254 nostram
2449 1194 2793 1267 pertinaciam
2817 1188 3173 1258 criminando,
3208 1197 3277 1242 tot
3298 1188 3601 1242 documenta
3629 1187 3769 1257 tega-

2185 1291 2274 1357 lia,
2304 1289 2440 1361 quod
2475 1289 2653 1343 melius
2687 1296 2735 1342 et
2782 1284 2952 1340 uerius
2977 1291 3068 1350 est,
3118 1279 3260 1336 nobis
3303 1281 3608 1350 persuadere
3665 1295 3769 1333 non

2186 1398 2348 1453 posse.
2375 1379 2475 1436 Ubi
2519 1393 2618 1450 ego
2648 1374 2910 1433 concludo
2957 1371 3252 1430 secundum
3299 1370 3596 1426 artificialia
3653 1378 3764 1436 tua,

2181 1475 2291 1547 jam
2317 1488 2417 1529 nos
2455 1487 2639 1527 verum
2683 1478 2738 1526 et
2780 1469 2978 1524 bonum
3011 1475 3212 1532 tenere,
3257 1464 3301 1519 si
3346 1461 3489 1534 quod
3509 1459 3688 1516 verius
3715 1469 3770 1516 et

2186 1565 2379 1622 melius
2407 1573 2509 1632 est,
2553 1561 2706 1617 nobis
2757 1556 3069 1630 persuaderi
3096 1570 3204 1612 non
3233 1561 3429 1624 potest.
3459 1551 3596 1607 Cum
3642 1566 3770 1620 ergo

2187 1671 2287 1712 nos
2306 1669 2413 1710 non
2439 1651 2826 1716 rescindamus,
2861 1658 2918 1702 ut
2945 1644 3238 1703 secundum
3270 1653 3323 1699 te
3351 1644 3558 1712 loquar,
3589 1640 3772 1696 verius

2188 1759 2243 1805 et
2268 1747 2460 1802 melius
2507 1744 2776 1815 Baptisms
2820 1747 3076 1806 vestrum,
3120 1752 3286 1809 quare
3328 1750 3422 1790 vos
3469 1732 3774 1789 rescinditis

2188 1856 2372 1896 verum
2413 1847 2469 1894 et
2495 1839 2694 1894 bonum
2717 1831 3001 1888 nostrum?
3030 1829 3165 1885 ltem
3215 1843 3336 1884 cum
3372 1825 3621 1889 dixisses,
3658 1822 3769 1876 Hoc

2189 1942 2235 1987 et
2252 1949 2342 1987 nos
2363 1930 2616 1994 volumus,
2654 1936 2708 1980 ut
2726 1925 2953 1980 Christus
2979 1925 3042 1978 sit
3061 1921 3223 1991 origo,
3251 1927 3298 1973 et
3321 1917 3492 1982 radix,
3520 1926 3770 1986 caputque

2188 2023 2487 2079 christiani:
2510 2019 2766 2076 continuo
2783 2013 3076 2085 subjecisti,
3101 2011 3188 2067 sed
3211 2010 3481 2082 querimus
3510 2024 3602 2077 per
3625 2023 3774 2076 quem

2191 2114 2285 2168 hoc
2304 2111 2481 2166 melius
2508 2110 2618 2178 ﬁat.
2643 2105 2797 2176 Quod
2841 2102 3068 2162 dicendo
3123 2101 3303 2172 utique
3351 2098 3686 2165 concessisti,
3718 2106 3775 2153 et

2191 2221 2285 2277 per
2313 2203 2510 2260 malum
2537 2201 2840 2256 ministrum
2855 2198 2993 2254 bene
3035 2195 3172 2263 ﬁeri,
3206 2192 3303 2250 sed
3327 2192 3519 2248 melius
3548 2206 3645 2260 per
3669 2190 3773 2246 bo-

2191 2294 2684 2362 num.Cumitaque
2733 2304 2833 2346 nos
2875 2303 2981 2344 non
3019 2284 3376 2342 rescindimus
3420 2282 3772 2353 Baptismum,

2192 2402 2350 2458 quem
2389 2401 2484 2455 per
2532 2392 2770 2439 vestrum
2802 2391 3053 2451 tanquam
3091 2393 3189 2448 per
3217 2377 3418 2433 bonum
3465 2375 3777 2430 ministrum

2193 2480 2307 2536 dari
2334 2478 2515 2534 dicitis
2538 2494 2552 2530 :
2576 2488 2743 2546 quare
2765 2487 2862 2528 vos
2904 2469 3207 2526 rescinditis
3241 2468 3593 2538 Baptismum,
3621 2481 3780 2537 quem

2193 2588 2289 2644 per
2313 2580 2553 2627 nostrum
2575 2579 2826 2639 tanquam
2853 2580 2950 2636 per
2993 2563 3191 2618 malum
3247 2561 3550 2616 ministrum
3596 2559 3783 2614 datum

2193 2679 2314 2720 esse
2333 2659 2691 2718 contenditis?
2711 2657 2792 2712 Tu
2812 2655 2955 2712 enim
2975 2653 3177 2720 dixisti,
3209 2652 3498 2720 Qumrimus
3518 2665 3612 2721 per
3633 2664 3779 2719 quem

2195 2756 2373 2812 melius
2390 2756 2498 2825 ﬁat.
2523 2753 2590 2808 Et
2608 2760 2700 2806 tua
2742 2749 2923 2820 regula
2972 2755 3078 2812 est,
3108 2744 3242 2814 Quia
3265 2744 3453 2816 gradus
3497 2742 3594 2796 iste
3633 2740 3783 2811 quod

2194 2859 2311 2905 ante
2336 2849 2557 2919 positum
2576 2853 2649 2900 est
2676 2851 2842 2914 auget.
2867 2840 3022 2898 Unde
3036 2839 3081 2894 si
3105 2853 3202 2909 per
3223 2845 3484 2904 vestrum,
3513 2835 3657 2890 sicut
3683 2848 3782 2903 pu-

2197 2951 2299 3008 tas,
2317 2937 2509 2994 melius
2535 2936 2631 3002 fit;
2663 2948 2790 3005 ergo
2811 2940 2865 2989 et
2883 2945 2980 3002 per
3034 2937 3274 2985 nostrum
3307 2928 3444 2982 bene
3468 2925 3548 2979 ﬁt.
3583 2924 3665 2979 Ac
3691 2937 3784 2994 per

2197 3032 2301 3088 hoc
2315 3028 2527 3101 quando
2543 3042 2640 3098 per
2672 3041 2770 3080 nos
2803 3023 3128 3094 baptizatum
3169 3018 3532 3090 rebaptizatis,
3562 3015 3621 3071 id
3641 3015 3779 3087 quod

2197 3141 2265 3182 ex
2287 3124 2390 3180 ista
2415 3131 2506 3178 tua
2535 3120 2716 3192 regula
2738 3117 2876 3174 bene
2906 3116 3102 3172 factum
3128 3126 3249 3169 esse
3279 3109 3594 3176 conceditis,
3619 3107 3778 3165 sacri-

2197 3215 2312 3286 lega
2335 3211 2751 3284 praesumptione
2788 3205 3114 3263 rescinditis.

2267 3304 2495 3362 CAPUT
2533 3298 2814 3358 LXXVIII.
2837 3327 2910 3339 —
2933 3297 3022 3354 89.
3049 3295 3254 3352 Vereor
3278 3306 3347 3349 ne
3375 3292 3539 3347 nimis
3563 3304 3780 3361 urgeam

2199 3395 2574 3454 verecundiam
2632 3401 2773 3447 tuam
2797 3431 2810 3457 ,
2857 3388 2905 3444 si
2947 3385 3227 3444 ostendam
3283 3397 3440 3454 quam
3483 3381 3683 3437 leviter
3733 3391 3783 3437 et

2199 3490 2493 3548 scurriliter
2520 3485 2763 3558 quaedam
2797 3483 2958 3539 etiam
2987 3479 3149 3552 verba
3195 3491 3337 3544 mea,
3366 3490 3486 3547 qua:
3531 3474 3787 3530 translate

2201 3583 2372 3656 posui,
2417 3582 2646 3637 frontem
2673 3593 2768 3647 pro
2811 3574 3033 3646 pudore,
3061 3587 3123 3629 os
3147 3584 3244 3642 pro
3269 3582 3536 3631 sermone,
3577 3564 3782 3620 tridens

2200 3679 2364 3735 telum
2393 3691 2489 3747 pro
2527 3672 2788 3743 tripartita
2815 3669 3081 3734 oratione,
3111 3663 3396 3733 tricipitem
3434 3658 3658 3716 bestiam
3683 3671 3784 3727 pro

2199 3783 2384 3826 errore
2424 3765 2593 3822 tribus
2636 3759 2916 3819 calumniis
2945 3757 3202 3823 adversus
3247 3760 3326 3810 tot
3353 3751 3677 3824 populorum
3702 3748 3786 3804 in-

2199 3859 2500 3917 nocentiam
2556 3856 2809 3913 saeviente
2857 3850 3010 3923 (Lib.
3055 3851 3082 3904 1
3148 3856 3323 3902 contra
3374 3843 3594 3899 Litteras
3652 3839 3789 3896 Petio

2201 3951 2359 4016 liani,
2409 3965 2463 4002 n.
2514 3947 2653 4016 29),
2703 3943 2857 4015 quasi
2905 3940 3142 3998 urbanus
3195 3945 3249 3993 et
3278 3937 3431 3992 dicax
3473 3929 3787 4004 exagitanda

2204 4042 2493 4115 putaveris.
2543 4040 2708 4096 Serva
2736 4037 2914 4110 potius
2943 4033 3165 4105 puerilia
3197 4031 3393 4102 pueris.
3425 4029 3615 4099 Neque
3652 4027 3788 4083 enim

2201 4148 2290 4189 me
2339 4140 2518 4188 movet
2559 4129 2701 4201 quod
2747 4126 3066 4198 Neptunium
3113 4123 3276 4179 telum
3325 4128 3544 4190 propter
3595 4116 3788 4173 triden-

2203 4233 2312 4280 tem
2335 4222 2468 4278 dicis
2496 4221 2805 4292 episcopum
2831 4232 2938 4271 non
2963 4217 3178 4282 decere,
3223 4227 3345 4268 cum
3373 4211 3443 4265 sit
3466 4219 3522 4264 et
3562 4211 3790 4281 piscato-

2204 4316 2342 4369 rium
2362 4314 2402 4380 ί,
2430 4327 2493 4368 ac
2519 4326 2615 4382 per
2640 4309 2742 4364 hoc
2770 4306 3143 4380 apostolicum,
3166 4357 3168 4359 ,
3188 4317 3323 4374 quos
3362 4315 3488 4356 suos
3509 4297 3790 4370 Apostolos

2205 4403 2464 4460 Dominus
2503 4403 2793 4473 piscatores
2839 4398 3112 4452 hominum
3161 4393 3284 4449 fecit
3327 4390 3545 4464 (Matth.
3573 4405 3652 4453 tv,
3683 4385 3787 4458 19).

2207 4494 2340 4569 Nam
2365 4503 2418 4550 et
2457 4493 2623 4547 Deum
2649 4498 2892 4546 nostrum
2913 4486 3189 4556 Scriptura
3217 4482 3345 4539 dicit
3369 4489 3424 4537 et
3459 4480 3574 4535 alas
3595 4478 3790 4534 habere

2208 4585 2382 4658 (Psal.
2409 4601 2521 4652 xvi,
2552 4583 2604 4651 8,
2639 4591 2688 4637 et
2709 4597 2877 4649 xxxv,
2907 4580 2962 4650 8)
2989 4587 3045 4636 et
3064 4577 3284 4649 sagittas
3309 4574 3480 4648 (Psal.
3514 4589 3650 4642 xvn,
3681 4569 3787 4642 15),

2208 4694 2310 4736 nec
2335 4687 2514 4733 tamen
2543 4675 2857 4746 Cupidinem
2881 4672 3126 4728 colimus.

2280 4769 2369 4825 90.
2399 4767 2536 4834 Quin
2563 4761 2722 4822 etiam
2750 4780 2836 4820 me
2860 4762 3178 4834 promissam
3202 4759 3258 4816 iu
3281 4757 3500 4815 exordio
3521 4757 3790 4813 lenitatem

2212 4877 2322 4920 non
2363 4870 2608 4918 'servasse
2664 4856 3034 4928 reprehendis,
3086 4869 3152 4909 eo
3203 4851 3345 4924 quod
3385 4849 3792 4906 Manichaeorum

2212 4958 2348 5014 facta
2377 4955 2648 5012 mentione
2677 4959 2949 5022 permotus
2988 4946 3238 5011 dixerim,
3272 4943 3416 5000 Sicut
3452 4958 3557 4996 non
3603 4947 3790 5010 potest,

2213 5048 2346 5121 quod
2385 5046 2638 5102 Dominus
2660 5044 2751 5108 ait,
2781 5050 2987 5097 satanas
3010 5048 3244 5094 satanam
3279 5033 3545 5090 excludere
3585 5031 3791 5104 (Matth.

2216 5157 2312 5206 xu,
2344 5139 2458 5206 26),
2487 5139 2558 5191 ita
2587 5153 2687 5190 non
2717 5142 2879 5206 potest
2900 5148 3040 5187 error
3078 5128 3480 5184 Manichteorum
3504 5125 3794 5180 Donatista-

2214 5249 2331 5287 rum
2353 5247 2570 5286 errorem
2592 5236 2804 5284 euertere
2831 5225 2965 5298 (Lib.
2998 5226 3023 5280 1
3057 5232 3233 5278 contra
3261 5221 3477 5276 Litteras
3521 5217 3756 5274 Petiliani
3778 5256 3794 5283 ,

2219 5340 2271 5378 η.
2316 5322 2408 5391 28)
2444 5338 2456 5374 :
2489 5319 2638 5390 quasi
2680 5317 2997 5374 Petilianum
3029 5323 3228 5369 satana:
3258 5308 3704 5380 comparaverim,
3736 5320 3800 5360 ac

2217 5429 2326 5471 non
2351 5427 2612 5479 errorem,
2635 5411 2788 5481 cujus
2808 5423 2931 5466 eum
2957 5406 3114 5476 cupio
3138 5405 3342 5476 laqueis
3368 5402 3629 5472 expediri.
3657 5399 3800 5455 Bene

2217 5507 2359 5580 quod
2388 5505 2675 5578 Apostolus
2721 5518 2820 5558 nos
2846 5500 3103 5556 adversus
3133 5497 3270 5552 tales
3313 5494 3610 5552 calumnias
3650 5506 3799 5547 com-

2219 5599 2438 5656 munivit
2486 5613 2550 5653 eo
2595 5597 2710 5667 ipso
2754 5596 2893 5660 loco,
2943 5591 3033 5647 ubi
3075 5605 3172 5646 nos
3201 5589 3380 5656 mites,
3431 5587 3714 5657 patientes,
3748 5589 3802 5637 et

2219 5691 2491 5748 modestos
2532 5703 2652 5744 esse
2677 5687 2948 5752 admonet,
2977 5682 3189 5754 quando
3214 5681 3449 5751 aliquem
3469 5675 3798 5734 dissentien-

2223 5795 2329 5843 tem
2371 5783 2706 5854 corripimus.
2754 5781 2888 5837 Cum
2919 5779 3061 5834 enim
3089 5777 3331 5845 dixisset,
3377 5775 3592 5833 Seruum
3629 5780 3799 5826 autem

2288 5901 2305 5931 ι
2326 5904 2397 5947 Er.
2424 5897 2571 5960 Lugd.
2599 5903 2738 5958 ven.,
2765 5892 3071 5958 piscatorum.
3138 5895 3196 5940 Μ.
