4010 6476
255 424 354 488 545

249 546 459 603 Domini
498 546 698 620 litigare
724 563 827 604 non
854 554 1067 620 oportet,
1094 547 1183 604 sed
1207 563 1311 603 esse
1338 545 1505 601 mitem
1546 545 1614 599 ad
1639 561 1829 612 omnes,

246 640 534 709 docibilem,
562 643 851 713 patientem,
888 642 941 695 in
968 642 1210 695 modestia
1254 639 1603 709 corripientem
1643 637 1840 690 diversa

244 734 514 791 sentientes
537 751 555 788 :
576 735 829 789 continuo
871 733 1161 804 subjunxit,
1194 732 1278 788 Ne
1307 734 1434 803 forte
1467 730 1550 784 det
1573 729 1674 783 illis
1698 726 1838 782 Deus

244 825 594 894 parnitenliam
621 824 690 878 ad
731 823 1103 897 agnoscendam
1131 824 1407 890 veritatem,
1448 831 1493 876 et
1538 821 1838 891 resipiscant

243 916 305 969 de
331 916 524 970 diaboli
567 916 777 987 laqueis,
828 917 1066 986 captivati
1106 916 1168 969 ab
1208 917 1318 986 ipso
1356 914 1629 969 secundum
1674 913 1837 983 ipsius

240 1010 551 1063 voluntatem
579 1008 655 1080 (ll
683 1008 813 1062 Tim.
857 1024 914 1073 ιι,
943 1008 1151 1077 Ξᾶρὲϐ).
1182 1008 1321 1061 Ecce
1348 1006 1639 1075 apostolica
1680 1018 1834 1058 man-

239 1099 470 1155 suetudo
503 1117 516 1153 :
546 1115 667 1156 cum
698 1099 891 1170 quibus
918 1100 1145 1169 placide,
1173 1099 1455 1168 patienter,
1489 1096 1834 1165 modesteque

239 1195 324 1265 agi
366 1195 643 1265 pnecepit,
695 1208 789 1249 eos
820 1195 965 1265 ipsos
1015 1193 1142 1248 dicit
1173 1208 1203 1247 a
1231 1192 1444 1248 diabolo
1490 1193 1828 1263 captivatos;

239 1301 341 1343 nec
382 1296 560 1342 tamen
604 1301 761 1357 quam
792 1286 1220 1353 commendabat,
1268 1284 1445 1340 amisit
1473 1285 1745 1339 lenitatem
1773 1285 1788 1315 ³
1810 1323 1826 1349 ,

237 1381 364 1450 quia
435 1395 554 1436 eam
618 1395 776 1450 quam
843 1378 1105 1445 docebat,
1164 1386 1342 1434 tacere
1406 1377 1573 1433 noluit
1633 1377 1828 1432 verita-

236 1479 369 1526 tem.

307 1558 537 1617 CAPUT
575 1560 811 1617 LXXIX.
856 1592 926 1603 —
958 1562 1049 1618 9L
1104 1561 1211 1619 Sed
1254 1564 1372 1633 ipse
1434 1562 1630 1619 videris
1676 1560 1827 1631 cujus

236 1662 422 1723 partes
465 1669 612 1725 agas,
643 1654 733 1725 qui
760 1668 877 1710 mea
906 1654 1068 1710 verba
1114 1654 1257 1710 velut
1284 1654 1575 1710 convitiosa
1602 1662 1654 1709 et
1684 1668 1827 1708 szeva

234 1745 593 1810 criminando,
621 1760 714 1800 eos
738 1760 873 1816 quos
900 1744 967 1801 ad
991 1745 1367 1816 disputandum
1394 1745 1687 1801 convenire
1717 1759 1825 1801 non

231 1836 336 1904 vis,
364 1836 433 1891 ad
456 1836 769 1905 litigandum
796 1837 981 1892 niteris
1010 1838 1262 1892 excitare.
1288 1836 1424 1892 Nolo
1453 1837 1594 1892 enim
1620 1836 1820 1905 dicere,

231 1928 355 1998 quia
397 1937 451 1982 et
478 1937 529 1983 te
564 1928 772 1998 litigare
816 1929 1059 1984 delectat.
1093 1928 1312 1983 Parcius
1353 1930 1547 1999 quippe
1574 1942 1637 1983 ac
1664 1942 1821 1983 vere-

232 2019 483 2085 cundius,
518 2019 611 2075 sed
640 2020 792 2090 quasi
832 2036 895 2075 ex
936 2020 1151 2091 obliquo
1191 2019 1321 2074 mihi
1364 2019 1573 2089 objicis,
1605 2035 1723 2090 quae
1754 2018 1822 2073 ad

230 2124 321 2167 me
367 2111 587 2166 omnino
616 2126 721 2165 non
772 2110 1057 2181 pertinent.
1109 2110 1245 2179 Quid
1289 2111 1433 2166 enim
1470 2110 1705 2180 judicem
1754 2109 1822 2165 de

229 2204 645 2261 Hanichasorum
672 2204 1187 2273 pestilentiosissima
1212 2211 1266 2259 et
1289 2201 1604 2259 Christianis
1643 2202 1821 2257 omni-

226 2298 336 2355 bus
364 2297 750 2353 anathemanda
774 2298 1024 2363 vanitate,
1050 2298 1095 2352 si
1126 2306 1330 2351 tantum
1357 2297 1535 2351 dicere
1564 2294 1819 2359 solerem,

226 2405 292 2449 ac
312 2406 422 2448 non
442 2391 606 2447 etiam
630 2391 946 2459 conscriptis
964 2389 1112 2444 libris
1134 2388 1317 2445 multis
1339 2388 1822 2458 multiplicibusque

226 2492 500 2550 testarer;
549 2499 617 2539 ne
669 2484 748 2539 sic
792 2482 1007 2554 quidem
1053 2494 1195 2537 esset
1244 2482 1501 2538 adversus
1550 2497 1634 2535 me
1683 2480 1821 2535 ullus

224 2576 515 2632 calumniae
559 2583 754 2630 vestrae
794 2573 964 2628 locus.
1013 2571 1195 2643 Neque
1234 2573 1376 2627 enim
1422 2586 1508 2627 me
1551 2570 1821 2626 Catholica

225 2665 409 2722 falsoa
437 2665 593 2721 vobis
614 2665 764 2737 argui
790 2665 1092 2733 miraretur,
1128 2679 1156 2718 a
1188 2664 1380 2734 quibus
1406 2673 1549 2718 totus
1574 2663 1821 2718 christia-

224 2771 332 2813 nus
359 2758 507 2813 orbis
531 2772 655 2813 cum
685 2765 763 2812 tot
782 2755 1037 2811 Ecclesiis
1065 2756 1224 2812 etiam
1253 2755 1356 2810 illis
1383 2756 1568 2825 primis
1598 2764 1820 2825 aposto-

223 2849 334 2905 lico
378 2849 583 2917 labore~
608 2849 932 2920 propagatis,
965 2848 1113 2904 falsis
1161 2848 1472 2904 criminibus
1516 2855 1817 2906 accusatur.

225 2941 364 2998 Cum
388 2958 519 2999 vero
543 2952 730 2999 contra
762 2941 1104 3011 Manicbazos,
1136 2944 1225 3013 qui
1254 2956 1339 2997 me
1366 2941 1820 2996 adolescentulum

226 3033 518 3104 aliquando
545 3033 889 3104 deceperant,
921 3047 1037 3088 mea
1065 3042 1209 3087 tanta
1250 3032 1444 3103 scripta
1475 3031 1565 3102 qui
1593 3032 1823 3087 voluerit

223 3125 410 3198 legere
438 3128 630 3197 possit,
658 3142 764 3182 non
791 3142 959 3198 usque
982 3126 1117 3182 adeo
1142 3125 1355 3195 desipit,
1397 3133 1457 3179 ut
1480 3125 1547 3181 de
1588 3139 1673 3179 me
1700 3140 1822 3180 cre-

222 3216 317 3274 dat
363 3219 545 3290 potius
590 3219 769 3275 verbis
811 3217 1022 3285 vestris,
1070 3233 1230 3289 quam
1275 3218 1443 3274 oculis
1494 3227 1548 3272 et
1577 3217 1823 3272 sensibus

223 3312 338 3367 suis
348 3352 360 3365 .

297 3402 535 3459 CAPUT
582 3403 794 3459 LXXX.
838 3433 907 3444 —
951 3403 1040 3460 92.
1101 3402 1208 3459 Sed
1258 3403 1553 3472 epistolam,
1603 3401 1819 3473 inquis,

225 3495 485 3567 principis
533 3497 695 3563 vestri,
742 3514 841 3566 qua
886 3498 1049 3552 nescio
1097 3497 1220 3568 quid
1266 3496 1329 3550 de
1372 3505 1418 3549 te
1463 3496 1684 3564 scripsit,
1708 3510 1823 3549 cum

222 3596 275 3643 te
340 3588 575 3642 ordinari
641 3590 826 3658 nollet,
893 3599 1058 3644 tenent
1121 3606 1222 3643 non
1288 3590 1437 3660 pauci
1513 3597 1817 3643 nostrorum.

222 3678 376 3735 Illam
401 3695 531 3736 vero
557 3682 773 3737 minime
800 3696 1067 3747 curarem,
1087 3696 1185 3737 nec
1212 3683 1254 3736 si
1283 3682 1397 3751 ejus
1424 3697 1453 3735 a
1483 3697 1588 3750 quo
1622 3681 1818 3751 scripta

221 3769 443 3836 dicitur,
479 3785 585 3825 non
617 3773 892 3843 perspicua
933 3787 1030 3843 pro
1054 3772 1207 3827 nobis
1236 3774 1500 3827 sententia
1532 3775 1818 3842 legeretur,

221 3862 371 3919 illam
402 3863 720 3919 calumniam
750 3865 1142 3937 falsitatemque
1185 3866 1548 3921 condemnans
1577 3884 1589 3918 :
1622 3874 1821 3935 quanto

221 3954 406 4009 minus
450 3969 570 4009 eam
614 3964 766 4010 curat
809 3956 1069 4011 catholica
1120 3956 1378 4023 Ecclesia,
1411 3956 1561 4026 cujus
1603 3970 1819 4011 causam

220 4054 415 4102 contra
444 4061 539 4101 vos
567 4048 793 4118 agimus,
822 4048 909 4103 cui
951 4056 1029 4104 tot
1053 4048 1249 4103 divinis
1291 4048 1604 4104 testimoniis
1638 4049 1820 4118 prtesi-

220 4135 366 4193 denti
404 4139 451 4205 ’,
484 4138 629 4193 nulla
665 4138 895 4193 humana
923 4138 990 4194 de
1019 4155 1284 4210 quoquam
1331 4140 1543 4195 homine
1583 4139 1821 4195 testimo-

219 4229 305 4284 nia
328 4244 435 4285 seu
455 4244 583 4284 vera
605 4245 699 4285 seu
721 4229 873 4297 falsa,
898 4246 1000 4300 qua
1021 4231 1215 4300 gaudet
1237 4230 1479 4284 auferunt
1509 4230 1821 4285 veritatem?

218 4318 424 4376 Desine
469 4319 664 4375 talibus
688 4339 702 4376 :
725 4335 863 4375 unus
902 4321 1059 4375 homo
1090 4338 1228 4386 sum,
1274 4321 1524 4376 Ecclesia:
1556 4322 1693 4375 inter
1723 4335 1821 4376 nos

218 4412 398 4483 agitur
443 4427 626 4479 causa,
676 4428 781 4468 non
813 4428 963 4479 mea;
997 4412 1272 4481 Ecclesiae,
1321 4414 1556 4484 inquam,
1605 4430 1722 4484 qum
1767 4414 1819 4468 in

218 4504 364 4560 nullo
392 4504 619 4559 homine
645 4519 796 4575 spem
829 4519 1025 4575 ponere
1055 4521 1085 4559 a
1116 4519 1213 4560 suo
1238 4504 1419 4560 didicit
1443 4505 1818 4575 Redemptore.

216 4593 543 4666 Quanquam
577 4609 675 4651 nec
700 4595 769 4651 de
796 4612 882 4652 me
910 4597 1026 4667 ipso
1056 4596 1225 4663 vobis,
1259 4598 1466 4653 etiamsi
1494 4612 1664 4652 meam
1694 4612 1821 4652 eon-

215 4689 587 4744 versationem
615 4690 864 4755 nossetis,
892 4697 1039 4745 recte
1066 4689 1377 4745 crederetur
1406 4689 1634 4744 inimicis
1665 4688 1816 4743 mihi.

218 4780 298 4835 Ad
340 4781 805 4837 existimationem
849 4782 1120 4837 hominum
1152 4797 1341 4854 magna
1375 4783 1585 4837 testium
1615 4783 1705 4853 qui
1737 4798 1822 4839 me

218 4882 512 4939 noverunt,
559 4873 793 4943 suppetit
840 4873 1029 4943 copia;
1077 4873 1141 4928 ad
1174 4874 1268 4929 Dei
1309 4890 1438 4930 vero
1477 4884 1821 4944 conspectum

216 4965 330 5021 sola
359 4964 718 5032 conscientia,
746 4981 909 5037 quam
952 4974 1137 5022 contra
1178 4974 1385 5021 vestras
1423 4968 1823 5023 criminationes

216 5071 339 5113 eum
390 5058 717 5128 intrepidam
761 5074 961 5130 geram,
1011 5074 1116 5113 non
1168 5074 1255 5113 me
1298 5064 1473 5113 tamen
1511 5061 1610 5115 sub
1654 5060 1822 5115 oculis

216 5151 622 5224 Omnipotentis
656 5151 951 5222 justiﬁcare
990 5153 1182 5219 audeo,
1212 5152 1484 5222 magisque
1530 5153 1596 5207 ab
1623 5148 1717 5208 illo
1745 5153 1825 5208 af-

216 5245 481 5303 fluentem
504 5246 888 5302 misericordiae
917 5246 1239 5317 largitatem,
1262 5263 1420 5319 quam
1443 5248 1626 5319 judicii
1675 5265 1823 5304 sum~

280 5422 297 5452 '
324 5396 434 5468 lim.
461 5424 538 5469 Er.
568 5427 621 5469 et
636 5425 743 5469 Mss.
765 5422 1010 5488 omittunt,
1036 5419 1313 5486 lenitatem;
1335 5425 1449 5486 quia
1471 5423 1659 5475 scilicet
1682 5424 1826 5488 paulo

215 5488 332 5532 ante
358 5489 464 5541 est,
486 5482 821 5532 mansuetudo.

278 5545 405 5603 Har.
433 5543 586 5607 Lugd.
614 5551 753 5606 ven.,
772 5542 1064 5609 prazﬁdents'.
1130 5553 1186 5597 Μ.

1615 426 1817 485 LIBER
1853 420 2165 490 TERTIUS.

3422 445 3534 507 ω
3566 450 3569 457 .

1946 560 2090 601 mum
2121 563 2341 606 examen
2372 561 2656 624 exspecto;
2688 553 2928 627 cogitans
2952 552 3097 630 quod
3138 557 3394 631 scriptum
3419 572 3529 632 est,

1945 634 2071 690 Cum
2108 655 2197 694 rex
2217 642 2386 710 justus
2416 645 2595 698 sederit
2633 645 2685 700 in
2723 648 2924 716 throno,
2968 651 3080 720 quis
3108 650 3405 722 gloriabitur
3441 670 3533 709 ca-

1943 738 2076 783 stum
2117 749 2171 785 se
2213 734 2392 789 habere
2428 738 2556 790 cor?
2584 748 2671 791 aut
2713 740 2824 808 quis
2863 741 3161 811 gloriabitur
3203 745 3448 799 mundum
3473 761 3529 801 se

1943 835 2049 874 esse
2071 838 2101 873 a
2123 834 2322 897 peccato
2360 826 2536 895 (Prov.
2567 844 2658 896 xx,
2688 830 2740 896 8,
2774 830 2849 901 9).

2013 911 2239 970 CAPUT
2287 916 2519 973 LXXXI.
2560 950 2631 960 —-
2658 920 2745 977 9'5.
2800 922 2905 977 Sed
2934 923 3062 995 quid
3106 925 3172 980 ad
3216 942 3329 982 rem
3372 929 3529 1000 cujus

1940 1003 2079 1059 inter
2102 1021 2201 1061 nos
2241 1010 2465 1064 vertitur
2505 1014 2747 1081 qumstio,
2779 1016 2949 1084 qualis
2996 1018 3109 1087 ipse
3148 1019 3291 1074 sim?
3317 1036 3438 1076 cum
3469 1019 3528 1077 in

1940 1108 2063 1151 area
2089 1098 2353 1153 dominica
2384 1102 2484 1156 sim
2513 1103 2724 1173 stipula,
2759 1106 2805 1160 si
2833 1107 3005 1162 malus
3030 1125 3043 1173 ;
3075 1125 3319 1180 granum,
3348 1113 3393 1168 si
3424 1112 3526 1169 bo-

1938 1201 2060 1243 nus.
2090 1188 2197 1244 Vos
2228 1199 2400 1247 tamen
2430 1194 2473 1248 si
2498 1210 2660 1264 grana
2688 1199 2897 1267 essetis,
2922 1201 3127 1269 paleam
3153 1204 3520 1273 commixtam,

1936 1282 2074 1336 sicut
2114 1283 2365 1342 admonet
2413 1288 2573 1342 etiam
2630 1290 2743 1359 ipse
2780 1292 3094 1364 Cyprianus,
3148 1307 3271 1353 ante
3316 1306 3525 1370 tempus

1935 1375 2295 1431 ventilationis
2337 1392 2442 1432 non
2492 1379 2823 1451 refugeretis.
2870 1385 3099 1441 Proinde
3127 1403 3246 1455 nos,
3289 1390 3333 1443 si
3362 1405 3523 1460 quem

1934 1465 2230 1531 reperimus
2278 1467 2330 1521 in
2380 1469 2530 1524 vobis
2575 1480 2761 1526 notum
2792 1472 3061 1531 hominem
3100 1480 3322 1547 malum,
3373 1491 3523 1538 recte

1932 1554 2084 1608 vobis
2109 1556 2405 1626 objicimus.
2456 1561 2530 1615 lbi
2575 1564 2715 1618 enim
2760 1573 2869 1620 tota
2913 1567 3151 1625 defensio
3174 1581 3351 1627 vestra
3389 1588 3523 1628 con-

1933 1645 2092 1713 sistit,
2138 1650 2260 1718 quia
2304 1662 2589 1723 propterea
2632 1671 2728 1711 vos
2776 1661 3083 1729 separastis,
3116 1678 3183 1718 ne
3225 1664 3523 1722 alienorum

1932 1748 2269 1808 peccatorum
2294 1748 2608 1817 contagione
2636 1751 2884 1820 periretis
2909 1769 2923 1806 :
2946 1753 3086 1809 unde
3128 1769 3323 1810 novum
3352 1771 3523 1826 genus

1930 1845 2073 1889 area:
2100 1849 2195 1889 vos
2233 1835 2422 1893 fecisse
2460 1840 2781 1910 gloriamini,
2813 1852 2906 1897 aut
2940 1860 3057 1914 qua:
3084 1847 3257 1901 solum
3286 1848 3523 1903 triticum

1930 1920 2145 1991 habeat,
2176 1938 2266 1980 aut
2312 1928 2362 1982 in
2390 1945 2490 1999 qua
2521 1933 2691 1987 solum
2734 1933 2966 1990 triticum
2995 1948 3268 2008 appareat,
3298 1939 3387 1995 cui
3412 1954 3521 1997 non

1930 2013 2001 2068 sit
2032 2018 2367 2073 necessarius
2409 2021 2712 2090 ventilator,
2762 2024 2856 2079 sed
2896 2037 3274 2095 perscrutatOr.
3305 2030 3438 2085 Nam
3464 2038 3522 2086 et

1928 2103 2314 2163 Parmenianus
2360 2118 2536 2166 vester
2582 2113 2889 2182 prmclaram
2920 2126 3155 2171 vestram
3200 2119 3519 2175 munditiam

1873 2250 1877 2255 .
1925 2198 2075 2253 velut
2104 2200 2455 2256 immunditice
2483 2211 2681 2259 nostra:
2710 2220 2741 2259 a
2769 2208 3038 2262 contrario
3064 2224 3401 2280 comparans,
3426 2226 3522 2267 au-

1927 2302 2018 2342 sus
2061 2296 2145 2343 est
2194 2290 2535 2361 interponere
2582 2295 2901 2350 sententiam
2948 2299 3223 2368 propheta:
3274 2299 3522 2357 Jeremia:

1929 2379 2066 2452 (Lib.
2104 2383 2138 2435 5
2162 2393 2338 2436 contra
2376 2384 2662 2453 Epistolam
2692 2385 3045 2456 Parmenioni,
3070 2408 3121 2443 n.
3155 2391 3267 2461 17),
3303 2392 3392 2447 ubi
3417 2392 3513 2460 ait,

1931 2470 2066 2535 Quid
2099 2472 2258 2541 palea:
2285 2476 2299 2504 ¹
2325 2490 2438 2527 cum
2483 2474 2648 2529 tritico
2678 2474 2890 2548 (Jerent.
2918 2494 3067 2547 xxm,
3095 2478 3226 2549 28)?
3254 2481 3405 2549 Quod
3430 2482 3520 2538 ille

1926 2560 2080 2631 dixit,
2114 2574 2170 2619 ut
2217 2565 2330 2635 ipsa
2362 2566 2561 2622 indicat
2590 2568 2768 2635 lectio,
2798 2569 3055 2625 adversus
3085 2587 3177 2626 eos
3207 2574 3296 2642 qui
3322 2572 3517 2628 divinis

1926 2657 2154 2712 oraculis
2186 2674 2280 2714 sua
2328 2661 2531 2714 somnia
2563 2663 2927 2732 cozequabant.
2971 2663 3288 2733 Arrogantia
3336 2674 3518 2721 tamen

1928 2758 2104 2804 vestra
2135 2759 2188 2804 et
2219 2751 2479 2806 horrenda
2530 2754 2778 2823 superbia
2827 2755 3162 2810 l’armeniani
3205 2756 3394 2812 litteris
3419 2756 3517 2813 de-

1925 2840 2177 2909 claratur,
2206 2842 2295 2897 ubi
2329 2859 2423 2898 vos
2452 2856 2633 2899 contra
2663 2846 2966 2915 Scripturas
2991 2847 3219 2915 divinas,
3252 2857 3306 2904 et
3330 2859 3517 2904 contra

1926 2935 2124 2989 monita
2152 2936 2421 3006 Cypriani,
2464 2946 2589 2993 ante
2633 2938 2875 2992 ultimam
2911 2941 3315 2996 ventilationem
3358 2955 3517 3011 quam

1926 3024 2156 3079 mundus
2185 3036 2493 3097 exspectat,
2529 3036 2777 3098 tanquam
2811 3038 3154 3099 purgatum'a
3185 3033 3334 3103 palea
3376 3032 3517 3087 triti-

1926 3132 2045 3172 cum
2076 3119 2405 3187 praedicavit.

1916 3228 1917 3231 ‘
1996 3207 2225 3265 CAPUT
2263 3210 2689 3266 LXXXll.—9zl.
2713 3212 2850 3280 Quid
2878 3228 3003 3285 ergo
3024 3214 3235 3285 dignius
3260 3213 3517 3271 adversus

1926 3301 2065 3357 hanc
2092 3300 2486 3358 fallacissimam
2527 3306 2834 3371 elationem,
2864 3322 3025 3376 quam
3053 3322 3214 3361 causa
3246 3305 3519 3361 Maximia-

1925 3394 2193 3460 nensium,
2226 3396 2374 3449 vobis
2403 3397 2569 3465 potuit
2598 3399 2920 3466 procurari?
2948 3398 3307 3470 Qumeumque
3337 3400 3389 3454 in
3415 3413 3518 3455 nos

1927 3484 2105 3540 dicere
2137 3498 2384 3556 tanquam
2416 3488 2466 3541 in
2500 3488 2784 3543 traditores
2815 3490 3018 3553 soletis,
3053 3490 3103 3543 in
3130 3489 3517 3545 Maximianen-

1926 3592 2033 3643 ses,
2060 3593 2194 3648 quos
2220 3580 2496 3648 recepistis
2527 3579 2822 3645 damnatos,
2855 3580 3067 3650 quando
3104 3581 3341 3637 damnati
3371 3589 3518 3649 sunt,

1926 3670 2171 3740 graviora
2216 3670 2442 3725 dixistis.
2500 3672 2571 3727 De
2616 3674 3029 3742 imperatoribus
3076 3675 3233 3728 nobis
3265 3684 3519 3744 tanquam

1926 3762 2356 3828 persecutoribus
2406 3762 2575 3814 facitis
2605 3762 2853 3817 invidiam
2900 3779 3036 3818 :vos
3085 3764 3223 3832 apud
3265 3764 3516 3833 judices,

1926 3868 2059 3921 quos
2111 3853 2209 3921 ipsi
2266 3854 2613 3923 imperatores
2665 3854 2960 3922 miserunt,
3011 3856 3517 3911 Maximiauensibus

1925 3946 2351 4014 persecutionem
2418 3943 2638 3999 fecistis.
2713 3946 3041 4015 Baptismum
3093 3948 3345 4002 Ecclesia:
3399 3946 3518 4002 dari

1925 4046 2073 4091 extra
2115 4036 2406 4091 Ecclesiam
2458 4050 2562 4090 non
2610 4051 2767 4107 posse
2810 4037 3128 4092 contenditis
3164 4057 3176 4092 :
3211 4052 3307 4092 vos
3334 4036 3516 4107 Bapti-

1925 4141 2120 4194 smum,
2150 4143 2305 4197 quem
2355 4127 2406 4181 in
2449 4127 2672 4182 crimine
2717 4127 3020 4182 schismatis
3066 4128 3514 4184 Maximianenses

1926 4217 2208 4284 dederunt,
2255 4217 2308 4271 in
2354 4218 2581 4287 receptis
2610 4219 2689 4273 eis
2733 4218 2923 4287 quibus
2971 4218 3253 4284 dederunt,
3291 4233 3397 4273 non
3429 4233 3519 4275 re-

1925 4308 2176 4364 scidistis.
2209 4309 2261 4365 Si
2294 4309 2408 4365 haec
2456 4325 2550 4380 pro
2597 4325 2726 4380 pace
2766 4310 2983 4365 unitatis
3014 4311 3129 4365 fieri
3175 4311 3514 4378 debuerunt,

1926 4404 2069 4459 unde
2106 4420 2203 4459 uos
2246 4405 2507 4459 accusetis
2536 4419 2641 4459 non
2683 4404 2932 4459 invenitis
2964 4422 2977 4458 :
3010 4404 3054 4459 si
3081 4412 3256 4460 autem
3286 4419 3391 4459 non
3420 4404 3518 4460 de-

1924 4496 2174 4563 buerunt,
2205 4512 2307 4551 non
2351 4512 2449 4552 nos
2491 4500 2755 4553 accusetis
2785 4499 2828 4565 ²,
2859 4497 2960 4552 nisi
3003 4514 3097 4553 vos
3128 4499 3271 4568 ipsos
3297 4496 3519 4551 damna-

1926 4591 2128 4646 veritis.
2177 4590 2310 4645 Nolo
2358 4599 2408 4646 te
2454 4606 2549 4660 per
2595 4591 2759 4645 multa
2798 4589 3109 4654 distendas;
3157 4604 3279 4642 nam
3322 4597 3377 4643 et
3416 4603 3517 4658 ego

1926 4699 2138 4754 possem
2169 4683 2396 4738 bretiter
2421 4694 2481 4735 ea
2522 4698 2640 4752 quae
2669 4691 2853 4738 contra
2882 4692 2932 4737 te
2958 4682 3096 4737 dicta
3126 4689 3268 4747 sunt,
3317 4683 3368 4737 in
3399 4696 3518 4738 me-

1927 4775 2149 4831 moriam
2182 4789 2430 4828 revocare
2465 4791 2477 4826 :
2509 4774 2604 4827 sed
2651 4773 2777 4828 hinc
2810 4774 2980 4828 solum
3010 4774 3201 4843 cogita,
3254 4771 3523 4827 Maximia-

1928 4869 2172 4923 nensium
2224 4882 2439 4921 causam
2490 4866 2582 4921 tibi
2610 4876 2734 4921 ante
2772 4867 2953 4921 oculos
2983 4881 3122 4936 pone
3152 4866 3211 4932 ³;
3243 4865 3290 4920 si
3323 4864 3391 4919 de
3422 4865 3522 4919 hac

1927 4963 2081 5018 nobis
2096 4960 2417 5030 respondere
2434 4959 2689 5028 potueris,
2708 4960 2996 5031 aggredere
3016 4968 3207 5014 cmtera
3228 4975 3242 5025 ;
3270 4956 3314 5012 si
3333 4963 3512 5033 autem

1929 5068 2035 5108 non
2060 5052 2317 5123 potueris,
2359 5050 2547 5106 melius
2573 5050 2815 5121 quiescas
2852 5066 3007 5121 quam
3058 5050 3232 5105 calces
3261 5046 3518 5102 adversus

1933 5145 2201 5201 stimulum
2225 5142 2411 5213 jacias.

1995 5300 2011 5329 ι
2040 5306 2140 5346 Am.
2167 5302 2238 5344 Er.
2268 5302 2321 5345 et
2336 5302 2466 5362 Mss,
2490 5293 2648 5362 palea.
3190 5351 3202 5362 ,

1994 5362 2014 5391 ³
2038 5367 2148 5408 Haec
2170 5372 2296 5408 nunc
2321 5349 2471 5408 verba
2492 5349 2815 5407 restituuntur
2833 5369 2897 5406 ex
2919 5363 3044 5413 Mss,
3066 5365 3161 5404 non
3182 5349 3401 5403 inuenitis
3430 5361 3449 5403 ε
3473 5361 3517 5402 st

1928 5429 2088 5488 autem
2110 5433 2201 5470 non
2225 5418 2506 5488 debuerunt,
2526 5433 2611 5469 nos
2636 5432 2726 5468 non
2749 5416 2997 5488 accusetis.
3044 5476 3055 5486 .
3212 5475 3222 5486 _

1995 5485 2015 5515 ³
2032 5485 2103 5532 sic
2126 5492 2230 5531 Mss.
2258 5489 2314 5531 At
2336 5490 2411 5532 Er.
2438 5487 2491 5530 et
2509 5488 2640 5543 Lov.,
2668 5485 2821 5543 cogito
2855 5485 3304 5529 Maximtanenstwn
3317 5487 3518 5529 causam

1929 5544 2013 5598 tibi
2034 5551 2141 5595 ante
2160 5544 2320 5597 oculos
2341 5555 2534 5609 genere.

1686 5716 2072 5799 «δοθῇ
