4010 6472
255 421 354 490 εξθ

1595 409 1802 504 μβββ
1833 387 2206 506 arturus!

3431 452 3542 543 ἐέδίὲ

253 534 468 612 ingenio
499 533 778 610 praeditum
808 527 1014 604 virum,
1041 541 1098 610 ut
1135 529 1409 608 advertas,
1435 542 1490 598 ut
1521 538 1756 612 sentias,
1787 548 1846 614 ut
1946 539 2261 614 ,lSlumniasio
2304 559 2422 602 cum
2453 547 2676 610 dixisset
2695 595 2709 622 ,
2741 551 2875 628 Lege
2903 556 3190 634 gpisgopqle
3205 535 3536 641 judicium};-

250 631 520 702 intelligas
564 646 658 686 cos
697 630 788 708 qui
833 628 1100 704 forensem
1142 633 1422 704 strepitum
1467 640 1521 702 et
1560 633 1841 707 judiciaria
1948 631 2077 706 illud
2126 634 2414 706 Bagaiensc
2462 643 2738 718 recitatum

241 724 439 794 jurgia,
469 723 666 794 quibus
694 733 971 798 accusatos
1000 724 1399 800 convincerem,
1423 734 1484 790 ct
1511 727 1837 796 expellerent

243 832 376 885 quos
400 814 457 868 in
480 814 709 869 concilio
724 813 833 886 jam
857 815 1258 888 damnaverant,
1281 832 1387 876 non
1408 816 1833 893 declinaverunt,

242 905 336 962 sed
368 913 723 982 susceperunt
752 915 804 982 et
832 916 1217 982 exercuerunt,
1247 907 1418 980 multo
1448 909 1723 968 nobiscum
1757 912 1835 986 fa-

239 999 395 1052 cilius
423 997 647 1072 pacitice
669 999 914 1073 copierre
943 1001 1213 1076 potuisse,
1244 1003 1343 1076 nisi
1373 1004 1593 1062 mallent
1621 1020 1836 1072 causam

239 1089 438 1164 malam
495 1091 781 1168 cooperire
832 1093 1212 1168 excusatione,
1269 1111 1426 1169 quam
1478 1097 1836 1170 disputatione

233 1181 411 1258 ﬁnire.

306 1275 543 1332 CAPUT
575 1275 664 1354 li].
693 1306 762 1318 --
789 1279 842 1344 4.
876 1277 992 1348 iam
1021 1295 1146 1350 vero
1173 1283 1313 1353 quod
1340 1292 1621 1356 antequam
1651 1287 1833 1343 venias

233 1364 301 1422 ad
323 1381 637 1442 sermonem
661 1384 836 1445 lupum
863 1386 969 1448 quo
987 1372 1307 1444 reprehendi
1330 1375 1670 1446 Pctilianum,
1696 1394 1724 1432 a
1747 1395 1834 1435 me

230 1456 451 1512 interim
487 1460 686 1536 qurcris
713 1476 743 1515 a
771 1477 876 1534 quo
913 1470 968 1540 te
1009 1463 1264 1538 baptizari
1301 1470 1620 1538 conveniat,
1654 1480 1832 1530 utrum

231 1549 303 1621 ab
326 1565 395 1606 eo
424 1551 605 1622 potius
645 1568 800 1623 quem
833 1564 891 1624 et
925 1570 1024 1627 ego
1051 1557 1380 1630 Baptismum
1405 1563 1604 1630 nabere
1633 1565 1831 1626 contir-

229 1657 322 1710 mo
344 1684 359 1706 ,
392 1659 461 1697 an
493 1643 561 1699 ab
585 1660 651 1700 eo
678 1662 833 1720 quem
866 1658 986 1704 tuus
1016 1649 1119 1706 hoc
1146 1668 1254 1706 non
1293 1653 1492 1712 habere
1517 1656 1825 1712 contendit:

228 1733 350 1792 haec
373 1737 536 1808 etiam
559 1741 782 1808 (incestio
804 1756 899 1810 per
921 1741 1217 1816 Maximiani
1243 1759 1456 1800 causam
1483 1747 1550 1803 de
1577 1765 1706 1804 vana
1729 1749 1833 1804 im-

229 1826 529 1897 peritorum
569 1817 889 1904 loquacitate
927 1833 1132 1888 sublata
1175 1843 1289 1904 est,
1323 1846 1575 1909 quantum
1615 1841 1828 1911 quidem

226 1916 295 1971 ad
327 1933 428 1990 vos
454 1920 676 1986 attinet;
707 1937 828 1997 nam
857 1924 996 1996 apud
1021 1925 1168 2002 ipsos
1188 1927 1630 2000 Maximiancnses
1656 1933 1830 2000 adhuc

227 2018 436 2066 manet.
479 2011 653 2067 Vestri
697 2014 874 2082 enim,
927 2015 1178 2074 damnato
1230 2028 1448 2092 propter
1491 2025 1826 2094 sacrilegium

225 2103 540 2166 schismatis
565 2105 900 2174 Maximiano,
929 2127 1084 2180 quem
1113 2111 1393 2170 diaconum
1418 2131 1573 2180 suum
1604 2117 1829 2182 Primia-

223 2210 332 2268 pus
363 2195 743 2265 damnaverat,
777 2207 831 2255 et
857 2216 954 2270 per
982 2217 1136 2276 quem
1177 2206 1602 2278 conspirantibus
1632 2209 1827 2274 adver-

229 2300 355 2340 sum
390 2301 448 2342 se
476 2287 721 2356 plurimis
751 2290 966 2364 collegis
1007 2293 1286 2362 damnatus
1323 2295 1528 2363 fuerat,
1573 2301 1826 2357 continuo

222 2393 351 2450 cum
385 2396 451 2435 eo
478 2380 759 2452 duodecim
786 2384 1122 2456 ordinatores
1146 2388 1386 2462 ejusdem
1407 2391 1705 2449 Maximiani
1732 2411 1824 2450 ea-

222 2470 352 2546 dem
394 2475 661 2542 sententia
701 2475 1105 2532 damnaverunt.
1137 2479 1216 2552 Ex
1247 2482 1440 2556 quibus
1469 2483 1636 2553 duos,
1677 2486 1824 2541 Prae-

225 2573 492 2642 textatum
523 2567 894 2642 Assuritanum
923 2580 977 2625 et
998 2571 1358 2646 Fclicianuni,
1388 2592 1510 2631 eum
1538 2593 1630 2632 eos
1661 2578 1710 2632 in
1734 2579 1824 2648 ju-

224 2655 371 2730 dicio
391 2659 760 2732 proconsulari
781 2674 1144 2736 accusassent,
1163 2682 1282 2736 cum
1301 2668 1576 2738 llagaiensi
1598 2673 1825 2736 concilio

225 2749 510 2824 damnatos
541 2752 762 2825 allegala
795 2771 890 2826 per
915 2757 1198 2836 advocatos
1228 2761 1414 2818 eadem
1445 2765 1704 2820 sententia
1733 2767 1825 2826 dc-

226 2851 658 2918 monstrasscnt,
687 2861 804 2916 cum
829 2848 1048 2918 iubente
1077 2855 1393 2920 proconsule
1417 2856 1550 2914 locis
1579 2874 1710 2927 quius
1737 2867 1822 2916 te-

225 2938 447 3010 pebant,
484 2937 691 3011 pellere
714 2941 914 3010 conati,
945 2943 1166 3000 minime
1193 2946 1514 3014 valuissent;
1545 2949 1620 3004 sic
1643 2961 1822 3020 postea

223 3037 622 3105 susceperunt,
653 3040 708 3104 ut
735 3046 854 3102 cum
883 3033 960 3088 eis
991 3034 1041 3088 in
1072 3035 1362 3100 honoribus
1394 3055 1577 3098 eorum
1606 3042 1824 3112 integris

225 3122 721 3196 communicarent,
753 3135 805 3198 et
834 3124 992 3196 simul
1035 3127 1086 3184 in
1123 3143 1308 3200 pacem
1349 3132 1576 3188 redactis
1615 3133 1824 3206 populis

224 3228 418 3267 eorum
440 3255 452 3279 ,
484 3229 548 3267 ex
579 3213 661 3268 his
686 3231 820 3286 quos
851 3216 905 3270 in
932 3217 1218 3275 schismate
1255 3220 1676 3292 baptizaverant,
1706 3225 1827 3280 nul-

221 3305 336 3378 lum
369 3305 775 3376 rebaptizarent.

301 3401 360 3454 5.
406 3399 593 3456 Exstat
630 3402 897 3475 decretum
929 3405 1233 3476 Bagaicnsis
1258 3408 1502 3473 concilii,
1537 3411 1821 3482 allegatum

224 3491 379 3564 apud
411 3494 794 3564 proconsulem,
820 3496 1077 3566 advocato
1104 3510 1463 3570 prosequente
1489 3503 1819 3573 Nummasio,

219 3600 356 3641 cum
395 3596 578 3655 ageret
623 3597 676 3642 ut
717 3588 970 3660 Primiani
1014 3595 1374 3666 communioni
1416 3596 1822 3656 Membrcsitana

220 3679 461 3734 ecclesia
487 3678 788 3750 traderetur
812 3683 1039 3752 expulso
1063 3685 1272 3752 Salvio,
1319 3688 1408 3757 qui
1447 3704 1564 3746 eam
1609 3691 1823 3748 tenebat

217 3769 557 3844 antiquitus,
588 3772 675 3842 ubi
716 3774 1076 3844 episcOpatum
1117 3791 1385 3842 meruerat
1421 3782 1476 3836 in
1521 3792 1670 3851 parte
1711 3784 1818 3842 Do-

219 3865 357 3922 nati.
403 3864 510 3919 Sed
556 3866 838 3936 pellendus
879 3880 1158 3938 propterea
1201 3872 1510 3941 petebatur,
1548 3877 1667 3944 quia
1690 3892 1818 3935 eum

216 3954 540 4030 damnatum
565 3957 839 4028 Bagaicnsi
862 3961 1089 4016 concilio
1107 3963 1362 4030 recitabat
1381 3966 1518 4024 inter
1536 3967 1816 4027 duodecim

218 4045 531 4120 Naxinliani
560 4049 912 4118 ordinatorcs,
945 4069 1077 4124 quos
1107 4056 1246 4110 idem
1273 4057 1612 4116 Nunimasius
1643 4062 1693 4115 in
1721 4079 1818 4118 nu-

218 4154 592 4215 meroerrans
623 4141 868 4208 undecim
895 4143 1044 4206 dicit.
1078 4145 1227 4204 lianc
1254 4147 1545 4213 Nunnnasii
1581 4154 1816 4222 postula-

215 4233 428 4305 tionem
470 4235 712 4310 recitavit
740 4248 923 4308 postea
956 4239 1224 4310 Titianus,
1267 4258 1518 4312 expresse
1557 4261 1618 4306 ac
1645 4248 1821 4304 nomi-

216 4326 392 4403 patitn
449 4343 614 4400 agens
668 4332 806 4400 apud
867 4334 1110 4390 eumdem
1150 4339 1524 4404 proconsulem
1563 4339 1818 4396 adversus

213 4417 609 4493 Prin-testatum
631 4431 683 4478 et
703 4421 1027 4490 Feliciannm
1057 4446 1068 4478 :
1100 4428 1249 4497 cujus
1275 4428 1514 4486 advocati
1539 4435 1695 4488 verba
1719 4434 1815 4489 ista

211 4520 368 4584 sunt.
402 4510 511 4585 Sed
539 4513 662 4579 suis,
693 4514 886 4585 inquit,
915 4518 1154 4583 institutis
1181 4521 1418 4589 iniquitas
1449 4525 1744 4593 delectatur,
1772 4537 1818 4582 et

209 4604 552 4678 getrtctipsum
581 4623 683 4660 non
709 4607 923 4677 deserit,
952 4628 1066 4674 cum
1089 4614 1240 4668 semel
1269 4616 1583 4685 prtecipilata
1616 4635 1816 4674 corruev

207 4696 303 4768 rit.
337 4693 490 4758 Idem
516 4713 730 4769 namque
751 4699 1095 4772 Maximianus
1117 4714 1328 4775 coeptam
1349 4709 1503 4762 nutrit
1522 4711 1812 4779 audaciam,

211 4797 260 4864 ft
287 4791 425 4862 alios
454 4791 648 4862 sibimet
676 4796 927 4861 consociat
956 4796 1022 4850 ad
1051 4797 1292 4866 furorem.
1329 4797 1472 4854 Inter
1507 4818 1631 4871 quos
1667 4805 1814 4858 etiam

209 4881 521 4956 fclicignus
549 4887 753 4956 quidam
771 4930 785 4954 ,
825 4890 912 4960 qui
949 4891 1112 4961 primo
1141 4902 1274 4948 recta
1300 4903 1544 4958 sectatus,
1572 4896 1818 4967 deprava-

207 4977 375 5046 tianis
396 4978 556 5056 hujus
579 4981 964 5046 attaminatione
982 4984 1226 5053 fuscatur,
1249 4986 1302 5040 in
1325 4986 1604 5042 illustilana
1624 4989 1816 5058 positus

209 5069 444 5136 civitate,
469 5054 576 5126 Deo
602 5073 930 5148 omnipotenti
961 5076 1172 5144 parietes
1195 5087 1530 5144 consecratos,
1555 5082 1815 5137 ecclesiam

207 5163 562 5233 praeruptior);
601 5167 747 5237 quasi
786 5167 1005 5238 quadam
1035 5169 1316 5226 obsessione
1345 5173 1555 5228 credidit
1591 5176 1814 5232 retinen-

215 5255 361 5321 dam.
399 5255 556 5325 [lunc
586 5255 925 5330 Prattextatus
959 5261 1115 5322 etiam
1153 5263 1207 5317 in
1247 5263 1561 5322 Assuritanis
1587 5268 1816 5338 partibus

205 5349 468 5414 imitatur.
505 5349 610 5412 Sed
645 5367 758 5404 cum
801 5352 1052 5422 mquitatis
1095 5363 1193 5414 tua:
1228 5355 1554 5416 innotesceret
1584 5361 1813 5430 potestati

205 5445 530 5506 scamoniam
557 5447 871 5508 sacerdotum
890 5491 905 5516 ,
923 5449 1148 5520 iussisti,
1178 5461 1236 5508 ut
1261 5462 1399 5524 gesta
1431 5463 1698 5524 testantur,
1726 5473 1814 5511 ea:-

201 5537 365 5610 ploso
406 5538 545 5596 omni
581 5540 993 5616 contradictioni}
1022 5539 1200 5614 e/i'ectu
1220 5584 1236 5610 ,
1259 5547 1616 5617 sacratissimis
1645 5565 1814 5618 sacer-

193 5629 420 5696 dotibus
448 5647 480 5684 a
509 5632 738 5704 profanis
771 5632 1020 5698 mentibus
1063 5633 1297 5696 ecclesias
1339 5637 1616 5694 vindicatus
1655 5657 1810 5709 opor-

202 5733 320 5790 tere
360 5723 578 5789 regitui.
611 5724 816 5788 Deinde
851 5726 1012 5795 paulo
1049 5736 1202 5796 post,
1253 5737 1311 5782 ut
1346 5729 1488 5786 idem
1523 5730 1812 5800 advocatus

202 5817 468 5873 ostendat
490 5817 616 5887 quid
641 5818 844 5887 jussum
867 5821 955 5886 sit,
980 5821 1166 5875 recitat
1187 5820 1478 5877 Nummasii
1506 5825 1812 5894 postulatio-

202 5921 344 5977 nem
386 5925 546 5984 quam
589 5923 750 5983 supra
793 5913 1205 5988 commemoravi
1239 5931 1250 5968 :
1281 5915 1332 5970 in
1378 5931 1478 5994 qua
1523 5918 1806 6004 proconsul

1942 723 2233 800 damnatur
2261 731 2344 786 his
2372 735 2546 808 verbis
2575 755 2587 791 =
2621 738 2991 815 destituerem
3015 746 3138 817 ﬁdei
3165 723 3426 822 enatum;
3447 733 3537 820 υό-

1943 817 2107 892 rilatis
2138 820 2457 894 adulterum,
2502 827 2742 906 Ecclesig:
2771 835 2953 907 ,Μαίᾳ-ξε
2987 837 3280 908 inimicum,
3326 817 3532 917 Dat/tat,

1946 905 2125 972 Chore,
2158 922 2207 965 ct
2234 912 2421 968 Abiron
2450 905 2734 974 ministrum
2752 905 2779 985 ,ί
2798 924 2861 977 de
2889 905 3026 993 pacis
3051 905 3244 1000 gremio
3274 905 3535 993 sentattiai

1941 998 2133 1070 fulmen
2162 1005 2416 1074 excussit:
2440 1017 2484 1061 et
2505 1011 2644 1082 quod
2667 1012 2832 1068 adhuc
2857 998 3084 1088 eumdem
3110 998 3369 1092 dehiscens
3399 1036 3534 1084 terra

1941 1108 2041 1158 non
2073 1096 2264 1150 sorbuit
2295 1098 2482 1170 (Num.
2523 1104 2645 1177 ΠΙ)
2667 1147 2681 1174 ,
2710 1108 2776 1162 ad
2805 1110 2972 1180 majus
3004 1115 3307 1185 supplicium
3331 1122 3530 1190 superis

1940 1189 2224 1246 reservavit.
2259 1190 2458 1264 Raptus
2485 1197 2616 1260 enim
2642 1215 2840 1267 plenam
2863 1220 3008 1264 suam
3037 1210 3333 1278 compendio
3358 1189 3530 1268 lucra-

1936 1290 2075 1338 νεῖαι
2095 1281 2325 1350 funeris;
2351 1301 2528 1350 usuras
2550 1305 2680 1342 nunc
2699 1295 2948 1362 graviores
2971 1299 3159 1370 colligit
3179 1304 3389 1372 fenoris,
3411 1321 3528 1360 cum

1934 1380 2163 1440 mortuus
2204 1375 2406 1432 interest
2443 1379 2582 1446 vivis.
2617 1382 2815 1450 Deinde
2845 1386 2894 1440 in
2922 1388 3043 1446 illos
3070 1391 3350 1452 duodecim
3382 1397 3528 1454 οῖ’ᾶί-

1937 1474 2151 1534 patares
2179 1466 2294 1536 eius
2335 1469 2405 1524 ita
2452 1471 2717 1542 profertur
2749 1476 3032 1547 Bagaitana
3069 1488 3336 1562 sententia
3367 1506 3380 1543 :
3415 1489 3528 1546 Nec

1935 1554 2100 1616 solum
2125 1556 2258 1612 hunc
2277 1602 2292 1626 ,
2327 1561 2603 1633 inquiunt,
2628 1566 2830 1626 sceleris
2854 1572 2934 1625 sui
2957 1589 3094 1640 mors
3113 1554 3259 1646 justo
3284 1565 3524 1646 condem-

1935 1655 2056 1720 nat;
2082 1651 2233 1722 trahit
2255 1653 2401 1708 etiam
2422 1655 2490 1710 ad
2509 1660 2813 1714 consortium
2839 1663 3060 1720 criminis
3080 1668 3325 1737 plurimos
3349 1684 3526 1730 catena

1927 1737 2183 1808 gaerilcgii
2203 1782 2216 1805 ,
2248 1741 2310 1796 de
2333 1745 2510 1813 quibus
2535 1750 2780 1820 scriptum
2812 1762 2881 1808 est
2901 1796 2916 1821 ,
2953 1772 2972 1818 ς
3012 1755 3266 1815 Venenum
3289 1765 3526 1834 aspidum

1931 1826 2021 1892 sub
2059 1828 2205 1884 labiis
2243 1850 2414 1888 eorum
2434 1854 2454 1902 ;
2479 1855 2689 1908 quorum
2719 1858 2774 1897 os
2801 1845 3152 1913 maledictionc
3189 1861 3239 1907 et
3273 1858 3523 1912 maritu-

1933 1921 2049 1993 tline
2075 1924 2280 1995 plenum
2307 1937 2414 1993 est,
2444 1932 2632 1987 veloces
2673 1937 2822 2004 pedes
2859 1956 3029 1995 eorum
3065 1943 3134 1998 ad
3161 1943 3524 2012 effundendum

1931 2016 2247 2085 sanguinem.
2283 2018 2645 2078 Contribulatio
2671 2037 2714 2081 et
2743 2031 3005 2098 calamitas
3031 2036 3082 2097 in
3108 2037 3201 2092 viis
3237 2055 3411 2098 eorum
3432 2084 3447 2108 ,
3475 2051 3524 2096 et

1931 2106 2062 2180 viam
2105 2109 2244 2179 pacis
2287 2129 2387 2166 non
2433 2127 2803 2184 cognoverunt;
2833 2139 2934 2178 non
2972 2133 3043 2178 est
3081 2127 3232 2190 timor
3273 2128 3368 2184 Dei
3405 2142 3523 2192 ante

1929 2198 2102 2272 oculos
2133 2216 2305 2255 eorum
2335 2221 2355 2255 ι
2396 2203 2564 2276 (Psal.
2595 2224 2720 2273 xm,
2752 2211 2824 2279 '5).
2872 2211 3139 2288 Nollemus
3167 2219 3369 2289 quidem
3405 2232 3521 2282 tan-

1929 2303 2081 2357 quam
2107 2306 2134 2343 c
2159 2294 2353 2361 proprii
2381 2298 2606 2366 corporis
2630 2300 2873 2381 junctum
2901 2307 3147 2374 prtvcidi;
3174 2311 3263 2364 sed
3286 2315 3524 2382 quoniam

1927 2378 2219 2454 tabescenlis
2246 2384 2464 2439 vulneris
2493 2378 2704 2457 putredo
2732 2395 2971 2464 pestifera
3006 2399 3120 2466 plus
3158 2378 3306 2458 habet
3341 2405 3394 2458 in
3429 2405 3523 2462 alt-

1928 2473 2142 2526 scisione
2165 2473 2447 2545 salaminis,
2476 2495 2626 2548 quant
2655 2483 2704 2536 in
2733 2486 3023 2542 remissione
3043 2492 3408 2563 medicaminis,
3434 2497 3522 2553 in-

1925 2574 2073 2632 penta
2100 2576 2170 2620 cst
2209 2585 2364 2623 causa
2394 2570 2646 2627 salubrior
2665 2617 2679 2643 ,
2708 2593 2770 2631 ne
2795 2596 2884 2648 per
2912 2591 3089 2636 cuncta
3116 2588 3336 2652 membra
3365 2592 3521 2660 pesti-

1927 2657 2036 2714 lens
2062 2660 2251 2730 irrepat
2281 2664 2434 2729 virus,
2464 2675 2520 2719 ut
2544 2671 2900 2740 compendiosa
2926 2673 3099 2732 dolore
3121 2689 3294 2744 natum
3322 2683 3522 2739 decidat

1927 2752 2127 2807 vulnus.
2159 2753 2372 2814 Famosi
2399 2774 2517 2830 ergo
2543 2762 2767 2816 criminis
2791 2782 2922 2833 reos,
2960 2767 3300 2828 Victorianum
3327 2772 3520 2831 Carca-

1925 2841 2231 2914 bianensem,
2263 2847 2576 2914 Martialium
2607 2852 2966 2922 Sullectinum,
2998 2858 3244 2920 Bcianum
3269 2862 3522 2922 Baianeno

1925 2953 2029 3006 sem
2048 2979 2064 3004 ,
2094 2937 2328 2994 Salvium
2351 2939 2728 3014 Ausapnenscm
2750 2989 2763 3012 ,
2801 2947 3119 3011 Theodorum
3152 2953 3455 3014 Usulensem
3475 2961 3516 3025 ⁸,

1927 3030 2185 3088 Donatum
2228 3034 2619 3106 Sabtfalensem,
2669 3041 2956 3112 Miggenem
2998 3045 3518 3122 Elephantariensem,

1929 3122 2298 3181 I’rtetextatum
2334 3129 2691 3185 Assuritanum
2716 3175 2730 3199 ,
2779 3133 3010 3192 Salvium
3056 3137 3518 3211 llembresilanum,

1937 3213 2192 3272 Valerium
2216 3218 2273 3272 Μ
2277 3219 2566 3284 elzitanum,
2595 3221 2913 3281 Fclicianum
2935 3225 3289 3298 Hustitanum,
3317 3244 3364 3288 et
3385 3234 3523 3290 Mar-

1927 3308 2098 3362 tialem
2127 3308 2480 3367 Pertusensem
2502 3355 2516 3374 ,
2547 3315 2633 3385 qui
2673 3318 2870 3386 funesto
2911 3335 3060 3386 apere
3101 3323 3400 3391 perditionis
3432 3341 3520 3382 vas

1927 3400 2187 3454 sordidum
2212 3402 2422 3456 collecta
2449 3404 2731 3473 fon-utentia
2755 3409 3108 3478 glutinarunt;
3132 3413 3220 3467 sed
3244 3424 3291 3468 et
3309 3416 3516 3471 clericos

1927 3493 2196 3562 aliquando
2223 3493 2465 3550 Ecclesia:
2493 3497 2831 3567 Carthaginis,
2868 3501 2953 3569 qui
2979 3501 3099 3562 dum
3123 3504 3338 3574 facinori
3365 3508 3520 3562 inter-

1925 3595 2074 3653 sunt,
2103 3586 2278 3640 illicito
2305 3589 2513 3646 incestui
2543 3591 2844 3646 lenocinium
2875 3595 3192 3664 praebuerunt
3207 3616 3228 3664 ;
3256 3598 3353 3654 Dei
3380 3618 3514 3670 prat-

1924 3676 2133 3742 sidentis
2163 3678 2402 3741 arbitrio,
2459 3681 2753 3736 universalis
2797 3685 2995 3740 concilii
3036 3703 3122 3741 ore
3160 3689 3373 3742 veridico
3411 3690 3515 3745 da-

1927 3776 2124 3824 mnatos
2154 3786 2261 3824 esse
2287 3772 2584 3839 cognoscite.
2617 3773 2746 3828 Post
2766 3775 2986 3840 istorum
3011 3776 3423 3848 damnationem,
3459 3784 3513 3840 in

1921 3861 2114 3930 quibus
2138 3860 2385 3930 leguntur
2404 3861 2754 3921 Praetextatus
2774 3866 3117 3925 Assuritanus
3140 3877 3193 3924 ct
3212 3870 3513 3932 Felicianus

1922 3950 2258 4016 Mustitanus,
2288 3966 2407 4006 cum
2433 3953 2645 4022 quibus.
2672 3963 2730 4009 ut
2754 3965 2878 4011 ante
2903 3956 3032 4024 dixi,
3063 3963 3393 4029 proconsulis
3417 3965 3514 4020 ad-

1923 4059 2110 4108 versus
2140 4060 2232 4100 eos
2259 4044 2539 4115 impetrata
2563 4045 2804 4116 jussione
2843 4050 3298 4108 concordaverunt
3317 4055 3371 4121 ³;
3402 4071 3510 4112 ca:-

1923 4136 2051 4191 tcris
2085 4136 2140 4190 in
2170 4135 2358 4191 eodem
2387 4136 2686 4192 Maximiani
2716 4140 2999 4197 schismate
3028 4145 3362 4215 constitutis,
3391 4147 3510 4204 Pri-

1921 4228 2083 4284 miani
2114 4230 2272 4286 etiam
2314 4229 2746 4297 damnatoribus,
2791 4241 2991 4288 tantum
3037 4236 3158 4305 quia
3201 4253 3305 4293 non
3346 4240 3512 4297 inter-

1922 4319 2137 4376 fuerant
2171 4320 2475 4378 Maximiani
2515 4321 2868 4390 ordinationi,
2897 4323 3209 4382 dilationem
3251 4329 3514 4388 dederunt

1923 4411 1977 4466 in
2004 4413 2191 4468 eodem
2213 4413 2488 4484 Bagaicnsi
2511 4415 2738 4470 concilio
2762 4424 2910 4470 certo
2939 4416 3042 4473 diei
3071 4421 3296 4475 termino
3322 4422 3514 4486 delini-

1923 4515 2052 4573 tam,
2077 4522 2194 4576 quae
2215 4508 2517 4562 continetur
2545 4507 2626 4562 his
2647 4509 2822 4563 verbis
2849 4527 2861 4561 :
2892 4507 2998 4566 Eos
3024 4522 3213 4580 autem,
3239 4515 3507 4584 inquiunt,

1922 4617 2046 4670 quos
2074 4599 2304 4669 sacrilegi
2345 4599 2516 4656 saeculi
2559 4617 2659 4653 non
2699 4602 2924 4670 polluere
2963 4603 3251 4672 plantaria,
3295 4609 3388 4660 hoc
3414 4618 3507 4675 est,

1921 4694 2007 4762 qui
2035 4711 2064 4745 (ι
2094 4691 2146 4746 Ill
2154 4693 2392 4750 amimiani
2428 4693 2590 4761 capite
2617 4693 2850 4763 praprias
2880 4709 3059 4750 manus
3085 4698 3362 4753 verecundo
3392 4700 3515 4768 fidei

1925 4785 2117 4854 pudore
2161 4794 2507 4847 retraxerunt,
2540 4783 2609 4836 ad
2647 4792 2858 4838 matrem
2883 4783 3166 4852 Ecclesium
3194 4791 3357 4845 redire
3393 4808 3510 4862 per-

1921 4877 2169 4932 misimus.
2205 4875 2460 4942 Quantum
2500 4875 2632 4930 enim
2671 4875 2737 4931 de
2772 4893 2974 4933 reorum
3013 4889 3172 4934 morte
3211 4899 3506 4952 purgamur,

1923 4977 2060 5024 tanta
2081 4969 2142 5021 de
2162 4967 2498 5022 innocentium
2517 4967 2685 5020 reditu
2705 4969 3041 5038 gratulamur.
3069 4971 3142 5025 Ac
3161 4989 3222 5026 ne
3240 4983 3509 5042 angustum

1920 5059 2241 5116 redeuntibus
2269 5067 2466 5128 tempus
2500 5074 2640 5129 spem
2679 5059 2858 5116 salutis
2897 5071 3103 5116 arctam:
3141 5063 3238 5115 diei
3277 5079 3508 5132 pressura

1921 5154 2182 5220 subducat,
2211 5155 2595 5223 agnoscentibus
2619 5155 2796 5224 quibus
2824 5157 2957 5223 licet,
2991 5158 3304 5214 manentibus
3326 5157 3348 5189 ‘
3378 5176 3489 5230 pra:-

1920 5247 2204 5302 cedentibus
2249 5247 2483 5313 statutis,
2527 5247 2770 5302 universis
2811 5265 2970 5320 usque
3008 5251 3075 5303 ad
3110 5250 3241 5304 diem
3280 5261 3507 5308 octavum

1919 5341 2248 5402 colendarum
2263 5341 2494 5412 januarii
2510 5343 2746 5412 proxime
2772 5345 3060 5413 futurarum
3082 5343 3356 5414 agnitionis
3380 5363 3507 5416 pan-

1919 5437 2088 5489 diutus
2117 5436 2335 5506 januam
2352 5477 2368 5502 ,
2400 5446 2456 5488 ut
2483 5436 2665 5506 integri
2698 5435 2907 5490 honoris
2934 5450 2996 5488 ac
3019 5434 3142 5504 fidei
3171 5438 3386 5507 regressi
3410 5440 3507 5493 Ita-

1983 5551 2000 5581 ί
2030 5549 2218 5622 Aliqupt
2237 5556 2365 5622 uss,
2403 5547 2456 5622 in
2479 5545 2868 5622 quaproconsuli
2900 5559 2932 5598 α
2952 5547 3244 5620 Ναηνηαδὶο,
3268 5564 3377 5604 cum
3398 5565 3509 5622 exe-

1915 5614 2061 5678 gisset
2084 5610 2179 5676 légi
2199 5611 2468 5678 episcopale
2473 5610 2738 5672 judicium.

1981 5671 2565 5750 ξθιξξςηιὶιδιιιεηδεζζῐίμ
2876 5747 2914 5750 ,,
3285 5738 3297 5750 ο
3386 5738 3396 5749 ο

1982 5740 2002 5770 ³
2026 5739 2163 5795 Editi,
2207 5733 2568 5799 proconsularcs
2611 5735 2843 5784 adversus
2863 5747 2942 5786 eos
2965 5734 3240 5799 impetrata:
3267 5738 3507 5802 jussimtes

2371 5856 2685 5939 metuentibus.
2729 5858 3074 5939 abesthlongc,
3094 5864 3504 5939 anmangcrm

1919 5929 2016 5978 [mo
2042 5935 2089 5975 r-l
2113 5924 2173 5972 ab
2198 5917 2312 5985 ipsis
2336 5919 2480 5970 editis
2503 5920 2672 5970 aberat
2695 5917 2856 5992 supra,
2878 5917 3032 5986 nus,
3055 5917 3105 5976 ti;
3125 5917 3203 5999 60.
