4010 6468
467 465 610 526 ’551

514 581 662 635 beant
686 575 1014 648 fundamenta
1039 583 1229 640 :quam
1252 567 1296 621 si
1319 567 1582 636 quisquam
1607 561 1804 634 ingredi
1829 558 2098 628 nequiverit

513 672 663 741 pigra
701 665 914 739 segnitia
932 706 946 730 ,
988 661 1114 717 sciat
1142 659 1235 714 sibi
1263 658 1331 711 ad
1360 673 1529 712 omnes
1571 653 1787 709 veniales
1816 651 1981 704 aditus
2008 665 2102 704 sua

511 765 770 818 voluntate
797 759 928 812 viam
955 771 1061 810 esse
1085 752 1400 808 subductam.
1434 748 1659 804 Manebit
1688 746 1819 801 enim
1856 744 1990 798 circa
2018 758 2102 796 eos

513 856 651 908 dicta
679 849 956 914 sententia,
989 855 1033 902 et
1074 855 1186 919 post
1229 843 1568 916 prtestitutum
1610 841 1743 894 diem
1783 836 2102 893 redeuntibus

517 947 623 1016 ﬁxa
659 941 967 1014 pwnitentia.

586 1032 812 1089 CAPUT
852 1032 991 1084 V.—
1016 1030 1070 1084 6.
1112 1028 1189 1083 Ex
1241 1027 1323 1082 his
1369 1026 1526 1098 igitur
1567 1023 1817 1079 omnibus
1847 1020 2096 1091 quoniam

512 1125 739 1182 rediisse
777 1125 982 1194 aliquos
1023 1121 1091 1180 ad
1133 1119 1563 1175 communionem
1588 1125 1821 1170 vestram
1869 1127 1967 1166 nec
2005 1125 2102 1166 vos

515 1218 741 1286 negatis,
771 1225 825 1270 et
853 1215 904 1267 in
937 1223 1043 1267 tam
1084 1211 1287 1266 recenti
1316 1210 1593 1274 memoria,
1622 1206 1794 1261 adhuc
1839 1204 1999 1258 etiam
2025 1201 2104 1257 vi-

514 1309 762 1364 ventibus
787 1305 1091 1361 hominibus
1120 1303 1187 1358 de
1207 1303 1396 1373 quibus
1417 1301 1588 1371 agitur
1607 1300 1647 1363 ί.
1676 1296 2029 1353 celeberrima
2051 1303 2107 1349 et

515 1401 659 1456 clara
705 1397 889 1452 notitia
919 1405 1021 1460 est,
1060 1410 1179 1450 cum
1231 1401 1285 1448 et
1328 1393 1400 1446 illi
1428 1391 1619 1462 quibus
1657 1389 1838 1444 dilatio
1864 1387 1984 1442 data
2025 1396 2109 1442 est

513 1488 973 1566 (quandoquidem
997 1487 1135 1541 sicut
1159 1484 1322 1540 verba
1353 1482 1564 1539 concilii
1603 1479 1842 1550 ejusdem
1871 1477 2000 1533 satis
2025 1477 2107 1532 in-

514 1585 718 1652 dicant,
759 1598 851 1638 eos
882 1581 945 1636 ad
986 1588 1212 1634 matrem
1252 1577 1541 1632 Ecclesiam
1572 1575 1750 1630 redire
1777 1573 2018 1638 invitant,
2054 1580 2108 1626 et

515 1690 705 1730 corum
736 1682 988 1742 tanquam
1016 1670 1084 1725 de
1126 1668 1484 1724 innocentium
1530 1666 1702 1722 reditu
1729 1663 2104 1736 gratulantur),

518 1773 574 1821 et
599 1767 672 1820 illi
701 1779 835 1836 quos
863 1779 982 1819 cum
1005 1762 1322 1817 Maximiano
1349 1759 1496 1814 nulla
1517 1758 1827 1829 interposita
1854 1756 2107 1812 dilatione

519 1858 926 1922 damnaverunt,
957 1862 1105 1909 extra
1141 1861 1374 1908 vestram
1396 1850 1694 1905 Eeelcsiam
1725 1856 1838 1903 toto
1861 1849 1949 1902 illo
1976 1856 2110 1902 tem-

525 1961 656 2017 pore
705 1945 1092 2016 baptizaverint
1123 1961 1137 1998 :
1170 1943 1282 1997 sive
1328 1957 1497 2011 usque
1539 1939 1604 1993 ad
1654 1938 1794 1994 diem
1842 1938 2110 1992 dilationis

520 2041 734 2111 quando
771 2055 890 2094 cum
937 2037 1252 2092 Makimiano
1295 2033 1778 2097 communicabant,
1821 2041 1874 2085 et
1901 2031 1953 2085 in
1995 2031 2108 2100 ejus

521 2141 679 2190 erant
723 2132 1012 2187 schismate
1053 2128 1346 2193 constituti,
1388 2125 1498 2181 sive
1537 2126 1695 2178 etiam
1737 2133 2002 2178 transacto
2031 2123 2112 2178 di-

522 2223 738 2280 lationis
777 2223 883 2288 die,
932 2221 1144 2291 quando
1187 2219 1424 2274 Titianus
1471 2217 1757 2272 advocatus
1799 2215 2110 2270 nominatim

523 2315 902 2372 Praetextatum
932 2323 987 2368 et
1011 2312 1335 2372 Felicianum
1368 2309 1492 2378 pelli
1521 2308 1586 2362 de
1608 2307 1840 2361 basilicis
1871 2306 2110 2376 postula-

522 2406 633 2474 bat,
668 2420 788 2461 cum
816 2404 1006 2476 quibus
1035 2404 1086 2457 in
1118 2403 1321 2456 honore
1353 2401 1560 2469 integro
1599 2398 1901 2453 Primianus
1928 2406 2110 2465 postea

523 2496 868 2553 concordavit
899 2494 1205 2566 :quomodo
1243 2492 1451 2547 audetis
1471 2491 1580 2559 jam
1609 2489 1788 2544 dicere
1815 2504 1975 2542 unum
2008 2488 2110 2541 Ba-

497 2590 739 2662 rptisma,
773 2589 876 2644 nisi
903 2590 953 2643 in
983 2603 1085 2642 una
1116 2585 1356 2642 Ecclesia
1399 2583 1510 2638 dari
1541 2597 1645 2636 non
1675 2596 1867 2650 posse;
1901 2595 2021 2634 cum
2045 2578 2113 2633 ab

523 2683 644 2738 istis
681 2682 860 2739 datum
908 2681 961 2734 in
1003 2679 1261 2748 sacrilego
1305 2675 1594 2731 schismate
1633 2673 1958 2742 Baptismum
1998 2672 2114 2727 sine

526 2772 634 2828 ulla
679 2770 1040 2826 controversia
1084 2767 1461 2839 cognoveritis,
1507 2764 1870 2834 susceperitis,
1900 2763 2113 2818 rescin-

524 2863 655 2918 dere
684 2877 792 2918 non
832 2862 946 2917 ausi
984 2861 1226 2916 fueritis?
1269 2859 1376 2914 Nec
1407 2861 1621 2914 tamen'
1651 2857 1870 2928 potestis
1909 2856 2111 2926 dicere,

526 2952 663 3008 nihil
691 2967 786 3008 vos
821 2951 1136 3021 praestitisse
1181 2951 1305 3017 illis,
1349 2965 1480 3019 quos
1525 2950 1575 3004 in
1616 2949 1802 3004 eodem
1843 2949 2114 3018 Baptismo

523 3041 861 3112 "suscepistis.
895 3042 951 3097 Si
996 3055 1124 3111 ergo
1149 3056 1382 3111 quaeram
1412 3039 1539 3109 quid
1568 3039 1950 3109 praestiteritis;
1985 3053 2112 3108 pro-

527 3132 621 3191 cui
647 3133 810 3189 dubio
836 3131 1224 3202 respondebitis
1249 3149 1262 3185 :
1290 3130 1366 3184 Ne
1413 3131 1526 3199 ipso
1550 3129 1831 3200 sacrilegio
1859 3129 2117 3184 schisma-

527 3224 600 3278 tis
629 3223 893 3294 perirent;
921 3238 990 3279 ne
1018 3222 1348 3292 Baptismum
1370 3220 1565 3276 Christi
1594 3237 1697 3276 non
1721 3220 1786 3275 ad
1815 3221 2110 3290 praemium,

526 3315 624 3371 sed
653 3313 721 3369 ad
743 3315 1027 3386 judicium,
1066 3328 1172 3368 non
1202 3312 1270 3367 ad
1296 3313 1542 3377 salutem,
1590 3311 1682 3367 sed
1707 3311 1772 3365 ad
1801 3313 2114 3381 perniciem,

529 3409 671 3463 sicut
690 3420 774 3463 est
800 3408 1002 3462 militiae
1023 3407 1300 3462 character
1327 3407 1378 3460 in
1409 3405 1791 3472 desertoribus,
1826 3404 2112 3459 haberent:

528 3501 876 3571 praestitimus
921 3514 1124 3570 pacem,
1166 3499 1507 3569 praestitimus
1553 3498 1829 3562 unitatem,
1873 3497 2118 3567 praestiti-

529 3607 651 3647 mus
683 3591 940 3647 Ecclesiae
968 3591 1296 3656 societatem,
1327 3598 1383 3644 ut
1409 3605 1529 3644 eum
1555 3603 1653 3660 per
1689 3604 1846 3657 quem
1886 3587 2117 3643 charitas

531 3682 842 3739 diffunditur
872 3683 922 3736 in
952 3680 1203 3736 cordibus
1233 3681 1450 3746 nostris,
1479 3680 1734 3750 Spiritum
1764 3687 2004 3734 sanctum
2030 3694 2118 3734 ac-

529 3777 712 3848 cipere
753 3783 1109 3841 mererentur,
1151 3773 1286 3828 sine
1312 3788 1416 3843 quo
1457 3786 1614 3828 nemo
1641 3772 1881 3842 pervenit
1925 3771 1992 3829 ad
2034 3786 2118 3827 re-

528 3884 692 3938 gnum
723 3867 1002 3932 caelorum,
1027 3865 1236 3921 etiamsi
1277 3863 1636 3919 Sacramentis
1666 3862 1911 3917 onmibus
1940 3863 2114 3934 legiti-

529 3959 635 4013 mis
660 3959 945 4012 imbuatur.
974 3957 1100 4011 Ilaec
1135 3955 1526 4025 responderetis
1556 3956 1836 4021 veraciter,
1864 3957 1908 4009 si
1935 3971 2113 4010 veram

529 4048 825 4104 Ecclesium
867 4049 1142 4104 teneretis.
1184 4047 1562 4103 Verumtamen
1594 4048 1660 4102 ad
1699 4047 2114 4104 admonitionem

529 4153 764 4195 vestram
811 4139 1028 4207 sufficit,
1083 4149 1143 4194 ut
1181 4139 1283 4194 hoc
1325 4155 1421 4194 vos
1465 4149 1778 4209 accepturos
1815 4139 2116 4209 intelligatis

531 4221 590 4285 in
614 4246 738 4285 vera
777 4231 1032 4296 Ecclesia,
1062 4230 1200 4300 quod
1236 4245 1330 4286 eos
1359 4246 1492 4300 quos
1531 4231 1582 4284 in
1614 4230 1915 4285 Maximiani
1945 4231 2115 4285 sacri-

531 4319 652 4390 lego
697 4320 982 4375 schismate
1009 4320 1345 4389 baptizarunt
1380 4321 1468 4390 qui
1509 4336 1629 4376 cum
1667 4321 1744 4376 eis
1775 4320 1841 4375 ad
1874 4336 1964 4375 vos
1995 4321 2116 4376 inde

533 4409 829 4475 redierunt,
873 4410 926 4463 in
956 4417 1134 4463 vestra
1165 4412 1540 4464 communione
1579 4413 1851 4481 accepisse
1891 4413 2117 4467 credidi-

532 4503 670 4558 stis:
702 4511 860 4572 atque
902 4501 973 4556 ita
1021 4515 1116 4555 vos
1158 4500 1334 4555 etiam
1361 4509 1580 4571 accepto
1617 4503 1887 4572 Baptismo
1925 4503 2118 4558 Christi

532 4609 654 4650 esse
688 4593 1004 4664 puniendos,
1031 4593 1076 4648 si
1105 4594 1362 4649 unitatem
1405 4594 1682 4649 catholicas
1710 4594 1965 4650 Ecclesim
2005 4611 2112 4652 non

533 4686 831 4750 tenueritis,
879 4686 1015 4741 sicut
1057 4685 1111 4740 in
1157 4685 1458 4740 Maximiani
1499 4686 1782 4743 schismate
1825 4686 2118 4757 baptizatos

535 4776 721 4847 procul
759 4776 920 4832 dubio
967 4775 1263 4847 puniendos
1308 4792 1413 4833 non
1453 4776 1789 4841 dultitaretis,
1838 4779 1881 4833 si
1929 4788 2119 4835 vestra:

539 4871 902 4926 communioni
931 4885 1036 4926 non
1066 4871 1462 4940 copularentur,
1493 4871 1545 4925 in
1574 4869 1762 4941 quibus
1782 4869 1849 4926 ad
1879 4883 1974 4926 vos
1997 4871 2119 4927 inde

537 4962 870 5017 venientibus
898 4977 1005 5017 non
1031 4961 1438 5018 rescindendum
1467 4962 1794 5033 Baptismum
1817 4963 2115 5033 judicastis.

535 5052 700 5108 Vides
739 5054 915 5124 itaque
945 5053 1104 5109 etiam
1143 5053 1268 5120 hoc,
1298 5053 1436 5124 quod
1469 5062 1521 5108 te
1563 5054 1811 5109 movebat
1833 5054 1900 5109 de
1936 5055 2120 5125 Bapti-

537 5143 639 5199 smi
678 5152 1033 5211 sacramento,
1077 5145 1130 5198 in
1159 5159 1319 5200 causa
1359 5144 1853 5200 Maximiauensium
1876 5146 1986 5215 jam
2029 5161 2119 5202 so-

533 5237 723 5292 lutum.
1279 5244 1283 5248 ’

608 5329 834 5386 CAPUT
872 5329 961 5385 VI.
990 5359 1055 5370 —
1081 5331 1133 5384 7.
1176 5329 1294 5385 1am
1320 5343 1463 5385 nunc
1487 5328 1575 5383 illa
1602 5329 1899 5395 videamus,
1931 5331 2122 5401 quibus

536 5424 814 5494 epistolam
855 5438 1026 5478 meam
1069 5432 1120 5478 te
1156 5422 1404 5479 refellere
1443 5420 1734 5478 credidisti.
1782 5421 1860 5477 Ac
1891 5423 2121 5493 primum

539 5514 682 5584 quod
724 5515 1036 5587 interrogas,
1085 5532 1240 5587 quare
1286 5523 1471 5569 vestros
1511 5511 1803 5567 Donatistas
1846 5514 2119 5584 appellent,

543 5605 854 5677 adjungcns,
889 5608 1023 5678 quod
1049 5607 1280 5662 Donatus
1319 5623 1422 5661 non
1447 5613 1625 5660 auctor
1653 5615 1702 5660 et
1733 5605 1990 5661 institutor
2023 5606 2122 5661 Ec.

608 5821 627 5852 ι
651 5818 788 5892 aditi,
815 5821 886 5892 de
904 5822 1077 5885 quibus
1098 5822 1444 5892 celeberrima;
1466 5823 1662 5884 omisso,
1685 5821 1864 5887 agitur,
1887 5823 2018 5887 quod
2043 5822 2128 5875 ad-

539 5882 694 5947 ditum
715 5880 796 5932 hic
819 5890 896 5932 est
918 5880 983 5932 ex
1007 5887 1354 5947 manuscriptis.

606 5947 628 5980 ³
651 5944 724 5995 sic
760 5952 863 5994 Mss.
891 5952 946 5995 Αι
983 5946 1116 6006 editi,
1130 5944 1254 6007 jam;

1276 451 1545 509 CONTRA
1583 441 2010 508 CRESCONIUM
2047 438 2505 513 DONATISTAM,
2545 444 2604 502 S.
2644 440 3005 502 AUGUSTINI

3689 443 3797 503 552

2207 558 2376 613 etesiae
2400 572 2513 626 qua:
2535 567 2651 612 ante
2689 573 2788 611 non
2819 556 3002 625 fuerat,
3051 553 3142 609 sed
3183 570 3214 608 a
3256 553 3454 610 Christo
3495 556 3723 612 deducta:
3751 572 3797 614 et

2204 648 2427 719 antiquis
2463 663 2598 702 unus
2621 664 2684 702 ea:
2711 647 2958 717 episwpis
2997 645 3189 717 fuerit:
3215 661 3393 702 nonne
3420 647 3654 702 attendis
3696 650 3796 704 hoc

2205 739 2275 796 de
2316 753 2375 796 se
2423 740 2540 810 ipso
2582 747 2637 795 et
2673 738 3048 794 Maximianum
3086 737 3282 805 dicere,
3330 753 3398 793 ex
3433 740 3584 809 cujus
3620 748 3795 797 tamen

2209 833 2424 888 nomine
2477 833 2780 887 universam
2831 830 2948 901 ejus
2991 831 3421 886 communionem
3478 832 3798 902 appellatis?

2209 924 2396 995 Neque
2423 925 2656 980 schisma
2684 922 2828 993 quod
2863 922 3007 990 fecit,
3042 923 3150 978 ullo
3175 923 3432 978 vocabulo
3460 939 3491 978 a
3532 924 3692 978 vobis
3716 926 3796 981 vel

2207 1017 2275 1072 ab
2297 1015 2413 1070 aliis
2439 1015 2599 1071 sectis
2626 1015 2950 1080 discernitis,
2980 1013 3084 1068 nisi
3109 1022 3198 1068 aut
3235 1012 3679 1081 Maximianistas,
3711 1025 3797 1070 aut

2210 1109 2674 1176 Maximianenses,
2699 1118 2789 1164 aut
2805 1108 3079 1178 quodlibet
3096 1107 3259 1175 aliud,
3280 1107 3422 1178 quod
3443 1123 3472 1162 a
3494 1108 3795 1164 Maximiani

2209 1183 2425 1256 nomine
2453 1202 2740 1267 derivetur,
2769 1209 2862 1254 aut
2887 1208 3035 1256 certe
3069 1199 3361 1269 simplicius
3386 1208 3442 1256 et
3463 1201 3584 1255 sine
3613 1200 3799 1256 timore

2209 1294 2671 1363 grammaticarum
2707 1292 3017 1358 ferularum,
3051 1299 3257 1361 partem
3285 1291 3590 1346 Maximiani
3620 1295 3791 1347 nomi-

2209 1387 2366 1443 netis.
2395 1385 2656 1455 Numquid
2679 1385 2782 1441 hoc
2799 1383 3038 1439 dicturus
3061 1399 3140 1452 es,
3164 1383 3539 1439 Maximianum
3564 1400 3598 1438 a
3627 1395 3796 1440 vestra

2209 1478 2584 1533 communione
2623 1477 2851 1532 schisma
2893 1477 3105 1543 fecisse,
3143 1479 3244 1531 hoc
3284 1485 3461 1532 autem
3501 1491 3532 1531 a
3563 1491 3801 1532 commu-

2210 1572 2371 1627 nione
2397 1570 2662 1626 catholica
2688 1585 2796 1624 non
2822 1568 3015 1625 fecisse
3045 1568 3351 1624 Donatum?
3393 1567 3501 1624 Sed
3531 1568 3799 1624 Maximia-

2209 1679 2312 1718 nus
2359 1678 2465 1716 non
2510 1662 2612 1717 hoc
2665 1661 2812 1726 dicit,
2860 1662 2949 1728 qui
3009 1661 3334 1716 Primianum
3390 1662 3568 1730 potius
3613 1670 3670 1716 et
3715 1677 3801 1717 vos

2210 1770 2396 1810 omnes
2423 1755 2700 1810 afﬁrmata
2727 1764 2877 1825 parte
2896 1755 3107 1819 Donati,
3131 1755 3184 1809 in
3211 1770 3316 1826 qua
3344 1756 3456 1825 ipse
3485 1756 3799 1825 permansit,

2211 1847 2440 1902 schisma
2470 1846 2680 1912 fecisse,
2723 1856 2779 1902 et
2807 1850 2999 1903 recitat
3027 1846 3241 1902 decreta
3272 1848 3626 1902 conciliorum
3655 1862 3670 1903 :
3701 1849 3800 1917 pri-

2211 1955 2378 2007 mum,
2407 1940 2547 2010 quod
2587 1940 2727 2010 apud
2767 1940 3140 2011 Carthaginem
3178 1955 3210 1994 a
3239 1941 3594 2010 quadraginta
3639 1950 3693 1996 et
3722 1941 3800 1996 tri-

2211 2033 2312 2088 bus
2337 2033 2533 2088 factum
2559 2044 2661 2100 est,
2699 2048 2806 2104 quo
2832 2034 3224 2103 praedamnatus
3252 2042 3334 2089 est
3358 2034 3697 2100 Primianus;
3725 2035 3800 2089 al-

2212 2131 2407 2189 terum,
2453 2124 2595 2194 quod
2628 2123 2946 2180 Cebarsussi
2987 2133 3201 2180 centum
3236 2125 3320 2180 vel
3367 2124 3598 2194 amplius
3642 2125 3802 2180 vestri

2212 2227 2339 2274 tunc
2375 2217 2610 2288 episcopi
2658 2217 3032 2283 condiderunt,
3078 2232 3183 2286 quo
3212 2215 3446 2286 perfecte
3487 2216 3801 2286 pleniusque

2211 2311 2493 2367 damnatus
2539 2319 2640 2365 est.
2691 2311 2788 2366 Cui
2831 2311 2953 2366 talia
2983 2310 3306 2365 documenta
3355 2309 3658 2379 proferenti
3687 2309 3803 2380 quid

2213 2403 2583 2473 respondebis,
2626 2403 2728 2457 nisi
2759 2402 2978 2472 majoris
3001 2417 3120 2462 esse
3154 2401 3487 2456 auctoritatis
3517 2400 3804 2472 Bagaiense

2213 2494 2517 2558 concilium,
2565 2494 2617 2548 in
2647 2507 2752 2563 quo
2783 2492 3003 2548 trecenti
3051 2501 3105 2548 et
3134 2491 3318 2546 decem
3362 2490 3620 2547 eumdem
3651 2491 3805 2545 Maxi-

2213 2588 2448 2640 mianum
2480 2594 2535 2640 et
2560 2585 2675 2654 ejus
2707 2586 2883 2641 socios
2905 2583 3309 2650 damnaverunt,
3341 2583 3558 2653 quando
3590 2582 3806 2637 Primia-

2214 2691 2315 2731 nus
2350 2690 2456 2730 non
2500 2675 2638 2745 apud
2672 2689 2765 2731 eos
2797 2686 3049 2745 tanquam
3089 2673 3395 2744 purgandus
3422 2673 3648 2729 dicebat
3689 2688 3807 2728 cau-

2217 2782 2352 2835 sam,
2399 2767 2493 2823 sed
2541 2782 2661 2822 cum
2715 2767 2793 2821 eis
2841 2776 3091 2836 tanquam
3127 2765 3290 2835 judex
3337 2764 3807 2820 innocentissimus

2214 2858 2545 2925 considebat,
2584 2857 2887 2928 proferebat
2927 2858 3248 2914 sententiam
3284 2866 3480 2934 contra
3527 2855 3805 2911 Maximia-

2215 2969 2343 3008 num
2384 2943 2439 3008 et
2493 2951 2774 3007 duodecim
2819 2951 2995 3007 socios
3046 2951 3162 3021 ejus
3213 2951 3411 3022 quibus
3456 2949 3807 3020 prresentibus

2216 3045 2491 3100 ordinatus
2521 3052 2623 3109 est,
2667 3051 2722 3097 et
2758 3041 2879 3098 data
2914 3042 3168 3098 dilatione
3204 3051 3454 3112 tanquam
3499 3042 3808 3098 innocentes

2217 3139 2284 3192 ad
2313 3153 2499 3210 pacem
2529 3138 2800 3208 pr0priam
2838 3137 3122 3193 revocabat
3165 3145 3243 3192 tot
3287 3145 3517 3192 cancros
3559 3152 3592 3191 a
3624 3135 3808 3206 quibus

2217 3230 2332 3300 ipse
2355 3229 2636 3284 damnatus
2664 3229 2780 3284 est?

2289 3321 2515 3376 CAPUT
2547 3320 2656 3376 VII.
2687 3352 2756 3361 —
2785 3321 2838 3377 8.
2878 3320 2940 3376 In
2965 3321 3067 3377 hac
3099 3330 3276 3378 vestra
3316 3320 3666 3377 conflictione
3691 3321 3808 3392 quid

2219 3413 2377 3469 vultis
2426 3422 2483 3468 ut
2530 3429 2628 3470 nos
2675 3415 2836 3470 medii
2875 3414 3197 3484 judicemus,
3242 3414 3678 3485 quandoquidem
3718 3429 3811 3470 nec

2218 3505 2542 3573 Maximiani,
2570 3520 2669 3561 nec
2691 3515 2865 3561 vestra
2890 3506 3265 3562 communione
3289 3506 3591 3562 detinemur
3607 3508 3632 3560 ?
3651 3505 3806 3574 Quid,

2219 3598 2456 3668 inquam,
2490 3598 2613 3652 hinc
2637 3599 2800 3652 vultis
2820 3597 3146 3667 judicemus,
3198 3599 3300 3652 nisi
3326 3607 3506 3652 contra
3544 3597 3653 3652 duo
3679 3612 3811 3651 con-

2219 3690 2339 3745 cilia
2365 3690 2556 3760 quibus
2575 3690 2854 3766 damnatus
2884 3700 2966 3746 est
2991 3690 3309 3757 Primianus,
3330 3706 3493 3746 unum
3514 3689 3813 3760 Bagaiense

2219 3783 2485 3854 posterius
2525 3797 2622 3853 pro
2667 3783 2759 3838 illo
2796 3783 2973 3839 valere
3017 3783 3214 3840 debere
3253 3800 3360 3855 quo
3399 3784 3693 3839 damnatus
3733 3791 3813 3839 est

2218 3875 2589 3944 Maximianus,
2629 3891 2694 3931 eo
2716 3875 2960 3931 videlicet
2989 3876 3192 3932 firmius
3219 3875 3273 3931 id
3313 3891 3434 3931 esse
3459 3876 3810 3943 arbitrantes,

2222 3982 2328 4038 quo
2355 3968 2619 4038 posterius
2665 3968 2832 4036 potuit
2877 3967 2945 4024 de
2983 3967 3253 4038 prioribus
3273 3967 3556 4038 judicare?
3589 3969 3733 4023 Ecce
3765 3968 3813 4022 in

2219 4059 2320 4116 hoc
2363 4059 2602 4114 favemus
2649 4060 3008 4115 vobis:alia‘
3057 4061 3212 4116 nobis
3251 4069 3332 4116 est
3367 4077 3490 4116 cum
3537 4061 3814 4116 Maximia-

2221 4152 2474 4208 nensibus
2501 4167 2682 4220 causa,
2714 4153 2761 4208 si
2789 4153 2903 4208 ausi
2926 4153 3122 4209 fuerint
3144 4169 3486 4210 succensere.
3525 4155 3812 4219 Favemus,

2219 4247 2458 4317 inquam,
2486 4245 2689 4315 judicio
2715 4246 2872 4301 tertio
2898 4246 3175 4317 Bagaiensi
3205 4246 3345 4316 quod
3387 4246 3590 4302 factum
3616 4255 3701 4303 est
3727 4260 3814 4317 pro

2220 4339 2486 4394 Primiano
2516 4348 2701 4394 contra
2738 4339 3112 4394 Maximianum
3158 4340 3379 4410 ejusque
3421 4341 3685 4411 collegas,
3715 4353 3814 4410 quo

2220 4429 2514 4498 posteriore
2537 4428 2822 4498 puluerunt
2843 4430 3033 4486 merito
3061 4431 3238 4500 priora
3263 4430 3452 4487 deleri.
3486 4433 3810 4503 Quanquam

2220 4535 2250 4573 a
2290 4518 2497 4575 duobus
2537 4521 2797 4590 prioribus
2822 4521 3036 4591 judiciis
3082 4521 3148 4576 ad
3191 4523 3403 4577 tertium
3449 4523 3661 4578 nullam
3693 4522 3810 4578 Pri-

2220 4610 2384 4666 miani
2406 4627 2590 4666 vocem
2615 4614 3008 4683 provocationis
3035 4614 3119 4669 vel
3149 4614 3394 4684 legimus,
3427 4614 3512 4670 vel
3539 4614 3812 4682 audimus,

2222 4702 2322 4757 nisi
2365 4701 2505 4772 quod
2553 4703 2748 4760 absens
2781 4705 2952 4773 primo
2997 4704 3413 4774 prmdamnatus,
3463 4707 3814 4775 secundoque

2221 4796 2505 4852 damnatus
2546 4806 2648 4852 est.
2679 4797 2784 4854 Sed
2826 4798 2988 4853 etiam
3027 4797 3080 4853 in
3118 4797 3496 4852 Maximianum
3542 4809 3605 4854 et
3645 4799 3815 4855 socios

2223 4889 2339 4959 ejus
2375 4889 2622 4945 absentes
2649 4890 2855 4960 prolata
2897 4899 2980 4945 est
3006 4889 3356 4945 disertissima
3401 4890 3489 4944 illa
3522 4889 3817 4961 Bagaitana

2225 4984 2512 5040 sententia.
2555 4983 2621 5038 Et
2660 4981 2762 5039 hoc
2791 4983 2866 5038 illi
2891 4983 3238 5054 quadraginta
3280 4991 3334 5037 et
3368 4993 3477 5038 tres
3506 4983 3657 5052 apud
3688 4982 3816 5040 Car-

2224 5075 2494 5147 thaginem
2537 5075 2848 5144 modestius,
2880 5075 3108 5142 cautius,
3137 5074 3552 5145 diligentiusque
3591 5090 3656 5130 se
3697 5089 3817 5145 ges-

2225 5171 2362 5226 sisse
2387 5170 2562 5226 testati
2593 5178 2737 5238 sunt,
2781 5169 2925 5240 quod
2955 5168 3021 5223 ad
3051 5168 3296 5224 eumdem
3335 5168 3673 5223 Primianum
3714 5182 3819 5222 non

2225 5260 2416 5328 semel,
2449 5259 2545 5316 sed
2567 5261 2756 5315 iterum
2786 5273 2849 5314 ac
2869 5258 3026 5315 tertio
3052 5259 3256 5329 legatos
3279 5259 3564 5327 miserunt,
3601 5267 3666 5314 ut
3689 5258 3732 5313 si
3755 5255 3820 5311 ad

2227 5367 2321 5409 eos
2361 5353 2475 5424 ipse
2498 5353 2684 5408 venire
2707 5353 2893 5420 nollet,
2938 5352 3082 5423 ipsos
3127 5350 3193 5406 ad
3224 5365 3283 5406 se
3312 5351 3496 5405 venire
3541 5350 3823 5421 permitte.

2227 5454 2345 5502 ret:
2372 5460 2479 5517 quo
2519 5453 2803 5516 utrumque
2829 5451 3128 5508 recusante,
3171 5448 3307 5498 sicut
3336 5442 3598 5508 scribunt,
3645 5449 3704 5497 et
3731 5453 3822 5495 eos

2226 5540 2316 5610 qui
2342 5538 2491 5594 missi
2528 5547 2672 5606 sunt,
2698 5538 2954 5610 iniuriosa
2978 5537 3282 5609 repulsione
3309 5544 3590 5600 tractante,
3625 5548 3822 5591 neces-

2229 5633 2440 5688 sitatem
2482 5632 2584 5688 sibi
2622 5631 2926 5689 incubuisse
2977 5643 3257 5699 asserunt,
3310 5639 3368 5685 ut
3398 5630 3510 5701 jam
3558 5627 3826 5684 Ecclesia

2232 5724 2614 5798 providerent;
2645 5733 2699 5782 et
2737 5726 2816 5783 sic
2843 5724 3080 5783 nondum
3109 5724 3365 5781 audentes
3402 5722 3655 5778 ultimum
3683 5734 3825 5795 pra-

2252 5936 2254 5939 ’
2296 5950 2315 5982 ι
2338 5955 2438 5997 Am.
2457 5954 2508 5998 et
2531 5954 2657 6010 uss,
2680 5945 2851 5999 aliena.
