4010 6478
281 453 382 511 B53

275 570 495 641 cipitare
516 570 800 642 judicium,
827 574 923 631 sed
955 576 1186 648 quodam
1212 581 1523 653 prtejudicio
1564 589 1853 644 consulen-

272 671 371 728 tes,
414 671 473 717 ut
514 664 587 731 ei,
617 664 663 721 si
689 680 865 724 causae
904 683 1015 726 sua:
1051 671 1259 741 ﬁderet,
1288 678 1531 747 sequenti
1569 680 1852 738 celebriori

268 754 496 808 concilio
523 758 880 827 respondendi
908 777 1131 835 seseque
1161 769 1416 838 purgandi
1459 772 1851 844 relinqueretur

267 842 417 901 locus
450 865 462 900 :
489 863 597 919 quo
624 865 743 906 cum
775 854 956 911 venire
986 857 1258 925 noluisset,
1282 861 1390 931 jam
1422 867 1723 921 necessario
1755 883 1850 937 pu-

268 944 519 993 taverunt
544 956 664 997 esse
688 943 1046 1003 damnandum
1076 949 1191 1006 sine
1215 952 1321 1007 ulla
1346 957 1694 1024 suspensiOue
1724 974 1847 1015 sen-

261 1029 461 1083 tentia).
508 1032 579 1085 At
619 1048 748 1089 vero
777 1036 827 1089 in
865 1036 1082 1094 decreto
1122 1040 1428 1111 Bagaicnsis
1454 1048 1685 1115 concilii,
1734 1066 1842 1107 non

255 1121 430 1176 solum
475 1122 679 1195 legatos
705 1128 843 1184 ullos
869 1145 898 1184 a
929 1130 1254 1189 Maximiano
1284 1136 1421 1192 male
1452 1148 1705 1197 tractatos
1732 1158 1841 1199 non

254 1209 504 1281 legimus,
536 1216 629 1272 sed
662 1233 760 1273 nec
788 1220 979 1278 missos
999 1222 1221 1294 legimus
1249 1236 1306 1282 ut
1329 1231 1533 1285 veniret
1564 1234 1839 1292 :videmus

254 1314 434 1360 tamen
481 1307 712 1365 levatum
760 1313 931 1370 altare
969 1325 1156 1373 contra
1200 1319 1391 1386 altare,
1438 1332 1493 1378 et
1534 1326 1836 1386 ordinatum

247 1398 564 1471 episcopum
616 1413 801 1460 contra
844 1422 965 1462 eum
1011 1410 1318 1483 episcopum
1359 1415 1448 1485 qui
1487 1416 1539 1472 in
1582 1421 1837 1477 cathedra

248 1491 335 1546 ubi
360 1490 535 1550 fuerat
568 1497 861 1565 ordinatus,
894 1500 964 1555 ita
996 1502 1233 1571 sedebat,
1264 1514 1320 1561 ut
1343 1518 1611 1566 conventu
1632 1514 1713 1567 sui
1741 1530 1838 1583 po-

246 1590 358 1659 puli
388 1602 496 1642 non
530 1588 888 1658 desereretur,
919 1608 1019 1649 nec
1054 1610 1084 1649 a
1114 1598 1322 1653 caeteris
1356 1600 1593 1670 pluribus
1620 1605 1833 1675 episco-

244 1684 326 1754 pis
354 1684 661 1739 communio
686 1684 803 1755 ejus
825 1686 1184 1754 dirimeretur,
1231 1699 1428 1748 tantam
1480 1699 1833 1758 commovisse

241 1774 667 1846 indignationem
697 1778 956 1850 sacrilego
980 1780 1266 1839 schismate
1291 1796 1614 1857 perpetrato,
1648 1802 1705 1845 ut
1731 1806 1831 1847 nec

240 1866 409 1935 ipsius
457 1867 783 1935 Maximiani,
842 1886 942 1926 nec
979 1872 1344 1932 ordinatorum
1383 1878 1500 1949 ejus
1530 1880 1640 1950 jam
1687 1894 1829 1939 esset

240 1956 469 2013 ulterius
494 1957 786 2015 differenda
814 1960 1108 2018 damnatio.

306 2048 360 2104 9.
401 2048 531 2105 Haec
554 2064 674 2105 cum
704 2052 773 2105 ita
796 2052 902 2107 sint
925 2095 940 2120 ,
965 2070 1071 2109 non
1094 2070 1188 2109 vos
1210 2063 1385 2113 tamen
1410 2073 1508 2127 pro
1536 2060 1825 2120 Cmciliano
1866 2098 1873 2105 ο

236 2140 359 2195 talia
397 2152 751 2211 permovent,
789 2155 973 2201 contra
1012 2162 1171 2218 quem
1213 2162 1517 2209 manentem
1543 2164 1599 2211 et
1628 2159 1825 2228 populo

232 2233 652 2305 praesidentem,
684 2245 862 2291 erecto
888 2239 1043 2294 altari
1072 2249 1256 2297 contra
1300 2244 1467 2300 altare
1490 2288 1504 2311 ,
1546 2248 1823 2306 ordinatus

228 2330 314 2377 est
341 2322 649 2393 Majorinus.
682 2326 879 2382 Contra
908 2344 1067 2398 quem
1108 2346 1214 2385 non
1244 2348 1273 2385 a
1315 2334 1469 2389 vobis
1506 2336 1613 2393 duo
1639 2378 1655 2405 ,
1685 2341 1821 2397 sicut

228 2425 417 2470 contra
472 2416 798 2473 Primianum
844 2434 877 2475 a
924 2419 1459 2493 Maximianensibus,
1513 2429 1607 2484 sed
1654 2447 1817 2489 unum

228 2506 500 2577 profertur
524 2509 783 2578 judicium
810 2512 1089 2568 horrenda:
1130 2516 1440 2572 temeritatis
1479 2517 1817 2580 festinatione

224 2601 605 2657 acceleratum.
637 2602 740 2671 Qui
771 2619 878 2660 non
902 2646 918 2672 ,
949 2606 1085 2661 sicut
1108 2607 1409 2665 Primianus
1432 2651 1447 2676 ,
1475 2614 1644 2670 noluit
1666 2616 1733 2671 ad
1758 2633 1815 2673 se

220 2691 404 2745 venire
456 2692 733 2764 collegas,
785 2696 879 2751 sed
924 2697 1163 2754 invitavit
1207 2702 1383 2769 potius
1430 2712 1488 2758 ut
1532 2706 1810 2775 venirent;

220 2781 361 2851 quod
388 2797 490 2840 nec
518 2783 621 2854 ipsi
650 2784 704 2839 in
752 2786 832 2841 sui
878 2790 1089 2845 concilii
1136 2791 1392 2862 decreto,
1441 2796 1582 2866 quod
1626 2808 1810 2856 contra

216 2886 340 2929 eum
384 2875 777 2947 condiderunt,
828 2888 1006 2937 tacere
1048 2891 1353 2953 potuerunt.
1395 2886 1500 2944 Pro
1547 2905 1652 2960 quo
1702 2909 1808 2950 non

216 2978 380 3020 unum
404 3009 421 3034 ,
450 2968 592 3023 sicut
622 2984 718 3039 pro
756 2970 1025 3028 Primiano
1050 3016 1065 3041 ,
1105 2975 1202 3031 sed
1245 2986 1471 3047 quatuor
1511 2985 1805 3051 posteriora

213 3056 411 3127 judicia
464 3062 761 3118 recitantur
806 3064 907 3134 (a).
955 3065 1122 3136 Ejus,
1170 3084 1276 3124 non
1330 3070 1581 3129 absentes
1609 3115 1623 3139 ,
1669 3078 1807 3134 sicut

215 3150 511 3220 Primiani,
540 3155 635 3212 sed
677 3166 964 3225 praesentes
998 3170 1122 3216 sunt
1162 3162 1459 3219 adversarii
1506 3168 1758 3225 confutati
1783 3213 1799 3239 ,

213 3244 353 3314 apud
381 3262 477 3302 eos
500 3247 709 3317 judices
731 3291 745 3315 ,
779 3250 832 3304 iu
861 3266 992 3321 quos
1012 3252 1344 3322 judicaturos
1371 3272 1797 3328 consenserunt;

209 3338 350 3405 apud
383 3338 559 3406 ipsum
589 3341 746 3395 etiam
779 3341 1154 3412 imperatorem
1186 3346 1627 3417 Constantinum,
1658 3354 1799 3422 apud

205 3440 371 3496 quem
403 3428 634 3497 primum
658 3430 996 3487 Cmcilianum
1028 3447 1447 3505 accusaverunt,
1473 3441 1611 3509 apud
1638 3457 1796 3512 quem

203 3524 401 3585 postea
450 3517 517 3573 de
556 3520 814 3589 judicibus
862 3526 1163 3595 episcopis,
1193 3543 1225 3582 a
1265 3530 1454 3598 quibus
1495 3532 1582 3587 ille
1625 3533 1795 3602 ipsam

202 3621 425 3664 causam
447 3611 613 3667 voluit
632 3613 802 3669 audiri
825 3655 840 3680 ,
868 3623 1116 3687 tanquam
1140 3634 1246 3673 non
1268 3631 1411 3677 recte
1432 3622 1794 3692 judicantibus

200 3704 373 3773 questi
401 3713 567 3771 sunt;
626 3706 692 3761 ad
734 3723 893 3778 quem
950 3724 1135 3766 rursus
1176 3712 1243 3767 ab
1294 3713 1463 3770 altero
1504 3716 1791 3789 episcopali

197 3792 398 3864 judicio
435 3808 794 3866 provocarunt
823 3802 862 3864 ¹,
895 3809 954 3855 ut
997 3800 1115 3871 ipso
1153 3804 1311 3859 etiam
1360 3814 1483 3875 post
1528 3824 1688 3862 unum
1735 3820 1790 3865 ct

198 3886 429 3942 alterum
455 3890 761 3963 episcopale
780 3892 1038 3963 judicium
1069 3896 1206 3951 inter
1228 3907 1407 3966 partes
1430 3912 1787 3971 cognoscente

195 3990 618 4049 superarentur:
653 4000 879 4053 quorum
916 4002 1023 4042 non
1061 3987 1229 4043 defuit
1254 3990 1413 4045 etiam
1442 4003 1624 4062 quarta
1652 4011 1783 4050 con-

194 4071 375 4127 victio.
436 4072 568 4129 Nam
622 4092 742 4132 cum
788 4080 842 4133 in
887 4078 1154 4137 Caeciliani
1200 4084 1429 4154 propriis
1471 4087 1781 4155 criminibus

192 4160 605 4221 calumniatores
634 4167 833 4223 inventi
860 4169 1085 4226 fuissent
1113 4213 1126 4237 ,
1157 4182 1212 4228 et
1230 4174 1280 4228 ei
1300 4174 1365 4228 de
1398 4174 1586 4232 Felicis
1616 4182 1781 4250 Aptu—

192 4256 407 4322 gnensis
438 4257 760 4315 ordinatoris
788 4260 905 4331 ejus
936 4263 1218 4321 traditione
1247 4268 1592 4337 qtuestioncm
1636 4272 1777 4328 intu-

189 4343 376 4401 lissent
405 4388 421 4413 ,
451 4347 596 4403 Felix
626 4351 786 4406 etiam
825 4354 939 4422 ipse
987 4364 1242 4425 purgatus
1283 4366 1360 4412 est
1412 4364 1776 4428 proconsulari
1850 4361 1868 4373 '

184 4434 383 4504 judicio
409 4479 424 4503 ,
456 4439 643 4494 eodem
668 4442 782 4510 ipso
802 4442 1151 4500 Constantino
1170 4488 1183 4512 ,
1207 4456 1265 4502 ut
1285 4464 1441 4505 causa
1462 4451 1577 4520 ejus
1599 4453 1777 4508 discu-

186 4535 387 4585 teretur
412 4570 428 4592 ,
449 4531 707 4601 jubente,
750 4551 907 4606 quem
948 4538 1023 4592 illi
1066 4540 1296 4597 assiduis
1336 4543 1777 4614 interpellationi-

182 4618 278 4677 bus
307 4622 622 4693 fatigabant.
647 4627 772 4684 Haec
798 4628 1246 4690 Maximianenses
1266 4635 1521 4693 adversus
1549 4640 1771 4698 Primia-

180 4726 303 4768 num
330 4730 443 4770 non
476 4730 835 4776 exercuerunt
873 4722 1013 4778 mala
1036 4764 1050 4789 ,
1097 4740 1196 4781 nec
1241 4730 1398 4785 toties
1446 4731 1570 4787 victi
1604 4744 1765 4803 sunt,

178 4819 273 4861 nec
305 4817 606 4876 praesentes
636 4810 763 4866 victi
790 4821 952 4879 sunt,
1000 4830 1098 4871 nec
1139 4818 1278 4888 apud
1323 4835 1416 4876 eos
1441 4862 1455 4887 ,
1496 4838 1629 4893 quos
1667 4825 1768 4895 ipsi

175 4895 461 4969 elegerunt
482 4938 499 4966 ,
525 4900 733 4969 judices
756 4903 881 4959 victi
911 4914 1035 4961 sunt
1063 4924 1076 4961 :
1110 4916 1163 4963 et
1196 4919 1390 4978 tamen,
1418 4913 1559 4983 quod
1590 4916 1764 4970 mani-

174 4984 369 5044 festum
402 4997 486 5045 est
507 5031 524 5058 ,
554 4992 653 5063 ipsi
681 5008 714 5049 a
741 5004 918 5051 vestra
946 5000 1320 5057 communione
1362 5002 1591 5058 schisma
1622 5005 1765 5062 fece-

171 5089 327 5147 runt;
357 5090 416 5135 et
443 5080 546 5137 hoc
574 5094 779 5142 vestros
809 5101 840 5142 a
880 5088 1140 5145 catholica
1172 5094 1547 5151 communione
1573 5095 1764 5155 fecisse

170 5184 272 5225 non
306 5173 469 5229 vultis
498 5175 774 5234 advertere
799 5195 815 5247 ;
841 5195 945 5251 qua
972 5182 1298 5252 impudentia
1320 5188 1617 5245 vanissima:
1641 5193 1760 5247 ani-

228 5287 245 5371 ἶ
271 5287 679 5371 'téi‘izfttfltiee
692 5306 862 5371 τντειςε
878 5294 1084 5371 alterum
1106 5298 1626 5371 ορίαρρειιςὶυςίσίαηι
1648 5322 1759 5371 W0-

166 5353 713 5438 mcauertmiftﬁaulo
734 5365 860 5438 post,
886 5370 1089 5431 quorum
1111 5353 1205 5438 rion
1228 5353 1757 5438 del'uit'etiun'tﬁturtrt'a

165 5414 399 5486 ςοηινὶςιζο
432 5414 694 5486 Ceciliani.
714 5414 855 5486 jvam'
886 5414 997 5470 cum
1038 5419 1091 5486 in
1120 5414 1332 5486 prapri'is
1369 5414 1757 5486 amabili};

163 5469 481 5558 inquietor“
700 5480 922 5558 fgissent,“
940 5469 991 5558 et
1078 5469 1755 5558 ⁷’έίιῗιῖἰῖίῖἶεοῖῖιᾶδ

164 5531 284 5594 (vel,
299 5539 636 5616 ..4Ptym
654 5531 977 5616 οίάὶῃαιρνῖεδ

160 5594 579 5674 ηεεηὶὶζιρτιιᾲξξεηι.
607 5594 1392 5674 Emendanturcfmanuscriptis.

217 5657 293 5719 (α)
318 5659 599 5731 Caecilianus
619 5676 715 5715 uno
729 5657 1525 5731 Carthaginensirrscnismaticomm
1553 5679 1754 5731 concilio

157 5717 433 5802 ξλιὶξωῐξιδν
458 5731 662 5802 quatuor
676 5717 1753 5802 ,ρίξξῑςινίοἱξιὺᾲἕὶίιᾶἱέἷίἑῖξῖΞῖ)ὲῦἰῦιῶῖὲἇῖ

158 5776 271 5867 licet
296 5776 654 5867 episcopalibus
670 5776 863 5867 judiciis
876 5776 1338 5867 vdubb‘usTI-{on'tavnﬁo

156 5843 305 5913 tertio
314 5841 497 5914 judicio
510 5841 813 5959 imEeratoris
832 5841 1120 5906 Constantini
1135 5841 1426 5932 fciat:th

156 5902 346 5959 Euam:
372 5920 470 5959 quo
503 5915 565 5959 F6
604 5924 633 5959 Χ
656 5912 809 5959 ὶυςὶιιε
829 5915 1071 5959 ordinator-
1094 5929 1328 5959 nnrmmc
1357 5920 1443 5959 fuit
1490 5925 1603 5959 “(In
1628 5926 1747 5959 ιηενο

153 5902 363 6019 ξιῗιὶξὲ
364 5920 470 6019 I$1.0
503 5902 633 5959 Felix
656 5912 809 5973 ipsius
829 5902 1750 5988 matoi'iarkhiﬁsﬁn.‘

262 5980 296 6019 ι)
432 5983 523 6019 tce.

152 5972 523 6032 mAppendice.
678 5972 689 5973 ί
1094 5972 1110 5982 -
1185 5972 1215 5982 υ
1412 5972 1445 5974 ν-
1525 5972 1744 6049 ams.

528 6057 757 6123 διίησιν.
804 6061 1086 6130 Ancus'r.
1132 6067 1245 6137 IX.

1624 466 1826 527 LlBER
1865 467 2218 542 QUARTUS:

3452 506 3559 576 554

1964 596 2229 655 mositatis
2251 640 2267 667 ,
2297 615 2515 671 prorsus
2542 605 2747 679 ignoro.
2778 608 2834 669 Si
2854 615 2998 671 enim
3026 618 3205 676 omnia
3230 635 3349 694 quac
3377 622 3558 689 dicitis

1961 684 2029 740 de
2056 686 2342 749 Caeciliano
2368 704 2421 751 et
2450 696 2627 757 Felice
2648 704 2954 764 ordinatore
2979 709 3095 780 ejus
3124 712 3244 771 ideo
3276 733 3399 775 vera
3430 738 3552 782 esse

1954 778 2156 848 vultis,
2204 785 2324 853 quia
2363 792 2695 862 septuaginta
2744 796 2912 856 ferme
2966 778 3199 877 episcopi
3233 809 3301 866 de
3343 778 3451 868 hac,
3489 778 3552 874 re

1951 867 2358 944 judicaverunt;
2389 894 2485 935 cur
2508 897 2615 938 non
2645 887 2806 944 vultis
2832 905 2958 947 vera
2986 909 3104 952 esse
3140 914 3258 969 quae
3299 902 3552 964 dicuntur

1955 960 2023 1016 de
2054 962 2322 1023 Primiano
2348 1011 2364 1037 ,
2396 986 2515 1027 cum
2548 984 2601 1030 et
2631 976 2754 1034 inde
2801 983 2973 1051 primo
3014 960 3359 1062 quadraginta
3399 1005 3547 1068 tres,

1954 1060 2138 1120 postea
2167 1065 2379 1114 centum
2411 1063 2647 1136 episcopi
2671 1068 3030 1137 judicaverint
3050 1120 3065 1144 ,
3097 1089 3147 1135 et
3176 1060 3321 1152 prius
3350 1060 3546 1160 praeju;

1950 1143 2146 1202 dicium
2190 1155 2467 1221 posteriori
2509 1159 2710 1227 judicio
2751 1143 3224 1230 confirmaverint?
3264 1178 3321 1234 Si
3350 1143 3544 1239 autem

1950 1248 2235 1310 propterea
2266 1245 2357 1301 illa
2386 1249 2607 1307 crimina
2644 1254 2894 1314 Primiani
2938 1261 3068 1319 falsa
3108 1281 3227 1324 esse
3269 1276 3539 1344 censetis,

1947 1332 2070 1401 quia
2097 1349 2194 1404 pro
2216 1337 2310 1391 illo
2334 1343 2600 1409 posterius
2622 1357 2808 1403 contra
2834 1351 3080 1411 inimicos
3105 1358 3220 1428 ejus
3246 1362 3436 1434 Bagaie
3462 1382 3541 1423 ise

1947 1425 2227 1481 concilium
2266 1432 2559 1488 recitatur:
2605 1451 2701 1492 cur
2745 1455 2854 1497 non
2901 1446 3059 1503 vultis
3103 1425 3367 1524 crimina,
3415 1474 3539 1529 quae

1942 1516 2151 1586 objecta
2182 1530 2307 1576 sunt
2332 1524 2617 1585 Caeciliano
2639 1571 2654 1598 ,
2684 1530 2969 1594 falsissima
2992 1544 3232 1601 conﬁteri
3257 1589 3272 1615 ,
3306 1516 3403 1620 pro
3427 1516 3537 1622 quo

1942 1612 2239 1677 posteriora
2266 1623 2343 1670 tot
2359 1616 2560 1686 judicia
2584 1624 2920 1683 recitantur?
2940 1628 2999 1686 Si
3025 1612 3371 1707 Caecilianus,
3403 1612 3536 1699 con-

1941 1708 2019 1756 tra
2045 1718 2204 1774 quem
2233 1712 2399 1766 semel
2425 1711 2599 1770 fuerat
2619 1717 2686 1772 ab
2712 1719 2816 1776 illis
2843 1730 3175 1799 septuaginta
3198 1732 3491 1802 judicatum
3511 1783 3534 1809 ,

1939 1807 2046 1848 non
2076 1796 2259 1854 debuit
2284 1801 2394 1870 jam
2422 1804 2595 1862 locum
2634 1815 2963 1883 purgationis
3000 1796 3069 1874 ab
3112 1796 3230 1881 aliis
3263 1796 3533 1896 judicibus

1936 1886 2215 1947 invenire:
2262 1910 2360 1951 nec
2408 1899 2704 1960 Primianus
2745 1906 2969 1980 debuit,
3019 1929 3177 1984 quem
3220 1920 3331 1989 jam
3381 1931 3529 1984 tanto

1934 1978 2113 2046 plures
2156 1998 2313 2053 quam
2355 1992 2682 2062 septuaginta
2707 2037 2723 2063 ,
2754 1999 2922 2067 prima
2950 1978 3366 2068 iconfirmantes

1932 2070 2103 2126 cunda
2129 2075 2433 2145 cognitione
2457 2080 2859 2144 damnaverunt.
2883 2092 2937 2147 Si
2954 2105 3132 2151 autem
3154 2100 3235 2155 bis
3251 2102 3524 2175 damnato,

1935 2163 2147 2219 tertium
2178 2169 2318 2237 quod
2342 2170 2452 2240 jatn
2480 2190 2577 2245 pro
2606 2178 2700 2233 illo
2728 2181 2923 2238 factum
2966 2196 3048 2241 est
3077 2189 3337 2259 judicium
3368 2163 3526 2252 sum:

1929 2252 2259 2315 cicntissime
2287 2263 2605 2336 suffragatur
2634 2288 2648 2325 :
2674 2286 2770 2327 cur
2796 2278 2963 2332 semel
2993 2280 3244 2340 damnato
3275 2303 3380 2343 non
3409 2292 3525 2345 sui-

1868 2417 1877 2423 ’
1927 2344 2089 2401 ficere
2106 2348 2171 2403 ad
2191 2351 2576 2414 absolutionem
2602 2365 2895 2421 secundum
2920 2411 2936 2437 ,
2961 2373 3175 2430 tertium
3203 2417 3217 2441 ,
3242 2388 3521 2450 quartum,

1928 2437 2280 2511 quintumque
2332 2447 2629 2517 judicium,
2684 2458 2866 2511 nescio
2923 2475 3025 2529 qua
3082 2437 3271 2521 froutc-
3304 2437 3521 2541 ferrea;

1926 2530 2293 2588 contenditis?
2334 2536 2487 2605 Quod
2534 2541 2579 2595 si
2609 2557 2702 2599 vos
2742 2543 2881 2601 forte
2923 2565 3177 2610 numerus
3209 2569 3425 2629 movet,
3458 2572 3519 2618 ut
3603 2619 3610 2626 ,

1922 2619 2049 2679 ideo
2077 2635 2261 2682 contra
2287 2640 2502 2687 centum
2528 2674 2542 2699 ,
2571 2650 2600 2689 a
2626 2637 2817 2706 quibus
2854 2641 3136 2702 damnatus
3164 2662 3246 2705 est
3284 2653 3516 2712 Primia-

1919 2727 2022 2768 nus
2048 2756 2061 2778 ,
2108 2717 2289 2774 valere
2333 2722 2664 2781 arbitremini
2711 2730 3001 2799 Bagaiense
3029 2742 3351 2809 concilium,
3383 2748 3512 2817 quia

1917 2802 1972 2857 in
2002 2821 2066 2860 eo
2097 2812 2316 2865 trecenti
2339 2822 2393 2868 et
2411 2814 2594 2871 decem
2622 2818 2835 2878 fuerunt
2864 2841 2997 2881 :cur
3016 2829 3069 2883 in
3100 2840 3244 2889 tanto
3271 2838 3291 2867 ²
3317 2802 3510 2909 majori

1915 2912 2138 2956 numero
2181 2904 2553 2976 episcoporum
2597 2913 2716 2968 orbi
2764 2924 3025 2975 terrarum
3056 2928 3362 2986 consentire
3400 2946 3510 2989 non

1915 2989 2073 3044 vultis
2095 2992 2118 3045 ’ἰ

1982 3084 2210 3141 CAPUT
2244 3088 2375 3145 Vill.
2402 3122 2471 3132 —
2500 3094 2588 3150 10.
2621 3098 2773 3164 Quod
2797 3111 2977 3157 autem
3010 3106 3197 3177 objicis
3223 3110 3509 3174 Caeciliano

1909 3186 2187 3245 peccatum
2217 3181 2348 3238 illud
2380 3186 2702 3257 inexpiabile
2744 3193 2797 3247 in
2840 3195 3095 3265 Spiritum
3126 3216 3367 3261 sanctum
3389 3250 3405 3275 ,
3434 3211 3507 3266 de

1907 3280 2013 3336 quo
2043 3270 2305 3328 Dominus
2330 3276 2405 3329 ait
2434 3318 2450 3343 ,
2483 3277 2606 3333 Non
2632 3284 2909 3339 remittetur
2937 3305 3095 3359 neque
3122 3293 3203 3346 hic
3222 3336 3236 3361 ,
3269 3270 3427 3368 neque
3446 3301 3504 3355 in

1906 3358 2078 3427 futuro
2107 3364 2294 3418 saeculo
2326 3366 2346 3436 (
2368 3366 2559 3423 Matth.
2590 3388 2662 3427 xu
2688 3415 2703 3440 ,
2736 3375 2845 3445 '52)
2874 3396 2885 3431 :
2915 3388 2969 3434 ct
2996 3398 3093 3437 nos
3119 3358 3394 3455 possemus
3417 3392 3502 3448 di-

1903 3462 2025 3505 cere
2050 3494 2064 3519 ,
2091 3454 2362 3513 Feliciano
2383 3460 2670 3521 Mustitano
2690 3508 2704 3531 ,
2728 3484 2885 3539 quem
2909 3472 3065 3531 hodie
3084 3454 3205 3534 cuin
3230 3482 3499 3545 Primiano

1902 3541 2110 3602 habetis
2132 3551 2439 3623 episcopum
2460 3599 2475 3623 ,
2503 3573 2666 3614 unum
2690 3576 2756 3616 ex
2778 3565 3173 3627 ordinatoribus
3192 3574 3500 3641 Maximiani

1899 3633 2409 3715 damnatoribusque
2436 3647 2601 3716 ipsius
2632 3651 2924 3724 Primiani,
2976 3676 3005 3715 a
3039 3678 3146 3731 quo
3169 3664 3190 3695 ³
3233 3669 3393 3724 etiam
3437 3665 3515 3730 in'

1898 3730 2159 3801 sacrilego
2179 3734 2466 3794 schismate
2488 3740 2778 3810 baptizatos
2802 3764 2909 3804 non
2929 3730 3298 3821 rebaptizastis
3318 3803 3333 3827 ,
3365 3778 3495 3832 pec-

1894 3826 2070 3873 catum
2098 3836 2194 3875 vos
2218 3824 2479 3893 objecisse
2514 3831 2655 3898 quod
2701 3834 2761 3888 fit
2802 3836 2855 3890 in
2900 3838 3154 3909 Spiritum
3200 3824 3441 3906 sanctum
3465 3894 3487 3922 ,

1893 3910 1976 3963 cui
1998 3911 2336 3983 sacrilegium
2358 3916 2660 3976 schismatis
2680 3922 2910 3993 objicitis
2933 3928 2976 3996 ⁸,
2996 3932 3133 3987 sicut
3151 3934 3204 3989 in
3231 3910 3489 4010 Bagaien:

1884 4459 2029 4518 Petr.
2062 4480 2079 4519 ι
2103 4507 2118 4533 ,
2148 4466 2211 4522 9.1
2238 4468 2257 4539 )
2289 4486 2301 4523 :
2330 4470 2401 4525 ita
2428 4473 2588 4529 etiam
2619 4492 2718 4533 nos
2744 4495 2851 4536 non
2872 4484 3045 4542 solum
3071 4493 3265 4548 vestris
3294 4459 3473 4563 potius

1882 4557 2224 4617 traditoribus
2249 4579 2385 4635 quos
2408 4577 2557 4637 gesta
2583 4573 2913 4632 convincunt
2937 4619 2953 4645 ,
2985 4580 3087 4636 hoc
3115 4585 3319 4643 crimen
3345 4603 3473 4658 pos-

1878 4663 2059 4708 semus
2085 4654 2321 4727 objicere
2347 4660 2388 4727 δ,
2421 4661 2517 4717 sed
2544 4673 2598 4718 et
2627 4664 2896 4724 Feliciano
2919 4712 2935 4738 ,
2966 4680 3024 4727 ut
3048 4674 3157 4730 dixi
3182 4719 3196 4743 ,
3245 4654 3471 4739 hoc—vos

1876 4742 2140 4813 objecisse
2166 4747 2220 4803 in
2249 4752 2470 4807 crimine
2495 4755 2739 4827 sacrilegi
2773 4761 3078 4821 schismalis
3104 4767 3421 4831 duceremus
3445 4793 3464 4843 ;

1874 4836 1998 4905 quia
2029 4838 2083 4893 in
2130 4838 2331 4909 Spiritu
2378 4851 2567 4900 sancto
2606 4858 2853 4906 servatur
2879 4854 3054 4911 unitas
3083 4857 3383 4920 dilectionis
3408 4836 3467 4923 ei

1874 4926 2019 4994 pacis
2041 4967 2057 4996 ,
2088 4928 2297 4985 dicente
2323 4932 2581 5003 Apostolo
2603 4977 2617 5002 ,
2647 4936 2966 4999 Sustinentes
2991 4946 3203 5005 invicem
3234 4954 3287 5006 in
3322 4954 3459 5009 dite.

1871 5017 2069 5087 ctione,
2106 5020 2358 5077 studentes
2397 5041 2595 5082 servare
2636 5030 2880 5088 unitatem
2923 5037 3133 5107 spiritus
3166 5042 3221 5095 in
3254 5043 3459 5099 vinculo
3512 5076 3515 5079 -

1870 5111 2012 5180 pacis
2043 5109 2274 5183 (Ephes.
2302 5130 2377 5183 tv,
2408 5116 2445 5171 2
2466 5158 2483 5185 ,
2514 5119 2614 5191 '5).
2641 5121 2808 5191 Quam
2830 5127 3070 5197 profecto
3111 5133 3310 5201 violat,
3364 5139 3457 5209 qui

1868 5201 2100 5258 schisma
2121 5206 2423 5263 committit.
2447 5209 2555 5267 Sed
2576 5212 2718 5271 hunc
2740 5225 2947 5273 reatum
2975 5220 3274 5279 insolubilis
3292 5201 3455 5285 aeter-

1867 5294 2026 5365 nique
2056 5298 2257 5366 peccati
2282 5339 2299 5367 ,
2326 5301 2468 5373 quod
2498 5307 2552 5359 in
2593 5306 2849 5378 Spiritum
2889 5320 3134 5369 sanctum
3161 5319 3453 5377 committi-

1867 5396 1953 5442 tur
1973 5429 1989 5455 ,
2018 5405 2119 5445 nec
2142 5393 2294 5449 vobis
2322 5396 2601 5468 objicimus
2624 5442 2639 5467 ,
2667 5417 2802 5473 quos
2826 5414 3094 5463 correctos
3121 5425 3243 5467 cum
3268 5413 3449 5474 vivitis

1860 5480 2041 5535 sanari
2069 5495 2227 5552 posse
2256 5500 2362 5543 non
2388 5487 2773 5560 desperamus;
2802 5507 2902 5551 nec
2928 5499 3125 5555 vestris
3146 5542 3165 5571 ,
3196 5505 3287 5576 qui
3313 5522 3444 5565 san-

1858 5580 1975 5629 ctos
2022 5572 2246 5635 Codices
2286 5583 2599 5641 cremandos
2652 5585 2861 5657 ignibus
2914 5572 3284 5668 tradiderunt,
3335 5600 3443 5661 nisi

1922 5748 1943 5828 ξ
1974 5754 2131 5828 Forte,
2156 5751 2383 5828 primum,
2400 5756 2585 5811 scilicet
2605 5761 2939 5828 cognitionem.

1921 5811 1944 5891 ξ
1966 5811 2255 5891 addidimus,
2279 5811 2426 5891 tanta,
2454 5833 2517 5870 ex
2540 5811 2893 5891 maniseripti's'.

1922 5872 1944 5957 ἶ
1964 5879 2103 5957 5:93;:
2120 5872 2447 5957 φιοξὲξμεεξιέε
2462 5891 2625 5957 autem
2638 5872 2963 5957 Εἶτά,ὼο

1917 5934 1941 5967 t
1964 5934 2188 5998 verbum,
2210 5937 2432 6032 egenis,
2456 5944 2598 5998 abest
2618 5934 3315 6032 ὼᾷὶέιῗθῖἷωεωιεαίραι

1921 5996 1944 6032 υ
1965 6003 2054 6032 ηας
2117 5999 2204 6032 qu-
2223 6014 2241 6032 q
2280 6014 2353 6032 nm
2374 6017 2617 6032 Mum“..-
2634 6012 2806 6032 ,ιημη
2821 6030 2830 6032 μ

1921 5996 1944 6035 ⁸
1964 6003 2091 6065 Mss,
2114 5996 2204 6052 hoc
2223 5996 2355 6055 idem
2374 5996 2878 6077 ρὸδεεηιὰδίοῇἆὲεῗ
2910 5996 2940 6007 ’
2961 5996 3315 6032 mm.”
3393 6053 3398 6058 -

2744 6103 3158 6197 (Diae-ltuit.)
