4010 6468
483 465 596 530 385

487 582 632 656 quod
663 593 836 651 usque
855 578 912 633 in
938 572 1096 634 linem
1123 572 1247 634 vitae
1269 570 1429 642 hujus
1454 571 1526 625 ab
1548 571 1750 624 unitate
1777 565 2036 637 disjuucti
2057 606 2073 633 ,

492 693 588 734 cor
613 672 954 744 impmnitens
981 665 1305 721 habuerunt.
1333 661 1443 719 Nec
1467 661 1738 718 Feliciano
1762 669 1820 716 et
1844 659 2080 715 Praetex-

481 778 606 836 tato
633 769 735 822 hoc
757 778 854 820 vos
877 760 1143 832 obiecisse
1168 755 1448 814 ostenditis
1475 795 1490 821 ,
1534 770 1656 810 cum
1683 754 1874 825 quibus
1895 760 2079 822 postea

478 859 968 928 communicastis,
997 854 1090 927 qui
1131 854 1184 908 in
1224 860 1418 909 catena
1451 848 1714 919 sacrilegii
1758 862 1881 903 eum
1914 845 2082 900 Maxi-

489 961 678 1020 miano
699 953 766 1010 ad
793 949 1123 1010 consortium
1153 946 1396 1004 criminis
1427 942 1622 1008 tracti,
1659 940 1880 1013 plenarii
1904 939 2084 996 conci-

493 1052 553 1109 hi
578 1048 742 1106 vestri
770 1061 865 1102 ore
893 1041 1134 1100 veridico
1157 1040 1409 1109 leguntur
1433 1050 1556 1092 esse
1580 1033 1818 1090 damnati
1843 1072 1858 1099 ,
1886 1040 1941 1086 et
1965 1037 2086 1100 post

491 1144 638 1201 diem
663 1137 938 1197 dilationis
959 1177 976 1204 ,
1007 1149 1117 1190 non
1145 1128 1362 1203 quidem
1392 1128 1497 1184 illis
1521 1126 1632 1197 jam
1658 1124 1922 1181 damnatis
1944 1163 1960 1190 ,
1990 1121 2087 1178 sed

491 1236 615 1292 aliis
643 1236 661 1268 ι
694 1244 948 1303 tanquam
971 1223 1347 1284 innocentibus
1375 1229 1715 1294 prorogatum
1741 1259 1757 1284 ,
1791 1217 2088 1288 probantur

489 1341 620 1384 esse
645 1323 900 1392 suscepti.

566 1416 794 1476 CAPUT
820 1413 913 1470 IX.
940 1443 1011 1454 —
1033 1412 1121 1468 ll.
1152 1407 1304 1476 Quod
1332 1413 1510 1462 autem
1535 1419 1642 1459 non
1670 1402 1764 1457 tibi
1793 1401 1968 1471 placet
1986 1399 2085 1454 de-

490 1511 688 1574 rivatio
719 1505 952 1564 nominis
977 1545 994 1572 ,
1027 1510 1086 1558 ut
1112 1516 1144 1558 a
1172 1501 1377 1555 Donato
1408 1496 1696 1552 Donatista:
1719 1492 2086 1563 appellentur;

494 1611 556 1662 et
581 1614 770 1657 censes
819 1596 998 1652 latinae
1045 1591 1228 1663 regula
1270 1587 1553 1644 locutionis
1598 1586 1775 1655 potius
1821 1582 2092 1638 declinan-

498 1696 626 1752 dum
653 1696 674 1727 ³
702 1708 718 1758 ;
751 1705 859 1746 non
887 1700 1146 1758 aspernor
1172 1680 1589 1738 admonitionem
1622 1686 1764 1733 tuam
1790 1696 1802 1729 :
1825 1682 2092 1731 verumta-

497 1803 624 1844 men
668 1798 849 1856 qumre
892 1776 1272 1850 grammaticos
1315 1771 1562 1843 iudices,
1607 1767 1747 1840 apud
1795 1782 1929 1837 quos
1972 1781 2092 1820 cum

499 1873 1008 1938 Maximiaueusibus
1038 1870 1107 1936 de
1137 1868 1236 1923 hac
1264 1874 1381 1922 arte
1409 1862 1664 1934 conliigas
1687 1903 1702 1927 ,
1735 1876 1938 1932 eosque
1965 1875 2094 1914 con-

495 1975 700 2030 vincas.
733 1971 849 2025 Jam
875 1967 1025 2022 enim
1047 1978 1148 2019 nec
1189 1962 1334 2032 ipsos
1367 1958 1488 2013 volo
1529 1956 1946 2012 Maximianistas
1993 1967 2093 2007 vo-

495 2080 663 2129 care,
725 2075 795 2116 ne
835 2057 1102 2114 ollendam
1142 2063 1252 2108 tam
1298 2050 1539 2108 eruditas
1587 2061 1747 2102 aures
1800 2055 1952 2109 tuas,
2005 2044 2095 2114 qui

497 2165 648 2212 certe
674 2195 688 2217 ,
736 2159 996 2222 quantum
1035 2146 1322 2211 existimo,
1359 2157 1466 2198 non
1505 2149 1564 2196 ut
1608 2154 1708 2214 ego
1733 2181 1747 2204 ,
1792 2136 1892 2194 tibi
1941 2134 2096 2191 facile

498 2249 706 2307 cessuri
735 2254 898 2313 sunt,
929 2251 988 2300 ut
1011 2239 1428 2297 Claudiauenses
1444 2275 1460 2303 ,
1484 2234 1567 2290 vel
1594 2231 1722 2303 quid
1748 2228 1894 2286 aliud
1917 2228 2095 2299 appel-

496 2342 648 2408 lent,
673 2354 812 2411 quos.
833 2333 1226 2393 Claudianistas
1257 2328 1664 2402 appellaverunt
1687 2322 1788 2396 (α),
1837 2335 1960 2377 cum
2001 2333 2098 2376 eos

494 2436 774 2496 Primiano
817 2431 871 2486 in
924 2425 1356 2485 communionem
1411 2429 1701 2490 receptos,
1759 2417 1899 2471 inter
1951 2414 2050 2469 alia
2077 2453 2093 2479 ,

497 2527 694 2599 quibus
737 2537 862 2580 eum
911 2530 968 2576 et
1014 2516 1515 2589 praedamuaverunt
1563 2518 1620 2566 et
1665 2508 2094 2599 damnaverunt,

500 2597 729 2677 crimina
758 2619 1070 2686 posuerunt.
1099 2608 1170 2665 Et
1196 2606 1353 2662 simul
1380 2615 1706 2674 recognosce
1750 2598 1889 2654 hanc
1927 2597 2097 2653 decli-

498 2710 739 2772 nationis
763 2706 1003 2780 regulam
1026 2745 1042 2773 ,
1074 2717 1181 2758 non
1211 2699 1342 2756 mihi
1372 2697 1474 2752 soli
1492 2737 1508 2761 ,
1542 2695 1682 2750 sicut
1707 2689 2093 2762 reprehendis,

498 2803 768 2878 placuisse
797 2818 812 2856 :
837 2797 933 2855 sed
958 2796 1188 2853 fortasse
1213 2806 1299 2847 me
1327 2789 1502 2844 solum
1533 2785 1626 2841 tibi
1654 2785 1708 2839 in
1737 2783 1838 2838 hac
1861 2797 1922 2878 re
1939 2824 1954 2850 ,
1981 2796 2100 2852 qua:

501 2875 573 2954 ad
603 2908 822 2952 causam
847 2905 957 2947 non
987 2886 1224 2961 pertinet
1242 2926 1258 2950 ,
1289 2890 1433 2938 tanta
1463 2879 1714 2936 facilitate
1739 2875 1986 2932 cessisse.

577 2987 803 3047 CAPUT
826 2985 897 3042 Χ.
923 3013 997 3026 -ι-
1018 2980 1106 3037 l2.
1134 2976 1288 3048 Quod
1315 2989 1444 3031 vero
1473 2987 1559 3028 me
1583 2971 1778 3044 putasti
1808 2969 2099 3025 vehemen-

499 3087 612 3144 tius
643 3078 975 3154 urguendum
1002 3116 1019 3142 ,
1061 3071 1205 3144 quod
1239 3084 1361 3126 cum
1401 3066 1624 3122 dixerim
1650 3106 1668 3131 ,
1717 3061 2100 3116 Donatistarum

503 3178 858 3236 hareticorum
875 3169 1175 3239 sacrilegum
1194 3177 1415 3219 errorem
1440 3201 1456 3229 ,
1494 3157 1742 3214 haeresim
1783 3156 2055 3226 appellans
2081 3194 2098 3221 ,

503 3272 652 3345 quod
683 3281 738 3326 tu
759 3265 991 3324 schisma
1012 3260 1189 3333 potius
1209 3257 1290 3314 vis
1315 3254 1488 3327 putari
1514 3294 1529 3318 ,
1557 3267 1651 3309 eos
1680 3260 1860 3345 tamen
1886 3264 1918 3304 a
1939 3250 2104 3304 sacri-

503 3343 651 3434 legio
679 3375 786 3416 non
825 3355 1068 3426 expiatos
1104 3352 1158 3406 in
1192 3345 1622 3404 communionem
1657 3343 1976 3414 recipiamus
2004 3359 2018 3393 ε
2049 3351 2102 3434 tu

507 3431 603 3526 qui
629 3465 728 3506 nos
757 3451 813 3504 in
839 3448 944 3502 hac
980 3457 1139 3500 causa
1173 3450 1279 3495 tam
1314 3437 1547 3510 graviter
1587 3435 1805 3526 arguis:
1837 3431 2106 3526 responde

509 3522 784 3616 quomodo
807 3533 1137 3607 expiaverint
1175 3529 1340 3588 vestri
1383 3525 1721 3596 sacrilegium
1762 3522 2014 3578 Feliciani
2053 3528 2108 3576 et

508 3631 822 3696 Prtetextati
844 3674 858 3698 ,
910 3643 1033 3686 cum
1078 3624 1269 3698 quibus
1315 3629 1499 3692 postea
1543 3616 2104 3680 communicaverunt,

510 3732 796 3803 episcopos
823 3739 917 3782 eos
945 3721 1047 3778 sibi
1075 3719 1216 3776 sicut
1255 3724 1411 3771 antea
1449 3713 1660 3768 fuerant
1694 3708 2008 3803 copulantes
2027 3715 2109 3803 at-

510 3798 621 3894 que
646 3798 973 3882 reddentcs,
1019 3826 1121 3868 nec
1162 3820 1486 3881 quemquam
1522 3817 1710 3859 eorum
1763 3814 1899 3894 quos
1937 3799 2012 3894 illi
2028 3798 2109 3855 .in

511 3891 796 3983 sacrilegio
821 3904 1125 3965 scliismatis
1153 3900 1551 3971 baptieaverant
1572 3937 1588 3962 ,
1632 3894 1812 3949 denuo
1835 3891 2110 3983 baptizan-

511 4013 620 4060 tes.
653 3981 734 4058 An
779 3999 919 4056 forte
964 4009 1072 4051 non
1117 3998 1271 4049 erant
1317 3986 1599 4057 sacrilegio
1642 3982 1931 4049 maculati,
1973 3981 2114 4037 sicut

515 4096 732 4168 quidam
799 4100 1035 4148 vestrum
1097 4083 1368 4154 desipiunt
1390 4119 1406 4146 ,
1463 4079 1702 4135 dicentes
1741 4090 1860 4168 non
1907 4087 2002 4130 eos
2057 4073 2110 4128 in

516 4165 689 4243 Deum
719 4226 734 4249 ,
765 4182 860 4238 sed
889 4182 944 4236 in
961 4176 1235 4234 hominem
1256 4169 1594 4244 peccavisse;
1617 4165 1954 4237 sacrilegium
1985 4178 2115 4220 vero

517 4287 673 4336 tanto
726 4283 810 4331 est
854 4273 1068 4345 gravius
1103 4275 1384 4340 peccatum
1407 4305 1424 4332 ,
1473 4267 1672 4334 quanto
1713 4257 1974 4316 committi
2006 4270 2113 4312 non

519 4377 704 4446 potest
727 4368 828 4423 nisi
854 4339 909 4422 in
935 4339 1146 4420 Deumi
1168 4358 1324 4417 Unde
1356 4371 1444 4412 me
1471 4353 1834 4446 disputatione
1872 4359 1961 4404 tua
1982 4363 2116 4446 non
2141 4339 2156 4354 '

523 4442 598 4522 ob
621 4462 766 4520 aliud
791 4455 1120 4531 arguendum
1145 4453 1432 4508 arbitratus
1456 4463 1517 4505 es
1535 4488 1551 4513 ,
1579 4445 1721 4517 quod
1747 4444 1827 4500 sic
1854 4442 2116 4512 suscipia-

523 4572 650 4616 mus
672 4569 768 4610 eos
789 4551 881 4623 qui
905 4565 939 4604 a
960 4545 1114 4603 vobis
1155 4543 1224 4600 ad
1266 4556 1365 4597 nos
1411 4545 1724 4604 transeunt,
1757 4535 1858 4590 nisi
1883 4534 2007 4605 quia
2031 4550 2116 4588 ae-

525 4659 690 4708 strum
713 4644 823 4702 dixi
845 4641 1148 4712 sacrilegum
1181 4651 1421 4692 errorem.
1471 4633 1614 4702 Lege
1657 4645 1784 4702 ergo
1827 4629 2119 4700 Bagaiense

526 4739 838 4802 concilium.
863 4733 1066 4804 Nempe
1101 4731 1201 4786 ista
1249 4728 1356 4784 illic
1388 4725 1558 4797 prima
1601 4721 1760 4778 verba
1797 4730 1959 4776 sunt:
1991 4719 2120 4774 Cum

531 4830 888 4905 omnipotentis
907 4826 1006 4882 Dei
1022 4834 1070 4879 et
1090 4822 1276 4879 Christi
1304 4820 1413 4892 ejus
1434 4816 1717 4874 Saluatoris
1743 4814 1903 4870 nostri
1935 4813 2120 4867 uolun-

531 4937 640 4986 tate
657 4943 722 4982 ea:
739 4921 988 4979 universis
1007 4915 1279 4990 prouinciis
1302 4913 1488 4986 Africa:
1505 4911 1753 4966 uenientes
1775 4949 1792 4977 ,
1824 4908 1880 4962 in
1912 4905 2123 4961 ecclesia

485 5045 493 5052 ·
531 5030 710 5076 sancta
731 5008 1296 5088 Bagaiensieoncilium
1316 5019 1600 5077 gereremus
1622 5043 1636 5067 ,
1660 5000 1922 5088 Gamalius
1945 5039 1961 5065 ,
1995 4996 2121 5051 Pri-

537 5112 775 5172 suianus,
819 5103 1036 5159 Pontius
1059 5141 1074 5166 ,
1119 5095 1474 5154 Secundianus
1503 5091 1786 5147 Ianuarius
1805 5088 1848 5158 ⁸,
1887 5087 2124 5145 Saturni-

539 5221 636 5258 nus
655 5244 671 5268 ,
701 5200 854 5256 Felix
872 5239 886 5262 ,
911 5195 1160 5266 Pegasius
1183 5234 1198 5260 ,
1223 5190 1442 5259 Ruﬁnus
1463 5229 1478 5254 ,
1503 5184 1813 5251 For-tunius,
1837 5182 2120 5254 Crispinus,

543 5293 836 5352 Florentius
857 5330 877 5359 ,
907 5287 1126 5359 Optata
1147 5325 1163 5352 ,
1195 5282 1426 5338 Donatus
1451 5321 1465 5348 ,
1503 5278 1818 5333 Donatianus
1840 5317 1856 5344 ,
1885 5284 1934 5330 et
1961 5277 2128 5331 ueteri

544 5402 758 5444 austero
782 5379 990 5438 trecenti
1011 5386 1060 5435 et
1083 5377 1256 5432 decent
1274 5416 1290 5443 ,
1313 5371 1504 5445 placuit
1525 5368 1746 5441 Spiritui
1769 5378 1943 5422 sancta
1967 5367 2051 5438 qui
2073 5367 2129 5421 in

543 5479 826 5544 διώξασα,
853 5486 1030 5545 paean
1055 5469 1609 5540 ﬁmreperpetuam,
1635 5459 1973 5516 etschisuuta
1995 5473 2130 5514 rese-

610 5640 1335 5712 isicuss.ttte§lm,8_8di“i8o
1411 5700 1431 5712 ,
1619 5700 1634 5712 .
1701 5701 1712 5712 .
1775 5699 1786 5712 .
1852 5698 1883 5712 ,.

610 5714 632 5778 ξ
656 5718 856 5778 ln_Mss.,
873 5700 1248 5778 declarandam;
1269 5712 1326 5757 ut
1347 5700 1540 5764 referas
1576 5700 1654 5766 ad,
1679 5700 2032 5758 derivationem.

613 5775 636 5807 ³
659 5773 850 5837 Aliquot
873 5778 1001 5830 Mss,
1025 5773 1365 5820 Januarianus.

537 5923 572 5977 2
605 5850 1727 5976 (ygaudianistaeﬁequibushabesﬂnamin
1750 5846 2130 5911 Psal.36,senn.

1280 450 1552 514 CONTRA
1593 444 2030 511 CRESCONIUM
2070 440 2524 520 DONATISTAM,
2566 453 2622 510 S.
2665 445 3031 512 AUGUSTINI

2184 584 2304 622 care
2328 570 2590 640 sacrilega.
2621 568 2818 636 Audis,
2845 568 3080 628 adversis
3098 605 3118 633 γ
3139 561 3418 625 tuendis?
3443 568 3767 638 θρηνῆσαι,

2183 660 2427 733 inquiunt
2448 704 2463 729 ,
2494 678 2718 716 resecare
2739 663 3008 733 sacrilega.
3038 661 3186 734 Ergo
3211 676 3314 718 non
3356 664 3408 718 in
3454 663 3729 720 hominem
3757 705 3774 730 ,

2183 752 2280 808 sed
2306 753 2360 807 in
2399 753 2562 809 Deum
2601 753 2861 809 scelerata
2891 755 3240 824 perversitate
3281 754 3340 808 in
3375 769 3440 810 eo
3484 755 3778 812 schismate

2183 847 2334 903 solus
2359 847 2706 902 Maximianus
2736 848 3004 918 sacrilegii
3039 848 3265 903 crimine
3294 848 3574 904 tenebatur
3599 890 3614 913 ,
3655 864 3778 904 cum

2188 938 2288 994 ista
2317 930 2580 994 sententia
2607 939 2894 995 diceretur.
2928 940 3070 1011 Lege
3103 940 3264 1010 paulo
3290 949 3410 1010 post
3433 940 3562 1011 quid
3601 940 3781 996 dicant

2188 1029 2259 1086 de
2285 1031 2446 1086 sociis
2472 1031 2587 1102 ejus
2611 1072 2626 1097 ,
2651 1031 2790 1087 inter
2813 1046 2947 1103 quos
2964 1033 3189 1088 istorum
3210 1033 3425 1088 nomina
3449 1074 3466 1102 ,
3493 1032 3562 1088 de
3589 1033 3780 1104 quibus

2191 1126 2401 1196 agitur,
2452 1137 2649 1198 scripta
2694 1137 2842 1183 sunt.
2904 1127 3014 1183 Nec
3060 1129 3225 1184 solum
3272 1129 3443 1197 hunc,
3493 1130 3781 1202 inquiunt.

2189 1218 2390 1273 sceleris
2419 1220 2500 1274 sui
2527 1236 2662 1274 mors
2685 1221 2822 1284 iusta
2845 1223 3185 1289 condemnat;
3211 1222 3365 1276 trahit
3389 1223 3542 1277 etiam
3568 1222 3642 1276 ad
3661 1239 3784 1278 con-

2191 1311 2404 1365 sortium
2427 1311 2652 1366 criminis
2681 1311 2926 1384 plurimos
2948 1323 3126 1367 catena
3148 1313 3423 1385 sacrilegii.

2265 1404 2490 1461 CAPUT
2557 1404 2649 1460 x1.
2680 1407 2862 1462 -l5.
2911 1407 3048 1475 Quid
3093 1415 3214 1472 est,
3261 1406 3346 1462 vir
3389 1406 3788 1462 disertissime?

2195 1499 2321 1570 quid
2351 1499 2516 1555 habes
2545 1501 2686 1572 quod
2730 1501 2876 1557 dicas
2923 1501 3095 1555 mihi?
3120 1501 3261 1572 Lege
3302 1499 3577 1571 sequentia
3606 1539 3624 1568 ,
3671 1499 3789 1555 vide

2195 1593 2338 1649 inter
2372 1594 2632 1664 plurimos
2669 1609 2804 1666 quos
2851 1595 3014 1649 trahit
3063 1593 3131 1650 ad
3175 1594 3505 1650 consortium
3548 1585 3804 1649 crinninis

2197 1693 2386 1740 catena
2416 1685 2558 1740 illius
2581 1685 2844 1756 sacrilegii
2873 1728 2889 1752 ,
2921 1685 3302 1741 Prattextatum
3326 1696 3379 1741 et
3408 1685 3744 1741 Felicianum
3775 1702 3788 1739 :

2197 1777 2316 1849 lego
2342 1779 2630 1849 sacrilegos
2655 1820 2670 1844 ,
2693 1777 2852 1834 video
2871 1779 3154 1849 episcopos
3181 1781 3197 1810 ³
3221 1796 3236 1845 ;
3264 1778 3396 1849 quid
3417 1778 3533 1848 agis
3556 1817 3572 1846 ,
3608 1777 3658 1833 si
3686 1791 3790 1832 non

2198 1869 2509 1940 probaveris
2535 1869 2778 1940 expiatos
2796 1869 2822 1923 ?
2859 1869 3063 1939 Nempe
3087 1869 3293 1941 urgeris
3317 1869 3509 1925 cedere
3538 1868 3789 1936 veritati,

2199 1977 2302 2031 qua
2327 1961 2553 2016 dicimus
2596 1962 2798 2032 expiari
2841 1971 3050 2018 vestros
3097 1977 3219 2017 cum
3265 1961 3332 2017 ad
3375 1976 3474 2016 nos
3521 1961 3789 2028 veniunt,

2200 2053 2318 2124 ipso
2359 2053 2570 2110 vinculo
2613 2053 2862 2110 fraterna:
2909 2056 3054 2125 pacis
3099 2063 3154 2110 et
3197 2053 3472 2109 eharitatis
3520 2054 3796 2125 cooperiri

2201 2156 2420 2217 peccata
2448 2163 2633 2204 eorum
2656 2189 2672 2215 ,
2699 2149 2838 2204 sicut
2867 2149 3124 2219 scriptum
3153 2157 3236 2204 est
3257 2189 3272 2216 ,
3304 2147 3546 2202 Charitas
3569 2146 3796 2216 cooperit

2199 2238 2574 2294 multitudinem
2619 2249 2940 2311 peccatorum
2982 2239 3046 2312 (ἰ
3093 2240 3235 2295 Petr.
3263 2255 3340 2308 tv,
3389 2239 3485 2313 8).
3543 2239 3686 2310 Quid
3733 2240 3800 2296 de

2202 2328 2308 2385 illis
2332 2372 2346 2397 ,
2373 2344 2510 2402 quos
2535 2345 2567 2386 a
2591 2341 2770 2388 vestra
2797 2332 3174 2388 communione
3217 2332 3483 2403 separati,
3533 2340 3594 2388 et
3630 2331 3799 2388 Maxi-

2204 2423 2386 2478 miano
2435 2423 2488 2478 in
2537 2425 2791 2496 sacrilega
2837 2425 2980 2480 illius
3023 2433 3226 2480 catenae
3262 2425 3518 2480 societate
3561 2424 3800 2480 devincti

2201 2516 2606 2588 baptizaverunt
2628 2559 2644 2586 ,
2675 2532 2810 2589 quos
2832 2533 2951 2574 cum
2997 2518 3074 2573 eis
3112 2518 3163 2573 iu
3199 2517 3386 2574 eodem
3429 2517 3710 2589 Baptismo
3749 2519 3799 2574 in

2201 2621 2388 2680 pacem
2416 2618 2576 2680 atque
2599 2609 2937 2666 concordiam
2964 2609 3275 2681 suscepistis
3297 2611 3324 2664 ἲ
3351 2610 3801 2680 Respondebisne

2202 2699 2400 2772 aliquid
2424 2744 2441 2770 ,
2472 2702 2574 2757 nisi
2601 2701 2787 2758 eadem
2808 2702 3151 2759 Sacramenta
3181 2711 3327 2758 recte
3351 2716 3446 2757 vos
3469 2702 3804 2774 approbasse

2202 2791 2260 2848 in
2288 2793 2368 2849 eis
2391 2833 2407 2860 ,
2437 2809 2556 2863 quae
2590 2807 2689 2849 nos
2717 2809 2932 2866 quoque
2959 2793 3316 2866 approbamus
3338 2795 3389 2848 in
3409 2793 3564 2850 vobis
3586 2794 3612 2847 ?
3640 2792 3804 2866 Magis

2203 2887 2348 2943 enim
2395 2887 2489 2943 tibi
2532 2887 2803 2943 constabis
2825 2929 2840 2955 ,
2871 2888 2915 2944 si
2961 2888 3062 2944 ista
3100 2887 3443 2959 responderis
3467 2929 3482 2954 ,
3527 2895 3586 2944 et
3626 2887 3805 2945 verbis

2205 2979 2448 3050 epistola:
2473 2987 2581 3035 tua:
2606 2995 2715 3035 non
2741 2980 3112 3036 reluctaberis.
3158 2980 3214 3062 in
3242 2995 3344 3052 qua
3375 2994 3498 3036 cum
3527 2980 3807 3036 conareris

2205 3069 2493 3126 ostendere
2515 3111 2530 3137 ,
2571 3086 2677 3127 non
2708 3073 2956 3128 haeresim
2985 3073 3124 3129 inter
3150 3088 3248 3129 nos
3275 3081 3332 3130 et
3359 3087 3455 3129 vos
3479 3115 3494 3141 ,
3527 3072 3628 3130 sed
3659 3073 3807 3129 schi-

2206 3176 2321 3218 sma
2349 3164 2530 3235 potius
2560 3165 2905 3220 commissum
2934 3180 3056 3222 esse
3079 3207 3092 3232 ,
3135 3165 3356 3233 dixisti,
3384 3165 3530 3221 nobis
3553 3173 3608 3221 et
3633 3167 3808 3222 vestris

2206 3272 2364 3312 unam
2412 3273 2518 3314 esse
2559 3257 2854 3330 religionem
2876 3299 2890 3324 ,
2944 3258 3124 3313 eadem
3165 3257 3500 3314 Sacramenta
3521 3297 3536 3324 ,
3582 3257 3720 3311 nihil
3756 3258 3809 3311 in

2208 3352 2488 3407 christiana
2511 3351 2854 3407 observatione
2876 3352 3147 3406 diversum.
3195 3351 3379 3423 Neque
3417 3351 3560 3408 enim
3594 3352 3809 3424 gravius

2209 3457 2368 3513 quam
2404 3442 2489 3498 his
2527 3443 2705 3499 verbis
2747 3444 3119 3514 repetitionem
3165 3445 3507 3516 Baptismatis
3549 3459 3810 3500 accusare

2209 3535 2428 3605 potuisti
2455 3577 2469 3602 ,
2500 3535 2714 3607 quando
2738 3535 2945 3591 seducti
2974 3551 3003 3590 a
3037 3537 3187 3592 nobis
3223 3537 3621 3609 rebaptizantur
3642 3552 3672 3590 a
3710 3551 3810 3591 ve-

2210 3615 2337 3681 stris
2364 3666 2378 3690 ,
2408 3625 2460 3680 in
2491 3626 2682 3696 quibus
2707 3627 2892 3682 eadem
2918 3627 3262 3684 Sacramenta
3291 3643 3411 3684 esse
3435 3636 3485 3683 et
3507 3628 3675 3682 sentis
3704 3671 3719 3691 ,
3750 3635 3812 3683 et

2212 3717 2346 3774 dicis
2371 3761 2386 3787 ,
2413 3729 2468 3774 et
2497 3720 2706 3775 scribis.
2751 3720 2865 3789 Qua
2910 3721 3068 3792 igitur
3093 3720 3314 3776 sceleris
3342 3719 3666 3792 impudentia
3700 3735 3811 3776 non

2214 3819 2460 3866 servatur
2484 3810 2538 3865 in
2567 3811 2648 3866 eis
2672 3853 2686 3878 ,
2718 3826 2853 3882 quos
2884 3811 2938 3867 in
2965 3821 3146 3868 sancta
3175 3813 3377 3868 unitate
3406 3812 3636 3884 baptieat
3661 3811 3814 3869 orbis

2214 3901 2542 3958 christianus
2564 3945 2579 3972 ,
2613 3903 2753 3974 quod
2781 3914 3050 3960 servatum
3077 3913 3158 3960 est
3181 3904 3234 3959 in
3259 3905 3336 3960 cis
3360 3945 3374 3971 ,
3402 3915 3535 3976 quos
3564 3906 3618 3960 in
3645 3905 3814 3960 sacri-

2217 3993 2340 4064 lego
2360 3993 2648 4051 schismate
2669 3995 3003 4066 baptizarunt
3025 3995 3374 4052 Praetextatus
3395 4006 3449 4052 et
3468 3995 3814 4053 Felicianus?

2217 4087 2446 4144 Causam
2479 4089 2660 4160 itaque
2685 4098 2922 4144 nostram
2949 4131 2964 4156 ,
2995 4104 3154 4161 quam
3191 4090 3464 4146 vobiscum
3508 4090 3774 4146 habemus
3796 4133 3812 4159 ,

2217 4190 2398 4236 vestro
2423 4180 2531 4250 jam
2557 4180 2759 4251 judicio
2784 4182 3112 4237 terminastis
3136 4224 3151 4250 ,
3180 4197 3300 4238 cum
3329 4197 3422 4240 eos
3449 4182 3541 4255 qui
3585 4199 3616 4239 a
3659 4184 3816 4240 vobis

2217 4270 2562 4329 damnatione
2604 4274 2842 4343 percussi
2887 4282 3048 4340 sunt,
3097 4275 3188 4346 qui
3234 4274 3460 4346 populos
3499 4291 3568 4332 ne
3609 4274 3675 4331 ad
3721 4291 3816 4334 vos

2222 4363 2539 4420 accederent
2564 4407 2579 4434 ,
2607 4365 2991 4422 instantissime
3012 4376 3334 4424 monuerunt
3359 4409 3374 4434 ,
3401 4368 3490 4439 qui
3519 4377 3642 4438 post
3674 4385 3775 4425 vos
3795 4371 3815 4402 ⁸

2223 4455 2385 4510 etiam
2411 4455 2784 4525 baptizandum
2823 4471 2943 4513 esse
2979 4467 3345 4528 censuerunt,
3387 4473 3509 4514 cum
3552 4461 3633 4516 eis
3681 4473 3819 4531 quos

2223 4554 2372 4601 extra
2397 4554 2631 4602 vestram
2661 4550 3092 4605 communionem
3124 4551 3176 4605 in
3205 4549 3485 4622 sacrilegio
3511 4551 3819 4632 schismatis

2223 4641 2501 4696 constituti
2549 4641 2989 4713 baptizaverunt,
3041 4644 3157 4699 sine
3226 4643 3330 4699 ulla
3393 4644 3818 4716 degradationc,

2224 4732 2341 4787 sine
2362 4733 2614 4803 Baptismi
2639 4733 2918 4790 iteratione
2942 4777 2957 4802 ,
2983 4736 3035 4790 in
3056 4735 3239 4791 altaris
3262 4737 3604 4792 concordiam
3634 4751 3820 4792 susce-

2227 4825 2378 4896 pistis
2402 4867 2417 4892 ,
2447 4835 2501 4882 et
2529 4825 2670 4881 nulla
2702 4841 2760 4882 re
2785 4826 2888 4882 alia
2915 4827 2982 4882 ab
3011 4827 3103 4883 illo
3132 4828 3342 4884 scelere
3367 4828 3629 4900 sacrilegii
3656 4870 3673 4898 ,
3718 4826 3821 4884 nisi

2230 4927 2419 4975 sancto
2449 4919 2570 4990 igne
2594 4920 2871 4976 charitatis
2895 4921 3138 4993 expiatos
3165 4935 3287 4978 esse
3313 4921 3640 4978 credidistis.
3665 4922 3822 4991 Quod

2231 5026 2360 5068 vere
2381 5012 2530 5068 fieret
2553 5054 2568 5080 ,
2597 5011 2644 5068 si
2669 5027 2764 5070 vos
2784 5012 3027 5071 eamdem
3047 5014 3363 5072 charitatem
3391 5016 3444 5072 in
3468 5031 3595 5073 vera
3618 5018 3821 5076 unitate

2230 5105 2501 5160 teneretis.

2301 5197 2528 5254 CAPUT
2559 5197 2675 5254 XII.
2702 5229 2776 5240 -—
2802 5199 2892 5255 ll.
2924 5199 3030 5257 Sed
3053 5208 3231 5258 tamen
3259 5201 3537 5260 videamus
3561 5203 3733 5260 etiam
3758 5203 3826 5260 de

2234 5290 2418 5346 verbis
2435 5291 2677 5361 epistolae
2707 5291 2971 5361 Petiliani,
3019 5307 3178 5365 quam
3205 5303 3391 5350 contra
3416 5309 3504 5352 me
3527 5293 3823 5352 defendere

2234 5381 2469 5448 voluisti,
2503 5383 2772 5454 quomodo
2802 5393 2856 5440 te
2871 5398 3040 5441 exuas
3055 5384 3110 5442 in
3129 5383 3229 5441 bac
3252 5400 3414 5447 causa
3434 5384 3826 5443 Hasimiauem

2237 5475 2398 5542 sium,
2421 5474 2489 5532 de
2508 5491 2611 5547 qua
2643 5490 2784 5533 nunc
2806 5476 2920 5538 sola
2941 5477 3103 5534 statui
3127 5491 3289 5550 agere
3312 5477 3595 5535 adversum
3617 5478 3830 5536 litteras

2303 5665 2322 5698 ¹
2346 5673 2446 5736 ωε
2466 5668 2528 5736 ,ει
2547 5668 2652 5733 πίνον.
2668 5666 3001 5736 "meum
3021 5668 3087 5736 σε,
3104 5660 3400 5736 RW
3420 5659 3834 5736 ιεραεεσβςαίιετ

2239 5740 2352 5856 Et,
2395 5724 2534 5777 uideo
2873 5731 3015 5796 Lov.,
3055 5730 3399 5798 "attenuatum
3443 5724 3490 5774 e't
3538 5724 3838 5776 Felicisz

2453 5796 2568 5838 sacr
2634 5798 2719 5852 gos
2739 5786 2878 5839 video
2906 5800 3168 5852 episcopos.
3214 5792 3520 5862 Casugantur’
3555 5798 3624 5836 ex
3669 5798 3840 5837 mauu-

2241 5859 3276 5978 “:‘gtdiinquipostembm
3055 5910 3066 5922 '
3277 5911 3841 5978 ,οωϋθοαωηωα

2248 5979 2550 6034 restituimus
2574 5988 2637 6028 ex
2663 5976 3014 6038 manuscriptis.
