4010 6484
219 554 359 601 tuas.
392 538 579 598 Posuit
595 543 747 595 certe
765 532 861 593 ille
877 530 979 591 ista
1000 528 1163 589 verba
1186 542 1282 587 sua
1307 545 1320 583 :
1339 528 1674 595 Conscientia,
1697 528 1792 594 ait,

219 645 393 692 sancte
429 630 1075 697 dantisattcnditur,"
1121 626 1301 681 auset
1343 622 1655 694 accipientis.
1700 620 1798 676 Cui

217 740 320 797 ego
346 741 361 778 :
390 723 615 790 Quidsi,
632 722 869 791 inquam,
894 718 1234 773 intendentis
1256 716 1575 779 conscientia,
1606 722 1653 768 et
1672 716 1803 783 forte

218 816 484 872 maculosa
509 814 613 869 sit?
638 812 889 883 quomodo
926 810 1111 880 poterit
1448 806 1648 860 abluere
1674 819 1801 859 cett-

220 903 525 961 scientiam?
552 902 700 958 lianc
728 911 784 957 tu
813 899 1172 957 inevitabilem
1196 899 1568 969 qmtimem,
1595 896 1719 965 quia
1745 894 1798 948 in

221 997 401 1053 verbis
427 995 673 1051 Petiliani
700 994 919 1049 omnino
943 1007 1051 1048 non
1084 992 1326 1056 solvitur,
1355 990 1458 1045 tuis
1476 989 1690 1043 solvere
1707 1002 1802 1058 ag-

222 1100 449 1159 gressus
472 1100 553 1153 es,
589 1095 648 1141 et
684 1085 887 1151 dixisti,
924 1098 1035 1139 non
1056 1093 1247 1139 contra
1270 1098 1379 1149 me,
1405 1080 1499 1137 sed
1523 1088 1709 1134 contra
1737 1080 1802 1133 il-

223 1178 334 1233 lum
385 1192 548 1248 quem
589 1176 879 1232 defendere
907 1175 1143 1233 voluisti.
1193 1174 1290 1230 ille
1316 1173 1511 1244 quippe
1549 1172 1640 1237 ait,
1673 1168 1807 1225 Con-

222 1269 433 1324 scicntia
484 1269 652 1324 dantis
687 1252 995 1335 attenditur,
1043 1282 1156 1338 qua
1201 1265 1375 1320 obtutu
1400 1264 1730 1335 accipientis:
1751 1271 1807 1317 tu

224 1374 353 1415 vero
373 1358 568 1427 fassus,
595 1359 850 1415 latentem
873 1358 1251 1417 conscientiam
1272 1356 1443 1412 videri
1463 1370 1567 1411 non
1588 1370 1748 1425 posse
1765 1354 1807 1421 ί,

226 1451 306 1507 sic
333 1466 452 1507 eain
483 1450 663 1507 dixisti
686 1450 907 1515 attendi,
934 1458 995 1504 ut
1020 1464 1125 1505 non
1146 1448 1384 1505 videatur
1410 1447 1546 1517 ipsa,
1569 1446 1662 1501 sed
1681 1443 1808 1514 quid

228 1542 295 1598 de
321 1542 412 1597 illa
440 1552 624 1599 notum
651 1541 721 1597 sit
763 1542 816 1597 in
841 1541 1049 1614 publica
1089 1541 1251 1597 fama.
1302 1540 1453 1598 Unde
1494 1539 1764 1609 colligitur
1791 1578 1808 1603 ,

229 1647 414 1689 verum
436 1632 549 1704 jam
592 1647 697 1689 non
726 1646 849 1688 esse
896 1631 1039 1703 quod
1062 1632 1384 1688 conscientia
1422 1631 1599 1685 dantis
1634 1628 1811 1685 abluat

231 1725 540 1797 accipientis
568 1724 987 1781 conscientiam:
1011 1723 1106 1781 sed
1128 1723 1271 1779 fama
1286 1723 1403 1793 ejus
1427 1722 1595 1778 abluit
1615 1736 1810 1778 secun-

232 1815 356 1871 dum
387 1825 479 1882 te;
506 1830 624 1888 qua:
669 1815 853 1885 utique
894 1814 1030 1871 fallit
1056 1816 1377 1883 intuentem,
1406 1829 1529 1870 cum
1556 1814 1624 1870 de
1647 1813 1816 1883 pessi-

233 1924 322 1965 mo
349 1908 583 1978 loquitur
606 1908 767 1975 bona,
796 1907 863 1963 de
885 1906 1135 1964 adultero
1161 1916 1335 1973 casta,
1354 1905 1423 1962 de
1445 1906 1704 1975 sacrilego
1731 1919 1817 1961 re-

236 2001 443 2073 ligiosa.
475 2001 624 2058 Tunc
651 2002 799 2058 enim
822 2000 1019 2067 abluit,
1054 1999 1268 2072 quando
1298 2000 1572 2055 mentitur.
1596 1996 1731 2053 Nam
1770 1996 1819 2053 si

239 2094 307 2152 de
328 2094 541 2150 occulto
579 2093 839 2150 scelerato
867 2092 1007 2148 fama
1042 2108 1227 2149 verum
1265 2092 1531 2163 loquatur,
1556 2100 1681 2147 tunc
1709 2104 1817 2146 non

242 2188 432 2255 abluit,
463 2184 565 2243 sed.
585 2186 814 2241 maculat
842 2201 965 2241 eum
1003 2186 1093 2256 qui
1122 2184 1189 2241 ab
1235 2185 1328 2240 illo
1343 2183 1609 2253 acceperit
1635 2182 1819 2253 Bapti-

246 2298 437 2339 smum.
473 2284 550 2337 Ac
587 2297 683 2352 per
710 2279 811 2336 hoc
865 2278 1004 2334 fama
1052 2279 1151 2334 ista
1176 2320 1191 2344 ,
1221 2292 1379 2348 quam
1408 2287 1686 2348 patronam
1714 2284 1818 2330 tam

247 2380 401 2434 malm
427 2391 603 2431 cauete
646 2374 902 2430 adbibere
924 2373 1139 2429 voluisti
1168 2413 1185 2437 ,
1215 2372 1337 2427 vide
1359 2371 1530 2441 qualis
1554 2371 1659 2434 sit,
1702 2383 1823 2438 quae

247 2467 478 2523 mendax
512 2466 719 2533 abluit,
748 2475 803 2520 et
825 2479 984 2519 verax
1013 2464 1202 2535 polluit
1233 2482 1246 2517 :
1276 2471 1336 2518 ut
1373 2462 1577 2518 scilicet
1602 2460 1825 2515 miriﬁca

255 2566 341 2614 tua
370 2556 757 2629 disputatione,
783 2566 905 2611 tunc
930 2554 1070 2625 apud
1090 2568 1210 2609 eam
1236 2555 1257 2585 ’
1280 2568 1385 2608 non
1419 2552 1490 2607 sit
1511 2565 1648 2622 aqua
1676 2565 1825 2606 men-

260 2650 385 2717 dax,
410 2650 622 2720 quando
642 2649 753 2719 ipsa
781 2648 850 2702 sit
872 2646 1122 2702 mendax.

324 2740 552 2798 CAPUT
579 2738 808 2795 xm..—
830 2739 917 2794 ιδ.
963 2737 1070 2794 Sed
1105 2736 1231 2807 quid
1260 2735 1386 2791 hinc
1422 2748 1556 2805 opus
1582 2740 1669 2788 est
1708 2730 1830 2786 diu-

250 2834 355 2890 tius
383 2833 554 2904 loqui,
585 2846 708 2887 cum
738 2828 1037 2886 Felicianus
1055 2827 1214 2884 hodie
1238 2827 1422 2883 sedeat
1448 2827 1587 2881 inter
1614 2822 1828 2894 episco-

250 2941 352 3002 pos
378 2935 609 2993 vestros,
637 2924 726 2995 qui
747 2938 869 2980 cum
888 2923 956 2978 ab
982 2923 1060 2978 eis
1081 2922 1377 2990 disjunctus
1403 2927 1567 2985 esset,
1594 2927 1649 2972 et
1669 2915 1833 2971 Masi-

257 3023 438 3081 miano
478 3020 529 3075 in
576 3027 764 3075 catena
810 3015 1073 3086 sacrilegii
1120 3013 1438 3078 cohaereret,
1467 3023 1834 3082 quoscumque

257 3111 586 3183 baptizavit,
627 3124 785 3166 nemo
829 3117 949 3179 post
992 3122 1116 3163 eum
1167 3103 1555 3177 rebaptisavit?
1582 3103 1776 3171 Qum
1804 3116 1837 3155 a

255 3205 521 3264 Petiliano
559 3202 859 3275 cuiusmodi
888 3200 1132 3256 habuerit
1150 3208 1275 3255 tttne
1300 3199 1389 3253 ille
1418 3196 1830 3253 conscientiam.

257 3297 321 3355 Ei
362 3298 481 3367 lego
530 3295 803 3352 decretum
847 3292 1153 3364 Bagaiensis
1200 3289 1432 3354 concilii,
1474 3289 1561 3344 ubi
1582 3288 1839 3357 scriptum

259 3399 382 3446 est:
412 3385 519 3441 Nec
550 3386 709 3442 solum
751 3386 883 3440 hunc
926 3383 1123 3439 sceleris
1158 3382 1238 3437 sui
1282 3398 1433 3450 ,mors
1464 3382 1609 3450 juste
1650 3378 1840 3433 conde-

266 3483 414 3526 mnat
441 3488 459 3537 ;
491 3471 639 3524 trahit
664 3472 809 3525 etiam
837 3470 904 3523 ad
929 3469 1233 3524 consortium
1253 3466 1478 3520 criminis
1496 3463 1841 3534 plurimosca-

268 3571 389 3618 tena
406 3562 676 3632 sacrilegii,
705 3563 763 3618 de
786 3561 964 3633 quibus
991 3560 1232 3632 scriptum
1253 3566 1345 3624 est,
1364 3575 1383 3609 ι
1421 3555 1675 3612 Venenum
1696 3554 1841 3624 aspi-

264 3654 389 3708 dum
411 3651 507 3707 sub
535 3652 682 3706 labiis
707 3669 902 3720 eorum,
924 3667 1136 3723 quorum
1160 3666 1216 3704 os
1257 3648 1608 3703 maledictione
1628 3656 1675 3701 et
1703 3661 1846 3699 ama-

262 3746 488 3803 ritudine
516 3745 715 3816 plenum
754 3756 827 3801 est
865 3764 884 3799 ι
922 3744 1093 3815 (Psal.
1135 3758 1250 3810 xm,
1284 3742 1320 3797 3
1342 3742 1385 3812 ).
1414 3740 1557 3796 Inter
1579 3739 1676 3795 hos
1701 3738 1849 3794 enim

270 3839 535 3911 plurimos
583 3840 743 3894 etiam
785 3837 1085 3894 Felicianus
1114 3843 1513 3899 annumeratur,
1538 3834 1630 3904 qui
1655 3832 1849 3888 talibus

269 3928 428 3986 labiis
447 3940 504 3986 et
532 3928 624 3984 tali
659 3944 753 3985 ore
792 3928 1116 4001 baptizavit:
1140 3926 1329 3981 horum
1356 3926 1584 3997 aliquem
1624 3938 1731 3979 non
1758 3937 1847 3978 re-

268 4023 489 4095 spuistis
522 4022 570 4090 ',
597 4037 703 4078 non
730 4020 1046 4092 rescidistis,
1079 4036 1186 4077 non
1213 4018 1587 4083 destruxistis;
1641 4026 1697 4072 et
1721 4015 1846 4087 quia

272 4116 452 4173 verbis
481 4115 829 4187 evangelicis,
856 4116 911 4170 in
937 4114 1152 4171 nomine
1181 4112 1355 4167 Patris
1378 4119 1432 4165 et
1458 4108 1576 4165 Filii
1600 4117 1656 4164 ot
1678 4107 1850 4177 Spiri-

270 4216 357 4265 tus
384 4209 578 4276 sancti,
610 4224 707 4279 per
731 4206 1076 4279 qualemlibct
1120 4205 1351 4275 linguam
1381 4210 1540 4273 atque
1568 4200 1852 4257 conscien-

272 4301 399 4356 tiam
431 4308 744 4356 consecrata
774 4308 857 4356 est
886 4312 1042 4369 aqua,
1065 4312 1174 4353 non
1205 4294 1544 4360 mendacem,
1583 4291 1678 4347 sed
1702 4306 1853 4346 vera-

274 4408 391 4448 cem
442 4393 735 4465 agnovistis
782 4399 940 4463 atquc
980 4388 1276 4461 recepistis.
1315 4388 1357 4442 A
1384 4393 1440 4441 te
1465 4394 1641 4440 autem
1670 4398 1857 4455 quacro

276 4486 344 4543 de
374 4487 480 4542 isto
511 4486 802 4551 Feliciano,
826 4483 978 4555 cujus
1006 4492 1114 4538 tam
1144 4479 1303 4548 mala,
1333 4494 1452 4535 cum
1477 4479 1529 4534 in
1546 4486 1737 4533 catena
1766 4491 1856 4531 sa-

276 4581 486 4652 crilcgii
511 4582 827 4651 baptizarct,
856 4578 1029 4634 fuerat
1047 4576 1374 4634 conscientia
1394 4618 1408 4637 ,
1436 4574 1560 4645 quid
1591 4582 1706 4630 erat
1732 4583 1858 4628 tunc

278 4674 331 4732 in
358 4675 575 4748 publica
613 4674 752 4729 fama
778 4673 800 4726 ?
824 4674 997 4743 Atque
1029 4672 1202 4742 ipsum
1245 4668 1525 4725 concilium
1566 4664 1857 4722 identidem

280 4768 473 4830 recito,
516 4766 604 4822 ubi
632 4767 888 4836 scriptum
921 4771 1005 4819 est
1033 4781 1045 4816 :
1077 4759 1287 4815 Famosi
1331 4774 1450 4830 ergo
1498 4758 1726 4812 criminis
1747 4772 1862 4811 reos

293 4858 646 4913 Victorianum
677 4856 1128 4913 Carcabianensem
1148 4894 1164 4921 ,
1194 4860 1250 4907 et
1300 4852 1438 4906 inter
1466 4858 1690 4905 cancros
1726 4863 1862 4919 quos

282 4964 532 5024 repetere
558 4954 737 5023 piget,
774 4951 1136 5005 Prwtextatum
1157 4944 1512 5001 Assuritanum
1534 4983 1549 5008 ,
1575 4950 1621 4995 et
1643 4940 1863 4994 Felicia-

285 5064 409 5101 num
430 5045 789 5113 Mustitanum,
820 5044 907 5114 qui
932 5046 1129 5114 {intesta
1156 5053 1305 5108 opere
1324 5034 1616 5106 perditionis
1637 5048 1724 5087 res
1751 5048 1864 5085 sor-

286 5139 469 5192 didum
509 5137 724 5192 collecta
772 5136 1058 5208 [mutantia
1108 5131 1458 5205 glutinarunt,
1508 5126 1669 5198 paulo
1718 5132 1864 5195 post,

286 5232 512 5306 plenarii
539 5230 738 5285 concilii
768 5245 853 5284 ore
874 5226 1092 5283 veridico
1131 5224 1402 5278 damnatos
1421 5235 1527 5277 esse
1550 5217 1859 5307 cognoscite.

365 5320 596 5378 CAPUT
626 5319 766 5376 XIV.
802 5348 875 5361 -—
911 5317 998 5375 l6.
1046 5315 1186 5385 Quid
1212 5313 1278 5371 ad
1327 5313 1427 5369 ista
1450 5308 1778 5382 respondes?
1811 5308 1870 5365 Si

355 5494 558 5567 ’E'ditiz
594 5492 917 5567 [αξξυίευίυδ
1779 5495 1874 5567 "3?

288 5570 429 5672 gare
636 5563 692 5606 At
724 5545 960 5606 lssfnon
980 5554 1193 5614 habent,
1221 5550 1393 5613 cujus;
1426 5561 1521 5601 nec
1540 5548 1773 5608 verbum,
1798 5545 1874 5596 di-

358 5682 380 5711 ¹
401 5683 475 5731 sic
498 5689 604 5731 MSS.
631 5680 748 5730 Editi
764 5691 898 5743 vero,
920 5677 1052 5743 apud
1075 5682 1138 5728 te.
1265 5734 1279 5743 _
1341 5734 1357 5743 _
1448 5733 1477 5743 __

358 5743 389 5776 ‘
406 5743 577 5792 Plures
598 5750 727 5799 Mss.,
749 5750 795 5792 et
816 5732 899 5793 tali
941 5732 1035 5790 ore‘
1052 5748 1224 5801 aquam
1258 5734 1379 5800 (vel,
1411 5733 1645 5801 aliquam)
1684 5742 1875 5801 nonre-

290 5803 488 5869 spuistis
507 5818 525 5855 :
551 5817 611 5854 ac
626 5794 768 5867 paulo
786 5811 907 5867 post,
926 5794 1204 5869 consecrata
1217 5794 1307 5859 est,
1743 5800 1874 5869 este;

293 5854 643 5935 voce:
671 5854 811 5935 aqua.
852 5854 989 5935 Forte
1027 5854 1313 5935 legendum,
1354 5856 1528 5935 atati
1548 5869 1629 5908 ore
1664 5854 1876 5918 baptiza-

291 5928 381 5989 vit,
399 5936 453 5979 et
765 5939 847 5978 ore
869 5926 956 5978 tali
970 5919 1144 5988 aqua'm
1157 5935 1249 5973 non
1267 5919 1527 5984 respnistis.

1548 412 1748 473 LIBER
1784 410 2124 484 QUARTUS.

1906 540 2013 581 non
2055 519 2286 594 baptizat
2320 536 2351 579 a
2392 533 2571 581 vestra
2597 523 2981 579 communione
3012 531 3289 592 separatim
3316 542 3331 581 :
3362 526 3491 600 lege

1906 619 2201 689 baptisasse
2230 632 2352 672 cum
2398 617 2715 672 Maximiano
2744 615 2817 670 ad
2866 616 3194 671 ωηωηὶο.
3244 617 3487 677 σωίή

1907 721 2125 768 tractos.
2154 710 2211 766 Si
2257 725 2362 765 non
2399 711 2629 780 baptizat
2671 709 2760 779 qui
2808 717 2994 779 peccat
3036 708 3089 762 in
3118 709 3287 764 Βθιιιιι
3316 726 3334 763 :
3364 710 3487 781 Iugo

1908 806 2206 874 baptizasse
2228 812 2415 858 catena
2442 804 2707 875 sacrilegii
2726 802 3027 873 colligatos.
3057 801 3115 858 Si
3149 804 3491 861 conscientia

1910 905 2093 952 sancte
2130 894 2308 949 dantis
2351 894 2641 948 attenditur
2663 935 2678 961 ,
2727 908 2848 963 qua:
2900 892 3082 948 abluat
3117 894 3435 964 accipientis
3462 912 3481 950 :

1910 988 2030 1058 lego
2081 988 2383 1057 baptizaue
2420 986 2687 1041 morsibus
2740 987 2756 1017 ¹
2806 985 3046 1055 aspidum
3072 1000 3389 1042 venenosae.
3418 988 3485 1044 ει

1911 1079 2237 1135 conscientia
2285 1077 2463 1131 dantis
2488 1086 2548 1132 ut
2585 1077 2756 1147 possit
2800 1076 3041 1141 abluere,
3096 1077 3313 1147 publica
3338 1077 3491 1134 fama»

1912 1173 2027 1243 ejus
2054 1173 2377 1229 attenditur:
2404 1174 2525 1245 lege
2544 1173 2841 1244 baptizasse
2866 1171 3057 1228 famosi
3078 1173 3319 1229 criminis
3344 1186 3495 1229 resse

1915 1265 2092 1321 Manet
2135 1266 2311 1323 adhuc
2354 1269 2407 1323 in
2458 1282 2685 1338 corpore
2726 1265 3045 1331 Felicianus,
3091 1280 3215 1322 eum
3243 1266 3503 1322 diem

1913 1372 2101 1413 omnes
2124 1358 2311 1415 abillo
2352 1360 2409 1413 in
2461 1359 2742 1429 sacrilegio
2771 1358 3075 1414 schismatis
3118 1357 3410 1429 baptismi,
3439 1360 3501 1414 in»

1914 1451 2342 1506 comnnionem
2391 1459 2567 1505 autem
2598 1460 2829 1505 vestram
2856 1449 3100 1521 recepti,
3141 1465 3243 1506 nec
3269 1450 3338 1505 ab
3380 1451 3494 1507 ullo

1914 1543 2250 1614 rebaptizati.
2302 1544 2498 1600 Contra
2531 1543 2849 1599 Petiliannm
2878 1584 2893 1609 ,
2923 1543 3212 1613 baptizavit
3237 1543 3497 1615 sacrilega

1916 1636 2240 1691 conscientia
2277 1636 2612 1701 maculosus;
2642 1642 2832 1691 contra
2858 1642 2910 1689 te
2933 1675 2950 1703 ,
2982 1634 3267 1704 baptizavit
3309 1635 3503 1692 limosi

1916 1727 2153 1783 criminis
2180 1742 2327 1783 reus.
2376 1728 2491 1796 Qua
2523 1728 2735 1783 ratione
2765 1739 2861 1782 ves
2881 1765 2898 1793 ,
2926 1741 3108 1797 quase
3127 1768 3142 1793 ,
3171 1726 3457 1782 defenditis
3479 1768 3499 1793 ,

1918 1821 2025 1875 nisi
2051 1830 2107 1875 ut
2134 1821 2273 1891 quod
2327 1829 2381 1876 et
2421 1834 2523 1877 nos
2550 1820 2812 1887 dicimus,
2861 1820 3061 1875 vestris
3082 1818 3237 1875 factis
3268 1818 3507 1875 convicti

1919 1912 2205 1983 aliquando
2226 1913 2418 1968 dicatis
2454 1954 2469 1980 ,
2526 1913 2671 1984 quod
2696 1926 2795 1969 nec
2842 1913 3191 1981 conscientia,
3232 1926 3333 1969 nec
3361 1912 3509 1967 fama

1920 2004 2093 2061 dantis
2119 2006 2298 2060 abluat
2327 2006 2643 2075 accipientis
2671 2007 3061 2062 conscientiam
3080 2047 3095 2073 ,
3124 2006 3221 2063 sed
3251 2006 3385 2063 ﬁdes
3406 2018 3503 2062 ac-

1922 2097 2169 2170 cipientis
2195 2098 2383 2169 ipsius,
2414 2098 2593 2154 dantis
2616 2106 2794 2155 autem
2817 2100 2913 2154 Dei
2940 2101 3134 2170 gratia,
3183 2114 3291 2155 non
3328 2099 3509 2155 benti-

1922 2190 2006 2245 nis
2034 2207 2047 2244 :
2078 2190 2218 2261 quod
2248 2191 2292 2246 si
2321 2198 2378 2246 et
2402 2190 2744 2247 conscientia:
2768 2191 2924 2245 bon-.2
2946 2191 3293 2262 interrogatio
3325 2191 3378 2245 in
3404 2202 3501 2246 ac-

1923 2283 2155 2355 cipiente
2203 2298 2310 2339 non
2370 2284 2565 2348 fuerit,
2618 2283 2861 2354 ﬁdesque
2886 2283 3000 2354 ipsa
3028 2284 3110 2338 vel
3145 2291 3273 2351 tota,
3302 2283 3391 2339 vel
3432 2296 3501 2338 ex

1926 2386 2075 2448 parte
2108 2376 2279 2447 aliqua
2316 2376 2686 2442 vacillaverit,
2725 2388 2905 2431 mores
2938 2376 3219 2430 hominum
3242 2389 3363 2431 csse
3388 2388 3513 2431 core

1926 2468 2194 2537 rigendos,
2229 2483 2333 2522 non
2360 2478 2692 2523 sacramenta
2722 2467 3065 2532 destruenda,
3098 2481 3217 2538 quas
3254 2481 3361 2522 non
3402 2468 3513 2524 alia

1928 2561 2011 2617 Vel
2040 2561 2252 2628 similia,
2285 2560 2379 2616 sed
2431 2569 2487 2615 tu
2536 2560 2757 2615 omnino
2802 2560 2997 2615 eadem
3036 2558 3341 2615 conﬁteris:
3368 2560 3515 2615 sicut

1930 2667 2114 2708 eorum
2155 2666 2289 2724 quos
2314 2651 2617 2708 Felicianus
2663 2660 2719 2707 et
2756 2651 3110 2707 Praetextatus
3148 2651 3201 2705 in
3249 2652 3520 2722 sacrilego

1932 2745 2217 2801 schismate
2242 2745 2602 2815 baptizarunt,
2633 2744 2796 2798 vitam
2822 2750 2879 2798 et
2899 2743 3227 2797 voluntatem
3242 2743 3517 2814 corrigen-

1933 2838 2055 2896 dam
2103 2839 2468 2903 existimastis,
2524 2853 2593 2894 ne
2648 2838 2700 2892 in
2750 2837 2842 2892 illo
2911 2835 3199 2891 schismate
3252 2836 3519 2906 sacrilego

1933 2939 2308 3003 permanerent
2338 2932 2399 2997 ’;
2430 2943 2540 2985 non
2566 2926 2871 2984 violandum
2900 2926 3252 2997 Daptismum,
3281 2925 3517 2982 licetin-

1936 3022 2258 3093 dignissimis
2281 3036 2380 3094 per
2407 3020 2805 3091 indignissimos
2829 3018 3187 3074 ministratum
3208 3018 3235 3073 τ

2008 3112 2232 3170 CAPUT
2250 3112 2547 3168 ιιι-ιτ.
2569 3110 2787 3167 Frustra
2810 3111 2966 3181 igitur
2992 3109 3377 3166 ere'maiedice‘
3391 3116 3525 3165 cen-

1939 3207 2216 3263 scientiam
2246 3214 2481 3260 nostram
2514 3212 2763 3274 tanquam
2781 3202 3111 3273 publicatam
3123 3208 3282 3271 atque
3301 3202 3520 3257 damna-

1942 3308 2050 3355 tam
2080 3298 2303 3353 crimine
2342 3295 2771 3359 tburilicationis,
2825 3293 3158 3359 traditionis,
3189 3293 3519 3363 perseeutio-

1944 3392 2046 3458 nis,
2073 3404 2326 3447 accusare
2353 3387 2589 3455 voluisti,
2622 3394 2685 3441 ιιι·
2721 3401 2788 3442 ex
2826 3385 2929 3441 hoc
2957 3385 3103 3441 velut
3135 3385 3393 3454 probares
3421 3398 3533 3439 nos

1944 3483 2271 3553 Baptismum
2296 3481 2427 3536 dare
2446 3494 2550 3534 non
2578 3492 2738 3549 posse
2770 3495 2782 3530 :
2815 3488 2937 3532 cum
2965 3484 3020 3531 et
3044 3475 3173 3531 falsa
3198 3476 3439 3546 jactetis;
3469 3483 3527 3531 et

1946 3574 2440 3647 quomodocumque
2460 3586 2518 3627 se
2549 3570 2683 3625 illud
2707 3569 2922 3634 habeat,
2951 3577 3099 3623 certe
3141 3567 3529 3623 Maximianen-

1947 3669 2082 3723 sium
2110 3666 2369 3737 sacrilegii
2390 3663 2617 3722 crimine
2643 3660 2893 3716 damnata
2920 3657 3245 3715 conscientia
3266 3658 3394 3711 dare
3425 3670 3520 3726 po»

1948 3762 2047 3816 tuit
2069 3759 2396 3830 Baptismum
2421 3797 2435 3821 ,
2465 3769 2623 3825 quem
2652 3750 2961 3807 rescindere
2986 3748 3258 3811 timuistis,
3279 3756 3333 3803 et
3352 3760 3531 3818 qttelnL

1950 3855 2062 3911 dari
2095 3854 2254 3909 etiam
2293 3864 2321 3904 a
2366 3846 2796 3919 persecutoribus
2846 3856 3007 3913 posse
3047 3854 3144 3913 per
3172 3854 3271 3895 ves
3313 3850 3537 3911 quorm

1951 3948 2095 4018 ipsos
2115 3944 2355 4009 docetur,
2386 3940 2474 4011 qui
2527 3936 2747 3993 eosdem
2775 3933 3222 3989 Maximianenses
3262 3930 3536 3986 acerrime

1953 4035 2218 4110 persecuti
2245 4034 2265 4066 ³
2292 4046 2396 4087 non
2420 4030 2594 4085 solum
2618 4026 2923 4097 baptizatis,
2940 4024 3033 4081 sed
3059 4037 3155 4079 vos
3182 4022 3335 4078 solos
3352 4020 3529 4092 baptio

1953 4145 2076 4187 care
2096 4128 2295 4185 debere
2329 4121 2667 4180 contenditis.

2025 4218 2250 4277 CAPUT
2281 4217 2493 4273 XVl.——
2514 4215 2605 4270 18.
2629 4213 2773 4269 Dicis
2795 4210 2846 4265 in
2874 4210 3013 4281 Lege
3046 4209 3326 4279 scriptum,
3348 4209 3532 4267 Oleum

1958 4312 2232 4388 peccatoris
2256 4309 2373 4365 nolo
2394 4317 2550 4379 ungat
2570 4314 2723 4377 caput
2744 4319 2915 4358 meum
2940 4301 3107 4374 (Psat.
3131 4316 3257 4367 cn,
3279 4302 3357 4374 5).
3379 4301 3537 4370 Quod

1959 4422 2130 4479 neque
2154 4407 2227 4461 ita
2255 4404 2511 4472 scriptum
2533 4408 2635 4466 est,
2656 4413 2753 4454 nec
2771 4398 2908 4452 sicut
2927 4405 3080 4468 potas
3105 4396 3532 4467 intelligendum.

1958 4500 2065 4558 Sed
2093 4495 2349 4568 numquid
2373 4510 2477 4549 non
2497 4502 2580 4549 est
2598 4494 2773 4547 oleum
2800 4488 3098 4559 peccatoris
3116 4488 3294 4543 oleum
3320 4488 3543 4543 sacrile-

1962 4605 2146 4663 gorum
2173 4585 2474 4642 Praetextati
2501 4592 2556 4640 et
2594 4579 2890 4637 Feliciani?
2916 4579 3056 4633 Dicis
3110 4579 3236 4633 item
3279 4578 3541 4648 scripturn

1964 4698 2104 4748 esse,
2134 4680 2234 4747 Qui
2272 4678 2555 4749 baptizatur
2577 4692 2608 4728 a
2648 4682 2864 4739 mrtuo,
2890 4671 3016 4743 quid
3037 4672 3091 4726 sit
3122 4671 3323 4742 prodest
3351 4670 3543 4726 lauatio

1964 4779 2073 4849 ejus
2091 4773 2280 4847 (Ecclt.
2313 4785 2493 4833 xxxiv,
2521 4766 2655 4839 50)?
2684 4765 2835 4840 Quod
2864 4779 2965 4820 nec
2993 4764 3273 4833 diligenter
3288 4766 3541 4828 attendis.

1966 4883 2068 4925 nec
2093 4883 2159 4922 ex
2184 4865 2296 4935 ipsa
2323 4858 2718 4917 circumstantia
2746 4856 2992 4911 lectionis
3016 4854 3139 4926 quid
3164 4855 3233 4909 sit
3262 4854 3537 4923 intelligis.

1967 4960 2347 5016 Verumtamen
2370 4951 2591 5009 intende
2613 4949 2739 5021 quid
2763 4958 2921 5005 sonet
2946 4946 3295 5003 disertissima
3326 4945 3410 5000 illa
3434 4944 3537 5000 lla-

1968 5053 2179 5125 gaitana
2233 5045 2495 5103 sententia
2524 5062 2537 5098 :
2570 5042 2759 5112 Optata
2805 5040 3046 5113 Quidam,
3093 5037 3286 5108 inquit,
3324 5035 3553 5105 pacis-et

1972 5142 2254 5200 concordia
2282 5147 2354 5194 est
2374 5138 2558 5210 juncta
2576 5135 2598 5167 ⁸
2625 5133 2970 5206 germanitas;
2998 5132 3128 5186 sicut
3150 5130 3396 5197 scriptum
3419 5137 3496 5181 est
3517 5168 3534 5194 ,

1979 5255 2005 5291 «η
2033 5234 2245 5291 Justitia
2266 5240 2312 5287 et
2332 5247 2435 5303 pas:
2453 5230 2689 5285 emutatis
2711 5236 2829 5281 sunt
2845 5225 3056 5279 inuicem
3081 5242 3101 5275 ι
3122 5220 3290 5294 (ρωι.
3321 5236 3542 5289 uxxtv,

1975 5328 2068 5399 li)
2097 5344 2111 5381 :
2139 5326 2228 5380 sed
2279 5323 2497 5379 veridica
2534 5320 2672 5375 unde
2698 5321 2753 5373 in
2799 5332 3000 5388 asperos
3038 5313 3273 5383 scopulos
3316 5311 3541 5369 mul-

1975 5421 2139 5477 ierum
2164 5419 2415 5489 naufraga
2455 5414 2681 5485 projch
2728 5418 2844 5465 sunt
2876 5406 3131 5471 membra,
3180 5404 3548 5476 12'9ng

1978 5509 2255 5568 admodum
2279 5506 2508 5578 exemplo
2537 5500 2845 5575 pereuntium
2874 5494 3134 5567 funeribus
3155 5495 3304 5567 plena
3321 5503 3439 5551 sunt
3458 5493 3544 5551 lit»

2042 5731 2060 5763 ί
2088 5737 2187 5778 Am.
2214 5731 2265 5777 et
2287 5732 2409 5783 stas,
2436 5716 2662 5783 moribus,

2040 5793 2063 5824 ι
2087 5773 2276 5851 mea
2295 5773 2424 5843 ωε,
2447 5794 2507 5851 ηρ
2528 5780 2580 5831 in
2602 5778 2703 5851 in.

2044 5855 2064 5885 s
2088 5835 2245 5909 iul—iii,
2262 5835 2555 5911 persecutos.
2601 5840 2769 5911 melius
2795 5835 2976 5911 aliquot
3011 5846 3117 5891 Mss.
3134 5874 3149 5903 ,
3172 5835 3429 5906 pérsecttti.

2044 5915 2066 5946 δ
2090 5919 2139 5960 In
2159 5900 2287 5969 Mss;
2306 5905 2513 5966 invicta;
2537 5904 2633 5964 vel,
2658 5900 2888 5962 injtmrln.
