4010 6468
456 535 589 588 tora,
615 517 794 589 quibus
813 514 866 568 in
905 511 1018 583 ipsa
1048 515 1208 562 morte
1226 506 1390 575 major
1416 511 1488 558 est
1515 514 1661 596 poena
1687 539 1701 563 ,
1733 492 1868 596 quod
1920 497 2032 596 post

459 615 707 669 extortam
728 605 873 677 aquis
901 600 1166 656 ultricibus
1190 598 1432 661 animam,
1465 609 1554 647 nec
1579 592 1744 660 ipsam
1778 591 2036 687 inveniunt

457 705 787 777 sepulturam.
809 697 897 754 lsti
920 709 1046 764 ergo
1075 708 1180 746 non
1209 690 1379 743 solum
1408 683 1829 777 mortui,verum
1855 683 2038 739 etiam,

459 772 605 867 quod
631 803 714 848 est
739 787 952 862 gravius
973 827 987 851 ,
1009 781 1281 852 insepulti,
1310 775 1578 850 quomodo
1598 772 1897 869 baptizare
1947 781 2042 869 po—

460 858 716 944 tuerunt?
745 858 1034 949 Ouomodo
1082 872 1281 946 profuit
1335 869 1529 925 lavatio
1563 867 1662 933 eis,
1697 863 1787 933 qui
1837 860 1904 914 ab
1955 858 2040 911 bis

459 977 693 1036 mortuis
722 971 974 1044 baptizati
999 977 1152 1034 sunt,
1181 979 1313 1036 quos
1344 963 1398 1018 in
1421 958 2043 1055 eodem-lavacro-susce-

458 1078 584 1142 ptos
609 1067 786 1122 denuo
825 1078 930 1118 non
973 1059 1196 1124 lavistis,
1224 1056 1270 1112 si
1297 1062 1354 1110 ut
1377 1061 1530 1124 putas
1580 1046 1710 1142 illud
1742 1045 2045 1142 intelligen-

462 1133 590 1217 dum
611 1158 738 1214 est?
764 1154 895 1210 Nam
917 1151 1056 1223 quod
1089 1151 1139 1204 in
1167 1146 1392 1218 epistola
1417 1158 1558 1208 mea,
1587 1140 1675 1195 cui
1718 1133 2046 1206 respondere

463 1255 562 1311 tibi
585 1238 782 1307 videris
804 1292 819 1317 ,
851 1257 1002 1320 putas
1027 1242 1169 1314 quod
1205 1239 1332 1296 idoli
1361 1239 1622 1293 cultorem
1653 1241 1904 1332 tan-quam
1922 1241 2047 1332 gra:

463 1346 668 1403 vissimi
695 1342 898 1414 peccati
919 1354 1069 1396 reum
1101 1331 1468 1391 tantummodo
1507 1325 1807 1397 exceperim
1840 1321 1984 1395 (Lib.
2017 1320 2043 1373 1

467 1447 644 1496 contra
674 1436 888 1489 Litteras
921 1429 1194 1491 Petiliani,
1233 1444 1287 1480 η.
1321 1425 1446 1492 10);
1481 1429 1536 1476 et
1561 1421 1727 1474 instas
1756 1414 2051 1470 vehemen-

470 1539 573 1597 ter,
599 1538 658 1583 ut
702 1526 893 1596 probes
939 1521 1143 1577 nullum
1166 1517 1336 1586 excipi
1361 1521 1697 1584 peccatorem
1729 1508 1784 1562 in
1814 1521 1879 1562 eo
1907 1502 2050 1574 quod

467 1623 878 1691 scriptumcsse
904 1615 1060 1678 dicis,
1095 1610 1275 1666 Oleum
1320 1604 1595 1678 peccatoris
1636 1599 1753 1656 nolo
1777 1605 2050 1702 ungatca-

471 1722 563 1785 put
613 1726 780 1764 meum
830 1724 848 1762 :
893 1706 1222 1761 Felicianum
1280 1708 1334 1755 et
1385 1698 1763 1796 Prrctextatum
1801 1698 2048 1796 respice,

467 1817 650 1864 utrum
683 1813 986 1877 peccatores
1025 1814 1130 1854 non
1185 1795 1403 1857 fuerint,
1432 1788 1644 1862 quando
1679 1786 2054 1886 sacrilegii

468 1907 596 1954 tena
625 1873 746 1952 cum
777 1891 1104 1948 Maximiano
1133 1884 1370 1958 pertrahi
1391 1899 1419 1937 a
1452 1892 1558 1937 tam
1609 1893 1804 1948 magno
1827 1873 2054 1930 concilio

472 1989 804 2045 dicebantur.
837 1982 988 2039 Aude
1028 1993 1277 2035 asserere
1302 2019 1317 2044 ,
1363 1975 1502 2029 aude
1551 1968 1894 2034 contendere,
1919 1965 2056 2020 aude

473 2081 662 2137 saltem
690 2077 889 2141 dicere,
919 2081 1224 2142 peccatores
1241 2067 1456 2139 quidem
1476 2064 1659 2127 fuisse,
1685 2060 1777 2116 sed
1798 2059 2052 2121 occultos,

473 2185 609 2241 quos
639 2169 712 2223 ibi
739 2169 858 2237 lego
915 2143 1103 2220 famosi
1141 2159 1382 2216 criminis
1412 2172 1554 2212 reos.
1598 2147 2058 2241 Quanquamietsi

475 2240 672 2317 leviter
695 2256 1062 2330 pcccavissent
1081 2294 1096 2318 ,
1132 2251 1232 2306 etsi
1261 2249 1573 2311 latuisscnt;
1603 2254 1657 2299 tu
1698 2243 1802 2297 hoc
1825 2240 2060 2342 testimo-

476 2351 570 2408 nio
595 2349 736 2420 quod
763 2349 916 2419 ponis
938 2346 1004 2401 de
1029 2345 1150 2400 oleo
1178 2339 1475 2412 peccatoris
1501 2339 1552 2392 in
1573 2337 1673 2391 ista
1701 2337 2057 2404 suggestione,

480 2453 806 2514 extorquere
825 2440 1036 2496 conaris
1062 2481 1078 2506 ,
1128 2437 1330 2493 nullum
1357 2434 1530 2504 excipi
1565 2439 1922 2502 peccatorem.
1959 2426 2061 2482 Ubi

484 2535 655 2603 eritis,
709 2534 757 2588 si
801 2534 872 2588 ita
911 2532 1023 2587 est?
1078 2544 1182 2600 quo
1210 2525 1459 2599 fugietis?
1495 2525 1548 2579 in
1589 2523 1778 2594 quibus
1809 2535 1904 2575 vos
1931 2520 2070 2574 late-t

478 2628 623 2696 bris,
683 2642 806 2682 cum
847 2624 1042 2680 vestris
1093 2619 1366 2690 sacrilegis
1397 2659 1412 2685 ,
1462 2631 1584 2672 cum
1634 2613 1828 2670 vestris
1873 2611 2064 2667 famosi

481 2719 730 2784 criminis,
752 2719 879 2784 reis,
906 2732 1028 2772 cum
1047 2714 1240 2771 vestris
1264 2709 1608 2769 cadaveribus
1631 2705 1929 2778 insepultis,
1945 2704 2066 2759 abs-

477 2814 708 2871 condere
725 2812 965 2884 poteritis
981 2811 1004 2865 ‘l

558 2907 648 2964 l9.
690 2906 850 2973 Dicis,
882 2919 1004 2959 cum
1035 2902 1302 2972 objicitur,
1331 2915 1429 2970 qua
1451 2897 1591 2952 nobis
1622 2895 1825 2950 licentia
1849 2895 1929 2960 ius
1963 2891 2069 2946 Ba-

493 2998 674 3071 ptismi
693 2997 1017 3062 uindicemus,
1053 2993 1188 3064 quod
1211 3007 1314 3045 non
1343 2990 1405 3042 de
1425 2988 1602 3042 merito
1623 2995 1846 3052 actuum,
1879 2999 1981 3038 non
2006 2983 2068 3037 de

479 3092 595 3146 vita
620 3089 906 3144 innocentia
925 3094 1216 3150 tractemus,
1233 3081 1320 3135 sed
1337 3080 1632 3150 cuicumque
1653 3077 1802 3130 licere
1816 3077 2065 3142 dicamus,

481 3191 530 3237 et
552 3182 698 3252 quasi
727 3177 1071 3250 prtejudicatis
1100 3173 1394 3228 criminibus
1423 3171 1495 3224 rei
1527 3171 1568 3235 ί,
1619 3169 1740 3222 dum
1765 3177 1809 3221 et
1835 3175 2069 3238 peccato-

480 3274 624 3328 ribus
652 3273 814 3326 inesse
845 3266 1145 3339 baptizandi
1187 3264 1480 3335 facultatem
1521 3261 1750 3315 volumus
1776 3257 2069 3322 ostendere,

488 3381 584 3420 nos
637 3372 807 3435 aperte
858 3375 1090 3431 peccasse
1130 3361 1379 3428 fateamur
1411 3369 1430 3408 :
1454 3351 1602 3423 quasi
1630 3358 1845 3421 propter
1882 3347 2072 3402 merita

485 3465 671 3512 nostra
715 3463 898 3510 contra
939 3454 1108 3508 Deum
1138 3448 1296 3504 nobis
1343 3445 1669 3516 loquendum
1701 3445 1789 3507 sit,
1823 3452 2069 3510 utquam

482 3550 613 3620 justi
666 3563 870 3613 sumus,
903 3555 1009 3600 tam
1035 3543 1233 3614 justum
1260 3540 1592 3611 Baptismum
1627 3552 1749 3592 esse
1773 3536 2067 3600 faciamus;

487 3656 611 3698 cum
637 3647 693 3697 et
720 3639 849 3695 nulli
880 3637 1154 3693 hominum
1180 3634 1250 3690 de
1281 3648 1375 3689 sua
1402 3631 1605 3703 justitia
1643 3626 2071 3700 prmsumendum

488 3735 596 3801 sit;
628 3742 682 3788 et
726 3731 850 3786 hinc
893 3727 1126 3784 maxime
1165 3726 1495 3795 Baptismum
1527 3719 1729 3777 Christi
1777 3719 2070 3790 probemus

489 3839 631 3894 esse,
663 3839 768 3880 non
798 3821 1072 3878 hominum
1095 3862 1110 3888 ,
1141 3820 1263 3889 quia
1285 3832 1393 3873 non
1419 3816 1479 3871 ﬁt
1500 3815 1684 3870 varius
1711 3811 2070 3867 humanorum

487 3917 747 3974 varietate
774 3914 1108 3970 meritorum.
1144 3910 1297 3968 Unde
1341 3908 1562 3964 uberius
1589 3907 1935 3975 disputarem,
1969 3903 2073 3958 nisi

491 4025 522 4065 a
552 4009 707 4066 vobis
735 4008 861 4063 dato
889 4004 1209 4076 compendio
1237 4003 1409 4073 magis
1423 4009 1622 4056 uterer.
1641 3998 1902 4069 Suscepto
1930 3997 2073 4053 enim

490 4107 784 4178 Baptismo,
816 4119 990 4174 neque
1015 4102 1309 4166 destructo,
1335 4111 1494 4168 quem
1513 4095 1954 4151 Maximianenses
1978 4092 2073 4148 de-

493 4197 720 4262 derunt,
751 4195 964 4265 aspides
989 4236 1004 4263 ,
1037 4193 1255 4263 viperae,
1296 4187 1594 4261 parricidae,
1627 4186 1882 4243 cadavera
1908 4184 2075 4258 Egy-

491 4288 623 4357 ptia,
658 4295 713 4341 et
733 4284 990 4355 quidquid
1035 4283 1179 4338 aliud
1206 4283 1259 4336 in
1299 4295 1395 4336 eos
1419 4279 1727 4348 Bagaiensis
1752 4277 1984 4343 concilii,
2015 4283 2076 4332 ut

493 4388 677 4434 nostra
708 4391 865 4432 causa
891 4375 1142 4430 facillima
1170 4375 1342 4439 lieret,
1371 4388 1464 4426 ore
1508 4369 1862 4440 grandiloquo
1890 4369 2073 4424 decla-

495 4480 698 4526 matum
720 4477 836 4533 est;
858 4466 989 4522 satis
1013 4475 1068 4520 et
1092 4466 1190 4535 ipsi
1216 4464 1516 4533 judicastis,
1550 4479 1656 4517 non
1691 4478 1876 4517 eorum
1911 4463 2075 4516 meri-

497 4565 564 4619 tis
590 4578 619 4617 a
649 4562 841 4632 quibus
882 4559 1235 4624 ministratur,
1258 4571 1359 4611 nec
1381 4571 1564 4610 eorum
1591 4555 1781 4624 quibus
1809 4554 2078 4608 ministra-

494 4666 602 4721 tur,
630 4663 875 4728 constare
899 4651 1248 4721 Baptismum,
1270 4647 1363 4704 sed
1390 4646 1603 4718 propria
1621 4645 1898 4701 sanctitate
1919 4653 2074 4715 atque

494 4746 757 4813 veritate,
804 4751 1024 4815 propter
1079 4757 1200 4798 eum
1252 4756 1282 4794 a
1321 4753 1427 4810 quo
1475 4737 1748 4792 institutus
1793 4746 1904 4805 est,
1936 4734 2076 4792 male

498 4839 789 4896 utentibus
823 4837 887 4892 ad
932 4833 1244 4906 perniciem,
1275 4833 1413 4887 bene
1446 4830 1716 4886 utentibus
1733 4829 1799 4884 ad
1825 4831 2073 4885 salutem.

568 4933 796 4993 CAPUT
828 4930 1063 4988 xvu.—
1087 4929 1178 4984 ao.
1211 4911 1374 4984 Miror
1401 4934 1578 4984 autem
1620 4923 1886 4996 quomodo
1916 4924 2076 4980 etiam

1241 381 1513 445 CONTRA
1551 367 1984 436 CRESCONIUM
2023 366 2480 439 DONATISTAM,
2518 370 2576 430 S.
2616 371 2980 433 AUGUSTINI

3613 378 3727 442 560

2148 494 2350 543 tcxtato
2374 498 2430 544 et
2458 490 2727 547 Feliciano
2753 493 2804 547 in
2830 507 3014 548 eorum
3034 491 3242 565 populis
3265 495 3596 569 suscepistis,
3606 515 3721 570 jam
3749 503 3754 506 ’

2144 589 2330 635 contra
2353 581 2600 653 Cypriani
2625 599 2757 654 quas
2780 585 2954 640 dicitis
2976 587 3196 656 litteras,
3225 596 3280 644 et
3298 589 3724 663 quibuscumque

2145 671 2262 728 aliis
2285 673 2388 728 hoc
2412 674 2582 730 visum
2609 688 2710 741 est,
2741 677 2858 732 sine
2876 679 2982 733 ulla
3003 679 3332 737 dubitatione
3353 681 3573 738 fecistis.
3589 682 3726 740 Nam

2147 765 2290 837 quod
2334 766 2485 833 dicis,
2514 767 2810 826 Orientales
2852 770 2971 828 ideo
3010 781 3307 829 vestrorum
3346 776 3728 835 communione

2147 857 2422 924 discretos,
2451 860 2572 931 quia
2619 870 2800 931 postea
2838 864 2992 920 nobis
3035 855 3435 936 consentiendo,
3463 869 3726 940 judicium

2148 965 2301 1006 suum
2321 951 2462 1021 quod
2484 951 2782 1009 habuerunt
2808 954 2874 1011 de
2899 955 3169 1027 Baptismo
3197 960 3502 1018 rescindere
3526 963 3734 1020 malue-

2148 1053 2275 1099 runt
2301 1062 2314 1098 :
2346 1045 2390 1099 si
2420 1044 2523 1102 hoc
2547 1047 2614 1103 ab
2641 1049 2903 1119 aliquibus
2943 1053 3124 1123 paucis
3151 1054 3508 1113 Orientalibus
3529 1057 3732 1115 factum

2150 1135 2439 1206 est(quod
2489 1139 2701 1208 quidem
2743 1141 2968 1199 interest
3009 1154 3186 1201 utrum
3235 1148 3404 1218 possit
3435 1150 3690 1223 ostendi)
3718 1196 3734 1216 .

2151 1226 2388 1296 profecto
2413 1243 2567 1285 suum
2589 1231 2842 1301 judicium
2865 1245 3245 1306 correxerunt;
3277 1249 3330 1295 et
3351 1255 3446 1296 vos
3475 1254 3730 1314 suscepto

2153 1318 2424 1390 Baptismo
2453 1323 2539 1392 qui
2571 1324 2726 1380 datus
2755 1336 2834 1382 est
2859 1328 2910 1381 in
2953 1329 3238 1387 schismate
3276 1331 3603 1402 Maximiani,
3630 1350 3733 1390 an-

2153 1412 2354 1481 tiquam
2391 1423 2621 1470 vestram
2655 1418 2971 1474 sententiam
2999 1421 3311 1493 rescidistis,
3344 1435 3522 1482 tamen
3549 1427 3737 1484 vobis-

2153 1517 2273 1558 cum
2303 1505 2454 1572 estis,
2482 1517 2536 1561 et
2561 1523 2680 1563 cum
2704 1508 3058 1570 Orientalibus
3086 1530 3207 1572 esse
3234 1531 3339 1572 non
3363 1519 3542 1575 vultis.

2225 1595 2450 1653 CAPUT
2468 1597 2731 1655 XVlIl.—
2751 1602 2840 1658 21.
2884 1603 2990 1659 Sed
3037 1605 3282 1662 videlicet
3327 1609 3598 1667 invenisse
3642 1611 3739 1668 tibi

2153 1691 2351 1747 videris
2393 1693 2482 1748 ubi
2534 1705 2675 1750 tuam
2714 1697 3070 1768 eloquentiam
3109 1700 3378 1770 dilatares,
3407 1718 3530 1759 cum
3576 1705 3645 1760 ad
3685 1705 3738 1762 id

2157 1783 2296 1853 quod
2331 1799 2431 1855 ego
2459 1786 2511 1839 in
2556 1788 2777 1857 epistola
2820 1805 2938 1845 mea
2980 1792 3152 1861 posui,
3199 1793 3371 1848 Sit-ea
3399 1794 3683 1863 ﬁdeti,sive
3709 1814 3742 1851 ιι

2161 1876 2352 1946 perﬁdo
2369 1877 2710 1948 dispensatore
2731 1893 3097 1938 sacramentum
3131 1885 3381 1958 Baptismi
3404 1888 3613 1959 quisque
3627 1907 3743 1958 per-

2160 1970 2332 2038 cipiat,
2363 1987 2476 2042 spes
2504 1973 2550 2026 ei
2578 1975 2740 2028 onmis
2766 1975 2821 2028 in
2847 1974 3045 2031 Christo
3075 1978 3139 2032 sit
3167 1977 3302 2050 (Lib.
3337 1979 3554 2034 [contra
3580 1979 3741 2035 Litte-

2159 2080 2243 2117 ras
2273 2062 2533 2132 Petiliani,
2566 2083 2618 2120 η.
2651 2065 2706 2138 7)
2731 2085 2745 2122 :
2769 2069 3034 2124 exclamas
3062 2079 3116 2126 et
3157 2071 3322 2139 dicis,
3354 2071 3400 2128 0
3440 2076 3740 2145 praeclarum

2163 2155 2438 2211 sacerdotis
2471 2158 2773 2228 imperium!
2797 2177 2826 2215 ο
2851 2161 3126 2217 laudabilia
3165 2163 3282 2219 boni
3309 2167 3466 2235 patris
3495 2177 3739 2240 praecepta

2153 2246 2404 2316 justitiaz!
2427 2247 2596 2316 Nihil,
2625 2251 2812 2321 inquit,
2849 2255 2976 2307 inter
3019 2255 3218 2323 fidelem
3256 2257 3604 2329 perﬁdumque
3633 2259 3744 2313 dis-

2164 2353 2357 2405 cernas,
2381 2339 2512 2394 idem
2533 2339 2620 2394 tibi
2644 2342 2755 2410 pius
2781 2352 2930 2414 atque
2943 2345 3126 2416 impius
3150 2347 3378 2402 videatur
3397 2368 3417 2403 :
3436 2350 3563 2404 nihil
3585 2351 3747 2420 prod-

2166 2439 2236 2484 est
2289 2431 2429 2485 bonis
2475 2433 2695 2486 moribus
2749 2436 2940 2502 vivere;
3003 2439 3118 2508 quia
3162 2437 3405 2510 quidquid
3435 2441 3578 2512 justo
3611 2442 3746 2510 licet,

2168 2530 2327 2591 potest
2347 2533 2392 2576 et
2407 2523 2624 2593 injustus
2638 2526 2863 2597 implere.
2883 2527 3018 2594 Quid
3037 2529 3132 2583 hoc
3154 2541 3402 2602 prtecepto
3418 2534 3518 2588 dici
3529 2534 3750 2604 iniquius

2169 2621 2364 2682 potest:
2397 2613 2641 2685 Puriﬁcet
2685 2618 2842 2672 alium
2885 2621 3206 2690 maculosus,
3263 2623 3433 2678 abluat
3491 2625 3746 2695 sordidus,

2169 2704 2404 2757 emundet
2435 2705 2742 2775 immundus,
2761 2709 2842 2764 det
2857 2711 2907 2763 in
2912 2711 3076 2780 ﬁdelis
3092 2713 3263 2781 fidem,
3281 2715 3581 2771 criminosus
3597 2718 3751 2788 faciat

2168 2794 2521 2852 innocentem?
2543 2797 2668 2854 Haec
2684 2809 2829 2856 certe
2853 2803 3014 2858 verba
3045 2813 3130 2858 tua
3157 2814 3298 2871 sunt,
3317 2807 3506 2877 quibus
3539 2817 3752 2865 senten-

2173 2885 2297 2940 tiam
2327 2902 2500 2943 meam
2542 2890 2923 2960 reprehendis;
2953 2909 3072 2948 cum
3110 2895 3211 2952 hoc
3240 2913 3339 2968 ego
3379 2899 3598 2955 omnino
3647 2916 3753 2958 non

2172 2981 2568 3047 consenserim,
2615 2997 2788 3053 neque
2833 2986 3134 3056 scripserim
3169 2991 3462 3061 :quoniam
3511 3001 3566 3048 et
3616 2992 3756 3050 inter

2175 3069 2384 3126 fidelem
2417 3073 2788 3146 perﬁdumque
2815 3077 3100 3146 plurimum
3133 3080 3294 3138 distat
3323 3097 3428 3138 non
3471 3083 3541 3139 ad
3563 3083 3749 3141 Sacra-

2174 3173 2431 3232 mentum,
2465 3166 2509 3220 si
2547 3166 2647 3221 hoc
2675 3175 2896 3240 uterque
2925 3169 3104 3240 habet,
3133 3173 3227 3229 sed
3255 3173 3321 3228 ad
3349 3155 3752 3247 meritum,quis

2175 3257 2277 3312 hoc
2299 3259 2434 3314 alter
2461 3259 2526 3314 ad
2549 3261 2772 3317 salutem
2795 3262 2971 3333 habet,
2987 3265 3120 3320 alter
3136 3265 3201 3321 ad
3219 3283 3430 3337 pinnam
3454 3287 3467 3323 :
3494 3285 3592 3325 nec
3606 3270 3750 3340 quid-

2174 3349 2300 3419 quid
2340 3349 2485 3420 justo
2546 3352 2707 3420 licet,
2751 3362 2925 3425 potest
2969 3365 3024 3412 et
3057 3357 3283 3427 injustus
3332 3359 3587 3430 implere;
3635 3361 3750 3432 quia

2173 3443 2294 3499 etsi
2320 3451 2495 3513 potest
2539 3445 2766 3516 injustus
2805 3447 3095 3519 baptizare,
3126 3467 3231 3507 non
3277 3461 3451 3510 tamen
3481 3463 3658 3525 potest
3698 3456 3750 3512 in

2185 3552 2403 3606 regnum
2451 3538 2710 3594 caelorum
2741 3540 2969 3610 injustus
2994 3543 3192 3601 intrare
3225 3562 3238 3598 :
3267 3562 3368 3602 nec
3394 3548 3628 3618 purificat
3666 3549 3746 3605 vel

2176 3628 2342 3683 abluit
2369 3629 2451 3683 vel
2475 3631 2748 3700 emundat,
2790 3647 2890 3688 nec
2913 3634 3246 3692 innocentem
3272 3636 3397 3693 facit
3423 3653 3737 3710 quemquam

2177 3720 2266 3790 qui
2287 3720 2336 3775 ei
2363 3721 2628 3777 ministrat
2652 3722 3001 3794 Baptismum,
3033 3727 3126 3780 sed
3151 3727 3325 3784 dantis
3371 3729 3464 3784 Dei
3495 3730 3755 3800 gratia,et

2176 3812 2518 3882 percipientis
2537 3813 2674 3869 bona
2690 3816 3032 3870 conscientia.
3053 3816 3158 3873 Sed
3179 3827 3232 3872 tu
3246 3821 3421 3890 aspice
3439 3830 3614 3876 utrum
3629 3821 3759 3879 nihil

2178 3904 2316 3959 inter
2337 3904 2660 3961 Primianum
2679 3906 3111 3980 Felicianumque
3135 3912 3374 3978 distaret,
3393 3929 3513 3967 cum
3533 3913 3757 3969 Primia—

2177 4011 2278 4052 nus
2295 3997 2434 4052 inter
2452 4008 2714 4054 trecentos
2727 4000 2909 4056 decem
2931 4003 3152 4070 sedetet,
3184 4021 3213 4059 a
3235 4006 3423 4075 quibus
3441 4008 3527 4062 illc
3545 4007 3757 4063 diceba-

2177 4095 2264 4143 tur
2279 4128 2293 4155 ,
2325 4089 2460 4158 quod
2480 4106 2720 4144 venenum
2736 4093 2970 4161 aspidum
2990 4105 3113 4149 esset
3133 4096 3225 4150 sub
3241 4097 3385 4151 labiis
3411 4100 3544 4169 ejus,
3560 4108 3607 4153 et
3623 4100 3755 4154 velo-

2177 4197 2256 4235 ces
2284 4179 2484 4236 haberet
2512 4184 2661 4254 pedes
2691 4185 2759 4238 ad
2786 4181 3146 4252 effundendum
3167 4190 3480 4260 sanguinem,
3509 4203 3555 4246 et
3574 4194 3758 4248 contri-

2180 4275 2366 4328 bulatio
2386 4283 2434 4330 et
2453 4276 2724 4345 infelicitas
2737 4277 2790 4331 in
2809 4279 2901 4333 viis
2913 4281 3040 4350 ejus,
3064 4291 3109 4334 et
3128 4282 3261 4336 viam
3294 4284 3433 4353 pacis
3460 4301 3565 4340 non
3599 4303 3756 4358 agno-

2178 4376 2357 4433 sceret,
2389 4383 2477 4421 nec
2509 4379 2634 4421 esset
2664 4371 2812 4423 timor
2838 4370 2934 4425 Dei
2979 4383 3095 4428 ante
3113 4375 3286 4429 oculos
3312 4376 3614 4446 ejus(Psal.
3642 4396 3755 4448 xm,

2181 4459 2448 4529 5):utrum
2471 4469 2592 4516 tunc
2618 4478 2721 4516 non
2746 4473 2888 4518 esset
2917 4466 3236 4534 maculosus,
3268 4456 3594 4535 immundus,
3642 4487 3758 4527 sor-

2180 4551 2356 4618 didus,
2379 4554 2466 4622 qui
2495 4570 2581 4608 vas
2627 4555 2887 4609 sordidum
2917 4559 3124 4613 collecta
3145 4563 3432 4631 faeculentia
3452 4564 3757 4634 glutinavit;

2181 4660 2286 4699 non
2317 4645 2562 4711 infidelis,
2600 4663 2842 4702 venenum
2864 4651 3097 4722 aspidum
3123 4652 3213 4706 sub
3241 4653 3384 4708 labiis
3399 4656 3628 4722 habens;
3652 4672 3755 4712 non

2181 4737 2519 4806 criminosus,
2548 4739 2729 4810 famosi
2751 4743 2974 4798 criminis
2991 4761 3120 4800 reus.
3142 4745 3210 4800 Et
3226 4755 3403 4804 tamen
3421 4757 3474 4804 et
3490 4749 3608 4819 ipse
3635 4765 3754 4804 cum

2182 4831 2452 4886 Primiano
2488 4849 2627 4888 nunc
2653 4844 2830 4890 vester
2853 4837 3132 4908 episc0pus
3156 4839 3307 4895 sedet
3337 4855 3351 4893 :
3379 4849 3432 4895 et
3457 4856 3593 4911 quos
3636 4851 3758 4897 tunc

2128 4984 2140 5001 τ’
2181 4924 2489 4995 baptizavit,
2509 4943 2767 4998 nusquam
2786 4938 2967 4999 postea
2980 4931 3118 4987 lotos
3133 4933 3402 4989 vobiscum
3422 4951 3563 4991 nunc
3580 4937 3757 5002 habet.

493 5032 592 5088 tibi
620 5028 926 5102 persuaderi
954 5025 1204 5096 potuerit,
1235 5033 1293 5078 ut
1320 5023 1374 5078 in
1406 5032 1492 5077 tua
1536 5021 1891 5091 disputatione
1928 5007 2155 5091 menrl
2251 5019 2478 5076 CAPUT
2504 5019 2721 5076 XlX.—
2742 5021 2833 5077 22.
2875 5023 2942 5078 Et
2985 5023 3160 5080 adhuc
3206 5027 3452 5097 pugnatis
3503 5029 3760 5085 adversus

497 5127 694 5183 tionem
714 5124 916 5178 faceres
939 5120 1210 5192 Cypriani,
1225 5117 1377 5187 cujus
1398 5116 1587 5171 litteris
1612 5115 1771 5170 etiam
1799 5114 1926 5184 ipsis
1946 5127 2078 5182 quas

495 5218 614 5288 ejus
639 5232 755 5272 esse
799 5215 973 5270 dicitis
1023 5213 1089 5268 de
1127 5212 1396 5281 Baptismo
1438 5209 1777 5274 destruendo,
1801 5208 1891 5278 qui
1935 5208 2080 5282 apud

497 5311 775 5365 hmreticos
813 5308 894 5363 vel
911 5305 1277 5362 schismaticos
1320 5303 1494 5370 datur,
1541 5312 1649 5357 tota
1695 5317 1855 5358 causa
1898 5312 2077 5358 vestra

499 5401 840 5456 subvertitur.
890 5396 995 5453 Sed
1040 5396 1142 5450 hoc
1179 5395 1434 5448 adversus
1482 5393 1949 5459 Maximianenses,
1991 5391 2078 5447 vel

499 5492 634 5546 alios
663 5491 753 5561 qui
792 5489 1117 5557 Baptismum
1166 5486 1282 5540 sive
1329 5483 1465 5554 apud
1507 5499 1626 5549 nos,
1650 5483 1760 5537 sive
1797 5483 1936 5552 apud
1984 5497 2080 5538 vos

501 5583 683 5637 datum
713 5597 818 5635 non
837 5579 1319 5649 suscipiunt,agere
1345 5575 1599 5631 debemus
1623 5591 1638 5627 :
1658 5589 1751 5629 vos
1776 5583 1949 5630 autem
1969 5575 2081 5645 jam

504 5689 718 5729 causam
750 5674 904 5726 istam
949 5671 1079 5726 mira
1108 5671 1357 5725 facilitate
1385 5669 1594 5731 ﬁniatis.
1625 5670 1727 5732 iam
1756 5670 2080 5732 Baptismum

505 5765 559 5821 in
607 5762 1191 5831 sacrilego'schismate
1235 5761 1538 5815 Maximiani
1579 5760 1759 5815 datum
1789 5777 1906 5817 eum
1935 5763 2082 5819 Prtc~

568 5858 584 5889 ι
613 5863 712 5905 Duo
735 5859 863 5915 Mss,
887 5857 931 5904 et
957 5851 1095 5917 quasi
1116 5851 1426 5916 pra’judicati
1445 5852 1723 5906 criminibus
1744 5869 1832 5908 rei.

2181 5107 2592 5178 veritatem,nec
2616 5114 2907 5170 conceditis
2925 5123 2982 5170 ut
2999 5113 3231 5171 Christus
3257 5134 3453 5188 semper
3476 5119 3562 5173 det
3581 5121 3754 5190 ﬁdem,

2183 5203 2411 5270 Christus
2437 5205 2502 5258 sit
2527 5205 2668 5277 origo
2695 5205 2994 5272 christiani;
3018 5206 3073 5262 in
3105 5207 3304 5264 Christo
3352 5209 3578 5265 radicem
3616 5212 3760 5267 chri-

2185 5297 2378 5351 stianus
2391 5297 2591 5368 infigat,
2610 5296 2838 5353 Christus
2857 5300 3118 5355 christiani
3133 5303 3197 5356 sit
3219 5311 3369 5373 caput
3391 5301 3570 5375 (Libd
3588 5312 3765 5360 contra

2189 5391 2402 5445 Litteras
2454 5389 2715 5459 Petiliani,
2766 5409 2819 5446 η.
2861 5389 2938 5466 6).
2995 5393 3198 5462 Quibus
3218 5396 3396 5452 verbis
3415 5396 3552 5452 meis
3573 5397 3631 5454 in
3671 5397 3766 5453 illa

2186 5485 2406 5554 epistola
2433 5493 2618 5538 contra
2663 5484 2980 5540 Petilianum
3005 5487 3207 5556 positis,
3242 5497 3326 5543 tua
3353 5488 3512 5544 verba
3540 5490 3765 5560 subjun-

2186 5575 2286 5646 gis,
2320 5583 2374 5629 et
2398 5575 2529 5630 dicis
2561 5593 2573 5628 :
2609 5574 2720 5630 Hoc
2748 5585 2793 5631 et
2820 5593 2912 5631 nos
2937 5577 3223 5646 suademus,
3248 5579 3340 5633 hoc
3382 5580 3650 5646 volumus;
3679 5579 3766 5636 sed

2187 5667 2458 5738 quaerimus
2480 5683 2569 5737 per
2605 5683 2752 5736 quem
2780 5669 2874 5723 hoc
2901 5669 3080 5726 melius
3115 5672 3226 5741 ﬁat.
3278 5671 3388 5727 Nec
3410 5673 3641 5729 attendis
3665 5671 3767 5727 hoc

2188 5774 2294 5814 non
2323 5758 2553 5814 suadere
2596 5758 2929 5826 Petilianum,
2966 5761 3052 5817 cui
3083 5772 3206 5820 tunc
3233 5763 3508 5834 respondi,
3539 5773 3594 5820 et
3615 5763 3766 5833 cujus

2190 5852 2469 5925 epistolam
2509 5851 2765 5912 adversus
2810 5855 3211 5929 responsionem
3259 5872 3432 5914 meam
3476 5856 3762 5916 defendere
