4010 6504
262 522 359 580 561

262 647 420 705 atque
465 632 734 688 afﬁrmare
774 629 984 686 conaris
1009 669 1023 684 .
1065 628 1157 685 llle
1201 628 1395 700 quippe
1435 624 1568 681 dixit
1603 632 1827 695 aperte:

260 727 578 784 Conscientia
617 733 786 780 sancte
823 724 987 778 dantis
1011 724 1300 788 attenditur,
1351 736 1463 791 quae
1502 720 1671 773 abluat
1699 719 1836 771 acci-

262 820 473 891 pientis;
496 834 615 871 nam
649 817 733 887 qui
771 816 920 884 ﬁdem
946 832 978 868 a
1012 815 1203 885 perﬁdo
1241 812 1531 883 sumpserit,
1550 827 1648 865 non
1687 809 1839 879 [idem

260 911 495 982 percipit,
517 908 607 963 sed
651 917 863 961 reatum.
889 906 986 961 Dic
1031 905 1162 961 mihi
1206 919 1366 975 quem
1404 904 1582 958 locum
1626 900 1837 956 Christo

260 1002 540 1072 reliquerit
564 1000 632 1054 ad
657 998 981 1053 abluendum
1029 996 1408 1053 conscientiam
1436 993 1720 1065 baptizati;
1750 1000 1841 1047 aut

260 1109 291 1149 a
318 1107 425 1164 quo
471 1090 633 1146 ﬁdem
665 1089 927 1160 percipiat
968 1089 1282 1158 baptizatus,
1310 1086 1520 1157 quando
1566 1085 1844 1141 conscien-

260 1186 390 1241 tiam
433 1184 610 1239 dantis
653 1182 791 1237 dicis
819 1181 1022 1238 attendi
1065 1197 1183 1252 quae
1211 1180 1411 1247 abluat,
1454 1190 1637 1234 etnon
1683 1178 1841 1233 ﬁdem

261 1279 571 1347 percipere,
614 1272 709 1329 sed
765 1273 1132 1341 reatum,'qui
1174 1270 1330 1327 ﬁdem
1369 1271 1531 1325 sumit
1567 1267 1839 1339 apertido.

261 1366 341 1425 Tu
369 1366 585 1437 quidem
621 1364 968 1420 succumbere
988 1366 1003 1396 ¹
1034 1363 1231 1418 videris
1272 1371 1417 1418 tanto
1446 1362 1667 1432 ponderi
1701 1360 1843 1416 veri-

260 1458 409 1525 tatis,
440 1466 493 1512 et
522 1456 653 1512 dicis
678 1455 780 1511 hoc
809 1465 861 1511 te
885 1455 1133 1523 suadere,
1161 1465 1213 1510 et
1238 1455 1341 1510 hoc
1390 1455 1547 1522 velle,
1578 1462 1634 1508 ut
1685 1453 1843 1509 Chri-

260 1560 377 1607 stus
406 1548 499 1605 det
518 1547 871 1617 ﬁdem,atque
897 1548 963 1602 ad
984 1546 1266 1602 iucundam
1292 1547 1452 1602 vitam
1477 1560 1665 1601 novam
1686 1544 1846 1600 Chri-

261 1654 377 1699 stus
426 1642 606 1697 abluat
646 1640 1040 1705 christianum;
1087 1640 1281 1710 quaeris
1320 1648 1495 1695 autem
1539 1654 1635 1710 per
1686 1652 1843 1708 quem

259 1734 455 1791 melius
492 1733 601 1800 ﬁat,
648 1732 790 1803 quod
850 1732 965 1787 sine
1004 1730 1245 1787 ministro
1288 1730 1401 1785 ﬁeri
1460 1745 1567 1785 nou
1614 1738 1840 1799 oportet.

263 1825 559 1880 Petilianus
585 1832 767 1879 tamen
791 1838 898 1878 non
938 1823 1091 1889 dixit,
1119 1820 1458 1877 Conscientia
1499 1821 1845 1875 ministrantis

263 1914 578 1981 attenditur,
618 1930 713 1985 per
739 1929 897 1985 quam
929 1913 1170 1969 Christus
1198 1912 1378 1967 abluat
1408 1911 1734 1981 accipientis,
1756 1918 1848 1965 aut

261 2022 357 2079 per
404 2022 564 2077 quam
600 2006 844 2061 Christus
871 2005 960 2060 det
1002 2004 1160 2060 ﬁdem
1191 2022 1205 2059 :
1237 2004 1331 2059 sed
1360 2003 1477 2073 ipsa
1519 2001 1844 2058 conscientia

262 2099 458 2166 dantis,
502 2098 668 2152 voluit
712 2097 1021 2167 accipientis
1063 2096 1205 2151 ablui
1250 2095 1629 2150 conscientiam
1656 2134 1670 2149 .
1737 2093 1845 2149 Nec

262 2189 421 2254 dixit,
452 2187 702 2258 Quisquis
743 2186 902 2242 ﬁdem
931 2203 1024 2258 per
1069 2186 1327 2256 perﬁdum
1356 2186 1675 2255 sumpserit’
1696 2225 1711 2250 ,
1738 2200 1845 2239 non

268 2278 425 2334 ﬁdem
465 2278 712 2348 percipit,
738 2277 833 2334 sed
863 2286 1095 2343 reatum;
1124 2284 1180 2331 ut
1204 2292 1234 2330 a
1260 2275 1473 2331 Christo
1493 2275 1731 2346 quamvis
1751 2289 1846 2345 per

264 2369 426 2424 alium
467 2384 680 2425 sumere
704 2368 973 2424 videretur
1003 2387 1015 2422 :
1049 2368 1143 2425 sed
1168 2369 1385 2423 omnino
1407 2366 1559 2433 dixit,
1579 2367 1622 2423 A
1652 2366 1845 2435 perﬁdo

261 2463 551 2533 sumpserit.
591 2462 763 2531 Atque
799 2460 867 2515 ad
904 2460 1026 2528 hoc,
1073 2460 1220 2530 quasi
1266 2460 1533 2531 probaret,
1584 2459 1843 2529 adjunxit,

268 2553 446 2608 Omnis
474 2554 607 2606 enim
634 2568 713 2606 res
759 2552 953 2622 origine
979 2558 1025 2605 et
1070 2552 1245 2605 radice
1270 2551 1530 2617 consistit;
1558 2559 1605 2603 et
1625 2552 1668 2603 si
1696 2558 1847 2620 caput

270 2663 370 2702 non
389 2646 571 2700 habeat
588 2644 801 2715 aliquid,
822 2645 948 2699 nihil
966 2654 1037 2699 est
1060 2662 1079 2699 :
1104 2646 1275 2715 ipsum
1294 2645 1495 2700 scilicet
1520 2644 1844 2714 ministrum,

264 2738 413 2809 cujus
433 2738 814 2793 conscientiam
840 2735 972 2791 dixit
996 2736 1217 2802 attendi,
1235 2752 1338 2791 non
1371 2753 1467 2807 per
1511 2752 1669 2809 quam
1694 2736 1848 2793 Chri-

263 2838 375 2884 stus
405 2827 605 2894 abluat,
626 2826 720 2882 sed
742 2842 859 2896 qua:
879 2825 1061 2882 abluat
1078 2828 1403 2899 accipientis,
1431 2828 1601 2897 ipsum
1632 2843 1847 2898 prorsus

266 2919 567 2975 ministrum
620 2918 902 2988 originem,
946 2917 1179 2974 radicem
1208 2929 1469 2990 caputque
1511 2920 1708 2975 faciens
1749 2920 1847 2976 ba-

266 3013 467 3081 ptizati.

334 3100 561 3158 CAPUT
590 3100 693 3157 XX
707 3132 797 3155 .—
825 3102 922 3158 25.
967 3102 1199 3158 Proinde
1244 3101 1346 3159 hoc
1386 3104 1525 3170 loco,
1558 3118 1665 3159 non
1702 3103 1846 3159 Peti-

263 3193 425 3259 liano,
455 3192 608 3264 cujus
632 3193 794 3250 verba
827 3210 932 3249 non
951 3193 1254 3260 defendisti,
1283 3194 1379 3250 sed
1401 3196 1496 3250 tibi
1524 3196 1841 3266 respondeo,

262 3285 355 3356 qui
381 3300 479 3355 pro
523 3294 611 3340 tua
658 3288 921 3342 sententia
959 3286 1141 3343 nescio
1184 3286 1309 3358 quid
1345 3286 1511 3355 aliud,
1556 3303 1661 3343 non
1706 3288 1848 3359 quod

263 3376 374 3443 ille,
409 3376 610 3432 dixisti.
654 3377 734 3433 Tu
782 3380 962 3446 enim,
1003 3380 1140 3434 sicut
1182 3378 1392 3445 scribis,
1444 3379 1546 3434 hoc
1591 3382 1693 3448 vis,
1746 3380 1849 3435 hoc

266 3468 487 3534 suades,
510 3478 711 3534 utnon,
744 3470 881 3525 sicut
927 3470 1080 3537 dixit,
1112 3470 1437 3526 conscientia
1468 3480 1648 3526 sancte
1673 3471 1847 3527 dantis

268 3558 459 3614 abluat
504 3560 867 3629 accipientem,
899 3561 983 3616 vel
1031 3560 1316 3630 accipienti
1344 3561 1433 3615 det
1463 3560 1643 3629 ﬁdem,
1675 3577 1847 3632 neque

263 3658 324 3705 ut
353 3650 471 3719 ipsa
494 3650 561 3703 sit
586 3651 730 3721 origo
759 3660 813 3705 et
840 3651 991 3705 radix
1019 3659 1282 3722 caputque
1314 3650 1609 3716 credentis;
1638 3652 1731 3706 sed
1752 3668 1848 3722 per

264 3742 435 3813 ipsam
461 3739 701 3796 Christus
730 3742 927 3807 abluat,
961 3734 1053 3812 per
1082 3742 1253 3813 ipsam
1280 3742 1524 3799 Christus
1547 3743 1637 3799 det
1663 3744 1844 3813 ﬁdem,

266 3849 359 3903 per
389 3834 559 3905 ipsam
602 3831 845 3889 Christus
870 3834 939 3890 sit
967 3835 1115 3904 origo
1144 3834 1441 3902 christiani,
1472 3850 1567 3905 per
1596 3835 1762 3904 ipsam
1793 3836 1847 3889 in

263 3923 478 3979 Christo
508 3924 741 3979 radicem
781 3924 1099 3980 cbristiauus
1127 3925 1330 3996 inﬁgat,
1364 3940 1458 3995 per
1488 3926 1655 3993 ipsam
1688 3924 1848 3979 Chri-

263 4022 375 4070 stus
401 4015 678 4069 christiani
705 4016 771 4069 sit
795 4026 971 4087 caput.
998 4016 1121 4072 ideo
1150 4018 1293 4071 enim
1324 4018 1518 4085 quaeris
1554 4031 1648 4085 per
1684 4031 1841 4086 quem

263 4107 453 4162 melius
484 4106 597 4174 ﬁat,
626 4107 767 4177 quod
790 4123 821 4163 a
842 4108 1058 4163 Christo
1096 4108 1213 4163 ﬁeri
1244 4106 1491 4161 concedis
1524 4124 1535 4159 :
1572 4107 1660 4161 ubi
1686 4116 1740 4163 et
1766 4116 1842 4173 tu,

263 4205 523 4267 quantum
558 4196 734 4264 video,
768 4212 874 4252 non
914 4213 1075 4267 negas
1115 4197 1216 4251 hoc
1246 4197 1359 4252 ﬁeri
1386 4212 1543 4266 posse
1568 4197 1726 4252 etiam
1751 4213 1846 4266 per

261 4290 565 4344 ministrum
589 4290 807 4355 malum,
823 4288 918 4344 sed
943 4289 1077 4344 dicis
1106 4289 1295 4344 melius
1324 4303 1478 4357 posse
1501 4303 1596 4358 per
1623 4288 1842 4342 bonum.

264 4380 399 4449 Quid
436 4392 520 4437 est
547 4383 691 4438 enim
716 4381 855 4437 aliud
884 4382 1023 4452 quod
1050 4381 1202 4447 dicis,
1231 4379 1341 4433 Iloc
1372 4390 1416 4433 et
1436 4397 1524 4433 nos
1552 4380 1840 4447 suademus,

264 4474 354 4527 hoc
380 4474 615 4527 volumus
632 4490 651 4539 ;
678 4473 765 4527 sed
808 4472 1075 4544 quaerimus
1108 4489 1197 4543 per
1224 4488 1369 4541 quem
1413 4472 1588 4523 melius
1615 4470 1743 4538 ﬁat?
1769 4473 1845 4525 Ac

265 4579 361 4635 per
390 4564 497 4619 hoc
529 4565 697 4620 abluit
716 4564 959 4621 Christus
984 4575 1038 4620 et
1064 4581 1158 4636 per
1180 4564 1504 4619 maculosum
1530 4580 1634 4619 non
1662 4572 1844 4619 sancte

261 4657 458 4723 dantis,
485 4658 579 4714 sed
608 4660 799 4715 melius
824 4675 919 4730 per
964 4658 1215 4713 mundam
1251 4666 1435 4713 sancte
1452 4657 1649 4711 dantis
1710 4673 1844 4711 con-

261 4748 541 4804 scientiam
564 4767 576 4802 :
599 4750 687 4804 dat
703 4750 861 4806 ﬁdem
876 4748 1117 4806 Christus
1133 4760 1185 4805 et
1199 4766 1291 4819 per
1306 4750 1606 4804 ministrum
1624 4749 1842 4815 malum,

261 4836 355 4891 sed
400 4838 596 4893 melius
625 4854 720 4909 per
755 4838 951 4894 bonum
984 4858 997 4891 :
1036 4840 1095 4894 ﬁt
1115 4840 1361 4897 Christus
1382 4840 1532 4911 origo
1570 4840 1846 4895 christiani

260 4937 313 4983 et
340 4944 441 5000 per
466 4929 895 5000 dispensatorem
933 4930 1222 4998 inﬁdelem,
1255 4932 1351 4986 sed
1376 4932 1568 4986 melius
1589 4946 1684 5000 per
1710 4930 1843 4986 ﬁde-

260 5018 363 5072 lem
397 5037 411 5073 :
446 5019 767 5076 christianus
807 5021 1038 5077 radicem
1069 5023 1179 5093 ﬁgit
1220 5023 1273 5076 in
1310 5022 1524 5077 Christo
1561 5023 1719 5077 etiam
1750 5037 1846 5092 per

257 5111 513 5165 colonum
554 5112 865 5181 reprobum,
895 5113 988 5168 sed
1033 5113 1223 5167 melius
1250 5127 1345 5182 per
1373 5112 1596 5182 probum
1628 5129 1640 5163 :
1672 5118 1846 5182 potest

257 5200 504 5257 Christus
536 5216 654 5258 esse
680 5211 838 5273 caput
865 5202 1138 5257 christiani
1165 5211 1217 5256 ct
1251 5218 1341 5271 per
1368 5200 1716 5267 Felicianuui,
1748 5200 1843 5256 sed

256 5294 455 5347 melius
479 5293 755 5347 existimas
786 5309 880 5363 per
902 5293 1253 5347 Primiauum.

327 5386 421 5441 24.
455 5386 628 5441 Parva
655 5387 835 5456 itaque
864 5387 1001 5441 inter
1047 5402 1140 5440 nos
1172 5386 1221 5439 iu
1252 5386 1349 5440 hac
1379 5401 1458 5452 re,
1492 5393 1582 5440 aut
1616 5384 1843 5441 fortasse

255 5479 402 5535 nulla
447 5480 714 5535 dissensio
761 5488 862 5534 est.
911 5478 1043 5533 Nam
1090 5487 1143 5533 et
1191 5495 1287 5549 ego
1326 5478 1464 5543 dico,
1510 5478 1698 5533 melius
1745 5493 1843 5547 per

254 5570 460 5626 bonum
490 5571 792 5625 ministrum
815 5586 972 5641 quam
1004 5586 1096 5639 per
1119 5570 1313 5623 malum
1343 5569 1633 5638 dispensari
1650 5568 1840 5623 Sacra-

254 5676 440 5719 menta
469 5664 646 5720 divina
681 5682 693 5718 :
725 5678 907 5717 verum
934 5664 1034 5718 hoc
1070 5670 1288 5731 propter
1318 5658 1495 5730 ipsuui
1534 5662 1836 5714 ministrum

250 5757 449 5813 melius
469 5765 571 5823 est,
600 5766 661 5811 ut
680 5757 757 5812 eis
792 5756 950 5810 rebus
990 5771 1119 5826 quas
1148 5755 1429 5821 ministrat,
1458 5757 1563 5808 vita
1590 5762 1643 5808 et
1678 5753 1839 5807 mori-

320 5872 338 5901 ι
363 5878 545 5919 Omnes
715 5869 885 5920 cedere

317 5932 339 5961 ί
901 5930 1169 5996 sumpserit.
1196 5931 1514 5982 Emendantur
1539 5928 1714 5980 auxilio
1733 5942 1835 5982 ma-

248 6000 627 6056 nuscnptorum.

1598 508 1803 565 LIBER
1827 505 2166 575 QUARTUS.

3422 513 3528 572 562

1949 623 2049 679 bus
2073 632 2362 695 congruat;
2393 639 2501 680 non
2545 632 2761 695 propter
2787 623 2937 680 illum
2966 624 3055 697 qui
3098 625 3307 681 etiamsi
3346 625 3529 681 incur-

1947 714 2077 768 rerit
2125 714 2176 767 in
2216 714 2517 770 ministrum
2561 716 2757 770 malum
2786 716 3185 787 dispensantem
3227 718 3526 785 veritatem,
3618 767 3628 781 ,

1947 806 2282 859 securitatem
2307 806 2542 875 accipita
2568 807 2788 862 Domino
2809 822 2905 862 suo
2936 817 3184 863 monente
3204 824 3265 864 ac
3290 809 3526 880 dicente,

1951 896 2077 961 Qum
2117 896 2307 964 dicunt,
2347 896 2526 968 facite;
2552 914 2662 966 qua:
2690 907 2855 953 autem
2879 898 3091 968 faciunt,
3129 904 3293 971 facere
3324 900 3480 955 nolite
3510 917 3534 957 :

1948 986 2121 1042 dicunt
2166 989 2318 1056 enim,
2346 998 2393 1042 et
2440 1005 2539 1042 non
2577 990 2767 1064 faciunt
2804 988 3019 1061 (Matth.
3053 1006 3222 1057 χχιιι,
3252 990 3329 1065 5).
3375 991 3533 1049 Addo

1948 1080 2109 1135 etiam
2153 1079 2221 1134 ad
2270 1081 2371 1135 hoc
2417 1096 2535 1136 esse
2582 1082 2792 1150 melius,
2825 1090 2884 1136 ut
2927 1081 3014 1137 ille
3050 1083 3135 1137 cui
3177 1083 3531 1150 ministratur,

1948 1173 2177 1227 ministri
2226 1171 2351 1228 boni
2397 1173 2712 1243 probitatem
2762 1189 2825 1230 ac
2871 1175 3206 1229 sanctitatem
3259 1174 3531 1245 diligendo

1950 1266 2153 1321 facilius
2190 1268 2424 1321 imitetur
2455 1285 2469 1321 :
2500 1266 2593 1322 sed
2641 1282 2746 1321 non
2786 1266 2907 1323 ideo
2944 1268 3150 1322 veriora
3180 1276 3233 1322 et
3260 1268 3531 1326 sanctiora

1950 1368 2073 1414 sunt
2100 1374 2219 1429 quae
2265 1359 2666 1426 ministrantur,
2717 1359 2840 1430 quia
2894 1374 2991 1431 per
3036 1361 3315 1415 meliorem
3374 1360 3535 1415 mini-

1949 1458 2205 1506 strantur.
2224 1450 2313 1504 llla
2343 1465 2569 1521 namque
2598 1466 2693 1521 per
2719 1465 2776 1505 se
2806 1451 2916 1521 ipsa
2943 1467 3069 1506 vera
3119 1460 3173 1508 et
3197 1460 3379 1507 saneta
3406 1463 3533 1508 sunt

1950 1552 2166 1613 propter
2194 1544 2361 1599 Deum
2391 1560 2573 1600 verum
2606 1553 2660 1599 et
2698 1553 2938 1600 sanctum
2966 1546 3113 1615 cujus
3142 1557 3265 1601 sunt
3297 1565 3309 1601 :
3334 1555 3387 1601 et
3409 1544 3532 1601 ideo

1932 1632 2088 1717 ﬁerit
2124 1644 2297 1704 potest
2340 1645 2398 1689 ut
2442 1636 2698 1691 accedens
2740 1636 2808 1690 ad
2849 1637 3157 1692 societatem
3200 1639 3378 1707 populi
3414 1638 3528 1703 Dei,

1948 1724 2109 1780 alium
2158 1728 2442 1782 iuveniata
2472 1744 2576 1799 quo
2625 1728 2779 1784 facile
2828 1729 3141 1801 haptizetur,
3174 1730 3334 1783 alium
3374 1730 3535 1799 eligat

1950 1831 2106 1887 quem
2120 1818 2402 1874 salubriter
2419 1819 2672 1874 imitetur.
2688 1820 2880 1877 Certus
2897 1831 2977 1876 est
2996 1824 3133 1877 enim
3155 1830 3395 1876 sanctum
3415 1836 3535 1877 esse

1951 1910 2350 1966 Sacrameutum
2397 1912 2614 1991 Christi,
2656 1915 2862 1969 etiamsi
2910 1931 3005 1985 per
3043 1917 3220 1971 minus
3265 1900 3526 1981 sanetum,

1950 2002 2035 2057 vel
2070 2017 2178 2057 non
2205 2013 2444 2058 sanctum
2472 2004 2739 2061 hominem
2758 2008 3113 2060 ministratum
3133 2016 3248 2074 est;
3273 1994 3330 2062 Se
3347 2017 3531 2061 autem

1954 2093 2194 2164 ejusdem
2218 2094 2381 2164 ipsius
2415 2095 2746 2150 Sacramenti
2768 2097 3047 2151 sanctitate
3072 2097 3269 2166 puniri,
3318 2098 3363 2151 si
3393 2096 3534 2151 iudi-

1949 2200 2053 2255 gue
2075 2186 2359 2255 acceperit,
2388 2186 2434 2239 si
2462 2187 2598 2241 male
2624 2201 2752 2241 usus
2802 2186 2979 2256 fuerit,
3008 2189 3054 2242 si
3094 2204 3200 2244 non
3243 2189 3292 2243 ei
3338 2203 3535 2244 conve-

1951 2277 2158 2333 nienter
2180 2286 2235 2332 et
2258 2293 2490 2347 congrue
2518 2279 2729 2333 vixerit.

2020 2367 2244 2424 CAPUT
2294 2368 2513 2423 XXI.—
2536 2369 2628 2425 25.
2670 2369 2803 2425 Nam
2838 2385 3022 2441 quaero
3065 2371 3160 2425 abs
3203 2381 3273 2439 te,
3305 2370 3360 2426 Si
3398 2372 3537 2428 forte

1950 2476 2107 2531 quem
2139 2461 2438 2517 Primianus
2490 2464 2543 2516 in
2587 2472 2766 2518 vestra
2812 2464 3185 2519 communione
3227 2464 3532 2535 baptizavit,

1950 2551 2181 2621 pessime
2228 2552 2389 2621 vivat,
2421 2567 2580 2621 quem
2624 2568 2746 2608 vero
2790 2552 3088 2608 Felicianus
3132 2554 3183 2608 iu
3230 2554 3535 2609 Maximiani

1950 2642 2235 2698 schismate
2284 2643 2586 2713 baptizavit,
2633 2644 2830 2714 optime
2871 2645 3033 2712 vivat,
3084 2645 3292 2699 cuinam
3344 2660 3531 2700 eorum

1950 2743 2131 2805 patere
2159 2735 2431 2790 existimas
2464 2752 2683 2807 regnum
2711 2736 2844 2792 Dei?
2872 2746 3047 2791 utrum
3072 2737 3121 2792 ei
3154 2753 3309 2807 quem
3348 2738 3526 2815 bapti-

1951 2828 2088 2881 zavit
2117 2828 2405 2883 secundum
2438 2838 2489 2884 te
2517 2829 2687 2884 bonus
2713 2831 2932 2898 malum,
2960 2847 3027 2886 an
3055 2832 3103 2886 ei
3136 2833 3223 2901 qui
3252 2832 3535 2901 baptizavit

1951 2920 2240 2993 secundum
2264 2920 2549 2991 Bagaiense
2564 2922 2846 2977 concilium
2872 2923 3158 2994 sacrilegus
3192 2923 3533 2993 religiosum?

1949 3011 2051 3067 Sed
2082 3012 2216 3067 forte
2232 3012 2384 3081 dicis,
2404 3022 2459 3067 et
2483 3029 2667 3069 verum
2687 3013 2840 3081 dicis,
2858 3013 2974 3068 Non
2997 3024 3165 3084 potest
3182 3029 3301 3069 esse
3322 3014 3535 3085 religio-

1950 3120 2043 3161 sus
2063 3105 2115 3159 in
2130 3106 2416 3161 schismate
2427 3108 2763 3161 constitutus.
2778 3107 3027 3161 Assentio
3044 3123 3055 3158 :
3071 3116 3433 3161 verumtamen
3446 3121 3536 3176 po-

1955 3208 2057 3254 test
2073 3214 2193 3254 esse
2214 3201 2265 3254 in
2278 3209 2453 3255 vestra
2469 3203 2843 3257 communione
2864 3202 3151 3273 sacrilegus
3170 3202 3252 3257 vel
3268 3202 3529 3269 occultus,

1951 3306 1981 3345 a
2014 3292 2312 3359 Primiauo,
2359 3309 2518 3362 quem
2568 3293 2871 3364 religiosum
2916 3294 3161 3359 creditis,
3203 3294 3530 3362 baptizatus.

1952 3381 2139 3446 Porro,
2191 3383 2237 3438 si
2286 3383 2375 3438 ille
2420 3400 2575 3454 quem
2612 3384 2910 3440 Felicianus
2944 3386 2997 3440 iu
3031 3397 3215 3441 catena
3268 3384 3533 3456 sacrilegii

1952 3473 2254 3543 baptizavit,
2287 3474 2474 3529 relicto
2511 3476 2810 3530 schismatis
2854 3477 3130 3548 sacrilegio
3170 3477 3532 3533 ecclesiastica

1951 3567 2326 3639 communione
2375 3568 2771 3638 corrigeretur;
2824 3569 3080 3639 numquid
3132 3568 3297 3624 audes
3352 3568 3534 3625 dicere

1950 3658 2092 3729 quod
2114 3659 2303 3714 melior
2327 3660 2380 3713 in
2406 3659 2498 3714 illo
2524 3660 2823 3729 Baptismus
2853 3660 3026 3727 ﬁeret,
3050 3661 3289 3730 quamvis
3334 3674 3531 3729 negare

1952 3764 2058 3804 non
2086 3749 2283 3805 audeas
2308 3751 2479 3820 ipsum
2508 3751 2776 3807 hominem
2802 3751 2915 3805 ﬁeri
2956 3750 3194 3820 potuisse
3219 3740 3543 3804 meliorem?

1952 3841 2064 3897 Hoc
2102 3844 2243 3897 enim
2269 3850 2323 3896 et
2350 3843 2466 3911 ipso
2505 3842 2643 3895 facto
2667 3841 2976 3911 judicastis;
3010 3841 3434 3913 quandoquidem
3466 3840 3531 3896 il-

1953 3933 2033 3988 los
2059 3948 2265 3999 omnes,
2297 3948 2430 4004 quos
2471 3933 2771 3989 Felicianus
2799 3942 2853 3987 et
2898 3934 3245 3988 Praetextatus
3273 3934 3325 3987 in
3371 3933 3527 3988 dam-

1952 4033 2075 4077 nato
2120 4032 2174 4079 et
2202 4024 2463 4079 detestato
2492 4039 2521 4077 a
2547 4024 2698 4079 vobis
2763 4023 3040 4094 sacrilegio
3089 4023 3391 4079 schismatis
3435 4024 3532 4079 ba-

1952 4117 2303 4185 ptizaverunt,
2329 4132 2449 4171 cum
2495 4118 2596 4171 illis
2625 4117 2691 4171 ad
2719 4132 2813 4172 vos
2854 4117 3201 4172 redeuntibus
3253 4118 3369 4173 sine
3420 4117 3531 4173 ulla

1951 4205 2307 4260 destructione
2335 4207 2419 4261 vel
2459 4208 2773 4277 repetitione
2798 4207 3055 4277 Baptismi
3095 4208 3424 4277 suscepistis.
3470 4208 3530 4265 Si

1950 4308 2127 4353 autem
2172 4298 2311 4368 quod
2358 4298 2558 4365 dixisti,
2597 4299 2684 4353 sed
2726 4300 2999 4368 quaerimus
3048 4316 3136 4369 per
3166 4315 3315 4369 quem
3350 4299 3531 4354 melius

1951 4392 2063 4461 ﬁat,
2093 4391 2507 4461 comparativum
2541 4391 2764 4462 gradum
2795 4407 2891 4461 pro
2914 4391 3140 4462 positivo
3168 4391 3389 4462 posuisti
3414 4409 3429 4459 ;
3452 4392 3530 4446 sic

1950 4483 2153 4550 dicens,
2183 4482 2465 4548 Quierimus
2495 4500 2583 4553 per
2609 4501 2754 4555 quem
2777 4484 2954 4539 melius
2982 4486 3109 4554 ﬁat;
3136 4500 3198 4539 ac
3224 4485 3266 4539 si
3295 4484 3525 4551 diceres,

1950 4574 2243 4641 Qumrimus
2288 4591 2382 4646 per
2409 4591 2564 4646 quem
2604 4576 2738 4631 bene
2776 4576 2886 4643 ﬁat,
2926 4577 3111 4631 volens
3168 4575 3386 4645 intelligi
3435 4590 3527 4646 per

1952 4667 2149 4721 malum
2191 4667 2491 4723 ministrum
2539 4667 2677 4722 male
2719 4669 2833 4722 tieri
2866 4686 2878 4721 :
2910 4682 3015 4722 non
3044 4677 3095 4723 te
3123 4667 3287 4722 verbo
3340 4683 3525 4739 urgeo,

1952 4757 2043 4812 sed
2066 4759 2328 4813 admoneo
2358 4761 2532 4828 potius
2551 4768 2600 4813 te
2620 4759 2800 4814 dicere
2823 4760 3090 4825 debuisse,
3109 4760 3406 4827 Quarrimus
3435 4776 3527 4830 per

1951 4864 2110 4917 quem
2132 4847 2242 4914 ﬁat,
2258 4864 2435 4918 quam,
2462 4849 2759 4916 Quaerimus
2782 4865 2875 4919 per
2890 4867 3045 4920 quem
3060 4853 3197 4907 bene
3218 4852 3310 4906 ﬁat
3338 4872 3349 4905 :
3374 4852 3527 4921 quasi

1950 4948 2131 5008 posset
2160 4938 2273 4992 ﬁeri
2303 4948 2358 4993 ut
2383 4954 2486 4992 non
2509 4938 2645 4994 bene
2671 4939 2911 4996 Christus
2936 4941 3027 4998 det
3054 4942 3233 5009 ﬁdem,
3261 4959 3365 4996 non
3388 4941 3525 4995 bene

1950 5031 2022 5085 sit
2049 5028 2288 5085 Christus
2312 5030 2462 5101 origo
2481 5040 2743 5103 caputque
2771 5033 3069 5099 christiani,
3090 5050 3193 5088 non
3216 5034 3350 5088 bene
3368 5031 3526 5087 radix

1952 5122 2140 5192 ﬁgatur
2169 5123 2221 5176 in
2251 5122 2481 5178 Christo.
2514 5124 2620 5178 Aut
2642 5125 2785 5179 enim
2812 5140 2918 5179 non
2944 5126 3022 5193 ﬁt,
3042 5132 3131 5180 aut
3155 5125 3200 5178 si
3229 5123 3309 5192 ﬁt,
3331 5124 3520 5193 procul

1950 5215 2111 5269 dubio
2138 5215 2275 5270 bene
2301 5213 2377 5268 ﬁt.

2017 5307 2106 5362 26.
2149 5307 2523 5363 Verumtamen
2552 5307 2650 5362 ista
2679 5316 2990 5372 tractamus,
3022 5320 3088 5360 ne
3111 5314 3325 5375 propter
3347 5307 3518 5360 malos

1949 5402 2366 5471 dispensatores,
2401 5416 2506 5456 non
2532 5408 2707 5454 tamen
2738 5413 2972 5463 suorum,
3005 5390 3097 5451 Sed
3125 5395 3515 5457 dominicorum

1947 5495 2409 5551 Sacramcutorum
2436 5536 2449 5560 ,
2482 5508 2616 5564 quos
2659 5505 2878 5546 necesse
2906 5498 2992 5545 est
3021 5504 3187 5558 usque
3215 5490 3280 5544 ad
3312 5499 3525 5563 tempus

1947 5588 2301 5643 ventilationis
2344 5602 2483 5643 areae
2522 5584 2800 5641 dominicae
2837 5583 3205 5649 commisceri,
3249 5582 3525 5639 deseratur

1947 5682 2059 5752 ipsa
2101 5683 2274 5736 unitas
2313 5683 2715 5735 frumentorum.
2748 5675 2990 5731 Schisma
3031 5684 3207 5731 autem
3246 5675 3423 5732 facere
3450 5677 3549 5753 ab

1945 5778 2147 5831 unitate
2171 5774 2402 5841 Christi,
2428 5780 2518 5827 aut
2548 5772 2600 5825 in
2629 5768 2916 5825 schismate
2945 5785 3064 5826 esse
3084 5813 3096 5834 ,
3131 5770 3366 5840 profecto
3404 5785 3521 5824 ma-

1944 5871 2053 5925 lum
2085 5880 2186 5934 est,
2217 5876 2268 5923 et
2292 5879 2536 5933 magnum
2572 5861 2771 5916 malum
2794 5876 2807 5913 :
2830 5876 2931 5916 nec
2956 5863 3173 5919 omnino
3202 5863 3317 5918 ﬁeri
3341 5869 3520 5933 potest

1944 5970 2004 6021 ut
2032 5960 2269 6015 Christus
2297 5957 2385 6013 det
2414 5952 2752 6010 schismatico
2771 5992 2786 6019 ,
2819 5966 2927 6011 non
2954 5953 3151 6025 ﬁdem,
3180 5954 3273 6013 sed
3301 5953 3520 6011 sacrile-
