4010 6472
507 637 633 694 gum
660 636 933 690 errorem;
966 623 1138 678 autin
1180 621 1394 679 Christo
1435 623 1665 678 radicem
1708 616 2081 678 schismaticus

501 715 718 780 ﬁxerit.
749 725 840 771 aut
867 715 1206 771 schismatico
1232 712 1474 770 Christus
1503 714 1573 770 sit
1609 715 1759 786 origo
1801 723 1854 768 et
1883 721 2082 782 caput:

502 817 567 865 'et
595 817 772 865 tamen
795 808 1128 880 Baptismum
1157 807 1352 864 Christi
1384 807 1431 863 si
1469 807 1710 874 dederit,
1736 805 1915 861 datum
1943 804 2045 860 erit
2072 821 2088 871 ;

510 901 560 956 si
584 901 866 974 acceperit,
897 910 1175 973 acceptum
1214 901 1350 967 erit;
1391 914 1495 955 non
1526 899 1593 955 ad
1621 899 1783 954 vitam
1813 908 2090 966 aeternam,

514 991 610 1046 sed
640 991 707 1046 ad
735 1006 947 1062 poenam
977 1002 1250 1059 aeternam,
1285 992 1330 1046 si
1359 991 1412 1046 in
1437 1006 1502 1047 eo
1530 989 1810 1062 sacrilegio
1839 1004 2091 1059 perseve-

499 1081 681 1149 rarit;
713 1097 818 1138 non
844 1084 898 1138 in
927 1084 1124 1139 malum
1143 1082 1503 1140 convertendo
1523 1083 1722 1138 bonum
1749 1081 1890 1152 quod
1912 1080 2091 1147 habet,

511 1172 612 1229 sed
637 1175 780 1230 malo
805 1190 903 1232 suo
930 1175 1127 1232 bonum
1153 1175 1398 1233 habendo
1427 1175 1680 1247 quamdiu
1707 1175 1879 1231 malus
1909 1174 2090 1230 habet.

585 1267 814 1326 CAPUT
835 1267 1004 1325 XXII.
1027 1299 1100 1311 —-
1115 1269 1206 1324 27.
1248 1269 1453 1340 Quwris
1473 1267 1612 1324 forte
1639 1278 1696 1324 ut
1711 1268 1812 1324 hoc
1835 1268 2052 1338 probem
2077 1284 2093 1322 :

411 1334 430 1402 ξ
513 1358 646 1431 quid
687 1359 830 1416 aliud
861 1360 954 1416 tibi
991 1360 1197 1431 dicam,
1230 1334 1331 1416 nisi
1358 1360 1500 1433 quod
1535 1360 1638 1417 hoc
1665 1334 2096 1432 opere'institui?

515 1449 810 1522 Bagaiense
829 1451 1103 1509 decretum
1129 1452 1267 1524 lege,
1293 1453 1627 1509 'Felicianum
1647 1461 1701 1508 et
1715 1451 2095 1508 Praetextatum

516 1542 765 1599 intuere:
789 1543 1113 1600 sc'hismatici
1142 1544 1423 1611 dederunt,
1457 1545 1666 1615 utrique
1695 1560 1724 1598 a
1769 1545 1920 1600 vobis
1945 1559 2097 1600 rece-

513 1634 598 1704 pti
626 1643 681 1690 e‘t
708 1633 919 1691 collecti
939 1646 1094 1703 sunt;
1123 1651 1223 1692 nec
1259 1636 1335 1692 illi
1363 1635 1670 1707 degradati,
1708 1651 1808 1692 nec
1844 1635 1918 1690 illi
1944 1635 2099 1691 reba-

516 1723 725 1794 pti'zati.
752 1725 871 1781 Jam
901 1736 1044 1783 certe
1083 1742 1190 1783 non
1227 1727 1422 1799 qureris
1452 1735 1629 1782 utrum
1665 1727 1761 1782 'ﬁat
1789 1729 1978 1784 melius
2005 1743 2100 1799 per

511 1817 715 1886 justum
759 1818 1056 1875 ministrum
1080 1859 1098 1888 ,
1142 1836 1208 1877 an
1250 1837 1345 1893 per
1385 1820 1637 1891 injustum
1664 1838 1678 1876 :
1702 1821 1950 1891 quoniam
1991 1835 2100 1876 non

518 1905 642 1964 ideo
667 1917 750 1964 εει
771 1909 1070 1980 Baptismus
1096 1912 1285 1968 melior
1309 1928 1468 1984 quem
1497 1913 1643 1968 dedit
1680 1912 1980 1969 Primianus
2009 1929 2098 1970 se-

516 1999 748 2055 cundum
778 2015 875 2056 vos
895 2003 1093 2074 justus,
1123 2021 1282 2076 quam
1308 2006 1398 2061 ille
1429 2022 1586 2077 quem
1618 2005 1764 2063 dedit
1799 2006 2098 2065 Felicianus

522 2087 773 2159 lnjustus.
805 2091 964 2148 Certe
981 2093 1095 2164 jam
1120 2094 1416 2166 intelligere
1440 2097 1645 2168 cogeris
1669 2098 1936 2169 quomodo
1957 2102 2101 2168 Apo-

521 2179 694 2235 stolus
715 2179 932 2250 dixerit,
963 2181 1144 2256 Neque
1166 2186 1251 2256 qui
1275 2187 1470 2257 plantat
1497 2197 1569 2242 est
1597 2189 1807 2260 aliquid,
1836 2207 1991 2259 neque
2014 2191 2101 2261 qui

521 2272 692 2344 rigat;
723 2273 813 2328 sed
843 2275 930 2343 qui
976 2276 1335 2334 incrementum
1381 2281 1467 2334 dat
1495 2279 1632 2336 Deus
1679 2279 1719 2354 (l
1748 2279 1864 2338 Cor.
1896 2300 1969 2349 ιιι,
2000 2283 2056 2355 7)
2083 2303 2098 2341 :

512 2371 681 2435 teque
700 2363 901 2422 frustra
923 2367 1119 2425 dixisse
1142 2371 1351 2438 recolis,
1378 2372 1522 2427 Sicut
1541 2373 1626 2442 qui
1651 2373 1846 2444 plantat
1875 2384 1922 2429 et
1945 2377 2099 2448 rigat,

521 2455 724 2510 nonnisi
749 2456 957 2514 colonus
983 2459 1197 2532 diligens
1223 2470 1272 2516 et
1309 2463 1474 2532 ﬁdelis
1513 2463 1816 2535 inquiritur;
1851 2467 1924 2520 sic
1950 2467 2102 2522 etiam

517 2543 575 2599 in
603 2558 916 2605 sacramento
936 2547 1270 2622 Baptismalis
1293 2555 1494 2609 nonnisi
1506 2555 1820 2625 justissimus
1840 2558 2102 2627 operarius

521 2639 854 2709 approbatur.
881 2639 1024 2699 Ecce
1049 2659 1149 2700 nec
1173 2645 1420 2718 diligens,
1449 2663 1548 2702 nec
1575 2648 1763 2716 ﬁdelis,
1791 2667 1892 2706 nec
1910 2651 2100 2721 justis-

521 2733 710 2800 Sirnus,
740 2733 835 2790 sed
865 2735 1042 2805 potius
1068 2738 1254 2794 salutis
1283 2755 1391 2795 sua:
1419 2741 1710 2812 negligens,
1742 2752 1796 2798 et
1833 2743 2058 2800 inﬁdelis
2079 2785 2096 2814 ,

521 2823 981 2893 ct’injustissimus
1021 2825 1324 2886 Fellcianus
1359 2829 1501 2898 fuit,
1528 2831 1741 2903 quando
1782 2833 2101 2891 Maximiano

525 2915 776 2981 sociatus,
807 2924 862 2972 et
899 2917 1034 2974 sicut
1070 2921 1289 2978 trecenti
1319 2929 1374 2978 et
1400 2922 1586 2980 decem
1618 2927 1783 2980 vestri
1825 2927 1979 2981 unius
2008 2943 2102 2984 ore

523 3003 877 3062 disertissimo
903 3020 1228 3081 personant,
1260 3011 1312 3067 in
1349 3022 1534 3070 catena
1559 3015 1817 3087 sacrilegii
1846 3018 2105 3074 constitu-

523 3106 634 3166 tus,
665 3097 990 3171 Baptismum
1021 3119 1181 3175 quem
1207 3120 1312 3161 non
1342 3108 1456 3164 ausi
1485 3109 1614 3164 estis
1644 3111 1970 3179 rescindere,
2000 3111 2103 3167 mi-

529 3190 793 3247 nistravit.

594 3301 686 3359 28.
729 3305 890 3363 Certe
931 3307 998 3364 ad
1040 3308 1178 3367 hanc
1217 3325 1430 3369 causam
1466 3316 1646 3372 cernis
1687 3331 1792 3373 non
1833 3319 2102 3388 pertinere

525 3396 888 3454 testimonium
915 3400 1057 3470 quod
1101 3418 1166 3457 ex
1205 3404 1458 3476 propheta
1501 3408 1724 3478 posuisti
1752 3426 1765 3462 :
1794 3408 1938 3465 Dabo
1966 3413 2102 3468 vobis

517 3497 759 3554 pastores
782 3491 1056 3546 secundum
1081 3510 1168 3549 cor
1193 3513 1378 3564 meum,
1407 3508 1455 3553 et
1481 3511 1688 3569 poscent
1712 3518 1817 3570 vos,
1847 3515 2100 3574 pascentes

525 3593 642 3632 cum
669 3579 938 3650 disciplina
967 3581 1177 3657 (Jerem.
1208 3603 1265 3642 ιιι
1284 3629 1299 3654 ,
1331 3587 1440 3662 15).
1483 3587 1781 3650 Fel-idaeus
1818 3596 1962 3650 enim
2001 3613 2102 3654 nec

521 3673 818 3730 secundum
847 3690 942 3732 cor
976 3677 1071 3734 Dei
1106 3681 1399 3754 sacrilegus
1419 3694 1535 3739 erat
1553 3726 1568 3752 ,
1606 3702 1706 3743 nec
1729 3703 1858 3744 oves
1883 3689 2001 3760 ejus
2043 3691 2098 3746 in

526 3765 787 3838 sacrilego
805 3767 1090 3826 schismate
1109 3772 1360 3842 pascebat
1377 3789 1496 3831 cum
1517 3775 1823 3848 disciplina;
1848 3789 1902 3834 et
1921 3789 2099 3837 tamen

531 3853 833 3927 baptizabat
869 3875 992 3928 eos,
1027 3862 1078 3916 in
1115 3863 1308 3934 quibus
1353 3867 1584 3937 receptis
1609 3868 1964 3940 cognovistis,
1993 3887 2100 3928 non

526 3947 715 4018 ipsius,
742 3951 837 4007 sed
865 3953 954 4009 Dei
975 3953 1138 4011 fuisse
1156 3956 1298 4027 quod
1317 3957 1493 4014 dabat.
1520 3958 1676 4014 Certe
1696 3960 1950 4030 perspicis
1969 3976 2102 4031 quo-

529 4042 690 4098 modo
717 4059 747 4096 a
777 4060 865 4100 me
893 4045 962 4101 de
977 4045 1250 4118 Scriptura
1275 4057 1456 4105 sancta
1481 4061 1952 4107 commemoratum
1980 4063 2095 4123 est,

523 4130 726 4191 Binum
761 4153 882 4195 esse
915 4141 1170 4210 conﬁdere
1197 4141 1248 4196 in
1294 4140 1511 4196 Domino
1535 4183 1549 4209 ,
1579 4160 1732 4212 quam
1768 4146 2021 4215 conﬁdere
2046 4149 2100 4202 in

531 4225 732 4281 homine
759 4228 931 4301 (Psal.
959 4247 1138 4301 cxvn,
1171 4233 1228 4304 8)
1253 4250 1268 4288 :
1292 4242 1447 4306 teque
1473 4233 1721 4303 inaniter,
1751 4245 2004 4306 quantum
2033 4240 2100 4295 ad

526 4314 666 4371 hanc.
693 4332 904 4375 causam
933 4325 1191 4392 pertinet,
1210 4326 1562 4397 respondisse,
1583 4327 1718 4398 quod
1742 4329 1854 4383 ideo
1873 4331 2031 4402 magis
2045 4340 2103 4386 ut

529 4406 693 4472 iustus
715 4418 764 4463 et
798 4411 964 4479 ﬁdelis
990 4415 1056 4469 sit
1083 4431 1172 4485 per
1202 4432 1346 4486 quem
1379 4417 1475 4472 hoc
1496 4431 1861 4476 sacramentum
1885 4423 2100 4479 celebre-

527 4507 610 4552 tur
632 4499 878 4570 inquiras,
905 4505 1023 4574 quia
1048 4522 1188 4575 spem
1223 4515 1272 4562 et
1303 4508 1555 4578 ﬁduciam
1593 4509 1722 4578 Dei,
1753 4529 1853 4567 non
1885 4513 2102 4572 hominis

525 4590 717 4658 habes;
763 4592 861 4650 Dei
901 4613 1006 4652 esse
1046 4607 1212 4652 autent
1253 4599 1406 4668 ﬁdem
1441 4609 1589 4672 atque
1623 4603 1919 4673 justitiam,
1950 4622 2102 4674 quam

528 4699 725 4754 semper
752 4685 804 4739 in
849 4688 958 4758 ejus
995 4689 1235 4744 ministris
1262 4691 1495 4746 attendis.
1539 4692 1679 4749 Ecce
1707 4694 1759 4748 in
1791 4694 2060 4750 Feliciano
2079 4737 2096 4764 ,

528 4773 743 4844 quando
769 4774 869 4830 fuit
909 4777 1093 4834 famosi
1133 4781 1370 4836 criminis
1400 4797 1555 4847 reus,
1585 4798 1684 4839 nec
1715 4783 1956 4854 justitia,
2004 4802 2102 4842 nec

530 4863 662 4919 ﬁdes
691 4874 839 4932 erat;
870 4875 924 4923 et
952 4877 1124 4925 tamen
1151 4870 1449 4941 Baptismus
1477 4883 1611 4938 erat,
1642 4884 1695 4929 et
1720 4876 1910 4944 quibus
1939 4875 2008 4931 ab
2033 4891 2100 4932 eo

529 4954 686 5011 datus
723 4967 834 5025 est,
865 4975 984 5016 cum
1011 4977 1040 5017 a
1075 4963 1226 5019 vobis
1266 4965 1474 5019 collecti
1523 4976 1680 5031 sunt,
1718 4968 1796 5023 eis
1813 4971 2100 5026 accessisse

527 5047 786 5116 iustitiam
811 5052 1006 5121 dicitis,
1039 5055 1360 5126 Baptismqu
1385 5057 1616 5115 defuisse
1643 5078 1750 5116 non
1777 5063 1972 5120 dicitis.

601 5135 824 5199 CAPUT
844 5143 1030 5201 XXlll.
1054 5178 1124 5188 —
1142 5147 1234 5203 29.
1265 5148 1495 5206 Proinde
1520 5152 1659 5221 quod
1687 5153 1936 5226 deinceps
1962 5172 1990 5211 a
2014 5173 2101 5215 me

437 5213 451 5288 ἐ
529 5233 756 5299 qttteris,
797 5234 858 5289 Si
908 5253 940 5290 a
994 5255 1303 5311 quocumque
1343 5249 1389 5295 et
1425 5213 1892 5315 quomodocumque.
1925 5249 2101 5302 datum

531 5315 793 5388 Baptisma
821 5327 1035 5380 rescindi
1075 5344 1175 5383 non
1214 5329 1390 5396 debet,
1420 5347 1511 5385 cur
1537 5343 1647 5403 post
1672 5331 1923 5390 Joannem
1954 5339 2098 5408 Apo-

533 5415 650 5468 διοιὶ
679 5415 1073 5488 baptizaverint:
1099 5430 1152 5476 tu
1185 5421 1299 5493 jam
1327 5423 1476 5480 solve
1505 5425 1849 5494 quaestionem
1871 5471 1886 5496 ,
1915 5429 1970 5485 Si
1997 5473 2010 5495 ,
2037 5440 2099 5488 ut

527 5505 680 5574 dicis,
712 5519 831 5578 post
857 5509 1113 5567 Joannem
1145 5515 1383 5584 Apostoli
1408 5515 1823 5585 baptizaverunt,
1856 5535 1953 5574 cur
1981 5532 2101 5591 post

528 5591 875 5666 Felicianum,
904 5615 1037 5672 quos
1061 5603 1114 5657 in
1134 5605 1390 5676 sacrilego
1418 5607 1703 5664 schismate
1719 5608 2096 5682 baptizaverat,

527 5689 688 5742 vestri
715 5704 823 5745 non
843 5691 1238 5760 baptizaverint.
1271 5696 1337 5752 Et
1365 5697 1488 5753 hinc
1518 5699 1703 5754 saltem
1737 5701 1880 5757 disce
1899 5745 1914 5770 ,
1941 5705 2098 5774 quid-

525 5778 650 5846 quid
677 5780 803 5836 illud
831 5785 1071 5855 estquod
1098 5789 1164 5845 de
1182 5787 1401 5846 Joannis
1415 5790 1677 5860 baptismo
1695 5794 1773 5848 vel
1789 5794 1994 5863 legitur,
2015 5801 2096 5855 vel

529 5872 824 5944 disseritur,
855 5877 921 5933 ab
958 5877 1055 5934 hac
1082 5897 1239 5938 causa
1267 5898 1385 5938 esse
1425 5885 1634 5954 penitus
1674 5886 1924 5942 alienum.
1955 5890 2091 5958 Quid

526 5978 701 6024 autem
722 5971 811 6035 tibi
830 5973 1000 6037 visum
1020 5975 1088 6030 sit
1115 5977 1310 6045 nescio,
1354 5987 1410 6034 ut
1441 5979 1654 6037 Judteos
1682 5981 1871 6063 quibus
1897 5985 1970 6042 ait
1991 5987 2092 6045 Pe-

1246 505 1519 566 CONTRA
1555 498 1983 564 CRESCONIUM
2011 491 2471 562 "DONATISTAM,
2511 493 2570 550 Β.
2611 493 2980 553 AUGUSTINI

3661 497 3774 559 δα

2198 618 2333 679 trus,
2351 607 2640 682 Baptizetur
2667 611 3006 682 unusquisque
3039 617 3253 667 oestrum
3271 613 3324 667 in
3339 624 3541 669 nomine
3563 613 3777 672 Domini

2194 702 2318 759 Jesu
2339 703 2524 760 Christi
2552 705 2684 776 (Act.
2716 721 2772 771 ιι,
2805 705 2898 775 58)
2918 747 2933 772 ,
2966 704 3266 776 Ῑιιιιιτιιῑεεθ
3295 721 3328 761 a
3353 706 3536 778 Moyse
3564 707 3777 765 diceres

2193 794 2518 866 baptizatos;
2551 798 2637 867 qui
2677 807 2796 868 post
2847 807 2925 853 tot
2965 799 3332 868 generationes
3378 801 3487 855 nati
3528 800 3778 871 fuerunt,

2197 901 2354 957 quam
2369 887 2456 943 ille
2473 887 2566 943 Dei
2581 888 2803 944 famulus
2820 888 3050 960 majores
3065 903 3246 944 eorum
3268 906 3358 961 per
3376 891 3616 946 Rubrum
3629 908 3782 949 mare

2197 983 2440 1052 trajecit‘
2467 981 2655 1056 (Exod.
2672 999 2779 1051 xlv,
2805 982 2919 1055 22).
2941 985 3043 1038 Aut
3066 985 3110 1038 si
3129 993 3404 1055 propterea
3427 1001 3456 1040 a
3477 985 3659 1058 Moyse
3682 987 3780 1042 ba-

2198 1076 2448 1146 ptismum
2475 1074 2758 1142 habebant,
2800 1076 2919 1146 quia
2949 1089 3020 1131 ex
3042 1075 3145 1131 illis
3167 1077 3439 1148 propagati
3463 1086 3612 1145 ’sunt,
3643 1089 3781 1149 quos

2193 1167 2257 1225 'in
2275 1167 2455 1239 Moyse
2472 1167 2759 1238 baptizatos
2780 1167 3203 1239 dicitApostolus
3231 1167 3272 1237 (Ι
3303 1167 3420 1224 ϐω..
3447 1183 3503 1235 x,
3531 1167 3594 1242 2)
3611 1187 3624 1222 :
3641 1171 3782 1225 aude

2199 1257 2378 1316 dicere
2403 1274 2590 1315 omnes
2616 1259 2704 1330 qui
2746 1267 3031 1314 nascuntur
3057 1269 3125 1314 ex
3163 1257 3406 1316 ﬁdelibus
3431 1258 3774 1327 Christianis,

2199 1351 2542 1408 christianum
2568 1354 2679 1421 jam
2707 1349 2906 1406 habere
2929 1349 3279 1420 Baptismum.
3308 1349 3459 1419 Quod
3497 1350 3652 1407 vides
3676 1392 3692 1417 ,
3725 1360 3786 1407 ut

2200 1445 2448 1510 arbitror,
2469 1451 2661 1515 quanta
2679 1445 2912 1498 vanitate
2927 1442 3151 1498 dicatur.
3177 1441 3283 1498 Sed
3311 1443 3581 1513 quomodo
3603 1457 3664 1499 se
3689 1443 3787 1498 ba-

2201 1537 2324 1594 beat
2349 1537 2497 1604 illud,
2521 1537 2730 1593 etiamsi
2756 1545 2877 1609 post
2899 1535 3114 1608 Moysen
3136 1536 3229 1592 Dei
3256 1535 3509 1592 famulum
3536 1535 3776 1608 Apostoli

2201 1641 2306 1683 non
2333 1626 2708 1697 baptizassent,
2744 1637 2796 1682 te
2821 1639 3065 1697 urgerem
3097 1625 3319 1682 reddere
3356 1627 3622 1682 rationem
3644 1669 3658 1693 ,
3690 1641 3786 1683 cur

2193 1727 2321 1789 post
2363 1717 2691 1774 Felicianum
2745 1717 3218 1774 Maximianensem
3255 1719 3582 1790 sacrilegum
3623 1721 3786 1775 vestri

2197 1823 2306 1865 non
2335 1809 2709 1878 baptizassent.
3259 1807 3278 1825 '

2263 1901 2362 1958 30.
2401 1900 2516 1956 Jam
2543 1899 2670 1957 illud
2715 1901 2858 1972 quod
2884 1901 3068 1972 posui,
3104 1901 3164 1958 Si
3213 1904 3446 1958 errabant
3477 1903 3557 1960 illi
3590 1904 3681 1976 qui
3704 1921 3788 1960 tto-

2201 1993 2366 2047 lebant
2393 2008 2497 2047 esse
2528 1991 2683 2047 Pauli
2715 1991 2824 2066 (Id.
2852 2009 2892 2059 ι,
2926 1991 3015 2064 ‘12)
3037 2035 3051 2058 ,
3083 2009 3196 2064 qua
3234 1995 3436 2049 tandem
3473 2013 3590 2067 spes
3615 2013 3786 2052 eorum

2195 2091 2274 2138 est
2300 2083 2385 2153 qui
2405 2083 2578 2137 volunt
2605 2099 2711 2138 esse
2735 2081 2921 2138 Donati
2949 2083 3086 2156 (Lib.
3123 2086 3144 2138 1
3180 2093 3354 2140 contra
3379 2085 3601 2143 Litteras
3632 2086 3777 2143 Peti-

2191 2173 2344 2239 'liani,
2363 2191 2413 2227 η.
2431 2174 2522 2245 5)?
2539 2175 2800 2243 prioribus
2826 2175 3061 2247 partibus
3087 2179 3324 2248 epistolae
3351 2187 3453 2234 tua:
3470 2196 3576 2235 non
3605 2190 3659 2237 te
3686 2197 3776 2238 re-

2201 2263 2403 2321 fellisse
2419 2265 2461 2330 ²,
2497 2274 2623 2336 puto
2650 2265 2793 2337 quod
2823 2268 2980 2323 etiam
3007 2269 3120 2339 ipse
3146 2271 3452 2327 consideras
3479 2272 3532 2327 in
3561 2273 3646 2328 bis
3672 2290 3786 2344 qua:

2201 2357 2445 2427 superius
2469 2359 2597 2413 satis
2622 2357 2869 2414 diximus.
2893 2359 3010 2416 Non
3038 2377 3184 2433 ergo,
3209 2362 3346 2418 sicut
3368 2363 3461 2418 tibi
3486 2364 3710 2434 videris,
3737 2374 3787 2422 et

2202 2447 2353 2518 quasi
2380 2456 2560 2504 certus
2578 2448 2870 2518 'exsultas,
2892 2450 2978 2506 illa
3009 2453 3183 2506 omnia
3211 2469 3330 2523 qua:
3355 2469 3384 2508 a
3409 2454 3679 2511 Petiliano
3708 2457 3785 2513 vel

2203 2540 2440 2610 quolibet
2467 2542 2575 2598 alio
2618 2542 2758 2598 dicta
2795 2554 2954 2611 sunt,
2986 2555 3131 2601 recte
3164 2546 3303 2602 dicta
3342 2548 3641 2605 concludis.
3671 2548 3784 2620 Ipso

2205 2632 2400 2702 quippe
2429 2633 2636 2702 ordine,
2669 2649 2775 2705 quo
2803 2650 2833 2690 a
2862 2645 2912 2691 te
2941 2637 3176 2693 breviter
3199 2639 3343 2693 velut
3369 2639 3666 2696 recolendo
3692 2641 3781 2696 de-

2204 2741 2358 2782 cursa
2401 2727 2600 2797 sunt‘,
2627 2743 2727 2800 ego
2758 2731 2933 2800 potius
2963 2731 3016 2786 in
3059 2731 3158 2786 hac
3199 2747 3357 2789 causa
3395 2731 3782 2790 Maximianen-

2203 2817 2342 2873 sium
2387 2831 2497 2873 non
2541 2833 2607 2874 ea
2649 2827 2795 2875 recte
2822 2820 2962 2876 dicta
2997 2821 3293 2889 concludo;
3339 2824 3463 2895 quia
3512 2840 3614 2881 nec
3654 2842 3780 2882 con-

2203 2910 2422 2965 scientia
2473 2921 2654 2967 sancte
2705 2911 2881 2967 dantis
2924 2922 3039 2968 erat
3083 2915 3137 2969 in
3195 2915 3510 2984 Feliciano,
3573 2917 3783 2988 quando

2202 2998 2518 3056 Maximiano
2543 3002 2820 3057 cohaerens
2845 3011 3031 3057 catena
3058 3004 3321 3076 sacrilegii
3347 3005 3697 3072 trahebatur;
3727 3016 3780 3063 et

2202 3108 2232 3148 a
2263 3092 2452 3150 famosi
2477 3095 2714 3151 criminis
2742 3110 2855 3162 reo,
2879 3110 2942 3151 ac
2970 3112 3064 3167 per
3090 3097 3189 3152 hoc
3217 3114 3245 3152 a
3273 3097 3559 3155 manifesto
3584 3099 3783 3170 perﬁdo

2199 3183 2625 3254 baptizabantur,
2656 3189 2746 3258 qui
2773 3185 2840 3266 ab
2863 3188 2955 3243 illo
2973 3188 3375 3260 baptizabantur
3397 3210 3412 3245 :
3437 3207 3536 3247 nec
3563 3193 3713 3263 origo
3731 3202 3783 3248 et

2193 3275 2354 3331 radix
2382 3285 2436 3332 et
2458 3286 2615 3348 caput
2640 3279 2706 3333 ad
2729 3279 2952 3336 salutem
2992 3281 3098 3336 illis
3127 3290 3241 3336 erat
3269 3281 3432 3338 homo
3458 3285 3777 3356 sacrilegus;

2201 3381 2303 3422 nec
2329 3367 2488 3422 arbor
2507 3367 2651 3429 bona
2681 3377 2796 3425 erat
2821 3369 2872 3424 in
2914 3372 3160 3442 sacrilegi
3199 3373 3502 3429 schismatis
3529 3376 3782 3432 societate

2202 3457 2505 3528 damnatus,
2533 3471 2588 3517 et
2613 3462 2786 3518 adhuc
2813 3464 2865 3518 in
2892 3464 3078 3520 eodem
3118 3465 3400 3538 sacrilegio
3423 3471 3776 3536 constitutus;

2203 3567 2303 3608 nec
2329 3552 2499 3610 bonus
2527 3564 2643 3609 erat
2671 3557 2759 3626 qui
2790 3555 2858 3612 de
2895 3556 3041 3612 bono
3073 3557 3320 3615 thesauro
3346 3561 3520 3616 cordis
3542 3563 3621 3616 sui
3643 3577 3775 3632 pro-

2202 3643 2366 3699 ferret
2391 3645 2526 3699 bona
2551 3644 2761 3718 (Matth.
2783 3664 2876 3713 χιι,
2899 3647 2990 3721 55)
3018 3691 3032 3715 ,
3061 3650 3273 3720 quando
3294 3651 3361 3707 de
3388 3653 3476 3708 illo
3497 3662 3552 3708 et
3569 3653 3635 3708 de
3657 3655 3778 3710 aliis

2203 3735 2319 3805 ejus
2348 3736 2507 3790 sociis
2533 3735 2825 3803 dicebatur,
2854 3741 3078 3804 Quorum
3104 3756 3159 3794 os
3187 3741 3532 3797 malcdictione
3555 3752 3601 3796 et
3623 3761 3768 3797 ama-

2201 3826 2420 3881 ritudine
2449 3828 2653 3897 plenum
2679 3839 2747 3884 est
2783 3827 2954 3901 ('Psal.
2985 3846 3096 3899 χιιι,
3125 3831 3202 3901 5).
3236 3829 3304 3887 Ει
3341 3842 3514 3889 tamen
3561 3834 3775 3905 quando

2201 3931 2321 3972 cum
2351 3918 2440 3973 illo
2467 3919 2629 3974 vestri
2657 3921 3129 3990 concordaverunt,
3161 3924 3488 3995 Baptismum
3517 3942 3676 3997 quem
3704 3937 3781 3982 ta-

2199 4008 2267 4066 lis
2297 4009 2533 4078 dederat,
2566 4027 2668 4067 non
2697 4014 2862 4084 ipsius
2889 4031 3028 4084 esse,
3059 4017 3154 4074 sed
3181 4018 3382 4075 Christi
3408 4020 3695 4092 aliquando
3723 4022 3770 4076 vi

2199 4101 2439 4157 veritatis
2467 4104 2635 4158 territi
2663 4118 3044 4176 cognoverunt.

2267 4195 2496 4254 CAPUT
2524 4195 2708 4254 XXIV.
2734 4231 2805 4239 —
2827 4201 2913 4256 51.
2955 4205 3086 4273 Age,
3110 4203 3220 4274 jam
3249 4204 3522 4262 videamus
3546 4222 3644 4263 suo
3663 4209 3776 4264 loco

2197 4285 2255 4340 in
2280 4285 2524 4356 epistola,
2557 4296 2610 4344 tu
2635 4288 2702 4345 de
2729 4289 3219 4350 Maximianensium
3250 4310 3409 4352 causa
3433 4297 3703 4368 quomodo
3729 4307 3777 4354 te

2201 4391 2383 4432 exuas.
2411 4376 2608 4433 Omnes
2629 4380 2771 4435 enim
2794 4381 2880 4450 qui
2903 4381 2998 4437 has
3021 4383 3222 4440 litteras
3242 4385 3443 4456 legunt,
3469 4398 3778 4459 exspectant

2203 4470 2386 4540 procul
2413 4471 2572 4526 dubio
2592 4472 2677 4528 vel
2707 4474 2830 4543 quid
2861 4473 2983 4530 hinc
3007 4491 3036 4530 a
3061 4485 3112 4531 te
3133 4475 3330 4532 dictum
3351 4481 3439 4546 sit,
3469 4479 3558 4534 ubi
3579 4481 3776 4536 dictum

2201 4560 2288 4628 sit,
2317 4563 2399 4616 vel
2426 4577 2455 4615 a
2486 4577 2570 4618 me
2597 4562 2720 4633 quid
2747 4580 3080 4636 responsum.
3111 4567 3293 4640 Itaque
3335 4571 3402 4626 de
3429 4572 3625 4642 Optato
3665 4572 3778 4628 Gil-

2200 4645 2430 4706 doniano
2458 4653 2598 4722 quod
2627 4653 2850 4723 objectis
2888 4658 3023 4713 meis
3057 4657 3379 4728 respondisti
3407 4701 3420 4724 ,
3455 4663 3579 4716 nolo
3607 4663 3779 4718 discu-

2199 4751 2332 4808 tere,
2361 4744 2484 4799 nolo
2505 4743 2558 4799 in
2579 4744 2810 4806 hominis
2827 4763 3004 4816 causa,
3029 4749 3096 4805 de
3119 4751 3270 4821 cujus
3290 4767 3322 4807 a
3347 4755 3540 4810 vestris
3560 4755 3779 4811 damna-

2205 4837 2349 4892 tione
2376 4838 2446 4892 nil
2473 4853 2591 4910 ago,
2615 4838 2812 4895 diutius
2837 4841 3130 4898 immorari.
3161 4843 3320 4909 Facio
3348 4855 3494 4902 certe
3516 4847 3778 4917 jacturam

2197 4919 2362 5000 hujus
2405 4931 2629 5002 objecti,
2661 4943 2715 4988 et
2755 4932 2858 4989 hoc
2899 4933 3126 4991 fortasse
3165 4938 3305 5008 apud
3349 4949 3632 5009 posteros,
3658 4957 3776 4998 cum

2203 5021 2342 5077 illius
2369 5022 2526 5079 fuerit
2563 5025 2836 5080 obliterata
2873 5029 3168 5083 memoria:
3195 5045 3338 5087 nunc
3379 5047 3505 5088 vero
3531 5036 3776 5105 quamdiu

2203 5124 2327 5168 sunt
2358 5115 2606 5172 homines
2647 5117 2736 5187 qui
2783 5117 2943 5172 vitam
2975 5119 3114 5175 illius
3157 5137 3436 5198 moresque
3479 5137 3772 5194 noverunt,

2203 5224 2386 5278 parum
2415 5225 2499 5264 me
2533 5210 2601 5265 de
2639 5211 2730 5266 illo
2762 5209 2991 5279 dixisse,
3020 5228 3177 5283 quam
3217 5215 3408 5272 falsum
3449 5221 3626 5289 potius
3649 5236 3775 5276 oon-

2201 5310 2507 5371 querentur.
2536 5302 2718 5374 Neque
2744 5305 2885 5360 enim
2912 5306 2988 5360 sic
3016 5306 3194 5377 legunt
3221 5308 3425 5365 litteras
3452 5322 3682 5380 nostras,
3712 5323 3768 5367 ut

2203 5398 2286 5456 tu,
2315 5391 2402 5461 qui
2445 5407 2510 5449 ex
2551 5409 2637 5449 me
2675 5396 2903 5464 quteris,
2932 5397 3019 5452 ille
3056 5413 3213 5469 quem
3250 5409 3499 5472 tanquam
3534 5403 3770 5474 rapidum

2200 5477 2415 5540 ﬂuctum
2437 5485 2458 5517 ⁸
2484 5486 2860 5557 appellaverim
2883 5529 2898 5554 ,
2931 5489 3060 5560 quid
3087 5489 3424 5549 absorbuerit
3443 5536 3460 5562 ,
3507 5509 3630 5551 cum
3669 5496 3771 5550 illic

2265 5625 2285 5690 ξ
2315 5631 2414 5674 Am.
2437 5631 2740 5690 metuas,
2757 5625 3020 5690 transiecit.

2262 5689 2282 5719 ²
2313 5695 2421 5758 Pro,
2436 5687 2692 5758 _refellisse,
2725 5686 2927 5752 legitur,
2972 5688 3260 5756 defendisse,
3303 5694 3432 5758 apud
3477 5704 3579 5747 Am.
3625 5704 3697 5747 Er.
3726 5705 3772 5748 et

2199 5761 2369 5801 omnes
2409 5756 2518 5798 Mss.

2263 5813 2282 5884 ξ
2309 5819 2470 5884 porte,
2498 5810 2662 5870 victor,
2683 5818 2734 5884 ut
2751 5826 2912 5884 supra,
2929 5813 3016 5864 lib.
3039 5816 3086 5884 ξ,
3115 5829 3164 5876 n,
3186 5816 3263 5884 es

2199 5935 2233 5986 ά
2261 5875 2282 5906 ι
2307 5880 2354 5921 ιιι
2379 5881 2620 5982 Μεςηιᾳιιο
2641 5886 2672 5920 a
2693 5879 2738 5922 te
2757 5873 2979 5937 breviter,
2991 5873 3120 5928 velut
3142 5873 3410 5940 recolatdo,
3429 5882 3770 5938 reminiscendo

2233 5947 2403 5987 ecursn
2425 5947 2510 5982 sun
2536 5969 2547 5980 .

2260 5999 2280 6030 ⁵
2296 6004 2421 6058 ,
2436 5993 2656 6048 rabidum
2664 5994 2881 6062 ﬂuctum;
2893 6007 2944 6053 et
2955 5999 3077 6055 infra
3085 6004 3769 6072 oonsianter,rabidusﬁuaut.
