4010 6536
275 433 380 492 565

274 547 475 602 habeas
505 541 883 598 Praitextatum
910 543 965 593 et
988 534 1338 591 Felieianum.
1379 530 1510 586 Nam
1550 529 1709 585 verba
1745 540 1864 582 mea

273 641 379 697 illic
404 639 489 694 sic
516 651 576 692 se
602 635 838 690 habent:
864 632 948 685 Ita
975 630 1204 701 quidem,
1239 627 1454 697 inquam
1474 666 1488 691 ,
1516 622 1602 678 isti
1624 621 1868 676 insultant

272 730 608 788 schismaticis
633 728 761 792 suis,
788 736 841 778 ut
858 739 946 778 eos
970 732 1016 777 et
1044 730 1267 776 mortuos
1289 728 1334 773 et
1356 716 1634 787 insepultos
1653 721 1867 767 uocent:

276 823 364 878 sed
395 829 532 875 certe
558 827 735 888 aptare
758 816 1032 870 debuerunt
1060 822 1117 865 ut
1145 810 1491 881 sepelirentur,
1516 822 1583 859 ne
1606 805 1670 858 de
1697 802 1869 856 amtti-

274 913 455 966 tudine
499 908 779 981 fasciatim
820 906 876 961 in
913 906 1079 960 littore
1120 904 1421 957 cadaverum
1462 896 1827 967 insepultorum
1847 935 1863 959 ,

274 1004 622 1060 Gildentanus
650 999 870 1071 Optatus
894 996 1130 1053 incedam
1146 1010 1262 1049 eum
1290 992 1490 1064 agmine
1510 987 1728 1043 antilitari
1756 997 1871 1040 tan-

271 1115 431 1171 quam
480 1094 698 1167 rapidas
738 1094 923 1163 ﬂuctu
963 1090 1102 1145 ultra
1142 1086 1407 1158 prosiliam
1430 1126 1445 1152 ,
1478 1081 1794 1137 Feliciunum
1820 1087 1870 1133 et

274 1192 660 1246 Pmtexlatunt
687 1188 936 1241 introrsus
964 1192 1138 1255 postea
1164 1179 1434 1235 resorberet
1464 1176 1601 1247 (Lib.
1632 1177 1655 1230 l
1692 1182 1870 1229 contra

270 1281 500 1335 Litteras
531 1278 808 1343 Petitiani,
840 1293 895 1329 η.
929 1272 1038 1346 ll).
1067 1272 1192 1328 llam
1216 1270 1381 1325 verba
1402 1283 1518 1322 mea
1538 1281 1658 1321 cum
1690 1265 1759 1320 ibi
1791 1265 1868 1321 leo

269 1374 438 1445 geris,
468 1386 565 1427 cur
584 1383 695 1426 non
713 1368 891 1424 omnia
908 1365 1131 1437 posuisti
1157 1364 1209 1417 εἳ
1243 1363 1355 1417 Cur
1374 1376 1459 1415 me
1484 1360 1643 1415 veluti
1670 1358 1867 1428 arguis,

273 1479 393 1520 non
426 1462 632 1518 dixisse
664 1458 791 1530 quid
820 1456 1037 1528 rapidus
1074 1455 1266 1511 ﬂuctus
1304 1453 1395 1507 ille
1421 1450 1721 1515 sorbuerit,
1747 1463 1871 1503 cum

272 1558 352 1613 ibi
385 1556 649 1626 scriptum
676 1551 892 1618 videas,
941 1548 1256 1605 Feticianum
1295 1555 1343 1601 et
1381 1544 1749 1599 Pretewtatunt
1788 1542 1869 1595 iu-

272 1657 481 1702 trorstts
514 1654 691 1717 postea
714 1642 1022 1698 resorberet?

338 1737 577 1795 CAPUT
601 1735 768 1792 XXV.
791 1733 965 1792 -52.
999 1732 1135 1802 Quid
1157 1731 1300 1788 enim
1329 1729 1469 1785 aliud
1496 1729 1643 1784 velut
1665 1727 1733 1782 ad
1754 1740 1872 1781 ma-

270 1844 441 1902 gnam
489 1826 874 1885 defensionem
899 1840 1054 1880 suam
1091 1822 1420 1894 respondere
1460 1821 1621 1877 vestri
1662 1818 1869 1887 solent,

267 1936 402 1978 cum
428 1920 512 1976 eis
826 1914 1142 1972 Praetextati
1172 1923 1227 1970 et
1263 1912 1522 1969 Feliciani
1556 1911 1677 1966 talis
1718 1926 1871 1966 rece-

271 2014 393 2084 ptio
420 2012 829 2078 damnatorum,
859 2009 961 2065 nisi
984 2051 999 2077 ,
1034 2008 1254 2080 Optatus
1297 2008 1392 2060 hoc
1425 2006 1617 2073 voluit,
1648 2005 1871 2073 Optatus

270 2109 376 2160 hoc
403 2102 742 2175 fecittQuod
779 2112 837 2159 et
872 2104 1003 2173 ipsa:
1037 2102 1278 2157 civitates
1308 2100 1594 2154 Mustitana
1622 2108 1676 2154 et
1702 2099 1873 2154 Assu-

270 2200 455 2255 ritana
482 2205 768 2262 testantur,
798 2211 920 2267 quae
948 2210 1009 2251 se
1048 2195 1232 2250 dicunt
1266 2208 1337 2250 ex
1374 2192 1550 2263 Optati
1582 2193 1876 2248 commina-

273 2291 429 2347 tione
455 2289 831 2367 Gildonianum
852 2287 1078 2344 militem
1106 2286 1474 2350 formidantes,
1497 2285 1738 2355 coegisse
1760 2286 1875 2355 epi-

268 2398 473 2456 scopos
499 2397 629 2439 suos
642 2382 712 2439 ad
731 2382 1161 2438 communionem
1186 2379 1362 2435 redire
1376 2378 1651 2434 Primiani.
1674 2377 1874 2434 Verum

276 2484 339 2531 tu
366 2476 497 2545 quia
524 2474 629 2529 hoc
655 2474 724 2529 ab
746 2472 845 2527 illo
874 2471 1073 2527 factum
1092 2511 1107 2539 ,
1138 2470 1476 2541 impudenter
1506 2470 1687 2539 negari
1716 2484 1875 2539 posse

274 2565 498 2633 vidisti,
533 2567 634 2620 hoc
676 2578 707 2618 a
739 2577 824 2619 me
848 2564 1110 2633 scriptum
1151 2561 1394 2631 negasti,
1427 2562 1595 2632 magis
1630 2559 1873 2617 fortassis

270 2657 593 2713 existimans
619 2656 823 2712 litteras
835 2669 983 2710 meas
994 2667 1153 2726 quam
1169 2653 1315 2709 illam
1336 2667 1449 2708 rem
1468 2667 1633 2724 posse
1654 2653 1872 2709 nesciri.

272 2750 387 2807 Sed
408 2750 627 2806 licuerit
650 2748 915 2821 episcopis
951 2749 1145 2803 vestris
1165 2787 1181 2814 ,
1219 2747 1406 2802 nescio
1434 2761 1542 2817 quo
1573 2747 1875 2802 Donatiano

274 2846 361 2901 vel
387 2843 673 2900 Numidico
694 2843 995 2915 privilegio,
1020 2842 1089 2898 de
1112 2856 1210 2897 suo
1228 2842 1476 2913 ignorare
1496 2842 1699 2912 collega
1720 2842 1876 2913 quid-

273 2937 406 3009 quid
433 2947 541 2994 tota
568 2937 744 2994 Africa
768 2936 1170 3001 conclamabat;
1201 2950 1324 2991 cum
1346 2933 1490 2991 Afris
1517 2935 1585 2991 ab
1609 2934 1752 2991 Afris
1779 2937 1876 2991 ob-

278 3032 421 3098 jecta
458 3029 683 3085 crimina
707 3070 722 3096 ,
764 3043 1035 3099 nunquam
1079 3026 1295 3098 probata
1320 3068 1335 3094 ,
1382 3028 1543 3083 toties
1588 3027 1829 3083 absoluta
1854 3068 1871 3095 ,

275 3118 645 3177 Orientalibus
680 3128 735 3176 et
770 3118 1201 3176 Occidentalibus
1246 3126 1404 3173 terra:
1458 3118 1654 3173 ﬁnibus
1695 3119 1875 3189 ignota

277 3226 401 3267 esse
454 3226 564 3268 non
634 3212 833 3267 sinant.
886 3210 1072 3266 Valeat
1126 3209 1265 3280 apud
1311 3223 1407 3264 vos
1459 3209 1761 3280 Baptismus
1808 3211 1877 3267 ab

279 3303 478 3375 Optato
507 3305 681 3372 datus,
717 3318 877 3375 quem
914 3304 994 3359 sic
1026 3302 1281 3357 damnare
1311 3302 1527 3357 noluisti
1547 3343 1561 3368 ,
1592 3310 1651 3357 ut
1696 3310 1874 3357 tamen

280 3408 395 3453 non
426 3396 592 3453 literis
627 3410 787 3454 ausus
815 3396 1129 3462 absolvere;
1157 3403 1211 3452 et
1238 3409 1343 3450 non
1373 3395 1549 3450 valeat
1586 3394 1745 3450 datus
1772 3396 1875 3450 Ba-

284 3488 521 3558 ptismus
549 3488 603 3543 in
640 3488 890 3544 Ecelesiis
927 3487 1222 3559 apostolico
1264 3486 1447 3543 labore
1486 3486 1741 3553 fundatis,
1771 3486 1877 3541 Cm

279 3581 632 3646 rinthiorum,
659 3581 963 3639 Galatarum
980 3624 993 3647 ,
1028 3580 1405 3652 Ephesiorum,
1431 3579 1833 3635 Colossensium
1856 3622 1872 3647 ,

278 3672 726 3744 Philippensium,
755 3672 1311 3729 Thessalonicensium
1328 3712 1342 3737 ,
1370 3678 1794 3741 creterarumque
1819 3673 1875 3727 in

279 3764 482 3821 sanctis
504 3765 723 3821 Litteris
743 3804 759 3832 ,
796 3779 928 3835 quas
953 3772 1008 3819 et
1040 3777 1138 3819 vos
1162 3763 1338 3833 legitis
1361 3802 1379 3829 ,
1410 3764 1831 3833 conscripturum
1854 3802 1873 3831 ,

280 3856 370 3913 ubi
399 3857 670 3913 Caeciliani
687 3897 701 3924 ,
729 3872 837 3913 non
861 3856 984 3912 dico
1003 3855 1193 3911 falsum
1216 3855 1347 3910 illud
1370 3855 1593 3923 crimen,
1619 3856 1711 3910 sed
1739 3855 1877 3913 forte

280 3961 381 4005 nec
400 3962 591 4005 verum
618 3963 812 4004 nomen
834 3948 1075 4003 auditum
1095 3955 1196 4003 est.
1214 3946 1477 4001 'llabuerit
1494 3947 1878 4005 conscientiam

281 4050 469 4098 sancte
510 4041 692 4097 dantis
729 4040 957 4113 Optatus
994 4043 1049 4096 in
1090 4041 1185 4097 illa
1226 4041 1368 4108 vita,
1413 4054 1572 4112 quam
1616 4046 1707 4107 tu,
1739 4041 1879 4097 sicut

281 4136 482 4206 scripta
528 4144 617 4191 tua
665 4134 938 4202 indicant,
967 4135 1177 4190 etiamsi
1221 4140 1441 4205 prapter
1482 4148 1582 4190 nos
1622 4133 1879 4191 damnare

281 4228 583 4296 erubuisti,
617 4238 794 4285 tamen
838 4236 1057 4299 propter
1093 4226 1265 4283 Deum
1306 4226 1584 4282 absolvere
1622 4227 1876 4293 timuisti,

282 4322 336 4377 in
368 4323 461 4377 illa
493 4322 654 4379 etiam
681 4321 895 4393 publica
925 4320 1065 4376 fama
1096 4320 1186 4376 ubi
1208 4321 1458 4376 latentem
1488 4320 1581 4377 tibi
1606 4320 1773 4375 visum
1798 4324 1880 4375 est

282 4414 489 4471 attendi
520 4428 682 4485 posse
709 4414 1093 4471 conscientiam
1117 4431 1132 4482 ;
1162 4422 1216 4470 et
1244 4420 1527 4469 accusetur
1551 4413 1879 4469 conscientia

282 4514 363 4563 tot
386 4515 765 4579 tantarumque
791 4507 1025 4579 gentium
1055 4506 1467 4563 christianarum
1490 4548 1503 4573 ,
1533 4505 1655 4576 quia
1697 4520 1879 4562 remo-

283 4601 524 4657 tissimae
550 4603 672 4657 lites
700 4600 963 4673 ignoravit
988 4596 1260 4655 Afrorum.
1290 4598 1557 4670 Numquid
1588 4598 1748 4654 etiam
1773 4597 1881 4654 cri-

284 4691 433 4748 mina
463 4694 716 4760 istorum,
749 4692 1005 4750 Fel‘iciani
1048 4692 1253 4747 scilicet
1277 4699 1333 4747 et
1372 4690 1712 4755 Praetextati,
1744 4703 1881 4760 quos

284 4786 512 4842 trecenti
539 4793 593 4841 et
616 4784 804 4842 decem
832 4784 1071 4857 plenario
1100 4784 1329 4841 concilio
1353 4782 1762 4852 damnaverunt,
1798 4782 1879 4838 si-

284 4880 489 4935 militer
512 4880 758 4951 ignorare
784 4878 1109 4951 potuerunt?

357 4972 594 5030 CAPUT
619 4971 809 5028 XXVI.
831 5004 900 5013 —
922 4973 1010 5028 '55.
1054 4970 1122 5026 Et
1148 4970 1323 5027 adhuc
1348 4968 1538 5041 objicis
1566 4969 1755 5026 unitati
1783 4984 1878 5025 ca-

290 5064 506 5121 tholicae
533 5064 716 5121 nescio
745 5079 864 5136 quae
906 5062 1043 5119 facta
1087 5070 1426 5129 nostrorum,
1454 5076 1573 5132 quae
1612 5069 1703 5115 aut
1748 5060 1876 5117 falsa

290 5167 436 5223 sunt,
464 5165 555 5213 aut
591 5166 804 5229 peccata
833 5172 940 5213 non
974 5164 1135 5222 sunt;
1171 5163 1262 5210 aut
1296 5155 1457 5211 etiam
1487 5155 1531 5209 si
1557 5168 1682 5210 vera
1722 5162 1881 5225 atque

290 5258 512 5322 peccata
536 5258 680 5316 sunt,
711 5250 971 5306 bonorum
995 5247 1306 5303 societatem
1334 5246 1602 5301 maculare
1626 5261 1731 5301 non
1759 5260 1883 5316 pos-

293 5352 441 5400 sunt.
473 5341 658 5414 Neque
682 5342 824 5398 enim
849 5340 976 5398 boni
997 5339 1393 5398 communicant
1418 5339 1650 5411 peccatis
1670 5339 1881 5405 alienis,

297 5435 492 5505 quibus
540 5434 719 5506 utique
762 5433 1020 5490 faciendis
1066 5448 1173 5489 non
1219 5433 1589 5499 consentiunt;
1642 5431 1884 5501 quamvis

299 5540 417 5581 cum
462 5527 594 5597 ipsis
629 5526 718 5597 qui
759 5540 819 5582 ea
867 5526 1100 5593 faciunt,
1141 5523 1313 5580 donec
1353 5522 1419 5578 de
1457 5537 1580 5579 area
1618 5522 1884 5577 dominica

302 5619 438 5674 sicut
465 5619 620 5690 palea
658 5618 958 5675 ventilabro
1001 5618 1189 5673 ultimo
1218 5624 1532 5687 separentur
1562 5614 1774 5688 (Matth.
1807 5630 1881 5681 ιιι,

307 5712 395 5782 l2)
421 5756 436 5782 ,
466 5726 573 5768 non
608 5727 792 5768 eorum
836 5720 1052 5781 peccata
1072 5752 1087 5777 ,
1121 5709 1215 5765 sed
1246 5709 1342 5764 Dei
1385 5718 1714 5764 sacramenta
1740 5720 1887 5762 com-

369 5930 390 5963 ι
414 5931 499 5983 Hic
517 5928 616 5986 duo
632 5936 737 5984 Mss.
760 5928 957 5997 addunt,
982 5938 1091 5983 cum
1111 5928 1181 5985 eis
1202 5922 1492 5993 remotum
1510 5931 1736 5981 tantum.

1622 413 1823 471 LIBER
1860 410 2206 480 QUARTUS.

3454 412 3559 473 506

1976 531 2284 597 munieent;
2333 540 2387 587 et
2430 532 2567 589 intra
2622 530 2862 590 eamdem
2902 546 3154 602 sagenam
3205 530 3346 585 velut
3387 532 3557 601 pisces

1974 624 2101 678 boni
2129 638 2248 678 cum
2284 624 2439 681 malis
2468 641 2635 696 usque
2664 625 2731 680 ad
2769 626 3159 695 separationem
3180 666 3193 689 ,
3225 641 3344 695 quae
3382 624 3435 678 in
3469 624 3558 680 lit-

1974 724 2109 783 tore,
2144 716 2244 770 hoc
2274 726 2387 781 est,
2421 718 2472 772 in
2516 717 2621 772 line
2655 717 2837 773 saeculi
2873 726 3123 787 tanquam
3165 717 3218 771 in
3248 718 3351 773 line
3392 718 3557 772 maris

1973 807 2148 864 futura
2177 817 2257 864 est
2289 808 2397 879 (Id.
2431 826 2541 874 xm,
2568 809 2758 881 47-50)
2783 853 2798 877 ,
2824 825 2930 866 non
2961 811 3027 867 ab
3052 810 3131 867 eis
3156 825 3441 881 corporum
3470 826 3559 867 se-

1973 906 2311 975 gregatione,
2344 905 2437 959 sed
2464 905 2586 959 vitae
2624 919 2688 960 ac
2725 919 2934 960 morum
2959 904 3269 963 diversitate
3304 905 3558 975 disiuncti

1975 1007 2121 1055 sunt.
2152 999 2301 1054 Sicut
2347 1013 2445 1053 nee
2476 998 2721 1053 undecim
2763 997 3003 1068 Apostoli
3040 997 3196 1053 furtis
3232 997 3382 1053 ludas
3409 1012 3559 1055 com-

1975 1092 2353 1159 municabant;
2384 1100 2439 1146 et
2479 1100 2653 1147 tamen
2684 1106 2811 1146 eum
2844 1091 2942 1147 illo
2977 1090 3152 1147 eidem
3183 1090 3410 1148 Domino
3434 1092 3563 1148 visi-

1977 1185 2155 1242 biliter
2181 1182 2560 1249 cohaerebant,
2605 1183 2854 1239 eumdem
2901 1182 3205 1253 Magistrum
3235 1182 3557 1249 audiebant,

1976 1279 2117 1335 idem
2162 1277 2488 1333 credendum
2511 1277 2529 1308 ⁸
2556 1275 2903 1346 Evangelium
2944 1275 3341 1346 percipiebant,
3371 1275 3561 1332 eadem

1973 1371 2316 1427 Sacramenta
2359 1368 2641 1425 sumebant
2668 1367 2860 1439 (Ιοαη.
2894 1382 2986 1433 xn,
3016 1366 3112 1424 4-6
3135 1408 3150 1433 ,
3179 1376 3226 1421 et
3251 1381 3376 1433 xm,
3408 1365 3517 1437 26)
3542 1409 3560 1434 ,

1974 1465 2239 1537 corporali
2265 1479 2386 1520 cum
2424 1463 2517 1518 illo
2554 1461 2962 1533 congregatione
2987 1459 3271 1531 permixti,
3300 1458 3566 1529 spirituali

1975 1557 2406 1616 dissimilitudine
2435 1554 2687 1627 separati.
2717 1551 2865 1609 Sicut
2904 1551 3176 1621 apostolus
3226 1550 3425 1607 Paulus
3452 1562 3564 1605 non

1976 1650 2405 1709 communicabat
2431 1645 2781 1704 contumaciae
2810 1652 2865 1700 et
2897 1642 3109 1723 invidia:
3133 1683 3147 1709 ,
3181 1641 3284 1697 hoc
3308 1649 3421 1706 est,
3448 1640 3566 1695 dia-

1976 1745 2165 1802 bolicis
2190 1744 2333 1799 vitiis
2370 1756 2557 1797 eorum
2602 1739 2692 1810 qui
2730 1752 2838 1793 non
2876 1743 3033 1793 caste
3068 1734 3339 1790 Christum
3363 1748 3566 1789 annun-

1977 1838 2212 1903 tiabant;
2243 1844 2299 1891 et
2328 1845 2510 1890 tamen
2535 1848 2658 1888 cum
2687 1832 2767 1887 eis
2790 1829 3039 1887 etnndem
3064 1826 3338 1883 Christum
3365 1824 3563 1896 prsidi—

1976 1932 2165 1999 cabat,
2195 1929 2435 2000 ejusdem
2478 1926 2675 1983 Christi
2718 1927 3060 1981 Sacramenta
3102 1921 3481 1994 participabat;
3510 1927 3565 1973 et

1977 2025 2043 2080 de
2073 2024 2156 2078 his
2184 2022 2414 2087 dicebat,
2450 2019 2569 2074 Sive
2610 2018 2903 2082 occasione,
2935 2018 3037 2087 give
3063 2015 3266 2069 veritate
3286 2054 3300 2077 ,
3332 2010 3563 2066 Christus

1978 2114 2300 2171 annumietur
2324 2110 2584 2181 (Philipp.
2615 2124 2651 2175 ι,
2684 2108 2771 2171 t7,
2800 2097 3070 2175 lSVNam
3097 2104 3198 2159 hos
3224 2097 3428 2171 martyr
3452 2099 3563 2170 Cy-

1978 2208 2199 2277 prianus
2225 2200 2624 2260 amantissimus
2652 2199 2888 2261 unitatis,
2916 2210 3023 2250 non
3064 2195 3241 2264 aliquo
3277 2191 3566 2247 schismate

1977 2300 2060 2353 vel
2090 2296 2282 2353 haeresi
2312 2300 2610 2365 separatos,
2643 2290 2739 2346 sed
2764 2288 3017 2344 fratribus
3047 2284 3311 2356 corporali
3341 2297 3566 2352 congre-

1976 2391 2190 2465 gatione
2236 2389 2402 2444 fuisse
2445 2386 2805 2451 commixtos,
2849 2390 2903 2437 et
2946 2382 3207 2436 intellexit
3251 2389 3303 2435 et
3353 2374 3569 2446 scripsit

1979 2482 2236 2555 (Epistola
2271 2480 2339 2534 ad
2384 2477 2731 2547 Maximum):
2759 2476 2895 2530 sicut
2936 2474 3077 2529 idem
3119 2472 3275 2527 etiam
3319 2471 3431 2538 ipse
3458 2466 3568 2538 Cy-

1979 2579 2197 2651 prianus
2223 2574 2481 2640 avaritia},
2509 2570 2728 2642 rapinis,
2755 2567 2923 2624 fenori
2952 2567 3273 2635 collegarum
3295 2577 3403 2617 non
3424 2575 3566 2618 com-

1978 2669 2306 2733 municabat,
2335 2679 2471 2737 quos
2491 2663 2701 2719 dicebat
2721 2660 3080 2718 esurientibus
3103 2659 3155 2712 in
3186 2656 3423 2712 Ecclesia
3452 2655 3565 2709 fra-

1980 2764 2151 2820 tribus
2181 2761 2380 2816 habere
2400 2765 2680 2829 argentum
2710 2755 2925 2825 largiter
2947 2752 3105 2817 velle,
3130 2750 3321 2805 fundos
3342 2746 3567 2803 insidio-

1978 2856 2054 2911 sis
2098 2852 2376 2909 fraudibus
2412 2863 2635 2920 rapere,
2677 2848 2853 2902 usuris
2888 2841 3365 2913 multiplicantibus
3412 2841 3565 2895 fenus

1978 2962 2206 3018 augere;
2248 2942 2390 3016 quod
2433 2943 2630 2997 malum
2679 2941 2838 2996 etiam
2886 2936 3199 2993 idololatriae
3240 2932 3568 3002 comparavit

1979 3040 2155 3115 (Libro
2180 3038 2244 3093 de
2271 3033 2472 3107 Lapst's)
2501 3053 2514 3087 :
2537 3048 2761 3105 quorum
2790 3043 2965 3086 tamen
2986 3026 3319 3098 corporalem
3339 3038 3567 3096 congre-

1979 3134 2248 3204 gationem
2278 3142 2384 3184 non
2412 3126 2746 3198 refugiebat,
2774 3124 2839 3179 ad
2882 3122 3071 3179 eadem
3100 3120 3283 3175 altaria
3309 3117 3569 3175 consiste-

1978 3226 2088 3291 bat,
2123 3220 2371 3279 eumdem
2414 3217 2827 3274 sacratissimum
2865 3214 3043 3270 cibum
3070 3222 3359 3282 potumque
3386 3222 3568 3263 sume-

1979 3294 2201 3413 bat/Illi
2228 3316 2375 3371 enim
2418 3327 2525 3367 non
2552 3311 2700 3377 aliis,
2732 3308 2826 3363 sed
2857 3308 2955 3361 sibi
2982 3305 3240 3375 judicium
3271 3300 3567 3356 manduca-

1980 3396 2107 3466 ban't
2148 3418 2203 3464 et
2249 3402 2594 3475 bibebanL(l
2645 3401 2763 3456 Cor.
2814 3415 2890 3465 ιι,
2935 3396 3180 3465 29):ille
3222 3402 3399 3449 autem
3443 3403 3568 3447 cum

1980 3501 2172 3557 talibus
2197 3540 2211 3565 ,
2244 3512 2351 3553 non
2398 3509 2583 3552 eorum
2625 3500 2840 3565 peccata
2864 3532 2877 3556 ,
2929 3488 3024 3544 sed
3072 3485 3322 3558 mysteria
3365 3480 3570 3538 Christi

1980 3593 2428 3658 communicabat,
2463 3585 2936 3659 coniunctissimus
2961 3581 3189 3639 statibus
3208 3619 3225 3647 ,
3255 3576 3568 3648 disiunctis-

1980 3691 2148 3746 simus
2176 3686 2438 3743 moribus.
2470 3684 2553 3739 Ad
2589 3682 2693 3737 hoc
2716 3681 2859 3737 enim
2890 3687 2945 3735 et
2981 3677 3085 3731 illae
3111 3670 3485 3731 similitudines
3513 3670 3570 3724 in

1979 3781 2288 3851 Scripturis,
2312 3786 2366 3834 et
2385 3778 2474 3831 illa
2499 3774 2749 3844 exempla
2776 3771 3046 3842 praemissa
3076 3777 3220 3833 sunt,
3251 3774 3309 3817 ut
3328 3763 3569 3817 discered-

1982 3888 2103 3929 mus
2133 3873 2457 3927 frumentum
2488 3881 2627 3932 esse,
2660 3879 2759 3920 nec
2786 3878 2964 3918 aream
2995 3860 3314 3915 dominicam
3346 3863 3567 3926 propter

1981 3966 2149 4038 paleae
2171 3960 2605 4018 commixtionem
2628 3956 2878 4011 deserere
2909 3950 3119 4023 (Matth.
3143 3963 3223 4015 ιιι,
3248 3946 3369 4017 l2);
3396 3944 3570 4015 pisces

1978 4035 2142 4116 boni'
2174 4070 2314 4121 esse,
2346 4069 2446 4109 nec
2473 4058 2692 4124 propter
2719 4047 3149 4104 commixtionem
3168 4042 3432 4097 malorum
3460 4035 3572 4090 dis-

1982 4154 2153 4225 ruptis
2181 4150 2385 4207 retibus
2430 4148 2572 4203 foras
2602 4146 2679 4199 ire
2706 4143 2817 4215 (ια.
2850 4157 2979 4207 xm,
3012 4140 3103 4206 47,
3134 4138 3226 4207 48)
3254 4152 3268 4199 ;
3296 4148 3421 4189 vasa
3449 4145 3571 4187 esse

1983 4242 2364 4303 misericordia:
2406 4240 2461 4295 in
2502 4237 2709 4294 honore
2750 4234 2889 4289 facta
2929 4241 3088 4303 atque
3130 4226 3422 4293 mundata,
3473 4238 3575 4280 nec

1983 4346 2202 4409 propter
2230 4349 2354 4389 vasa
2383 4328 2695 4405 perditionis
2726 4336 2778 4384 et
2800 4323 3141 4383 contumeliae
3168 4321 3236 4376 de
3263 4320 3424 4376 domo
3454 4331 3574 4371 ma-

1983 4446 2085 4504 gna
2112 4430 2293 4501 fugere
2326 4424 2400 4499 (ll
2431 4425 2561 4480 Tim.
2590 4439 2661 4489 ιι,
2689 4421 2780 4489 20,
2813 4419 2938 4489 21).
2965 4416 3120 4473 Nulla
3146 4413 3291 4471 enim
3320 4424 3481 4467 causa
3512 4409 3573 4464 in

1984 4502 2335 4593 utrorumque
2385 4516 2663 4590 temporali
2690 4511 3101 4585 congregatione
3146 4517 3307 4577 atque
3334 4502 3572 4575 permix-

1986 4618 2133 4673 tione
2158 4614 2498 4671 laudabiliter
2526 4611 2817 4666 tolerantur
2843 4604 3003 4670 mali,
3032 4601 3137 4659 nisi
3164 4614 3232 4655 ne
3252 4594 3575 4654 damnabili-

1985 4718 2068 4765 tcr
2098 4708 2413 4764 deserantur
2452 4703 2598 4759 boni.
2629 4698 2779 4768 Quod
2807 4712 2928 4754 cum
2955 4704 3010 4753 et
3032 4709 3127 4751 vos
3158 4693 3209 4747 in
3241 4689 3432 4746 vestris
3461 4696 3574 4743 tam

1988 4801 2169 4858 multis
2199 4808 2254 4856 et
2278 4806 2384 4852 tam
2414 4791 2706 4850 manifestis
2736 4789 2890 4846 malis
2914 4786 3101 4844 eadem
3124 4782 3445 4841 necessitate
3487 4778 3569 4833 fa-

1986 4894 2176 4958 ciatis;
2208 4900 2361 4961 potes
2388 4888 2568 4951 facile,
2603 4884 2646 4940 si
2678 4882 2811 4939 velis
2834 4925 2848 4952 ,
2876 4882 3155 4938 advertere
3182 4877 3325 4949 quod
3363 4872 3571 4930 nonnisi

1987 4984 2325 5040 animositate
2372 4979 2628 5050 sacrilega
2660 4991 2753 5031 vos
2783 4991 2811 5030 a
2852 4970 3157 5031 christianis
3199 4976 3277 5024 tot
3319 4982 3382 5021 ac
3410 4964 3573 5019 tantis

1986 5076 2233 5150 gentibus
2264 5071 2543 5143 separatis.

2056 5168 2284 5229 CAPUT
2313 5163 2527 5223 XXVII.
2558 5194 2630 5206 ——
2666 5164 2756 5220 54.
2785 5160 2968 5232 Itaque
3009 5174 3116 5215 non
3153 5155 3323 5211 solum
3352 5154 3577 5223 Optatus

1989 5269 2044 5325 in
2074 5267 2161 5323 illa
2186 5262 2501 5321 Gildoniana
2541 5260 2795 5317 societate
2826 5254 3135 5311 notissimus
3156 5290 3170 5316 ,
3219 5246 3312 5304 sed
3353 5246 3579 5318 quilibet

1989 5359 2247 5415 obscurus
2286 5353 2429 5427 apud
2455 5367 2552 5408 vos
2588 5351 2609 5383 ³
2641 5359 2691 5406 te
2734 5347 2934 5404 sciente
2960 5343 3085 5399 mali
3127 5339 3325 5409 aliquid
3368 5338 3576 5407 fecerit,

1989 5467 2109 5510 cum
2153 5464 2274 5505 cum
2305 5464 2410 5503 non
2452 5442 2691 5516 potueris
2720 5456 2749 5494 a
2789 5447 2962 5494 vestra
3004 5431 3380 5489 communione
3418 5443 3577 5499 sepa-

1989 5557 2111 5600 rare
2130 5584 2145 5611 ,
2171 5540 2293 5612 quia
2323 5538 2407 5593 vel
2446 5551 2552 5590 non
2590 5532 2681 5588 tibi
2711 5529 2944 5585 creditur
2970 5522 3275 5591 accusanti,
3305 5522 3389 5578 vel
3418 5534 3579 5576 accu-

1993 5652 2113 5695 sare
2156 5650 2262 5691 non
2306 5631 2505 5696 audes,
2557 5641 2623 5682 ne
2668 5638 2772 5677 non
2826 5620 3003 5676 valeas
3050 5615 3439 5689 comprobare;
3490 5621 3582 5669 aut

2060 5798 2075 5829 ι
2101 5798 2174 5843 sic
2194 5799 2301 5840 Mss.
2330 5794 2384 5836 At
2407 5784 2543 5841 editi,
2566 5781 2625 5831 ab
2645 5778 2811 5829 eodem
2834 5777 3094 5829 creditum.

2059 5860 2078 5889 ι
2115 5854 2279 5904 melius
2301 5850 2575 5911 legeretur,
2590 5842 2874 5911 Alyattos-att.
3003 5902 3015 5911 _

2061 5920 2081 5953 ³
2105 5900 2405 5974 ιιῖόιιωδὶἔ,
2432 5900 2678 5973 superﬂuo
2700 5902 2915 5958 additum
2931 5938 2947 5965 ,
2973 5902 3049 5968 εἰς
3072 5900 3200 5969 Quod
3222 5902 3365 5957 abest
3384 5909 3416 5951 ι
3435 5901 3544 5947 las.

3602 2504 3639 3077 ξ

3600 6010 3625 6062 μ)
