4010 6526
403 411 508 470 56⁸1

404 525 705 584 deserenda
742 524 839 580 tibi
877 530 960 580 est
995 535 1117 594 pars
1143 521 1368 588 Donati,
1413 528 1504 575 aut
1533 519 1652 574 talis
1679 519 1786 574 eris
1813 516 1983 589 qualis

406 619 500 674 ille
518 659 533 682 ,
561 616 714 687 cujus
740 623 1015 686 peccatum
1040 627 1147 666 non
1177 612 1417 683 ignoras,
1445 611 1690 684 quamvis
1716 608 1990 664 dissimili-

405 719 493 764 ter
517 709 686 764 vivas.
731 707 844 761 Hoc
869 719 977 761 non
1006 703 1299 760 secundum
1324 719 1534 769 veram,
1577 703 1670 758 sed
1700 700 1990 756 secundum

406 809 644 856 vestram
693 796 1012 854 sententiam
1054 795 1206 851 vobis
1252 796 1550 851 rectissime
1602 793 1814 849 dicitur.
1864 791 1994 860 Quis

409 891 556 948 enim
585 890 754 946 nescit
775 897 830 944 te
853 888 1082 944 alienum
1109 900 1230 944 esse
1252 887 1321 942 ab
1344 887 1488 941 illius
1508 885 1670 951 malo,
1699 885 1743 966 si
1770 899 1997 940 consen-

410 981 565 1036 sione
599 987 820 1050 peccato
847 979 964 1050 ejus
988 994 1094 1034 non
1122 977 1523 1034 communicas‘t
1561 976 1654 1033 sed
1681 975 1806 1030 hinc
1829 989 1995 1046 agno-

409 1086 564 1128 scere
592 1072 802 1144 cogeris
821 1114 835 1137 ,
853 1081 1061 1144 quanta
1092 1071 1360 1142 impietate
1389 1069 1652 1140 objiciatis
1693 1068 1809 1126 orbi
1850 1067 1996 1122 chri-

408 1162 590 1219 stiano
613 1165 700 1220 vel
744 1165 908 1232 falsa,
934 1164 1020 1220 vel
1047 1173 1193 1219 certe
1235 1164 1414 1234 ignota
1455 1162 1678 1216 crimina
1706 1162 1994 1229 Afrorum;

415 1270 538 1311 cum
566 1256 662 1313 tibi
689 1257 848 1328 objici
884 1258 1020 1313 nolis
1049 1257 1191 1328 quod
1218 1256 1285 1312 de
1311 1257 1477 1313 altero
1505 1256 1579 1312 sis
1598 1296 1612 1321 ,
1643 1255 1765 1326 quia
1793 1254 1894 1309 hoc
1920 1255 1999 1311 eis

408 1361 522 1406 non
563 1357 717 1420 potes
758 1349 1100 1420 persuadere,
1141 1364 1173 1404 a
1213 1363 1440 1420 quorum
1486 1363 1593 1403 non
1623 1347 1701 1402 vis
1745 1347 2000 1403 societate

416 1441 715 1498 discedere.
767 1441 876 1509 Ita,
909 1455 977 1496 ne
1004 1441 1222 1496 deseras
1263 1455 1397 1511 quos
1437 1449 1589 1510 putas
1627 1440 1816 1507 bonos,
1860 1438 2000 1494 ferre

419 1535 629 1606 cogeris
656 1550 792 1606 quos
817 1534 956 1592 nosti
985 1534 1173 1590 malos.
1202 1535 1279 1588 Ac
1315 1549 1410 1604 per
1435 1532 1538 1588 hoc
1571 1548 1755 1588 omnes
1782 1531 2002 1587 convin—

419 1627 496 1682 cit
518 1628 716 1683 veritas
744 1626 932 1691 malos,
959 1627 1046 1696 qui
1077 1635 1292 1695 propter
1315 1625 1485 1680 aliena
1509 1624 1730 1680 crimina
1759 1638 1852 1680 seu
1881 1638 2002 1678 vera

419 1731 520 1773 seu
549 1717 678 1773 falsa
703 1757 717 1783 ,
757 1716 966 1772 caeteris
1007 1725 1182 1771 tamen
1223 1717 1486 1786 incognita
1509 1758 1523 1783 ,
1552 1716 1651 1770 sibi
1690 1725 1867 1770 autem
1896 1731 2016 1777 non

417 1809 690 1877 obfutura,
736 1811 975 1880 disrupta
1015 1810 1217 1865 unitate
1253 1817 1332 1865 tot
1370 1810 1610 1880 gentium
1654 1809 2020 1868 deseruerunt.

419 1901 612 1958 bonos.
646 1903 757 1958 [loc
783 1895 889 1956 tam
916 1917 1167 1974 magnum
1211 1903 1361 1958 nefas
1401 1902 1567 1972 partis
1592 1902 1779 1957 Donati
1810 1918 1878 1957 ne
1903 1903 2004 1957 ali-

419 2009 528 2065 quo
565 1999 725 2050 modo
769 2010 1027 2050 excusare
1070 1995 1318 2066 possetis,
1362 2009 1522 2049 causa
1559 1995 1710 2049 vobis
1736 1994 2007 2051 Maximia-

420 2087 668 2141 nensium
703 2095 982 2157 procurata
1007 2094 1119 2153 est,
1150 2087 1204 2140 in
1233 2101 1339 2156 quo
1363 2086 1508 2141 velut
1532 2087 1746 2156 speculo
1776 2095 2005 2144 vestram

421 2177 739 2245 pravitatem
778 2184 1119 2246 conspectam
1141 2217 1157 2244 ,
1195 2176 1240 2230 si
1267 2175 1581 2244 volueritis,
1614 2178 1929 2249 corrigatis:
1960 2180 2007 2235 si

422 2277 602 2322 autem
646 2267 963 2334 nolueritis,
1010 2268 1134 2323 nolo
1192 2267 1478 2338 quidquam
1536 2269 1747 2338 gravius
1805 2269 2004 2338 dicere,

423 2359 638 2430 quando
678 2360 790 2415 scio
834 2368 887 2416 te
931 2375 1025 2416 cor
1059 2361 1276 2417 habere.
1327 2360 1462 2430 Quid
1504 2361 1648 2417 enim
1680 2371 1862 2418 contra
1905 2364 2007 2420 ista

422 2448 664 2506 dicturus
688 2466 748 2506 es
767 2451 791 2505 ?

435 2566 438 2570 ι
493 2541 721 2598 CAPUT
750 2540 987 2598 XXVIII.
1020 2572 1094 2582 —
1121 2543 1209 2599 55.
1248 2545 1427 2612 Bene,
1471 2545 1594 2614 quia
1636 2546 1750 2616 ipse
1793 2545 2005 2614 scribis,

421 2649 541 2687 cum
569 2632 632 2686 de
657 2631 1145 2689 Maximianensibus
1192 2634 1445 2689 damnatis
1486 2644 1532 2691 et
1571 2637 1778 2706 receptis
1807 2623 2010 2710 legisses

425 2731 588 2776 totum
614 2724 749 2793 quod
787 2725 976 2780 inserui
1007 2726 1183 2779 litteris
1209 2727 1351 2791 meis,
1383 2726 1528 2782 valde
1558 2737 1605 2782 te
1631 2729 1786 2798 fuisse
1813 2747 2010 2799 permo-

426 2823 554 2868 tum.
585 2816 780 2882 Credo,
813 2834 1033 2887 prorsus
1059 2818 1213 2874 video
1241 2834 1456 2874 causam
1486 2836 1604 2891 quae
1631 2823 1787 2878 valde
1813 2823 2012 2880 debue-

423 2905 500 2960 rit
544 2922 875 2976 permovere.
927 2909 1214 2967 Videamus
1257 2927 1418 2983 ergo,
1465 2921 1553 2969 tua
1605 2914 1703 2970 ista
1751 2919 2010 2987 permotio

425 3011 660 3066 quanam
686 2999 891 3054 reddita
933 3001 1140 3056 ratione
1163 3002 1344 3057 sedata
1372 3012 1470 3058 est.
1500 3004 1689 3060 Statim
1731 3016 1777 3061 te
1809 3008 1942 3064 dicis
1979 3026 2011 3063 a

425 3087 608 3141 uestris
631 3087 876 3159 episcopis
901 3091 1189 3160 diligentius
1213 3093 1497 3161 inquisisse,
1525 3105 1673 3166 atque
1695 3098 1817 3167 ipsis
1830 3100 2010 3154 docen-

428 3178 600 3246 tibus,
645 3190 692 3233 et
735 3181 989 3235 decretum
1017 3183 1244 3248 concilii,
1289 3192 1334 3239 et
1365 3187 1659 3241 sententiam
1702 3189 1755 3242 in
1797 3205 1880 3244 eos
1926 3193 2011 3260 qui

427 3269 661 3326 damnati
687 3281 804 3326 sunt
829 3273 1035 3340 dictam,
1081 3282 1126 3327 et
1151 3275 1223 3328 rei
1261 3274 1410 3329 totius
1439 3277 1665 3330 ordinem
1704 3280 2008 3350 cognovisse.

425 3362 636 3419 Deinde
677 3365 836 3420 etiam
881 3381 968 3421 me
1011 3366 1236 3423 credens
1278 3368 1452 3424 adhuc
1493 3370 1739 3440 ignorare
1765 3373 1888 3443 quid
1917 3389 2011 3445 ge-

427 3462 572 3510 stum
616 3455 706 3522 s’t,
758 3464 918 3526 atque
961 3457 1255 3513 admonens
1303 3468 1362 3514 ut
1407 3461 1533 3530 quid
1582 3461 1770 3518 habeat
1816 3466 2012 3522 veritas

427 3544 722 3617 discerem,
770 3551 998 3604 narrasti
1041 3551 1198 3621 plane
1241 3567 1347 3606 non
1391 3555 1516 3624 quid
1555 3557 1752 3611 veritas
1798 3557 2008 3628 habeat,

426 3638 528 3694 sed
555 3639 682 3708 quid
712 3640 938 3696 incautis
965 3649 1022 3696 et
1047 3643 1434 3712 negligentibus
1471 3647 1630 3700 vestri
1669 3663 1767 3717 pro
1792 3651 2012 3706 veritate

426 3739 753 3799 supponant.
789 3732 931 3787 Dicis
959 3734 1101 3788 enim
1122 3774 1136 3799 ,
1164 3750 1280 3788 cum
1307 3753 1457 3806 quam
1482 3739 1728 3808 plurimos
1754 3743 2012 3814 episcOpos

427 3837 573 3876 error
599 3824 698 3878 sibi
728 3822 1033 3879 Maximiani
1072 3827 1265 3880 sociare
1309 3829 1644 3898 contenderet,
1691 3821 1948 3890 contracto
1978 3854 2011 3890 a

426 3913 607 3968 vestris
633 3915 847 3969 concilio
870 3915 924 3970 in
962 3932 1045 3971 eos
1081 3933 1252 3972 omnes
1279 3919 1368 3988 qui
1391 3920 1445 3973 in
1473 3922 1581 3991 ejus
1605 3923 1875 3980 schismate
1899 3944 2013 3996 per-

425 4005 672 4061 stitissent
713 4007 964 4077 prolatam
1005 4027 1112 4065 esse
1149 4012 1466 4080 sententiam,
1507 4030 1663 4082 quam
1690 4033 1775 4073 me
1802 4033 2014 4090 quoque

427 4095 628 4167 legisse
669 4113 1059 4158 commemoras
1105 4120 1119 4158 :
1167 4118 1280 4172 qua:
1326 4119 1441 4157 cum
1485 4109 1730 4162 sententia
1771 4125 2014 4167 consensu

427 4189 655 4244 omnium
693 4191 1016 4260 ﬁrmaretur,
1063 4193 1315 4264 placuisse
1357 4205 1523 4250 tamen
1571 4198 1770 4255 decreto
1813 4204 2014 4258 concilii

427 4278 726 4335 dilationem
765 4284 1000 4352 temporis
1045 4286 1190 4352 dari,
1236 4287 1370 4341 intra
1410 4287 1546 4359 quod
1586 4291 1632 4344 si
1674 4293 1783 4361 quis
1825 4295 2015 4368 corrigi

426 4372 696 4438 noluisset,
737 4374 976 4429 innocens
1012 4377 1294 4432 haberetur.
1325 4379 1415 4434 Sic
1439 4397 1547 4437 esse
1583 4385 1803 4454 factum,
1834 4396 1886 4446 ut
1913 4405 2014 4443 non

423 4461 599 4518 solum
626 4462 705 4516 illi
746 4463 847 4518 duo
875 4481 998 4534 quos
1041 4482 1263 4521 memoro
1301 4467 1410 4540 (a),
1436 4472 1524 4526 sed
1558 4474 1708 4527 etiam
1751 4477 1896 4530 multi
1924 4479 2015 4532 alii

414 4554 644 4624 purgati
671 4563 822 4623 atque
845 4555 1130 4610 innocentes
1149 4556 1394 4613 Ecclesia:
1415 4561 1758 4619 redderentur.
1789 4567 2014 4633 Quorum

425 4644 544 4699 ideo
559 4653 708 4716 putas
719 4645 980 4718 Baptisma
995 4665 1096 4704 non
1111 4649 1341 4706 debuisse
1356 4654 1592 4723 rescindi,
1606 4659 1723 4728 quia
1739 4659 1870 4715 intra
1881 4661 2015 4719 diem

427 4736 768 4805 prwstitutum
789 4738 1019 4804 restituti,
1045 4742 1382 4812 peremptoria
1403 4747 1649 4800 sententia
1669 4765 1769 4804 non
1789 4757 2014 4808 teneren-

427 4838 544 4897 tur,
566 4845 656 4883 nec
683 4846 796 4884 cum
827 4831 1136 4902 baptizarent
1165 4834 1378 4904 fuissent
1406 4837 1470 4891 ab
1498 4836 1727 4895 Ecclesia
1765 4847 2008 4915 separati,

423 4920 647 4974 necdum
688 4921 876 4995 scilicet
916 4925 1155 4977 transacti
1193 4927 1430 4996 temporis
1484 4939 1613 4984 meta
1651 4932 1860 5002 deﬁnita
1907 4936 2013 4992 dis-

387 5085 392 5089 ‘
420 5010 607 5084 juncti.
653 5009 752 5066 Hic
779 5027 878 5083 ego
915 5013 968 5068 in
1007 5029 1071 5069 ea
1117 5014 1234 5086 ipsa
1273 5017 1499 5075 falsitate
1527 5025 1847 5082 narrationis
1883 5036 2004 5096 tuac,

422 5102 856 5174 quandoquidem
885 5121 989 5162 non
1032 5107 1206 5164 solum
1243 5113 1553 5182 sententias,
1582 5131 1767 5173 verum
1805 5128 1860 5176 ct
1896 5122 2010 5192 ipsa

425 5196 589 5252 verba
611 5207 699 5253 tua
723 5199 896 5268 posui,
919 5201 1087 5257 miror
1105 5202 1373 5272 ingenium
1394 5214 1563 5276 tuum,
1583 5212 1749 5267 miror
1772 5214 2007 5270 animum

421 5285 642 5357 ingenio
681 5290 1052 5347 reluctantem.
1095 5291 1375 5365 Nunquam
1403 5299 1605 5368 uSpiam
1650 5303 1727 5356 sic
1765 5307 2010 5374 apparuit

423 5387 680 5446 quantum
699 5381 869 5436 valeat
893 5382 1256 5453 praajudicium
1279 5392 1710 5460 praesumptionis
1734 5394 2003 5469 humanae,

423 5471 510 5524 vel
553 5472 619 5527 ad
662 5487 769 5528 non
817 5473 1125 5531 intuendam
1174 5479 1659 5541 manifestissimam
1702 5489 2004 5560 veritatem,

425 5562 512 5615 vel
566 5562 634 5618 ad
693 5563 1059 5622 affirmandam
1118 5570 1635 5641 impudentissimam
1698 5579 2002 5638 falsitatem.

424 5649 574 5708 Itane
602 5662 653 5708 te
681 5663 785 5709 tam
813 5666 996 5725 aperte
1033 5665 1378 5734 repugnantia
1407 5667 1648 5735 posuisse
1679 5685 1783 5725 non
1814 5674 2002 5743 sentis,

427 5755 488 5800 ut
513 5747 601 5799 vix
642 5747 894 5804 credibile
934 5752 1004 5806 sit
1041 5757 1182 5822 quod
1213 5771 1348 5812 unus
1376 5756 1537 5815 homo
1574 5760 1754 5819 dicere
1779 5774 2004 5839 utraquc

487 5861 560 5923 (α)
585 5866 904 5915 Prtetcnatus
922 5873 971 5917 et
992 5864 1270 5922 Felicianus.

1188 401 1460 463 CONTRA
1487 399 1915 460 CRESCONIUM
1955 397 2410 465 DONA'I‘ISI‘AM,
2454 396 2513 456 S.
2554 397 2919 456 AUGUSTINI

3563 402 3672 461 568

2101 512 2375 583 potuerit?
2415 512 2495 567 Tu
2521 526 2713 581 nempe
2737 510 2868 566 dicis
2884 551 2898 576 ,
2927 509 2981 563 in
3006 524 3088 564 eos
3114 524 3284 566 omnes
3307 513 3396 582 qui
3415 513 3471 569 in
3495 512 3672 570 Maxi-

2097 605 2254 659 miani
2278 606 2546 659 schismate
2571 605 2917 675 perstitissent,
2947 603 3198 674 prolatam
3223 622 3329 661 esse
3349 610 3668 676 sententiam,

2097 707 2145 753 et
2173 699 2418 768 placuisse
2443 698 2734 753 dilationem
2756 699 2992 768 temporis
3017 699 3151 766 dari,
3177 700 3311 755 intra
3333 702 3468 771 quod
3496 705 3539 757 si
3564 705 3674 774 quis

2097 790 2284 860 corrigi
2312 790 2568 858 voluisset,
2594 790 2832 845 innocens
2857 789 3138 847 haberetur.
3163 791 3441 859 Quomodo
3467 810 3595 865 ergo
3620 804 3676 851 tu

2099 881 2215 952 ipse
2255 881 2378 936 item
2414 881 2568 946 dicis,
2611 899 2711 937 non
2753 899 2838 938 eos
2876 892 3018 937 extra
3053 883 3335 940 Ecclesium
3373 887 3677 958 baptizasse,

2100 983 2367 1046 antequam
2401 992 2455 1032 se
2481 976 2543 1030 ab
2583 976 2673 1032 illo
2703 977 2966 1032 schismate
3003 978 3363 1044 correarissent,
3391 980 3438 1036 si
3465 981 3680 1050 quando

2100 1082 2222 1124 cum
2251 1068 2566 1123 Maximiano
2591 1077 2771 1133 erant,
2801 1083 2906 1124 non
2936 1070 2953 1100 ⁸
2982 1076 3135 1124 erant
3161 1077 3310 1126 extra
3337 1070 3682 1127 Ecclesiam!

2099 1158 2417 1215 Advertisne
2451 1158 2576 1230 quid
2600 1158 2792 1215 dicas?
2835 1158 3044 1216 lnvenis
3069 1175 3172 1232 qua
3197 1176 3380 1228 exeas,
3413 1177 3523 1232 quo
3550 1177 3681 1220 con-

2101 1251 2295 1323 fugias,
2332 1252 2422 1308 ubi
2449 1261 2500 1308 te
2529 1251 2867 1308 abscondas?

2170 1343 2396 1400 CAPUT
2425 1343 2618 1400 XXIX.
2642 1374 2714 1386 —
2741 1344 2830 1401 36.
2861 1345 3020 1402 Vides
3043 1355 3188 1420 certe
3211 1349 3337 1404 dum
3369 1350 3682 1407 manifestos

2103 1450 2313 1492 errores
2356 1433 2644 1492 defendere
2685 1437 2898 1492 conaris
2943 1438 3180 1505 alienos,
3229 1439 3365 1495 nihil
3408 1450 3462 1497 te
3501 1456 3685 1512 agere,

2103 1527 2206 1582 nisi
2249 1527 2568 1599 subiungere
2610 1527 2998 1585 manifestiores
3026 1537 3165 1585 tuos.
3200 1531 3340 1588 Ecce
3375 1532 3495 1604 lege
3523 1534 3690 1589 verba

2105 1626 2193 1674 tua
2223 1637 2235 1673 :
2264 1619 2341 1674 sic
2365 1636 2395 1674 a
2424 1634 2509 1675 mc
2536 1635 2756 1690 prorsus
2782 1632 3298 1692 commemorantur,
3324 1635 3440 1681 uta
3472 1636 3527 1683 te
3550 1630 3689 1684 scri-

2105 1721 2194 1783 pta
2218 1721 2359 1767 sunt.
2388 1712 2514 1768 Cum
2537 1731 2688 1782 quam
2727 1715 2993 1786 plurimos,
3026 1717 3222 1788 inquis,
3259 1720 3526 1792 episcOpos
3550 1739 3693 1777 error

2107 1803 2201 1857 sibi
2227 1801 2532 1859 Maximiani
2560 1806 2753 1860 sociare
2791 1807 3143 1874 contenderet,
3171 1819 3426 1866 contracta
3450 1829 3483 1866 a
3506 1814 3694 1868 nostris

2107 1895 2340 1963 concilio,
2362 1897 2416 1950 in
2437 1913 2520 1952 eos
2543 1914 2714 1954 omnes
2731 1899 2816 1969 qui
2838 1900 2889 1953 in
2909 1900 3018 1970 ejus
3039 1901 3311 1960 schismate
3335 1907 3688 1973 perstitissent,

2112 1988 2313 2060 prolata
2338 1991 2582 2045 sententia
2607 1999 2700 2058 est,
2723 2008 2873 2062 quant
2895 2002 2950 2046 tu
2975 2010 3167 2065 quoque
3195 2004 3242 2049 te
3270 1995 3448 2068 legisse
3472 1999 3692 2054 testaris.

2113 2081 2239 2148 Qua:
2260 2099 2374 2136 cum
2399 2084 2650 2137 sententia
2688 2099 2934 2138 consensu
2967 2086 3192 2140 omnium
3227 2088 3518 2156 ﬁrmaretur
3537 2131 3551 2154 ,
3576 2092 3695 2161 pla-

2111 2174 2212 2227 cuit
2252 2182 2419 2228 tamen
2461 2173 2660 2229 decreto
2700 2175 2900 2229 concilii
2948 2177 3240 2232 dilationem
3281 2181 3520 2250 temporis
3552 2180 3690 2250 dari,

2111 2261 2244 2316 intra
2263 2263 2399 2334 quod
2427 2263 2470 2317 si
2498 2264 2610 2333 quis
2634 2265 2819 2335 corrigi
2845 2265 3106 2333 voluisset,
3134 2268 3377 2323 innocens
3404 2269 3696 2326 haberetur.

2110 2354 2237 2410 Haec
2263 2354 2480 2420 dicens,
2511 2355 2712 2410 siccine
2738 2366 2924 2412 contra
2950 2366 3002 2412 te
3027 2357 3200 2428 ipsum
3241 2374 3431 2416 sensus
3461 2361 3697 2430 claudis,

2111 2453 2172 2500 ut
2197 2460 2304 2500 non
2331 2444 2578 2501 advertas
2603 2446 2744 2516 quod
2772 2446 2828 2502 hi
2851 2461 3039 2505 omnes
3066 2450 3158 2520 qui
3191 2463 3471 2523 propterea
3507 2462 3704 2510 contra

2112 2549 2173 2592 se
2216 2537 2341 2592 ferri
2382 2538 2702 2592 sententiam
2745 2538 2958 2594 concilii
2985 2551 3315 2607 meruerunt,
3357 2544 3484 2613 quia
3525 2543 3702 2599 Maxi-

2114 2629 2294 2685 miano
2319 2628 2680 2698 sociabantur,
2702 2639 2986 2700 antequam
3014 2646 3074 2688 se
3099 2631 3238 2689 intra
3261 2632 3535 2690 dilationis
3566 2644 3704 2690 tem-

2113 2737 2214 2795 pus
2260 2722 2610 2794 corrigerent,
2656 2723 2710 2778 in
2754 2723 2944 2780 eodem
2974 2724 3259 2783 schismate
3291 2727 3704 2783 consistebant?

2117 2815 2194 2870 lbi
2221 2829 2347 2886 ergo
2379 2815 2538 2870 etiam
2567 2814 2930 2884 baptizabant.
2961 2817 3195 2876 Obsecro
3219 2829 3303 2889 te,
3334 2821 3461 2891 quid
3487 2821 3705 2878 inanem

2113 2905 2395 2975 caliginem
2443 2906 2736 2976 perspicuis
2777 2908 2936 2964 rebus
2987 2910 3260 2982 aspergis,
3306 2926 3470 2982 quam
3513 2928 3711 2970 rursus

2113 3004 2326 3050 tuorum
2353 2996 2638 3052 verborum
2677 3012 2785 3054 non
2829 3000 3036 3056 minore
3077 3003 3457 3073 perspicuitate
3487 3005 3707 3076 disper-

2113 3085 2234 3156 gis?
2277 3087 2403 3142 Dico
2445 3089 2587 3143 enim
2628 3088 3004 3146 Prmtextatum
3049 3101 3103 3148 et
3147 3093 3483 3153 Felicianum
3528 3097 3703 3154 Maxi-

2113 3176 2278 3231 miani
2316 3177 2674 3246 ordinatores,
2706 3180 2760 3235 in
2795 3195 2862 3236 eo
2916 3182 3058 3252 quod
3087 3187 3503 3254 commiserunt,
3533 3191 3704 3247 sacri-

2114 3270 2234 3341 lego
2259 3270 2549 3328 schismate
2575 3272 2879 3344 baptizasse
2903 3317 2920 3343 ,
2949 3284 3004 3332 et
3042 3277 3110 3332 ab
3135 3279 3215 3332 eis
3256 3279 3554 3349 baptizatos
3578 3299 3704 3340 cum

2117 3363 2195 3418 eis
2223 3378 2343 3419 esse
2379 3374 2656 3436 susceptos
2676 3406 2691 3432 ,
2725 3381 2833 3422 non
2861 3369 3090 3425 rescisso
3113 3369 3439 3440 Baptismate
3464 3374 3609 3444 quod
3643 3375 3704 3432 in

2114 3453 2402 3511 schismate
2426 3455 2715 3524 dederant,
2744 3457 2889 3528 quod
2916 3460 3164 3530 sacrilegi
3191 3463 3212 3492 ³
3247 3462 3699 3531 ministraverant,

2116 3545 2258 3616 quod
2283 3561 2376 3602 ore
2397 3547 2772 3605 maledictione
2798 3551 2979 3621 pleno,
3001 3552 3143 3622 quod
3168 3553 3326 3610 labiis
3348 3571 3468 3612 cum
3492 3573 3697 3614 veneno

2117 3638 2362 3708 aspidum
2401 3651 2866 3696 consecraverant.
2896 3643 3046 3699 Talia
3075 3645 3269 3716 quippe
3305 3647 3360 3704 in
3387 3664 3478 3705 eos
3503 3648 3696 3706 dicun-

2117 3735 2224 3795 tur,
2271 3743 2441 3799 eaque
2483 3731 2744 3786 sententia
2790 3747 2950 3802 quam
2991 3733 3046 3788 in
3075 3749 3170 3790 eos
3207 3750 3397 3794 omnes
3439 3740 3703 3810 prolatam

2117 3835 2237 3878 esse
2260 3835 2368 3877 non
2396 3835 2574 3894 negas.

2188 3911 2416 3968 CAPUT
2454 3911 2623 3968 XXX.
2652 3943 2722 3954 —-
2747 3914 2837 3970 57.
2868 3914 2965 3972 llic
2993 3925 3052 3973 tu
3077 3921 3371 3991 respondes
3389 3964 3405 3990 ,
3435 3927 3576 3996 quod
3601 3943 3706 3982 non

2117 4003 2279 4059 solum
2305 4004 2406 4058 duo
2434 4005 2518 4060 isti
2545 4021 2671 4076 quos
2698 4022 2919 4062 memoro
2943 4049 2958 4077 ,
2990 4010 3079 4064 sed
3107 4012 3260 4067 etiam
3284 4015 3432 4069 multi
3455 4018 3548 4070 alii
3577 4035 3706 4088 pur-

2117 4095 2221 4165 gati
2262 4104 2412 4166 atque
2447 4097 2732 4153 innocentes
2759 4099 2892 4154 intra
2929 4099 3062 4156 diem
3097 4103 3353 4160 dilationis
3379 4123 3434 4162 se
3462 4107 3707 4166 Ecclesia:

2118 4183 2470 4244 reddiderunt.
2496 4187 2613 4254 Quo
2642 4189 2807 4244 verbo
2844 4205 2931 4246 me
2963 4191 3215 4264 adiuvas,
3248 4211 3354 4267 quo
3378 4198 3542 4255 verbo
3587 4217 3706 4258 me-

2118 4288 2240 4330 cum
2269 4277 2469 4332 asseris
2492 4279 2771 4336 veritatem
2789 4321 2805 4348 ,
2831 4282 3219 4357 caliginemque
3246 4288 3389 4344 illam
3423 4307 3584 4362 quam
3609 4309 3706 4350 co-

2119 4367 2333 4424 nabaris
2374 4367 2670 4436 oﬁ'undere,
2714 4370 2954 4429 discutis.
3003 4377 3137 4431 Cum
3178 4379 3322 4435 enim
3357 4380 3493 4438 dicis
3523 4399 3620 4439 eos
3646 4401 3708 4441 se

2120 4458 2376 4514 Ecclesiae
2417 4460 2734 4529 reddidisse,
2776 4465 2964 4534 procul
2999 4465 3160 4523 dubio
3201 4468 3384 4528 fateris
3417 4489 3512 4530 eos
3554 4485 3705 4532 extra

2119 4547 2416 4604 Ecclesiam
2464 4550 2649 4608 fuisse.
2697 4553 2797 4610 Ubi
2844 4570 2972 4628 ergo
3021 4567 3306 4631 antequam
3347 4577 3409 4620 se
3450 4565 3706 4625 Ecclesiae

2119 4638 2424 4708 redderent,
2470 4641 2706 4710 fuerunt,
2752 4644 2825 4701 ibi
2869 4646 3273 4718 baptizaverunt
3319 4671 3333 4708 :
3379 4670 3510 4728 ergo
3555 4668 3704 4715 extra

2119 4728 2416 4785 Ecclesiam
2456 4733 2725 4803 Baptisma
2770 4735 3052 4796 dederunt.
3096 4743 3180 4798 Ab
3210 4745 3312 4801 hoc
3339 4747 3704 4819 inexplicabili

2121 4821 2516 4891 implicamento
2542 4825 2668 4882 dum
2699 4837 2751 4885 te
2775 4833 2988 4889 conaris
3012 4837 3289 4909 evolvere,
3315 4857 3502 4900 rursus
3528 4845 3704 4903 invol-

2119 4913 2280 4967 veris.
2330 4915 2472 4972 Dicis
2510 4919 2656 4974 enim
2695 4921 2810 4976 ideo
2838 4940 3012 4980 eorum
3036 4927 3299 5001 Baptisma
3336 4951 3438 4990 non
3476 4937 3705 4995 debuisse

2116 5005 2364 5074 rescindi,
2392 5009 2510 5078 quia
2535 5009 2674 5066 intra
2710 5013 2844 5069 diem
2867 5020 3206 5087 prtestitutum
3229 5028 3477 5096 restituti,
3510 5047 3704 5101 perem-

2117 5097 2284 5169 ptoria
2307 5101 2560 5155 sententia
2584 5119 2686 5158 non
2716 5114 3020 5165 tenerentur.
3067 5113 3345 5182 Quomodo
3377 5097 3521 5192 ergo
3546 5124 3700 5194 dicis,

2117 5198 2240 5244 ante
2277 5188 2420 5246 diem
2449 5194 2801 5254 restitutionis
2831 5215 2936 5256 non
2978 5202 3142 5262 fuisse
3181 5210 3250 5266 ab
3274 5188 3517 5272 Ecclesia
3544 5188 3700 5289 sepa;

2117 5289 2264 5335 ratos
2285 5323 2299 5348 ,
2331 5297 2464 5352 quos
2509 5294 2633 5342 ante
2662 5287 2802 5345 diem
2833 5291 3103 5353 dilationis
3144 5303 3417 5360 conﬁteris
3447 5287 3698 5367 Ecclesia:

2115 5372 2439 5429 restitutos?
2487 5375 2543 5432 Si
2597 5379 2842 5437 homines
2895 5400 3119 5456 sumus,
3169 5392 3215 5446 si
3262 5396 3696 5472 qualemcumque

2115 5464 2398 5535 rationem,
2437 5469 2483 5524 si
2508 5484 2724 5528 sensum
2753 5475 3010 5535 habemus
3035 5464 3349 5556 humanum,
3387 5493 3430 5545 si
3462 5508 3570 5548 non
3603 5464 3694 5565 pc-

2115 5571 2240 5613 cora
2268 5561 2572 5629 pecoribus,
2603 5564 2650 5619 si
2676 5581 2782 5622 non
2818 5569 2958 5640 ligna
2987 5582 3043 5628 et
3071 5575 3274 5646 lapides
3306 5579 3458 5650 lignis
3483 5593 3539 5639 et
3567 5561 3692 5656 lapi-

2115 5649 2269 5706 dibus
2316 5652 2602 5724 loquimur,
2649 5673 2756 5745 non
2799 5664 2934 5720 meis
2975 5673 3212 5738 tantum,
3253 5672 3351 5728 sed
3379 5676 3540 5732 etiam
3566 5649 3691 5748 ipsis

2113 5763 2206 5874 nuis
2223 5764 2502 5817 Particulam
2524 5780 2791 5833 negantem
2836 5783 3056 5846 praeterit
3098 5797 3227 5856 unus
3258 5788 3416 5842 codex
3454 5791 3688 5848 Midiae“-

2180 5887 2201 5919 ²
2220 5888 2292 5944 sic
2313 5895 2417 5940 Mss.
2442 5898 2501 5943 At
2522 5892 2658 5960 editi,
2683 5898 2932 5970 sacrilege.

3565 6014 3633 6035 --ξυ
