4010 6484
217 414 327 474 569

220 537 325 594 tuis
350 537 538 594 verbis
583 540 818 607 eminet,
863 550 1100 612 apparet,
1144 544 1351 612 elucet,
1397 545 1451 601 in
1494 547 1801 606 Maximiani

218 634 483 703 sacrilego
526 634 812 691 schismate
837 635 1163 707 Baptismum
1207 639 1387 695 datum
1412 651 1619 697 vestros
1645 659 1804 701 ausos

218 738 327 779 non
374 723 545 779 fuisse
591 725 933 793 rescindere,
976 730 1066 797 qui
1111 729 1353 785 homines
1404 731 1698 802 baptizatos
1749 736 1804 790 in

216 816 478 873 Ecclesiis
513 832 646 887 quas
669 818 721 873 in
749 821 918 890 gratia
947 820 1154 877 Domini
1185 824 1404 893 proprio
1448 825 1631 883 labore
1655 829 1801 899 Apo-

214 908 338 963 stoli
364 919 817 981 propagaverunt,
841 928 947 968 non
969 913 1215 970 dubitant
1237 915 1558 975 christianos
1582 935 1796 992 negare,

214 997 533 1065 exsufﬂare,
582 1000 932 1071 rebaptizarc.
978 1003 1057 1060 Tu
1098 1004 1262 1074 dicis,
1304 1015 1359 1061 tu
1402 1010 1627 1077 scribis;
1677 1027 1804 1067 ecce

215 1102 268 1149 te
293 1092 476 1163 ipsum
504 1093 649 1159 audi,
690 1095 805 1166 lege
835 1105 884 1152 te
910 1097 1103 1167 ipsum.
1132 1098 1209 1153 Tu
1231 1140 1245 1166 ,
1275 1100 1486 1170 inquam
1505 1144 1518 1167 ,
1549 1102 1681 1159 dicis
1699 1144 1714 1170 ,
1743 1112 1801 1160 tu

211 1186 427 1254 scribis,
456 1187 511 1241 in
536 1204 619 1242 eos
652 1205 822 1243 omnes
857 1190 943 1257 qui
978 1191 1031 1245 in
1057 1190 1360 1247 Maximiani
1389 1196 1656 1251 schismate
1681 1215 1800 1266 per-

212 1276 481 1345 stitissent,
510 1287 767 1333 contracto
790 1295 821 1332 a
844 1281 1017 1335 vestris
1043 1282 1255 1335 concilio
1283 1284 1531 1353 prolatam
1556 1302 1660 1340 esse
1685 1303 1800 1342 sen-

214 1367 447 1421 tentiam.
480 1367 559 1423 Tu
598 1368 747 1435 dicis,
784 1376 839 1423 tu
877 1369 1099 1438 scribis,
1131 1371 1225 1425 hac
1267 1376 1512 1428 sententia
1557 1392 1798 1432 consensu

211 1458 441 1512 omnium
466 1460 767 1529 confirmata
786 1502 801 1527 ,
831 1460 1078 1531 placuisse
1101 1472 1265 1517 tamen
1293 1464 1585 1520 dilationem
1607 1476 1796 1538 tempo-

209 1549 280 1603 ris
304 1549 446 1616 dari,
478 1551 613 1604 intra
654 1552 787 1621 quod
816 1552 859 1606 si
898 1554 1009 1625 quis
1043 1555 1226 1625 corrigi
1267 1556 1519 1624 voluisset,
1559 1559 1796 1615 innocens

211 1640 501 1694 haberetur.
537 1641 615 1696 Tu
653 1641 815 1707 dicis,
849 1652 901 1697 tu
942 1644 1152 1712 scribis,
1197 1662 1299 1699 non
1335 1647 1497 1701 solum
1526 1648 1651 1702 duos
1679 1650 1797 1706 inde

209 1748 332 1801 quos
360 1748 585 1786 memoro
606 1774 620 1797 ,
645 1733 734 1786 sed
758 1734 943 1789 nmltos
968 1734 1097 1788 alios
1122 1746 1360 1805 purgatos
1384 1747 1531 1809 atque
1556 1740 1794 1795 innocen-

208 1831 278 1876 tes
301 1840 356 1876 se
383 1832 565 1878 vestra:
588 1822 833 1879 Ecclesia:
855 1825 1158 1880 reddidisse.
1188 1826 1267 1881 Tu
1294 1826 1455 1896 dicis,
1486 1838 1542 1883 tu
1580 1831 1790 1898 scribis,

206 1914 317 1967 ideo
342 1930 520 1968 eorum
544 1914 808 1985 Baptisma
849 1932 951 1970 non
989 1916 1217 1971 debuisse
1247 1918 1486 1987 rescindi,
1513 1921 1633 1990 quia
1661 1922 1793 1977 intra

206 2005 339 2058 diem
372 2006 710 2073 praestitutum
736 2007 994 2075 restituti,
1040 2010 1377 2078 peremptoria
1413 2011 1655 2065 sententia
1691 2029 1794 2067 non

205 2106 512 2151 tenerentur.

271 2186 505 2244 CAPUT
534 2188 723 2243 XXXI.
753 2219 824 2227 —
847 2188 935 2245 58.
968 2188 1104 2256 Quid
1143 2198 1345 2245 tantum
1372 2193 1623 2262 praevalet
1644 2193 1790 2264 inge-

201 2278 300 2332 nio
333 2288 441 2332 tam
467 2277 609 2333 bono
653 2293 813 2333 causa
840 2287 948 2333 tam
982 2279 1141 2347 mala,
1174 2278 1334 2335 homo
1355 2281 1593 2349 cordate,
1626 2281 1789 2339 homo

198 2370 472 2425 litterate?
500 2369 591 2424 lsti
617 2371 668 2425 in
701 2385 835 2440 quos
864 2380 1152 2441 propterea
1184 2380 1267 2427 est
1298 2372 1389 2427 illa
1428 2373 1632 2446 prolata
1661 2389 1788 2433 sen-

196 2462 390 2531 tentia,
418 2462 545 2534 quia
568 2462 708 2519 sicut
732 2462 847 2534 ipse
873 2461 1029 2531 dicis,
1077 2463 1130 2520 in
1152 2462 1456 2521 Maximiani
1501 2468 1788 2524 schismate

195 2554 580 2623 persistebant,
609 2564 895 2625 antequam
920 2556 1056 2611 sicut
1076 2555 1206 2611 dicis
1234 2558 1657 2624 restituerentur,
1695 2560 1788 2615 ubi

194 2657 375 2714 erant,
430 2648 504 2703 ibi
549 2648 894 2703 Sacramenta
923 2648 1282 2716 celebrabant,
1313 2650 1386 2703 ibi
1425 2649 1784 2720 baptizabant.

193 2741 262 2797 Et
282 2750 344 2796 ut
376 2740 554 2795 verbis
604 2740 710 2795 illis
743 2740 965 2811 plenarii
986 2742 1201 2795 concilii
1225 2743 1395 2811 magis
1417 2752 1564 2809 utar,
1592 2742 1668 2797 lbi
1708 2744 1785 2797 vi-

191 2835 335 2905 perei
366 2835 575 2888 seminis
605 2834 785 2888 noxios
842 2843 1018 2903 partus
1045 2835 1190 2887 tardo
1225 2832 1395 2887 calore
1436 2834 1742 2902 vaporabant
1762 2852 1785 2891 .'

189 2926 264 2981 ibi
294 2924 485 2995 publici
511 2923 754 2995 facinoris
773 2931 819 2978 et
841 2923 1102 2990 parricidii
1146 2924 1226 2977 sui
1254 2928 1356 2993 feta
1381 2924 1623 2978 scelerum
1669 2934 1784 2978 vota

190 3017 510 3089 gignebant:
537 3016 610 3071 ibi
653 3015 994 3087 parturiebant
1049 3016 1387 3087 injustitiam,
1440 3017 1783 3085 concipiebant

191 3112 437 3173 laborem,
468 3116 516 3162 et
566 3108 829 3178 pariebant
867 3106 1179 3177 iniquitatem
1211 3122 1229 3159 :
1259 3106 1329 3161 ibi
1350 3108 1465 3178 jam
1508 3122 1609 3159 non
1661 3122 1783 3160 con-

190 3205 309 3273 fusa
340 3200 613 3254 criminum
641 3199 790 3265 silva,
822 3199 1029 3252 nomina
1071 3214 1244 3251 eorum
1293 3198 1682 3269 designabantur
1714 3198 1783 3252 ad

187 3311 398 3365 poenam
429 3293 542 3348 :ibi
566 3293 637 3347 eis
663 3291 995 3361 indulgentiae
1019 3290 1158 3360 funis
1186 3292 1202 3321 ¹
1232 3292 1353 3344 dum
1378 3291 1658 3345 clementia:
1696 3291 1779 3344 di-

184 3387 477 3440 mitteretur
522 3384 673 3450 linea,
709 3384 824 3454 jam
880 3398 1033 3437 causa
1082 3399 1206 3452 quos
1250 3382 1450 3453 puniret
1490 3384 1779 3448 invenerat;

180 3478 323 3532 illuc
350 3492 526 3532 eorum
550 3486 780 3547 tanquam
806 3476 859 3529 in
887 3492 1092 3546 asperos
1133 3476 1366 3544 scopulos
1398 3476 1619 3529 veridica
1641 3477 1779 3529 unda

181 3571 455 3637 naufraga
501 3567 717 3620 membra
762 3568 1040 3637 projecerat
1062 3581 1082 3630 ;
1132 3583 1305 3620 eorum
1353 3568 1668 3637 pereuntium
1710 3566 1779 3621 ibi

181 3668 333 3716 erant
378 3658 549 3712 littora
598 3655 966 3728 Egyptiorum
1012 3658 1242 3726 exemplo
1292 3657 1555 3728 funeribus
1604 3657 1775 3727 plena,

180 3768 274 3807 nec
295 3753 466 3822 ipsam
492 3750 845 3805 invenientium
887 3750 1197 3821 sepulturam
1218 3750 1239 3779 ¹
1280 3748 1471 3818 (Exod.
1500 3764 1610 3815 xiv,
1640 3749 1729 3819 51)
1760 3767 1772 3803 :

180 3842 255 3899 ibi
292 3859 398 3897 non
444 3843 609 3897 solum
660 3841 1033 3897 Maximianum
1080 3840 1202 3910 ﬁdei
1257 3841 1515 3906 aemulum,
1556 3841 1776 3894 veritatis

180 3934 489 3998 adulterum,
534 3931 776 3987 Ecclesia:
812 3934 987 3986 matris
1022 3932 1303 3999 inimicum,
1363 3930 1568 3995 Dat/iw,
1613 3930 1776 3985 Chore

181 4033 227 4081 et
254 4023 452 4079 Abiron
475 4024 778 4089 ministrum,
810 4024 873 4078 de
898 4024 1037 4093 pacis
1066 4023 1255 4093 gremio
1298 4024 1555 4076 sententia:
1582 4022 1774 4093 fulmen

180 4123 491 4181 excusserat,
520 4131 610 4169 nec
637 4115 799 4170 solum
842 4130 977 4169 mors
996 4114 1139 4184 justa
1178 4113 1257 4167 sui
1295 4113 1494 4167 sceleris
1534 4112 1774 4166 condem-

178 4208 375 4271 nabat;
400 4207 489 4261 scd
508 4207 660 4260 etiam
693 4205 918 4259 trahebat
939 4206 1006 4265 ad
1032 4205 1336 4259 consortium
1360 4205 1586 4258 criminis
1615 4206 1775 4273 pluri-

180 4310 294 4351 mos
324 4307 506 4352 catena
531 4296 786 4366 sacrilegii
816 4311 835 4350 .'
860 4296 933 4351 ibi
957 4306 1067 4363 erat
1112 4312 1355 4350 venenum
1397 4294 1633 4366 aspidum
1682 4296 1773 4349 sub

177 4387 331 4442 labiis
358 4404 532 4442 eorum
565 4404 583 4441 :
610 4388 682 4443 ibi
712 4402 885 4440 eorum
906 4401 961 4439 os
993 4385 1339 4439 maledictione
1366 4394 1411 4438 et
1431 4384 1773 4439 amaritudine

178 4479 440 4549 plenum:
466 4476 540 4533 ibi
611 4478 800 4532 veloces
864 4492 1044 4531 eorum
1087 4475 1239 4546 pedes
1295 4475 1363 4528 ad
1413 4474 1775 4541 effundendum

176 4572 481 4643 sanguinem
508 4570 617 4626 :ibi
662 4571 896 4624 contritio
924 4579 970 4624 et
1014 4569 1283 4639 infelicitas
1308 4569 1362 4622 in
1384 4569 1474 4623 viis
1498 4585 1692 4636 eorum,
1724 4579 1771 4623 et

176 4664 315 4719 siam
338 4662 483 4733 pacis
511 4679 611 4717 non
637 4661 1042 4733 cognoscebant;
1085 4678 1174 4715 nec
1220 4672 1327 4715 erat
1367 4662 1514 4716 timor
1538 4659 1635 4716 Dei
1656 4670 1773 4717 ante

174 4756 353 4813 oculos
379 4771 552 4809 eorum
582 4751 754 4828 (Psal.
781 4769 897 4821 xui,
929 4752 1008 4826 '5),
1042 4753 1111 4807 ibi
1138 4753 1380 4824 jacebant
1426 4755 1646 4807 membra
1684 4754 1774 4808 ab-

175 4849 335 4913 scisa,
366 4862 481 4918 qua
510 4846 749 4916 pestifera
794 4844 1009 4914 putredo
1063 4845 1132 4897 ita
1181 4855 1499 4913 corruperat,
1553 4854 1607 4897 ut
1655 4846 1771 4914 plus

174 4943 387 4998 haberet
412 4942 465 4994 in
488 4939 767 4993 abscisione
785 4936 1045 4991 solaminis
1061 4976 1075 5001 ,
1104 4952 1257 5006 quam
1278 4938 1331 4989 in
1351 4937 1641 4990 remissione
1666 4954 1772 4993 me-

173 5033 448 5090 dicaminis
477 5048 495 5086 :
522 5031 595 5086 ibi
633 5038 788 5085 erant
833 5028 1016 5100 famosi
1071 5027 1294 5081 criminis
1333 5027 1406 5080 rei
1454 5026 1769 5082 Victorianus

172 5123 618 5187 Corcabianensis,
666 5130 721 5177 et
760 5121 937 5176 (ueteri
969 5134 1087 5175 cum
1133 5119 1235 5173 isto
1288 5117 1588 5186 duodecim,
1633 5120 1771 5177 inter

170 5233 313 5289 quos
361 5217 715 5271 Praetextatus
764 5212 1132 5278 Assuritanus,
1164 5210 1537 5265 etFelicianus
1583 5210 1768 5265 Musti-

172 5320 355 5374 tanus,
386 5308 455 5365 de
480 5307 672 5378 quibus
696 5304 928 5375 receptis
956 5303 1181 5373 agimus,
1208 5301 1301 5371 qui
1326 5301 1570 5357 eumdem
1600 5301 1768 5355 Maxi-

169 5404 417 5459 mianum
472 5408 765 5470 praisentes
811 5396 1218 5461 ordinaverant;
1276 5394 1378 5449 hoc
1420 5405 1520 5460 est,
1569 5401 1769 5465 funesto

170 5513 331 5568 apere
351 5492 651 5567 perditionis
676 5506 763 5544 vas
804 5487 1068 5542 sordidum
1092 5486 1301 5540 collecta
1330 5487 1616 5557 fwculentia
1656 5487 1769 5557 glu-

166 5590 485 5653 tinaverant,
516 5585 604 5641 ubi
632 5593 771 5638 tanto
799 5582 1015 5653 facinori
1047 5590 1286 5651 tanquam
1334 5578 1509 5633 illicito
1557 5580 1767 5633 incestui

232 5727 252 5759 ⁸
283 5731 333 5773 lu
370 5731 474 5772 Mss.
521 5721 703 5782 legitur
727 5755 742 5781 ,
782 5716 1049 5781 indulgenti
1090 5716 1215 5765 fune.
1257 5714 1429 5765 Confer
1485 5714 1658 5764 librum
1703 5716 1767 5766 de

166 5785 713 5849 cestiswmitmerito-
1035 5841 1044 5849 ,
1235 5839 1245 5849 .
1373 5839 1382 5847 .
1451 5838 1480 5849 _.

233 5851 255 5879 ³
280 5850 355 5897 sic
392 5856 499 5898 Mss.
541 5845 662 5895 Editi
709 5856 855 5904 vero,
898 5855 984 5895 nec
1026 5841 1185 5905 ipsam
1228 5841 1509 5893 invenienda
1554 5841 1764 5903 sepultu-

166 5926 299 5963 ram.

1566 429 1765 489 LIBER
1800 433 2143 504 QUARTUS.

3387 478 3494 537 570

1912 557 2082 612 clerici
2105 560 2425 637 Carthaginis
2466 570 2767 631 elnocinium
2803 579 3136 649 prabuerunt.
3182 585 3339 644 Tales
3384 593 3492 646 mi-

1912 650 2065 706 nistri
2096 653 2557 720 Sacramentorum
2582 669 2815 725 nondum
2843 676 3090 741 correcti,
3122 679 3357 736 nondum
3394 698 3494 737 vo-

1911 742 1993 798 bis
2020 746 2212 803 reddili
2237 765 2299 806 ac
2336 757 2586 825 restituti,
2640 762 2693 816 in
2720 763 3006 823 schismate
3040 768 3343 827 Maximiani
3389 773 3489 829 ba-

1911 836 2239 905 ptizaverant
2288 856 2457 914 :post
2502 850 2633 906 tales
2696 855 2970 913 ministros
3016 858 3482 921 Sacramentorum

1909 938 2197 1000 correctos,
2220 933 2472 1005 redditos,
2498 942 2792 1015 restitutos,
2815 950 2980 1004 vestri
2998 965 3104 1007 non
3123 952 3488 1024 rebaptizave—

1907 1028 2050 1073 ιδυηῑ.

1976 1110 2199 1169 CAPUT
2227 1115 2439 1173 XXXII.
2463 1151 2531 1160 —
2552 1122 2639 1178 59.
2672 1125 2807 1194 Quid
2831 1130 2944 1185 sola
2979 1132 3033 1187 in
3077 1134 3228 1190 vobis
3279 1152 3481 1206 praevae

1904 1201 1980 1296 let
2000 1205 2347 1263 animositas?
2376 1212 2675 1282 Aliquando
2703 1220 3023 1289 attendatur,
3065 1201 3351 1296 aliquando
3380 1243 3477 1286 au“

1903 1292 2077 1349 diatur
2097 1304 2151 1350 et
2171 1299 2385 1355 veritas.
2404 1302 2541 1370 Quid
2561 1305 2867 1376 injiciuntur
2890 1292 3210 1371 inanissima:
3230 1317 3246 1348 ι
3268 1318 3484 1377 nebulis

1902 1383 2169 1443 dilationis
2204 1389 2377 1446 data)?
2417 1393 2533 1449 Non
2571 1397 2703 1466 ipsis
2751 1400 2871 1457 data
2911 1411 3013 1470 est,
3063 1404 3130 1460 de
3164 1407 3355 1476 quibus
3399 1409 3484 1464 di-

1902 1485 2044 1533 ctum
2073 1488 2173 1549 est,
2202 1482 2482 1540 Damnatos
2508 1504 2613 1541 esse
2636 1492 2951 1560 cognoscite;
2990 1495 3057 1549 de
3100 1498 3293 1566 quibus
3315 1499 3479 1555 etiam

1902 1568 2215 1637 praedictum
2246 1584 2328 1629 est
2351 1579 2534 1646 quales
2577 1578 2794 1648 iuerint,
2826 1583 2952 1652 quid
2979 1585 3219 1654 fecerint,
3260 1603 3355 1643 cur
3382 1604 3478 1646 eos

1899 1665 2193 1730 oportuerit
2215 1666 2325 1736 jam
2354 1670 2468 1725 sine
2507 1670 2761 1729 dilatione
2805 1674 3066 1744 damnari,
3098 1678 3237 1748 quod
3277 1680 3482 1737 scilicet

1898 1753 2273 1814 Maximianum
2306 1762 2567 1833 impositis
2599 1767 2842 1823 manibus
2886 1777 3175 1838 praesentes
3201 1771 3480 1827 ordinave-

1896 1859 2040 1904 runt.
2074 1851 2185 1907 Hoc
2210 1864 2291 1909 est
2317 1857 2459 1911 enim
2485 1858 2626 1928 quod
2657 1860 3020 1929 signiticarunt
3055 1861 3302 1931 dicendo,
3343 1865 3479 1934 quod

1898 1942 2096 2011 funesto
2125 1960 2274 2013 opere
2324 1948 2619 2016 perditionis
2645 1966 2731 2004 vas
2784 1952 3042 2006 sordidum
3083 1953 3291 2007 collecta
3315 1954 3476 2024 ftecu-

1896 2032 2051 2087 lentia
2078 2034 2452 2104 glutinaverint.
2483 2038 2591 2095 lllis
2619 2049 2796 2097 autem
2834 2042 2955 2098 data
3003 2051 3085 2098 est
3132 2042 3337 2111 dilatio,
3383 2044 3475 2115 qui

1894 2124 2210 2183 ordinationi
2241 2128 2541 2185 Maximiani
2571 2147 2679 2186 non
2708 2133 3081 2200 interfuerunt,
3128 2136 3371 2204 quamvis
3419 2136 3476 2190 in

1892 2214 2008 2285 ejus
2048 2218 2301 2274 societate
2352 2228 2512 2292 atque
2570 2221 2860 2281 schismate
2900 2224 3216 2293 constituti;
3267 2235 3474 2282 tantum

1883 2299 2005 2369 quia
2048 2316 2236 2357 manus
2277 2304 2347 2371 ei,
2399 2305 2543 2374 quod
2588 2308 2837 2364 absentes
2878 2308 3106 2377 fuerant,
3141 2325 3248 2364 non
3289 2310 3465 2380 impo-

1884 2404 2126 2463 suerunt,
2159 2412 2190 2451 a
2220 2396 2483 2453 damnatis
2515 2401 2534 2431 ³
2563 2400 2961 2456 ordinatoribus
3010 2401 3196 2457 eadem
3252 2401 3466 2455 concilii

1883 2489 2144 2546 sententia
2160 2490 2577 2561 distinguuntur.
2601 2491 2734 2547 Nam
2752 2508 2871 2547 cum
2888 2492 3146 2548 dixissent
3167 2493 3307 2559 illos,
3331 2507 3466 2562 quo-

1883 2596 1999 2637 rum
2029 2590 2081 2637 et
2105 2583 2319 2637 nomina
2356 2585 2807 2653 conscripserunt,
2846 2586 3112 2639 damnatos
3148 2602 3252 2640 esse
3278 2601 3467 2657 cogno-

1883 2676 2036 2729 scite:
2064 2674 2169 2730 Eos
2195 2685 2378 2741 autem,
2408 2677 2671 2746 inquiunt,
2713 2694 2838 2746 quos
2874 2679 3111 2748 sacrilegi
3148 2678 3337 2733 surculi
3364 2695 3467 2733 non

1883 2769 2108 2840 polluere
2148 2770 2419 2839 plantaria,
2470 2770 2565 2825 hoc
2604 2780 2693 2837 est,
2741 2770 2827 2839 qui
2871 2787 2904 2824 a
2957 2770 3259 2825 Maximiani
3301 2772 3469 2841 capite

1884 2863 2113 2932 praprias
2139 2878 2316 2916 manus
2344 2863 2620 2917 verecundo
2647 2863 2769 2931 ﬁdei
2813 2862 3007 2933 pudore
3034 2872 3366 2929 retraxerunt,
3397 2864 3467 2916 ad

1886 2963 2095 3008 matrem
2125 2953 2406 3009 Ecclesium
2450 2954 2613 3008 redire
2654 2954 3017 3024 permissimus.
3051 2953 3188 3021 Quid
3214 2953 3466 3022 planius?

1883 3045 2009 3115 quid
2043 3045 2378 3113 distinctius?
2417 3046 2542 3117 quid
2569 3047 2840 3116 apertius?
2865 3046 2990 3101 lllos
3017 3046 3221 3113 dicunt,
3256 3046 3469 3116 framosi

1883 3136 2106 3192 criminis
2140 3154 2271 3204 reos,
2316 3138 2403 3206 qui
2440 3140 2640 3208 funesto
2666 3154 2814 3207 opere
2838 3138 3134 3208 perditionis
3172 3152 3259 3191 vas
3298 3136 3468 3189 sordi-

1885 3226 2006 3280 dum
2022 3227 2228 3281 collecto
2245 3227 2526 3299 ftvculentia
2542 3228 2876 3299 glutinarunt,
2891 3230 3157 3283 damnatos
3172 3244 3277 3281 esse
3292 3244 3469 3298 cogno-

1884 3319 2025 3373 scite.
2078 3318 2187 3374 Hos
2226 3329 2401 3374 autem
2449 3320 2651 3386 dicunt,
2693 3336 2817 3389 quos
2857 3321 3088 3390 sacrilegi
3136 3318 3328 3374 surculi
3368 3334 3468 3376 non

1886 3410 2112 3483 polluere
2138 3410 2410 3480 plantaria,
2438 3412 2532 3464 hoc
2558 3421 2647 3474 est,
2677 3411 2812 3479 quia
2834 3410 3137 3465 Maximiani
3160 3412 3322 3481 capite
3347 3424 3470 3480 pro-

1887 3502 2025 3573 prias
2063 3519 2244 3557 manus
2290 3504 2567 3557 verecundo
2612 3505 2728 3573 ﬁdei
2776 3505 2968 3573 pudore
3011 3512 3360 3569 retraxerunt,
3405 3512 3471 3555 ac

1882 3604 2095 3649 matrem
2116 3593 2397 3648 Ecclesium
2437 3594 2752 3663 permisimus
2776 3592 2940 3648 redire
2971 3608 2991 3647 :
3024 3601 3080 3649 et
3115 3593 3238 3665 quia
3264 3608 3335 3648 ex
3360 3593 3465 3650 illis

1882 3686 2145 3741 damnatis
2172 3684 2276 3740 duo
2299 3694 2482 3755 postea
2511 3686 2657 3739 salvo
2688 3686 2891 3740 honore
2912 3683 3146 3753 suscepti
3174 3692 3318 3746 sunt.
3348 3698 3458 3739 non

1881 3777 2149 3832 invenitur
2193 3776 2293 3831 hoc
2344 3774 2791 3845 quemadmodum
2856 3773 3190 3839 defendatur,
3242 3773 3345 3828 nisi
3406 3780 3464 3828 ut

1881 3873 2131 3924 omnibus
2145 3867 2351 3922 dicatur
2378 3866 2561 3921 dilatio
2590 3864 2752 3920 fuisse
2772 3879 3047 3921 concessa.

1949 3959 2172 4016 CAPUT
2203 3956 2530 4013 XXXlll.—
2550 3956 2637 4011 ω.
2663 3956 2768 4012 Sed
2787 3970 3042 4012 concessa
3070 3956 3140 4009 sit
3167 3955 3416 4011 omnibus
3441 3972 3459 4009 ε

1880 4066 2074 4121 nempe
2093 4058 2354 4120 quotquot
2378 4047 2445 4102 ad
2479 4062 2574 4102 vos
2597 4046 2665 4101 ab
2693 4046 2786 4101 illo
2832 4046 3120 4101 schismate
3164 4045 3460 4112 redierunt,

1878 4151 2161 4211 antequam
2188 4140 2446 4205 redirent,
2479 4138 2582 4193 illic
2610 4136 2845 4204 fuerunt,
2878 4137 2985 4192 illic
3014 4136 3417 4206 baptizaverunt
3443 4155 3457 4192 :

1879 4233 2002 4290 inde
2029 4233 2097 4286 ad
2124 4246 2220 4287 vos
2242 4230 2359 4286 sine
2378 4229 2744 4284 destructione
2769 4229 2853 4283 sui
2881 4226 3099 4283 honoris
3126 4237 3179 4282 et
3208 4227 3462 4297 Baptismi

1877 4325 2187 4391 redeuntes,
2228 4323 2274 4377 si
2330 4321 2479 4378 frons
2520 4322 2680 4387 adsit,
2739 4335 2833 4375 ora
2898 4328 3074 4375 vestra
3126 4320 3455 4375 clauserunt.

1876 4417 2013 4472 Cum
2039 4413 2189 4470 enim
2210 4414 2517 4484 qumrimus,
2542 4406 2826 4482 antequam
2845 4426 2924 4477 se,
2949 4411 3087 4466 sicut
3114 4410 3228 4480 ipse
3256 4410 3459 4477 dixisti,

1876 4507 2134 4564 Ecclesiae
2153 4506 2603 4573 reddidissent,et
2629 4512 2754 4559 ante
2782 4503 2922 4559 diem
2964 4503 3315 4572 praestitutum
3368 4516 3456 4556 re-

1876 4599 2044 4655 stituti
2094 4598 2341 4664 fuissent,
2393 4597 2483 4652 ubi
2532 4604 2716 4660 erant;
2761 4594 2886 4665 quid
2923 4594 3065 4648 aliud
3095 4609 3193 4649 vos
3230 4609 3316 4649 res
3347 4594 3460 4664 ipsa

1876 4689 2206 4761 respondere
2234 4688 2525 4759 compellit,
2557 4686 2681 4753 nisi,
2706 4686 2762 4739 ln
2809 4685 3099 4741 schismate
3132 4685 3459 4750 Maximiani,

1877 4791 2095 4851 propter
2119 4780 2263 4851 quod
2293 4780 2381 4834 illa
2409 4779 2463 4833 in
2490 4791 2679 4831 omnes
2706 4784 2787 4831 est
2822 4777 3025 4845 prolata
3058 4776 3357 4832 sententia?
3387 4776 3462 4831 lbi

1876 4887 2005 4942 ergo
2026 4871 2426 4940 baptizaverunt
2446 4882 2560 4933 eos,
2599 4867 2650 4919 in
2682 4866 2877 4935 quibus
2902 4855 2968 4920 ad
3000 4882 3098 4921 vos
3128 4867 3284 4921 simul
3334 4866 3457 4920 inde

1876 4962 2213 5020 venientibus
2252 4959 2578 5030 Baptismum
2606 4956 2805 5011 Christi
2830 4972 2936 5011 non
2966 4957 3079 5011 ausi
3100 4958 3227 5012 estis
3258 4956 3460 5010 rescin-

1874 5057 2025 5122 dere,
2073 5054 2195 5125 quia
2237 5054 2406 5108 coacti
2433 5052 2561 5105 estis
2608 5064 2919 5121 agnoscere.
2978 5048 3129 5103 Unde
3175 5048 3289 5117 ipso
3319 5047 3455 5100 facto

1874 5156 2075 5212 vestro,
2093 5158 2256 5213 opere
2286 5152 2483 5207 vestro,
2499 5141 2702 5211 judicio
2724 5149 2903 5195 vestro
2923 5138 3177 5192 adversus
3200 5152 3309 5199 vos,
3338 5152 3455 5190 mc-

1876 5241 1980 5295 rito
2008 5246 2259 5305 recteque
2298 5233 2649 5297 concluditur,
2701 5230 3094 5302 agnoscendum
3140 5242 3257 5282 esse
3280 5227 3457 5297 Bapti-

1875 5347 2050 5388 smum
2077 5327 2296 5394 Christi,
2343 5327 2550 5383 etiamsi
2577 5336 2724 5381 extra
2756 5322 3045 5379 Ecclesium
3075 5320 3229 5375 datus
3267 5319 3455 5385 fuerit;

1874 5432 1929 5478 et
1953 5423 2070 5477 ideo
2110 5436 2210 5477 nos
2240 5420 2343 5476 hoc
2381 5420 2465 5489 pie
2492 5430 2815 5489 cognoscere
2836 5416 2892 5471 in
2920 5414 3134 5479 vestris,
3165 5428 3260 5468 vos
3290 5412 3452 5481 impie

1877 5513 2178 5569 rescindere
2209 5512 2261 5566 in
2294 5511 2507 5566 nostris.

1945 5605 2170 5662 CAPUT
2201 5603 2443 5660 XXXIV.
2472 5630 2544 5641 ——
2570 5600 2659 5654 41.
2690 5597 2795 5653 Sed
2820 5596 2957 5651 forte
2983 5595 3207 5667 pmnitet
3250 5594 3370 5649 talia
3403 5603 3456 5651 te

1874 5700 2038 5755 verba
2066 5699 2330 5770 posuisse,
2362 5711 2482 5765 quae
2512 5694 2651 5749 hanc
2678 5689 2954 5746 veritatem
2984 5688 3145 5743 nimis
3181 5696 3450 5761 urgerent,

1939 5837 1951 5866 ι
1982 5834 2114 5893 editi,
2138 5829 2468 5882 insanissime.
2490 5829 2656 5893 Melius
2673 5834 2799 5881 Mss.
2820 5822 3130 5880 inanissima.

1938 5901 1957 5928 ‘1
1985 5891 2112 5961 3:55.,
2132 5896 2201 5949 sic
2221 5894 2343 5944 enim
2360 5907 2389 5944 a
2409 5891 2664 5945 damnatis.
