4010 6478
521 422 624 486 ιετι

525 536 775 612 quoniam
791 534 998 601 dixisti,
1027 531 1245 588 Fadum
1276 537 1359 586 est
1393 536 1450 584 ut
1491 542 1549 583 se
1576 523 1819 580 Ecclesia
1847 521 2108 580 reddidis-

525 639 656 696 sent,
695 637 745 685 et
787 636 905 684 aute
950 624 1084 680 diem
1131 622 1470 694 prostitutam
1503 616 1738 684 restituti,
1772 613 2110 687 peremptoria

523 723 770 780 sententia
797 737 898 777 non
925 727 1208 775 tenuantur
1233 733 1252 772 :
1277 725 1337 773 ut
1363 713 1777 786 responderetur
1805 709 1922 778 tibi,
1947 709 2101 777 Quo.-

526 813 686 872 modo
715 828 780 869 se
801 810 1058 868 Ecclesiae
1087 808 1453 875 reddiderunt,
1485 803 1753 878 quomodo
1792 802 1967 860 eidem
2013 815 2105 856 re-

524 904 692 962 stituti
709 910 862 972 sunt,
893 902 939 958 si
963 902 1037 958 ab
1055 915 1127 958 ea
1141 915 1259 958 non
1279 909 1438 956 erant
1471 897 1743 970 separati!
1762 905 1854 955 aut
1875 895 1929 951 si
1946 909 2108 964 sepa-

523 998 622 1054 rati
643 1004 814 1065 erant,
843 995 1112 1068 quomodo
1137 993 1508 1066 baptizabant?
1529 991 1636 1048 Sed
1675 988 1801 1062 quid
1835 986 1980 1043 aliud
2017 985 2104 1042 di-

521 1105 694 1158 ceres,
735 1089 841 1146 nisi
883 1087 1026 1160 quod
1064 1086 1133 1144 ab
1175 1087 1258 1143 eis
1305 1084 1572 1150 audieras,
1610 1095 1745 1154 quos
1769 1079 2102 1147 consuluisti,

521 1169 645 1239 cum
691 1197 764 1239 ex
807 1181 912 1238 hac
941 1195 1104 1238 causa
1127 1179 1324 1235 litteris
1342 1178 1476 1236 meis
1498 1175 1654 1232 valde
1683 1172 2106 1246 permovereris?

522 1285 578 1332 et
600 1283 784 1331 tamen
811 1273 1059 1330 fortassis
1077 1279 1137 1328 te
1173 1278 1421 1343 arguant,
1444 1279 1498 1325 te
1524 1265 1934 1339 reprehendant,
1963 1263 2106 1335 quod

533 1368 657 1424 talia
695 1365 862 1424 vulta
899 1366 1118 1421 incaute
1142 1361 1406 1433 posueris.
1447 1359 1547 1416 Est
1583 1357 1726 1430 quod
1761 1366 1818 1414 te
1845 1356 2106 1412 adversus

521 1457 864 1516 eosmaxime
873 1455 1098 1522 muniat,
1113 1465 1179 1508 ac
1191 1459 1338 1508 utam
1353 1449 1623 1506 tristitiam
1633 1447 1957 1504 consoletur.
1972 1444 2105 1500 Nam

521 1559 575 1606 et
599 1548 704 1621 ipsi
741 1549 798 1604 in
849 1545 1090 1618 ejusdem
1116 1542 1330 1600 concilii
1367 1541 1586 1598 decreto
1624 1539 1749 1596 talia
1788 1546 2104 1610 posuerunt.

523 1643 697 1711 Unde,
729 1642 777 1698 si
799 1641 962 1698 nobis
979 1639 1123 1696 lecto
1145 1637 1250 1694 isto
1269 1635 1529 1707 opusculo
1553 1641 1738 1690 nostro
1783 1633 1856 1688 ita
1884 1645 2107 1702 respon-

523 1737 652 1795 dere
688 1735 974 1801 voluerint,
999 1730 1144 1804 quod
1170 1730 1250 1787 eis
1291 1744 1399 1785 non
1427 1725 1778 1800 praeiudicent
1799 1724 1960 1781 verba
1983 1723 2106 1778 laici

523 1833 627 1899 sui,
653 1831 818 1887 verba
845 1831 1081 1900 ipsorum
1107 1825 1364 1881 continuo
1393 1821 1756 1878 recitabimus.
1783 1818 1885 1874 Eos
1912 1828 2102 1885 autem,

525 1924 789 1995 inquiunt,
820 1937 942 1993 quos
962 1919 1196 1991 sacrilegi
1222 1917 1416 1973 surculi
1439 1932 1541 1971 non
1565 1913 1796 1986 polluere
1823 1911 2102 1983 plantaria,

529 2017 626 2070 hoc
645 2023 738 2082 est,
765 2015 854 2085 qui
881 2031 913 2067 a
941 2011 1245 2068 Hesionam
1270 2009 1438 2080 capite
1484 2007 1716 2078 praprias
1757 2019 1942 2059 manus
2015 2017 2105 2056 oe-

524 2108 744 2164 recundo
767 2106 888 2177 ﬁdei
909 2105 1098 2177 pudore
1109 2109 1453 2166 retraxerunt,
1481 2100 1550 2155 ad
1577 2107 1790 2152 matr-em
1819 2093 2104 2150 Ecclesium

526 2199 690 2254 redire
1077 2195 1212 2252 Cum
1237 2194 1384 2250 enim
1409 2193 1488 2249 eis
1512 2191 1728 2258 dicitur,
1757 2187 1850 2244 Isti
1875 2203 2009 2259 quos
2035 2187 2105 2244 ad

527 2297 751 2349 matrem
780 2288 1072 2345 Ecclesium
1097 2286 1277 2343 redire
1304 2284 1642 2356 permisistis,
1671 2290 1958 2352 antequam
1981 2278 2109 2334 red-

526 2385 703 2452 irent,
751 2382 844 2439 ubi
871 2382 1058 2438 erant?
1104 2379 1351 2436 similiter
1408 2387 1684 2448 urgentur,
1735 2389 1798 2430 ac
1847 2381 1905 2428 tu
1950 2371 2109 2442 paulo

524 2483 648 2532 ante
667 2473 844 2531 verbis
869 2489 901 2530 a
929 2481 981 2530 te
1010 2472 1201 2546 positis
1229 2471 1523 2544 urgebaris.
1543 2469 1643 2526 Ubi
1661 2467 1800 2524 enim
1822 2481 1916 2522 eos
1944 2464 2110 2521 fuisse

529 2565 944 2638 respondebunt,
975 2564 1081 2620 nisi
1094 2563 1160 2618 «in
1197 2563 1487 2617 schismate
1513 2557 1852 2614 Maximiani?
1871 2555 1982 2612 Sed
2017 2554 2109 2611 ubi

529 2657 720 2713 volunt
762 2669 857 2712 eos
899 2654 1064 2711 fuisse
1107 2651 1476 2716 contendant;
1505 2658 1656 2706 certe
1695 2649 1786 2719 qui
1812 2646 1881 2703 ad
1923 2645 2111 2702 Eccle-

529 2751 662 2806 siam
686 2748 864 2806 redire
914 2746 1164 2819 permissi
1191 2753 1336 2812 sunt,
1383 2744 1438 2799 in
1468 2740 1710 2799 Ecclesia
1739 2755 1846 2795 non
1872 2738 2106 2794 fuerunt.

528 2841 668 2912 Ergo
695 2848 844 2896 extra
869 2838 1168 2894 Ecclesiam
1189 2835 1596 2908 baptizaverunt
1625 2849 1641 2887 ε
1667 2841 1724 2888 et
1743 2831 1902 2887 simul
1931 2830 2110 2900 bapti-

527 2941 735 2989 satores
763 2938 819 2987 et
831 2928 1088 3001 baptizati
1107 2927 1182 2983 ad
1223 2926 1518 2983 Ecclesiam
1549 2924 1860 2987 redeuntes,
1908 2935 2008 2977 nec
2036 2918 2113 2974 illi

529 3024 764 3080 honores
787 3036 924 3093 quos
943 3027 1096 3076 extra
1125 3026 1422 3091 gesserant,
1443 3032 1545 3072 nec
1568 3015 1645 3070 illi
1669 3013 1940 3085 Baptisms
1967 3009 2114 3082 quod

528 3124 678 3172 extra
707 3121 1041 3186 acceperant,
1071 3111 1387 3168 amiserunt.

602 3205 828 3264 CAPUT
882 3203 1100 3261 XXXV.
1127 3202 1313 3258 -η
1351 3199 1418 3256 Ει
1465 3209 1522 3254 ιιι
1567 3195 1804 3268 quidem,
1857 3201 2116 3266 quantum

531 3297 751 3371 potuisti
777 3296 834 3353 in
853 3310 1019 3352 causa
1057 3294 1221 3362 mala,
1242 3300 1410 3347 caute
1437 3291 1648 3346 locutus
1673 3301 1753 3354 es,
1786 3294 1844 3342 ut
1885 3285 2112 3352 diceres,

536 3393 738 3448 Placuit
765 3401 930 3446 tamen
954 3390 1152 3444 decreto
1173 3385 1374 3442 concilii
1397 3382 1692 3438 dilationem
1712 3378 1952 3449 temporis
1975 3377 2111 3444 dari,

535 3489 674 3543 intra
717 3485 851 3557 quod
875 3484 918 3538 si
946 3483 1056 3554 quis
1081 3480 1266 3550 corrigi
1287 3477 1542 3543 coluisset,
1569 3476 1806 3529 innocens
1832 3471 2115 3525 haberetur.

536 3578 620 3636 illi
649 3586 825 3634 autem
846 3589 958 3631 'nec
972 3571 1327 3643 corrigendos
1361 3581 1458 3625 eos
1473 3565 1642 3622 fuisse
1685 3564 1953 3629 dixerunt,
2001 3561 2119 3630 qui-

533 3669 635 3728 bus
661 3668 785 3725 data
810 3674 894 3722 est
936 3665 1026 3721 illa
1074 3662 1297 3728 dilatio;
1337 3658 1431 3716 sed
1457 3666 1710 3728 tanquam
1752 3652 1972 3710 omnino
2008 3651 2118 3706 im-

535 3760 721 3833 polluti
749 3767 908 3830 atque
930 3755 1244 3812 innocentes
1275 3754 1325 3807 in
1353 3748 1658 3805 Maximiani
1706 3745 1962 3802 societate
1999 3742 2118 3797 fue-

535 3832 665 3918 rint,
697 3851 775 3907 sic
801 3849 867 3904 de
913 3847 1019 3904 illis
1041 3846 1355 3917 loquuntur,
1384 3856 1504 3898 cum
1536 3841 1704 3911 ipsam
1731 3843 2018 3908 prorogant
2039 3832 2122 3889 di-

535 3945 810 4002 lationem.
833 3940 970 4010 Quid
995 3948 1076 3996 est
1100 3939 1244 3995 enim
1274 3935 1416 3991 aliud
1445 3933 1588 4006 quod
1625 3932 1842 3987 dicunt:
1876 3927 1981 3982 Eos
2021 3943 2121 3980 au-

538 4045 636 4092 tem
661 4051 786 4108 quos
815 4034 1048 4106 sacrilegi
1085 4030 1278 4087 surculi
1323 4044 1426 4083 non
1471 4027 1697 4096 polluere
1747 4022 2024 4095 plantaria,
2054 4019 2122 4074 ad

537 4139 749 4184 matrem
775 4127 1054 4182 Ecclesium
1097 4124 1266 4180 redire
1306 4121 1622 4193 permisimus
1643 4117 1702 4172 "‘l
1733 4119 1810 4173 Ac
1837 4131 1904 4172 ne
1933 4129 2123 4186 parum

543 4221 634 4286 sit,
661 4218 783 4274 vide
830 4217 955 4289 quid
997 4215 1326 4286 adjungant:
1357 4211 1560 4279 Quanto
1606 4209 1739 4264 enim
1788 4208 1850 4262 de
1898 4217 2122 4272 reorum,

542 4311 809 4382 inquiunt,
837 4318 996 4363 morte
1017 4321 1313 4379 purgamur,
1353 4313 1498 4358 tanta
1527 4310 1593 4357 tte
1633 4299 1976 4355 innocentium
1997 4298 2122 4352 red-

548 4403 624 4456 itu
665 4399 1003 4473 gratulamur.
1029 4398 1142 4453 Cur
1177 4398 1356 4466 itaque
1379 4403 1441 4450 tu
1489 4393 1644 4460 dicis,
1694 4391 1943 4462 placuisse
1989 4389 2126 4442 dila-

545 4495 731 4550 tionem
757 4493 996 4562 tentporis
1027 4491 1169 4559 dari,
1197 4490 1336 4544 intra
1364 4487 1500 4560 quod
1521 4488 1566 4541 si
1589 4486 1706 4560 quis
1722 4484 1916 4556 corrigi
1947 4481 2124 4549 uellet,

545 4591 790 4644 innocens
819 4587 1121 4650 haberetur;
1147 4599 1267 4640 cum
1289 4598 1410 4638 eam
1437 4581 1621 4636 videas
1647 4576 1934 4649 impollutis
1970 4585 2129 4647 atque

547 4676 926 4735 innocentibus
977 4675 1187 4732 datam?
1241 4674 1348 4732 Sed
1401 4673 1651 4729 videlicet
1705 4680 1762 4725 tu
1799 4668 2032 4726 timuisti
2059 4681 2131 4724 ne

547 4769 646 4826 tibi
695 4768 980 4836 diceretur,
1011 4767 1190 4838 Quare
1249 4765 1478 4822 dabatur
1516 4763 1701 4820 dilatio
1743 4762 1822 4818 eis
1863 4776 1996 4832 quos
2021 4773 2129 4816 non

548 4863 811 4934 polluerat
847 4859 1237 4916 Maximianus?
1285 4859 1407 4913 ideo
1435 4856 1689 4912 dilatione
1732 4854 1821 4910 illa
1855 4853 2132 4923 corrigen-

546 4954 646 5011 dos
666 4969 787 5010 esse
838 4951 1112 5010 censuisti.
1136 4951 1224 5008 'llli
1268 4950 1559 5006 timuerunt
1595 4963 1662 5004 ne
1704 4947 1804 5004 sibi
1842 4947 2129 5013 diceretur,

550 5047 728 5116 Quare
748 5045 802 5101 in
831 5045 940 5101 suis
969 5043 1261 5101 honoribus
1293 5043 1526 5114 pollutos
1551 5041 1826 5111 suscipere
1847 5037 2132 5095 voluistis?

549 5139 671 5195 ideo
695 5154 754 5196 se
774 5137 1063 5209 impollutis
1091 5135 1396 5192 dilationem
1422 5133 1634 5190 dedisse
1662 5132 1932 5188 dixerunt.

622 5231 846 5290 CAPUT
884 5229 1124 5288 XXXVI.
1152 5259 1222 5271 —
1250 5229 1338 5286 43.
1371 5226 1599 5284 Proinde
1619 5225 1826 5299 singula
1854 5224 2127 5292 timuistis,

553 5324 650 5382 sed
674 5324 992 5381 alterutrum
1023 5328 1361 5393 oppugnatur
1405 5334 1469 5375 ex
1498 5318 1688 5374 altero.
1715 5316 1849 5372 Nam
1888 5316 1979 5372 tibi
2006 5315 2138 5370 dici—

555 5427 662 5484 tur,
691 5413 969 5483 Quomodo
995 5413 1268 5469 existimas
1307 5410 1675 5482 corrigendos,
1706 5425 1841 5478 quos
1885 5407 1960 5464 tui
2005 5421 2140 5478 pra:-

555 5510 736 5566 dicant
778 5507 1116 5579 impollutos?
1157 5505 1264 5575 lllis
1292 5513 1470 5560 autem
1496 5502 1708 5569 dicitur,
1745 5499 2026 5569 Quomodo
2051 5512 2141 5553 as-

559 5599 740 5658 seritis
767 5600 1093 5671 impollutos,
1125 5599 1226 5655 etsi
1247 5614 1355 5654 non
1376 5611 1592 5652 manum
1624 5591 1946 5665 imponendo
1983 5591 2143 5662 capiti

565 5693 886 5764 Maximiani,
917 5705 1093 5750 tamen
1120 5693 1424 5752 schismatis
1453 5691 1572 5763 ejus
1614 5688 1988 5745 communione
2032 5701 2146 5740 ma-

632 5855 646 5884 ¹
675 5854 757 5901 Hic
792 5851 888 5900 duo
910 5858 1017 5902 uss.
1043 5849 1240 5909 addunt,
1263 5847 1358 5900 nisi
1379 5860 1493 5909 quos
1532 5857 1626 5909 non
1669 5837 2148 5909 polluitponsortiwn

566 5913 862 5978 simulati.
879 5913 945 5966 ad
967 5917 1172 5964 matrem
1191 5902 1451 5964 Ecclesitim
1472 5905 1633 5962 redire
1661 5902 1980 5972 pcmtisitnus.

2130 6023 2209 6034 ..ν-κο

1267 410 1539 471 CONTRA
1575 405 2001 467 CRESCONIUM
2037 403 2495 479 DOMTlSTAM,
2535 414 2592 471 S.
2634 415 3001 475 AUGUSTINI

3689 415 3800 476 δη

2221 526 2423 584 culatos
2439 529 2464 582 ?
2481 527 2647 600 Cujus
2673 542 2847 590 autem
2873 535 3099 599 animus,
3133 535 3287 606 cujus
3327 536 3488 601 vires,
3514 535 3672 607 cujus
3691 537 3800 594 liu-

2213 633 2314 688 gua
2345 620 2572 677 sufﬁciat
2597 624 2838 695 proloqui
2862 635 2968 680 tam
2988 625 3386 681 intolerandum
3411 626 3662 684 dolorem
3679 628 3706 681 ἲ
3733 636 3800 686 ut

2213 724 2337 781 pars
2386 713 2570 769 Donati
2613 715 2834 772 discissa
2883 719 3224 784 resarciatur,
3257 733 3356 774 nec
3406 719 3587 774 socios
3631 720 3800 779 Afros

2212 803 2268 860 in
2291 803 2468 863 Africa
2491 807 2680 878 polluit
2719 809 3105 876 Maximianus;
3135 826 3202 867 ne
3237 811 3306 867 ad
3354 812 3525 882 ipsa
3554 813 3797 868 radicem

2213 899 2430 955 unitatis
2451 901 2582 956 rami
2605 900 2753 958 fracti
2782 903 2990 974 regredi
3015 905 3410 975 permittantur,
3439 905 3798 962 tetre‘rnotiso

2211 989 2374 1062 simas
2400 1000 2588 1060 gentes
2612 993 2800 1062 polluit
2827 1009 2894 1050 ex
2924 994 3098 1050 Africa
3121 993 3470 1052 Caecilianus!

2277 1083 2506 1140 CAPUT
2532 1084 2796 1142 XXXVII.
2818 1118 2888 1128 —
2915 1087 3003 1143 ﬂ.
3037 1087 3116 1144 Ex
3141 1088 3228 1144 die
3273 1089 3488 1145 concilii
3536 1089 3797 1158 Bsgaien-

2211 1175 2306 1241 sis,
2338 1175 2440 1233 hoc
2465 1189 2569 1246 est,
2601 1180 2670 1235 ab
2705 1188 2894 1237 octavo
2944 1181 3284 1238 calendarum
3330 1183 3479 1252 maii,
3527 1197 3701 1254 usque
3726 1183 3796 1236 ad
3862 1227 3868 1233 .

2211 1269 2349 1325 diem
2369 1270 2507 1327 data:
2525 1272 2794 1329 dilationis
2822 1274 2984 1342 illius,
3013 1275 3114 1332 hoc
3133 1284 3235 1342 est,
3263 1285 3512 1332 octavum
3539 1276 3798 1333 calenda-

2211 1377 2329 1418 rum
2351 1363 2602 1434 januarii,
2630 1375 2753 1422 octo
2788 1382 3000 1424 menses
3037 1378 3403 1425 numerantur.
3451 1369 3508 1425 In
3552 1369 3652 1425 hoc
3681 1378 3796 1425 tam

2212 1453 2370 1527 longo
2399 1459 2654 1552 temporis
2681 1459 2981 1552 intervallo,
3011 1461 3087 1516 illi
3113 1463 3306 1533 quibus
3325 1462 3513 1519 dilatio
3541 1462 3668 1518 data
3689 1471 3794 1529 est,

2211 1549 2614 1607 maculabantur
2643 1549 2899 1610 societate
2927 1554 3163 1610 damnati
3213 1554 3541 1623 Maximiani,
3572 1569 3641 1610 an
3687 1570 3797 1610 non

2210 1645 2650 1702 maculabantur?
2699 1646 2754 1704 Si
2795 1647 3213 1716 maculabantur,
3261 1647 3528 1719 quomodo
3573 1647 3796 1717 dicitur,

2212 1735 2316 1792 Eos
2343 1746 2512 1791 autem
2529 1754 2655 1809 quos
2675 1738 2908 1811 sacrilegi
2933 1738 3124 1795 surculi
3139 1756 3239 1794 non
3261 1738 3487 1810 polluere
3509 1739 3797 1806 plantaria,

2211 1828 2280 1882 ad
2305 1837 2512 1882 matrem
2541 1827 2824 1884 Ecclesium
2852 1831 3019 1885 redire
3057 1829 3372 1902 permisimus
3392 1828 3418 1882 .9
3443 1827 3503 1884 Si
3529 1843 3636 1884 non
3683 1844 3800 1883 ma-

2210 1918 2548 1986 culabantur,
2591 1919 2858 1991 quomodo
2899 1935 3001 1976 nos
3043 1929 3201 1990 atque
3225 1935 3414 1977 omnes
3444 1935 3563 1990 qua:
3592 1921 3802 1990 ubique

2211 2021 2336 2067 sunt
2367 2012 2686 2068 Christianas
2714 2021 2898 2084 gentes
2923 2014 3095 2083 potuit
3120 2013 3438 2084 ignotorum.
3465 2027 3574 2066 non
3618 2011 3799 2066 dicam

2211 2105 2490 2174 falsorum,
2528 2106 2795 2162 maculare
2817 2106 3111 2162 alienorum
3151 2105 3395 2176 contagio
3416 2112 3754 2176 peccatorum
3773 2103 3803 2157 Υ

2214 2197 2321 2254 Sed
2357 2197 2489 2264 ideo,
2521 2198 2712 2269 inquit,
2738 2197 2915 2252 dilatio
2945 2197 3066 2251 data
3113 2205 3206 2263 est,
3260 2211 3374 2264 qua:
3415 2197 3459 2250 si
3515 2196 3799 2262 transisset,

2211 2290 2315 2346 illis
2340 2307 2440 2346 non
2466 2291 2786 2346 redeuntibus
2829 2300 2945 2344 tunc
2986 2290 3380 2356 macularentur,
3429 2297 3479 2344 et
3517 2291 3572 2342 in
3600 2303 3802 2358 prenant

2214 2380 2552 2437 damnationis
2576 2382 2912 2437 incurrerent.
2944 2380 3062 2436 Non
3085 2395 3212 2451 ergo
3239 2395 3333 2435 eos
3352 2388 3627 2449 peccatum
3657 2378 3803 2434 illius

2213 2473 2505 2542 societatis,
2543 2473 2638 2528 sed
2691 2472 2794 2528 diei
2840 2472 3150 2528 constitutio
3199 2469 3504 2526 maculabat
3534 2469 3626 2526 :si
3675 2483 3804 2540 ergo

2213 2567 2391 2623 nullus
2419 2567 2534 2623 dies
2560 2568 2993 2634 consumeretur,
3027 2563 3350 2620 immacul‘ati
3363 2564 3555 2634 utique
3583 2576 3805 2634 perma-

2215 2667 2424 2715 nerent.
2454 2659 2591 2727 Quid
2611 2658 2677 2714 de
2701 2657 2852 2714 vobis
2892 2657 3032 2712 male
3077 2656 3274 2712 meruit
3311 2653 3455 2711 orbis
3493 2652 3808 2710 terrarum?

2213 2747 2324 2804 Cur
2347 2749 2487 2804 enim
2509 2749 2825 2804 maculatum
2845 2746 3135 2818 perhibetis
3175 2745 3406 2816 peccatis
3440 2743 3656 2810 alienis,
3709 2743 3800 2799 cui

2217 2840 2421 2896 nullum
2453 2849 2660 2910 tempus
2683 2839 2949 2894 dilationis
2972 2836 3357 2902 constituistis;
3402 2848 3527 2891 cum
3562 2843 3716 2890 tanta
3739 2833 3810 2890 sit

2216 2941 2392 2987 vestra
2413 2931 2666 3002 potentia,
2696 2938 2754 2985 ut
2779 2929 3022 2984 homines
3059 2925 3272 2999 quando
3313 2926 3522 2993 volunt,
3555 2934 3808 2997 βεβαιο-

2217 3023 2366 3081 ribus
2385 3023 2676 3091 sociemur,
2714 3032 2765 3078 et
2811 3021 3021 3092 quando
3066 3019 3375 3087 volueritis,
3428 3007 3811 3089 inquinentur?

2217 3116 2534 3172 innocentes
2558 3125 2612 3172 et
2636 3115 2896 3186 impolluti
2939 3116 3152 3182 erant',
3183 3110 3458 3184 quibusin
3504 3119 3659 3180 parte
3693 3109 3810 3164 Ma—

2219 3207 2437 3264 ximiani
2462 3205 2687 3262 dabatur
2705 3206 2911 3273 dilatio,
2929 3207 3072 3261 intra
3091 3204 3241 3275 cujus
3270 3203 3410 3258 diem
3431 3202 3477 3257 si
3501 3207 3812 3257 remearent

2220 3298 2289 3355 ad
2315 3313 2430 3364 vos,
2461 3297 2723 3354 haberent
2739 3298 2928 3369 integri
2957 3296 3175 3352 honoris
3195 3308 3256 3350 ac
3271 3292 3390 3349 ﬁdei
3418 3291 3765 3347 fundamenta
3789 3306 3808 3346 ε

2221 3390 2268 3446 si
2297 3399 2472 3446 autem
2517 3389 2606 3446 ille
2629 3388 2747 3445 dies
2797 3388 2876 3443 eis
2921 3401 3028 3443 non
3079 3384 3428 3442 redeuntibus
3480 3382 3810 3454 praeteriret,

2223 3489 2350 3539 tunc
2378 3481 2594 3552 polluti,
2637 3489 2764 3536 tunc
2799 3477 3067 3546 scelerati,
3099 3484 3227 3532 tunc
3259 3473 3452 3546 perditi
3489 3471 3814 3543 supplicium

2223 3574 2582 3632 damnationis
2605 3574 2957 3636 incurrerent,
2976 3578 3108 3626 tunc
3129 3566 3535 3623 humiliarentur
3571 3577 3671 3633 per
3690 3575 3820 3632 pm-

2223 3666 2524 3722 nitentiam.
2549 3662 2864 3736 Degradatio
2887 3661 3021 3717 mira
3041 3655 3442 3731 praedicentium
3463 3652 3748 3710 hominum
3765 3653 3817 3720 ¹,

2225 3771 2335 3814 non
2373 3757 2505 3828 jam,
2543 3764 2607 3812 ut
2655 3763 2809 3811 vetus
2852 3751 3195 3828 proverbium
3239 3751 3430 3816 fertur,
3481 3747 3629 3815 Quod
3669 3746 3821 3803 uotu-

2225 3867 2338 3906 mus
2386 3857 2614 3905 sanctum
2655 3855 2761 3914 est;
2805 3846 2901 3903 sed
2955 3846 3136 3911 etiam,
3185 3841 3412 3912 Quando
3452 3840 3725 3904 volumus,
3763 3844 3821 3894 et

2227 3941 2476 4014 quamdiu
2505 3938 2783 3995 volumus!
2819 3933 3104 4008 Contingat
3151 3934 3309 3990 alicui
3335 3939 3576 3988 vestrum
3599 3929 3656 3986 in
3700 3928 3818 3985 navi

2229 4047 2383 4088 orare
2408 4031 2706 4098 nobiscum,
2734 4030 2856 4101 ’jam
2881 4029 3136 4100 pollutus,
3185 4026 3296 4098 jam
3339 4023 3569 4081 traditur
3588 4023 3819 4095 appella-

2229 4132 2338 4179 tur.
2361 4121 2764 4179 Comm‘unicant
2790 4119 2976 4176 altaria
2994 4118 3335 4174 damnatores
3381 4113 3648 4170 Primiani
3700 4123 3820 4169 cum

2230 4213 2549 4272 Maximiano
2569 4213 2806 4270 veritatis
2825 4211 3084 4280 adultero,
3097 4208 3354 4266 Ecclesiae
3371 4206 3560 4263 matris
3581 4205 3816 4270 iriniico,

2232 4308 2438 4375 Dathac,
2468 4307 2646 4364 Chore
2673 4315 2725 4362 et
2753 4305 2957 4362 Abiron
3001 4303 3267 4370 ministro,
3293 4309 3350 4358 et
3368 4315 3470 4373 per
3509 4307 3638 4356 octo
3671 4312 3822 4355 meu-

2231 4417 2319 4458 ses
2368 4401 2678 4457 innocentes
2722 4383 3088 4470 impollutique
3129 4394 3441 4467 persistunt.
3488 4391 3729 4450 Proinde
3775 4389 3821 4447 si

2234 4495 2324 4566 qui
2349 4510 2410 4550 ex
2436 4493 2518 4548 his
2539 4507 2683 4548 nono
2707 4490 3048 4548 calendarum
3065 4488 3087 4521 ⁸
3111 4488 3340 4560 januarii
3369 4501 3429 4543 se
3453 4493 3655 4543 Vestra!
3679 4498 3824 4541 como

2234 4585 2476 4642 munioni
2511 4582 2877 4650 reddiderunt,
2929 4581 2998 4638 de
3048 4579 3413 4636 innocentium
3459 4577 3596 4633 estis
3649 4575 3825 4633 reditu

2235 4677 2501 4752 gratulati,
2546 4692 2731 4733 eorum
2773 4674 2997 4742 scilicet,
3044 4686 3177 4744 quos
3198 4669 3442 4742 sacrilegi
3481 4667 3689 4724 surculi
3712 4679 3823 4722 non

2235 4774 2476 4847 polluere
2523 4772 2802 4843 plantaria.
2845 4768 2984 4838 Quid
3017 4781 3108 4822 vos
3156 4770 3572 4837 promeruertmt
3609 4769 3688 4816 tot
3711 4758 3824 4814 dies

2239 4878 2360 4925 octo
2401 4865 2687 4933 mensium,
2741 4880 2771 4918 a
2815 4863 2902 4918 die
2946 4870 3139 4918 octavo
3182 4856 3523 4915 calendarum
3561 4855 3828 4909 maiarum

2241 4975 2409 5032 usque
2433 4958 2500 5014 ad
2541 4957 2680 5014 diem
2733 4964 2978 5012 octavum
3024 4951 3366 5008 calendarum
3404 4947 3660 5021 januarii,
3693 4959 3828 5017 quos

2241 5053 2314 5110 ita
2367 5049 2760 5116 sanetilicastis,
2808 5056 2869 5102 ut
2925 5061 3020 5116 per
3067 5059 3162 5101 eos
3195 5043 3519 5114 quicumque
3589 5052 3832 5095 commu-

2242 5146 2389 5202 nioni
2413 5141 2656 5214 sacrilegi
2683 5150 2841 5213 atque
2869 5138 3104 5195 damnati
3127 5132 3436 5191 Maximiani
3472 5131 3832 5194 cohaererent,

2244 5254 2351 5296 non
2382 5238 2766 5310 polluerentur,
2794 5237 2894 5290 nec
2935 5230 3278 5289 efﬁcerentur
3305 5225 3597 5284 nocentes?
3625 5226 3692 5282 Et
3707 5222 3835 5295 quid

2312 5399 2330 5430 ⁸
2355 5395 2711 5466 militum“
2725 5390 2976 5466 ,υοιίέεναέε

2249 5460 2316 5534 do
3259 5456 3317 5501 Et
3343 5448 3456 5512 jam
3486 5446 3656 5512 polluti
3678 5449 3840 5496 εταιιι.

2249 5527 2546 5597 Castigantur
2568 5533 2632 5570 ex
2658 5527 2776 5594 Mss...
3074 5576 3087 5590 .
3191 5576 3202 5587 _
3573 5571 3583 5580 ,
3776 5568 3788 5576 .

2314 5587 2335 5617 ²
2357 5592 2430 5652 εις
2454 5592 2556 5652 Mss
2583 5587 2638 5631 Αι
2661 5581 2799 5652 editi:
2831 5591 2920 5643 ρετ
2956 5581 3301 5652 πεπνιΜὲ
3324 5571 3850 5652 Μὶξξέιὲηοὲἔηηίέζτη

2950 5615 3704 5720 Ϊῖὄξξῖῖξξιθωῖαἰιὶεἳῼιέἓ

2253 5694 2835 5781 arbitraturlegendum,
3377 5705 3418 5748 ο
3455 5694 3678 5760 gradatio
3718 5694 3851 5741 mira

2254 5770 2332 5834 pie
2351 5765 2618 5834 dicentum?
2634 5765 3010 5834 hominumltt.
3232 5831 3250 5834 Α
3311 5823 3322 5834 _
3377 5805 3396 5834 .,

2261 5823 2341 5946 'ca;
2365 5834 2497 5895 editi,
2523 5831 2683 5898 quinto
2704 5830 2797 5883 cal.
2831 5831 3004 5881 verius
3037 5834 3204 5879 autem
3222 5823 3530 5877 Oorbeiensis
3563 5826 3678 5879 Its,
3721 5824 3852 5867 nano
