4010 6474
529 436 638 494 575

532 557 673 603 tatus
703 545 897 602 Titiani
921 544 1164 602 advocati
1188 543 1364 601 verbis
1387 553 1491 600 tam
1513 545 1743 616 graviter
1771 549 2107 604 accusantur,

532 638 588 694 in
612 648 842 691 vestram
872 637 1297 693 communionem
1327 637 1527 706 recepti
1565 645 1707 692 sunt.
1739 635 1947 690 Sufficit
1974 632 2114 704 quod

521 717 724 784 eadem
776 730 1062 799 postulatio
1108 739 1256 784 tanto
1293 740 1412 800 post
1440 730 1602 786 linem
1633 730 1944 801 praestituta:
1975 729 2114 784 illius

535 818 804 875 dilationis
830 862 844 886 ,
883 835 975 875 eos
1012 836 1044 875 a
1085 830 1261 876 vestra
1305 821 1680 877 communione
1722 831 1996 892 separatos
2018 862 2032 887 ,
2061 820 2115 874 in

536 911 842 968 Maximiani
887 912 1174 969 schismate
1219 912 1381 969 fuisse
1419 914 1724 980 convincit,
1768 928 1902 984 quos
1932 922 2116 983 postea

537 1002 816 1073 recepistis
839 1045 854 1070 ,
884 1018 1109 1074 quorum
1135 1003 1368 1060 honores
1393 1005 1533 1059 nulla
1562 1019 1627 1060 ex
1653 1014 1801 1074 parte
1826 1003 2111 1069 minuistis,

533 1108 566 1149 a
593 1095 784 1164 quibus
797 1095 978 1153 datum
999 1098 1237 1168 quamvis
1254 1098 1308 1153 in
1337 1098 1594 1168 sacrilego
1624 1096 1911 1151 schismate
1937 1095 2116 1164 Bapti-

531 1203 732 1256 smum,
776 1190 912 1246 sicut
952 1207 1137 1247 revera
1159 1191 1450 1247 timendum
1471 1189 1587 1254 fuit,
1611 1188 1913 1244 rescindere
1940 1188 2116 1242 timui-

536 1281 656 1338 stis.
687 1280 951 1351 Numquid
986 1281 1094 1351 jam
1121 1283 1174 1337 in
1206 1282 1304 1337 hac
1329 1296 1486 1336 causa
1513 1295 1573 1335 se
1601 1288 1783 1334 contra
1811 1293 1908 1333 nos
1940 1279 2115 1348 lingua

537 1376 822 1446 cujuslibet
847 1377 1252 1446 pertinacissimi
1277 1383 1655 1440 commoveret,
1686 1375 1729 1428 si
1757 1389 1814 1428 se
1839 1373 2039 1426 moveri
2063 1372 2116 1426 ia

539 1465 777 1520 hominis
802 1480 896 1521 ore
923 1508 938 1534 ,
967 1474 1021 1523 et
1050 1467 1148 1522 sub
1177 1465 1405 1521 hominis
1433 1465 1608 1520 fronte
1639 1463 1902 1519 sentiret?
1936 1461 2116 1515 Erravi

536 1556 697 1627 plane
722 1599 737 1624 ,
768 1557 936 1613 fateor
958 1600 973 1625 ,
1004 1574 1070 1613 eo
1112 1557 1253 1627 quod
1296 1558 1347 1612 in
1390 1557 1494 1611 illis
1530 1555 1719 1610 litteris
1758 1555 1906 1623 posui
1934 1553 2001 1608 de
2027 1552 2116 1606 illa

537 1648 846 1718 Bagaiensis
888 1648 1100 1704 concilii
1143 1648 1402 1703 sententia
1428 1689 1443 1716 ,
1491 1647 1738 1718 quoniam
1783 1645 1891 1700 dixi
1933 1663 1945 1698 :
1992 1643 2116 1697 Cum

536 1741 682 1810 apud
705 1757 787 1796 eos
807 1728 1118 1796 decernenda
1137 1742 1344 1795 recitata
1369 1751 1461 1803 est,
1485 1757 1570 1794 ore
1598 1739 1839 1794 latissimo
1861 1737 2116 1794 acclama-

533 1843 713 1888 verunt
730 1849 750 1897 ;
771 1851 902 1888 nunc
926 1844 1093 1888 autent
1123 1852 1238 1887 cum
1267 1851 1298 1887 a
1324 1835 1468 1888 nobis
1491 1834 1701 1888 recitata
1728 1833 1876 1904 fuerit
1898 1873 1913 1898 ,
1943 1833 2118 1884 obmu-

533 1931 732 1978 tescunt
758 1924 896 1993 (Lib.
921 1927 945 1979 I
977 1934 1152 1980 contra
1165 1925 1380 1980 Litteras
1409 1923 1672 1992 Petiliani,
1701 1941 1754 1978 η.
1783 1924 1894 1993 Il).
1920 1924 2116 1978 Verum

535 2025 622 2071 est
650 2017 791 2086 quod
821 2017 1041 2084 dixisti,
1072 2016 1204 2071 Ecce
1228 2035 1328 2071 non
1363 2018 1705 2072 obmutescunt
1740 2032 1758 2070 :
1797 2017 2117 2071 verecundia

533 2106 730 2176 quippe
757 2108 811 2161 in
836 2108 998 2163 rebus
1025 2116 1133 2163 tam
1158 2107 1473 2175 manifestis,
1503 2108 1588 2163 vel
1616 2108 1775 2164 etiam
1803 2110 1913 2179 ipsa
1942 2111 2116 2178 impu-

538 2197 720 2254 dentia
742 2199 1112 2257 obmutescere
1131 2210 1328 2272 potest,
1358 2203 1562 2256 insania
1592 2217 1696 2258 non
1720 2212 1912 2272 potest.
1935 2202 2118 2272 Neque

537 2289 644 2347 hoc
679 2291 880 2348 dictum
917 2293 984 2349 de
1023 2303 1076 2350 te
1114 2295 1343 2364 accipias
1372 2313 1384 2348 :
1419 2294 1509 2364 qui
1536 2295 1639 2351 tuis
1677 2295 1940 2366 episcopis
1967 2312 2118 2352 men-

533 2380 790 2438 tientibus
819 2383 1112 2451 credidisti,
1136 2399 1234 2440 nec
1253 2385 1320 2441 de
1341 2385 1446 2440 illis
1466 2385 1714 2441 omnibus
1736 2401 1753 2451 ;
1783 2402 1953 2456 neque
1973 2388 2116 2441 enim

534 2481 728 2528 omnes
765 2473 833 2529 de
870 2472 970 2529 hac
1008 2491 1069 2531 re
1105 2485 1376 2544 permotus
1405 2477 1687 2532 consulere
1726 2478 1944 2546 potuisti
1975 2495 1990 2533 :
2023 2478 2117 2532 sed

534 2563 604 2620 de
631 2565 696 2620 iis
719 2567 809 2636 qui
833 2580 956 2622 eum
995 2568 1195 2623 scirent
1231 2577 1425 2638 quanta
1451 2578 1504 2624 et
1527 2568 1738 2639 quando
1761 2577 1945 2623 contra
1970 2569 2111 2624 Prae-

515 2659 791 2712 ‘textatum
821 2666 877 2713 et
904 2657 1229 2714 Felicianum
1259 2659 1399 2728 apud
1426 2660 1632 2729 judices
1659 2670 1808 2731 gesta
1837 2669 1982 2727 sunt,
2015 2661 2117 2718 hoc

530 2746 673 2816 quod
721 2747 824 2802 tuis
866 2748 1139 2804 inseruisti
1183 2749 1411 2816 litteris,
1441 2751 1534 2806 tibi
1579 2751 1692 2806 ausi
1733 2761 1854 2806 sunt
1895 2751 2112 2819 dicere,

530 2836 674 2905 quod
717 2846 840 2892 ante
883 2838 1024 2894 diem
1067 2841 1375 2909 praestituta:
1415 2841 1684 2896 dilationis
1726 2842 2024 2898 Felicianus
2063 2851 2117 2898 et

532 2925 888 2982 Praetextatus
915 2939 1108 2984 vestrae
1132 2933 1493 2987 communioni
1520 2934 1780 3001 restituti,
1810 2943 2116 3004 perempto-

531 3015 613 3070 ria
655 3019 918 3073 sententia
958 3035 1062 3074 non
1103 3030 1412 3077 tenerentur
1450 3023 1710 3079 obstricti.
1738 3025 1910 3079 Autsi
1936 3034 1990 3079 et
2014 3025 2112 3094 ipsi

531 3105 674 3164 forte
699 3108 800 3165 ista
827 3113 1168 3178 nescierunt,
1195 3129 1336 3169 nunc
1369 3115 1556 3170 saltem
1587 3131 1707 3171 cum
1752 3121 1867 3172 haec
1906 3118 2109 3187 legitis,

533 3209 709 3260 taceat
731 3203 1073 3272 verecundia,
1100 3213 1273 3261 taceat
1300 3213 1356 3262 et
1379 3206 1493 3277 ipsa
1519 3207 1917 3278 qualiscumque
1939 3207 2113 3262 homi-

532 3296 618 3352 nis
658 3306 742 3354 est
779 3295 1142 3371 impudentia:
1175 3299 1289 3355 sola
1327 3310 1473 3356 certe
1507 3316 1627 3371 quae
1663 3310 1846 3356 contra
1875 3310 1979 3356 tam
2007 3301 2118 3356 evi-

532 3385 749 3444 dentem
775 3391 1050 3446 veritatem
1081 3389 1296 3458 clamat,
1328 3390 1536 3446 insania
1562 3392 1922 3463 relinquatur;
1952 3401 2004 3448 et
2026 3393 2114 3447 illa

531 3478 635 3531 erit
653 3478 892 3536 fortassis
918 3483 1191 3551 sanabilis,
1222 3485 1266 3540 si
1289 3492 1658 3557 compescatur
1681 3499 1712 3538 a
1742 3485 1904 3538 sanis.

601 3567 826 3625 CAPUT
851 3571 1010 3627 XLII.
1035 3605 1105 3613 —
1126 3575 1214 3629 49.
1245 3575 1396 3632 Nunc
1420 3577 1542 3634 vide
1577 3575 2022 3649 quemadmodum
2047 3577 2114 3634 de

530 3671 619 3712 me
661 3658 860 3716 dixeris
881 3701 896 3728 ,
931 3661 1093 3718 Testis
1121 3666 1336 3720 mendax
1367 3684 1468 3722 non
1513 3670 1605 3723 erit
1647 3671 1924 3740 impunitus
1948 3691 1967 3727 :
1991 3689 2112 3729 cum

528 3759 743 3820 putares
766 3767 850 3808 me
877 3753 929 3808 in
954 3753 1053 3810 hac
1075 3757 1566 3814 Maximianensium
1588 3775 1746 3816 causa
1778 3762 1938 3818 fuisse
1960 3781 2111 3820 men-

529 3841 702 3897 litum.
729 3844 839 3913 Ego
865 3845 956 3900 tibi
988 3846 1088 3902 hoc
1115 3863 1220 3901 non
1246 3864 1447 3918 repono
1472 3868 1484 3903 :
1510 3853 1707 3922 quippe
1738 3852 1876 3909 forte
1903 3856 2112 3911 locutus

531 3948 590 3987 es
619 3934 760 4003 quod
787 3936 994 3992 incauta
1023 3940 1256 3994 amicitia
1286 3941 1593 4010 credidisti,
1627 3960 1733 3998 non
1765 3945 1904 4014 quod
1941 3947 2111 4002 fallaci

531 4023 692 4079 corde
719 4025 935 4082 tinxisti.
969 4028 1223 4086 Homines
1251 4046 1433 4086 sumus
1461 4051 1474 4086 :
1507 4049 1609 4104 qua
1645 4034 1857 4090 tandem
1893 4037 2113 4106 vigilan-

528 4115 601 4171 tia
627 4117 840 4176 efficere
884 4136 1164 4190 possumus
1183 4164 1198 4189 ,
1231 4133 1291 4178 ut
1319 4125 1402 4179 vel
1433 4125 1667 4195 putando
1687 4169 1700 4193 ,
1732 4128 1816 4182 vel
1846 4129 2112 4200 loquendo

526 4207 578 4262 in
627 4209 802 4280 aliquo
841 4229 945 4268 non
984 4215 1267 4271 labamur?
1295 4218 1398 4274 Sed
1423 4227 1605 4274 contra
1634 4220 1948 4277 medicinam
1986 4238 2109 4278 cor-

526 4301 777 4355 rectionis
805 4303 1183 4361 obsurdescere
1212 4322 1318 4362 non
1345 4308 1620 4365 debemus.

505 4405 510 4408 '
595 4389 822 4448 CAPUT
859 4393 1231 4453 Χίλων-50.
1259 4398 1408 4454 Nunc
1444 4402 1659 4457 attende
1691 4412 1942 4473 quantam
1978 4405 2110 4460 mihi

525 4481 684 4537 etiam
704 4482 755 4537 in
775 4486 982 4541 caeteris
1012 4487 1246 4555 partibus
1273 4491 1511 4559 epistolae
1529 4501 1632 4546 tuae
1649 4508 1808 4548 causa
1824 4494 1923 4548 ista
1940 4495 2108 4550 Maxi-

524 4575 875 4631 mianensium
916 4580 1147 4647 praebeat
1189 4581 1543 4651 respondendi
1587 4583 1910 4640 facilitatem.
1938 4587 2106 4655 Quid-

523 4665 649 4735 quid
691 4666 759 4721 de
789 4668 1130 4726 traditoribus
1167 4667 1309 4727 velut
1338 4676 1532 4728 nostris
1563 4675 1842 4731 dicendum
1886 4680 2102 4748 putasti,

525 4773 826 4829 quanquam
856 4763 1016 4817 vestri
1037 4765 1211 4834 potius
1238 4766 1338 4821 hoc
1352 4767 1541 4824 fecisse
1556 4768 1865 4835 doceantur,
1885 4772 2026 4842 quod
2053 4781 2108 4828 et

521 4848 576 4902 in
595 4849 685 4904 illo
704 4850 858 4904 trium
883 4853 1210 4909 voluminum
1230 4871 1392 4926 opere
1412 4859 1541 4914 satis
1559 4875 1821 4931 superque
1843 4871 2106 4918 monstra-

518 4939 568 4994 vi
594 4959 606 4995 :
633 4941 754 4996 vide
778 4949 986 5010 tamen,
1013 4954 1067 4999 et
1092 4947 1374 5015 responde,
1402 4949 1446 5003 si
1474 4959 1644 5019 potes,
1666 4960 1843 5007 utrum
1873 4953 1971 5008 hoc
1999 4955 2105 5009 cri-

517 5047 662 5099 men,
692 5037 1051 5105 quorumlibet
1093 5037 1267 5106 fuerit,
1305 5042 1544 5111 polluere
1567 5045 1798 5114 potuerit
1825 5046 1876 5099 in
1904 5046 2105 5102 unitate

517 5131 596 5179 tot
621 5126 857 5196 gentium
881 5127 1212 5186 Christianos
1237 5173 1252 5198 ,
1281 5133 1364 5188 vel
1388 5134 1544 5204 longe
1575 5137 1960 5192 remotissiinos
1979 5178 1994 5203 ,
2018 5139 2102 5193 vel

517 5216 674 5288 longe
706 5230 979 5290 posteros;
1012 5224 1053 5278 si
1082 5227 1282 5280 crimen
1305 5227 1549 5298 sacrilegi
1579 5229 1776 5283 surculi
1799 5229 2101 5285 Maximiani

516 5312 786 5368 maculare
812 5330 916 5368 non
949 5317 1120 5386 potuit
1149 5319 1232 5372 vel
1264 5319 1437 5374 socios
1465 5319 1620 5375 Afros
1641 5362 1654 5386 ,
1685 5322 1874 5390 quibus
1913 5323 2099 5379 dantes

517 5402 826 5458 dilationem
853 5408 1075 5461 trecenti
1098 5417 1152 5462 et
1171 5408 1355 5484 decem
1378 5410 1614 5481 episcopi
1641 5413 1800 5466 vestri
1827 5412 2095 5479 dixerunt,

521 5491 658 5557 Quos
683 5495 918 5566 sacrilegi
947 5498 1137 5552 surculi
1178 5516 1278 5554 non
1321 5501 1547 5570 polluere
1573 5502 1826 5572 plantaria
1845 5547 1859 5568 ,
1891 5506 1972 5559 vel
2003 5520 2098 5561 vos

515 5581 696 5651 ipsos,
728 5585 816 5654 qui
848 5601 951 5640 non
979 5590 1150 5644 solum
1191 5591 1320 5648 istos
1346 5607 1479 5662 quos
1516 5593 1824 5649 innocentes
1851 5595 2092 5662 dixistis,

513 5687 700 5729 verum
730 5677 890 5731 etiam
934 5679 983 5733 in
1029 5681 1118 5736 illo
1149 5683 1426 5754 sacrilegio
1467 5683 1575 5754 jam
1603 5684 1916 5751 damnatos,
1951 5695 2093 5740 tanta

513 5767 800 5821 concordia
828 5774 1153 5841 suscepistis.

583 5856 673 5912 5i.
703 5857 866 5930 Dicis,
895 5861 1252 5922 Orientalibus
1281 5875 1404 5922 nota
1431 5868 1592 5926 fuisse
1619 5868 1844 5928 crimina
1873 5870 2092 5929 tradito-

1322 429 1593 488 CONTRA
1619 423 2052 487 CRESCONIUM
2089 420 2542 492 DONATISTAM,
2586 423 2646 481 S.
2677 423 3044 483 AUGUSTINI

3692 429 3802 488 576

2225 551 2342 591 rum
2363 577 2378 603 ,
2405 536 2618 608 quando
2659 539 2752 595 tibi
2781 539 2910 595 Afro
2936 539 3429 598 Maximianensium
3465 543 3702 602 schisma
3742 547 3806 603 in

2221 626 2417 683 Africae
2461 631 2634 700 capite
2675 632 3056 701 commissum,
3087 641 3366 706 antequam
3405 651 3553 693 meas
3599 638 3806 696 litteras

2222 716 2403 788 legens
2428 720 2577 776 valde
2616 732 2884 792 permotus
2903 724 3210 780 consuleres
3252 726 3531 798 episcopos
3569 739 3807 798 vestros,

2224 810 2548 881 incognitum
2591 811 2721 880 fuit,
2759 823 2813 868 et
2841 829 2961 868 cum
2992 814 3377 886 consuluisses,
3405 833 3592 874 verum
3632 819 3699 875 ab
3728 823 3809 877 eis

2221 902 2406 957 audire
2449 904 2666 960 minime
2708 905 2955 976 potuisti!
2986 905 3131 974 Quos
3159 918 3303 964 certe
3345 910 3389 965 si
3419 910 3662 968 defendis
3689 954 3704 978 ,
3736 930 3808 969 ne

2221 992 2366 1048 dicas
2397 996 2645 1052 mentitos
2671 1039 2686 1065 ,
2715 997 2964 1054 concedis
2990 999 3202 1070 ignaros
3226 1019 3240 1055 :
3267 1011 3320 1058 et
3362 1012 3538 1060 tamen
3580 1021 3681 1061 nec
3709 1021 3807 1061 nos

2221 1100 2320 1141 nec
2348 1085 2577 1143 Orientis
2607 1097 2661 1143 et
2687 1089 2988 1146 Occidentis
3019 1100 3096 1148 tot
3131 1101 3412 1166 tantosque
3451 1098 3678 1168 populos
3704 1100 3806 1154 sal-

2221 1185 2330 1232 tem
2377 1181 2583 1235 nescire
2629 1181 2888 1250 permittis
2940 1197 3155 1240 causam
3203 1185 3504 1256 Caeciliani;
3550 1204 3674 1246 cum
3719 1192 3806 1246 isti

2221 1271 2460 1326 nesciant
2489 1271 2798 1328 Prartextati
2825 1282 2880 1330 et
2904 1274 3155 1331 Feliciani
3177 1319 3192 1346 ,
3223 1293 3356 1349 quos
3383 1283 3605 1336 trecenti
3631 1293 3685 1338 et
3715 1284 3804 1339 de-

2221 1374 2359 1426 cem,
2395 1363 2493 1417 hoc
2518 1372 2618 1430 est,
2647 1372 2737 1419 aut
2767 1379 2988 1433 omnes,
3029 1377 3120 1422 aut
3147 1385 3312 1440 prope
3350 1386 3541 1427 omnes
3571 1375 3804 1445 episcopi

2221 1453 2386 1522 partis
2418 1453 2604 1508 Donati
2628 1453 2742 1509 Afri
2767 1454 2926 1511 Afros
2950 1457 3004 1512 in
3034 1459 3208 1516 Africa
3235 1460 3662 1530 damnaverunt,
3696 1465 3806 1522 Afri

2221 1544 2378 1600 Afros
2404 1546 2455 1600 in
2485 1547 2662 1602 Africa
2691 1551 3072 1618 susceperunt!

2207 1641 2212 1644 ’
2292 1636 2516 1692 CAPUT
2553 1639 2738 1695 XLIV.
2764 1670 2834 1681 —-
2854 1641 2942 1697 52.
2967 1643 3162 1700 laseris
3184 1646 3499 1718 principium
3525 1650 3805 1707 Sardicen-

2223 1729 2296 1783 sis
2333 1731 2578 1797 concilii,
2620 1731 2760 1788 unde
2803 1734 3032 1802 probare
3070 1738 3280 1793 conaris
3321 1739 3464 1810 quod
3507 1740 3805 1800 Orientales

2223 1819 2459 1890 episcopi
2502 1823 2716 1892 cognito
2761 1824 2985 1880 crimine
3034 1827 3383 1897 traditarum,
3435 1833 3576 1901 parti
3617 1833 3805 1891 Donati

2201 1911 2730 1967 .communieaverint
2752 1929 2766 1980 ;
2792 1912 2893 1970 hoc
2911 1931 3018 1972 uno
3038 1933 3230 1989 magno
3246 1921 3445 1978 scilicet
3461 1922 3803 1996 documento,

2223 2000 2364 2069 quod
2391 2002 2531 2057 inter
2561 2005 2847 2076 episcopos
2876 2009 3064 2078 quibus
3090 2012 3361 2080 scribunt,
3393 2014 3584 2071 Donati
3610 2034 3804 2076 nomen

2224 2089 2492 2148 inventum
2537 2107 2636 2150 est.
2677 2096 2787 2153 Nec
2829 2108 3009 2156 tamen
3050 2103 3121 2158 ibi
3162 2105 3362 2175 aliquid
3393 2106 3581 2177 legitur
3611 2127 3707 2166 eos
3735 2113 3804 2169 de

2223 2181 2364 2238 Afris
2379 2183 2715 2243 traditoribus
2728 2191 3057 2260 cognovisse.
3077 2192 3230 2260 Quod
3261 2195 3477 2266 quidem
3497 2201 3804 2272 concilium,

2224 2291 2291 2330 ne
2328 2285 2380 2332 te
2413 2277 2599 2346 lateat,
2636 2281 2952 2338 Arianorum
2985 2293 3097 2350 est,
3128 2302 3260 2357 quos
3284 2287 3394 2358 jam
3424 2298 3479 2344 tu
3510 2291 3646 2348 inter
3673 2293 3808 2350 alios

2223 2366 2503 2425 haereticos
2545 2373 2828 2429 nominasti
2859 2393 2872 2429 :
2900 2391 3000 2432 nee
3039 2377 3232 2434 additis
3259 2380 3529 2437 civitatum
3575 2386 3808 2442 nomini-

2221 2459 2320 2515 bus
2349 2461 2450 2532 legi
2476 2463 2642 2531 solet,
2675 2466 2799 2534 quia
2833 2481 2933 2523 nec
2967 2467 3081 2538 ipse
3107 2485 3225 2526 mos
3250 2481 3333 2527 est
3370 2474 3805 2545 ecclesiasticus,

2221 2555 2434 2622 quando
2461 2556 2694 2626 episcopi
2724 2559 2988 2629 episcopis
3030 2561 3269 2617 scribunt
3313 2566 3611 2634 epistolam.
3653 2567 3809 2626 Unde

2222 2644 2403 2700 nescio
2427 2647 2546 2716 quis
2575 2647 2674 2703 iste
2702 2648 2937 2706 Donatus
2961 2691 2974 2717 ,
3004 2651 3171 2707 miror
3198 2653 3243 2708 si
3272 2669 3379 2710 non
3409 2656 3463 2710 in
3489 2659 3682 2714 vestris
3720 2661 3808 2716 Iit-

2223 2737 2352 2791 teris
2393 2737 2826 2811 Carthaginensis
2858 2741 3027 2800 factus
3061 2754 3179 2800 est:
3205 2762 3508 2819 quanquam
3537 2754 3809 2821 potuerint

2221 2825 2299 2880 illi
2328 2836 2434 2883 tam
2467 2830 2768 2902 longinquis
2796 2835 2953 2890 terris
2993 2835 3061 2891 ab
3088 2836 3266 2892 Africa
3291 2841 3561 2909 separati,
3595 2857 3661 2898 eo
3690 2844 3809 2915 ipso

2223 2928 2462 2991 tempore
2505 2939 2611 2994 quo
2653 2926 2888 2982 scribere
2933 2929 3215 2997 volebant,
3249 2933 3522 3002 requirere
3559 2935 3808 3005 quisnam

2222 3013 2499 3084 episcopus
2523 3024 2666 3072 esset
2679 3015 3034 3089 Carthaginis.
3051 3019 3253 3077 Omitto
3272 3023 3415 3077 enim
3441 3023 3639 3093 dicere,
3664 3027 3807 3098 quod

2221 3104 2445 3162 fortasse
2473 3105 2772 3165 Orientales
2797 3109 3063 3166 haereticis
3086 3112 3103 3143 ί
3125 3112 3305 3184 aliquo
3329 3114 3490 3171 modo
3512 3131 3572 3172 se
3599 3117 3808 3176 sociare

2221 3208 2572 3258 tentaverant.
2602 3202 2708 3258 Sed
2736 3212 2813 3270 tu,
2841 3204 3001 3261 homo
3026 3205 3259 3276 prudens
3282 3249 3296 3275 ,
3329 3223 3451 3263 cum
3481 3210 3651 3267 velles
3685 3213 3799 3268 sol-

2219 3305 2346 3346 vere
2387 3293 2734 3362 quaestionem
2758 3335 2774 3362 ,
2805 3310 2926 3350 cum
2972 3296 3065 3352 tibi
3103 3297 3206 3353 dici
3252 3309 3469 3369 posset,
3498 3299 3557 3356 Si
3593 3301 3710 3358 hare
3735 3304 3806 3360 ita

2219 3390 2373 3449 sunt,
2405 3391 2463 3438 ut
2487 3382 2786 3441 Orientales
2822 3385 3117 3442 scriberent
3143 3387 3210 3442 ad
3239 3388 3500 3445 Donatum
3530 3403 3803 3462 vestrum,

2220 3474 2669 3543 quemadmodum
2712 3491 2744 3530 a
2780 3478 3152 3534 communione
3179 3488 3476 3536 vestrorum
3507 3481 3807 3542 Orientales

2218 3575 2404 3637 postea
2431 3567 2714 3639 disgregati
2740 3570 2901 3624 sunt?
2921 3571 3243 3641 respondisti
3271 3582 3325 3629 et
3349 3575 3549 3643 dixisti,
3584 3577 3721 3645 Quia
3743 3581 3804 3635 in

2217 3659 2523 3734 recipiendis
2546 3659 2726 3714 iterum
2745 3663 2920 3716 vestris
2945 3663 3199 3719 damnatis
3219 3681 3388 3722 causte
3406 3684 3500 3722 non
3530 3679 3809 3738 potuerunt

2217 3770 2416 3809 servare
2442 3751 2798 3812 constantiam.
2838 3753 2908 3807 Et
2953 3756 3195 3828 scriptum
3229 3768 3301 3814 est
3325 3801 3340 3828 ,
3375 3778 3397 3812 ‹
3438 3760 3538 3826 Qui
3567 3764 3807 3841 jttngilttr

2220 3846 2536 3916 fornicariw,
2565 3865 2724 3903 unum
2747 3865 2930 3921 corpus
2963 3858 3033 3906 est
3060 3847 3080 3924 (
3095 3846 3117 3907 Ι
3134 3847 3254 3909 Cor.
3277 3863 3360 3924 Vl,
3385 3854 3451 3912 16
3477 3858 3518 3928 ).
3550 3857 3653 3916 Ubi
3710 3877 3807 3918 ve-

2217 3944 2356 3990 stros
2386 3953 2527 3994 nunc
2555 3940 2805 3996 atrociter
2846 3944 3106 3999 accusasti
3131 3986 3146 4010 ,
3178 3947 3224 4001 si
3255 3946 3309 4002 in
3336 3964 3494 4004 causa
3532 3951 3802 4010 Maximia-

2219 4028 2461 4082 nensium
2504 4045 2611 4085 non
2650 4040 2935 4100 potuerunt
2978 4049 3193 4092 servare
3221 4042 3610 4110 constantiam,
3647 4061 3806 4103 exse-

2219 4121 2492 4178 crabiliter
2516 4123 2818 4180 damnando
2856 4128 3174 4199 sacrilegos,
3218 4131 3602 4191 honorabiliter
3639 4139 3804 4194 susci-

2218 4213 2414 4284 piendo
2441 4215 2739 4272 damnatos.
2767 4217 2899 4274 Illud
2923 4219 3065 4274 enim
3096 4221 3162 4277 de
3187 4222 3551 4282 Orientalibus
3589 4230 3805 4286 omnino

2217 4323 2323 4363 non
2354 4310 2582 4378 probas;
2613 4309 2716 4366 hoc
2743 4310 2812 4367 de
2838 4313 3028 4370 vestris
3051 4314 3204 4372 audis
3233 4325 3287 4371 et
3315 4317 3448 4390 legis
3469 4361 3483 4384 ,
3513 4328 3569 4376 ct
3591 4322 3797 4390 cernis,

2215 4409 2272 4455 et
2293 4400 2518 4471 judicas.

2286 4490 2513 4546 CAPUT
2538 4491 2699 4546 XLV.
2722 4495 2902 4550 —55.
2940 4495 3104 4552 Jubes
3143 4513 3233 4553 me
3275 4499 3581 4571 relinquere
3620 4503 3803 4562 Eccle-

2215 4582 2347 4637 siam
2375 4583 2710 4651 traditorum,
2737 4601 2872 4657 quos
2897 4603 2996 4644 nec
3019 4605 3116 4644 vos
3141 4591 3278 4661 apud
3306 4608 3425 4659 nos,
3450 4611 3551 4651 nec
3573 4599 3804 4669 majores

2214 4677 2376 4731 vestri
2403 4677 2541 4746 apud
2572 4679 2801 4748 majores
2839 4690 3054 4736 nostros
3074 4725 3088 4750 ,
3118 4685 3434 4742 convincere
3473 4703 3537 4743 ac
3575 4689 3802 4745 demon-

2215 4776 2385 4822 strare
2407 4775 2723 4837 potuerunt:
2749 4787 2885 4841 quos
2909 4789 3049 4828 nunc
3073 4775 3116 4828 si
3144 4775 3593 4847 demonstrasscs,
3617 4797 3803 4838 eorum

2212 4859 2414 4913 facinus
2454 4861 2760 4932 crimenque
2806 4863 3152 4931 damnarem;
3196 4884 3300 4923 non
3343 4880 3562 4940 propter
3601 4888 3692 4930 eos
3723 4883 3804 4931 tot

2211 4950 2447 5020 gentium
2470 4991 2485 5015 ,
2527 4952 2718 5020 quibus
2745 4953 2907 5024 ignoti
2940 4964 3098 5023 sunt,
3127 4959 3444 5016 catholicam
3485 4965 3802 5023 societatem

2210 5041 2536 5097 desererem.
2565 5043 2670 5098 Sed
2697 5044 2817 5100 vide
2838 5062 2940 5116 qua
2969 5051 3392 5108 consideratione
3415 5056 3556 5111 nolis
3578 5058 3630 5112 in
3651 5073 3803 5114 com-

2210 5134 2464 5189 munione
2489 5145 2672 5190 nostra
2701 5152 2884 5192 eorum
2925 5151 3256 5199 mortuorum
3288 5149 3600 5204 memoriam
3644 5153 3798 5220 ficri,

2210 5243 2435 5298 quorum
2461 5229 2598 5285 facta
2627 5247 2734 5288 non
2761 5233 3029 5304 novimus,
3058 5253 3282 5307 quorum
3310 5241 3466 5295 etiam
3496 5243 3687 5298 bonam
3716 5247 3802 5300 in-

2209 5328 2291 5374 ter
2328 5334 2452 5375 suos
2490 5321 2682 5377 famam
2721 5326 3048 5394 posteritatis
3089 5331 3426 5386 successione
3467 5333 3797 5390 didicimus:

2207 5426 2325 5466 cum
2374 5413 2426 5468 in
2477 5424 2650 5472 vestra
2694 5419 3069 5475 communione
3113 5422 3228 5478 sine
3272 5423 3378 5477 ulla
3412 5424 3800 5496 degradatione

2205 5503 2415 5569 vivant,
2463 5519 2686 5574 quorum
2732 5509 2870 5564 mala
2920 5510 3189 5578 sensistis,
3238 5528 3461 5584 quorum
3513 5517 3798 5588 sacrilegia

2204 5595 2615 5651 condemnastis.

2276 5687 2363 5742 54.
2397 5687 2575 5744 Audes
2597 5691 2723 5746 mihi
2744 5692 2943 5761 dicere,
2972 5665 3132 5751 homo
3155 5697 3402 5766 prudens,
3433 5698 3534 5754 Ille
3561 5703 3642 5773 qui
3673 5712 3797 5757 tra—

2265 5819 2280 5849 ¹
2305 5819 2500 5886 Quidam
2525 5829 2625 5886 Mss.
2655 5837 2757 5884 pro,
2804 5824 3075 5886 hmreticis,
3100 5827 3299 5885 habent,
3341 5827 3572 5881 heretici.
3593 5838 3796 5884 Utrum-

2197 5892 2297 5944 que
2315 5879 2505 5931 videtur
2529 5879 2680 5949 hicait
2710 5879 2967 5942 sententia
2990 5879 3319 5954 integritatem
