4010 6476
175 398 284 463 δτι

180 520 350 585 didit,
387 524 438 573 te
462 513 686 583 creavit;
719 515 965 574 nesciens
992 513 1141 573 illum
1180 528 1300 573 esse
1339 523 1634 572 creatorem
1677 527 1778 569 no-

181 620 352 665 strum
384 610 440 665 in
470 624 539 665 eo
562 607 703 679 quod
729 609 1003 665 christiani
1034 624 1219 666 sumus
1242 652 1257 677 ,
1302 608 1396 680 qui
1444 616 1527 663 est
1570 614 1780 661 creator

187 712 377 760 noster
398 704 454 759 in
477 718 544 758 eo
563 702 705 774 quod
736 702 978 759 homines
999 717 1182 759 sumus
1204 722 1217 758 :
1242 700 1481 774 quamvis
1507 716 1606 755 nec
1627 699 1776 755 illum

181 813 342 869 quem
371 808 534 868 putas
559 807 854 855 creatorem
884 814 1059 854 meum
1084 841 1097 867 ,
1126 799 1191 854 de
1217 798 1502 854 traditione
1527 797 1775 853 convice-

188 893 284 946 ris.
321 891 437 962 Ego
462 901 641 946 autem
672 906 779 947 non
807 892 1042 963 rependo
1071 892 1166 947 tibi
1197 891 1335 946 hanc
1366 889 1641 961 injuriam;
1676 902 1776 944 nec

183 993 371 1049 tuum,
422 997 524 1039 nec
567 982 834 1051 filiorum,
874 984 955 1038 vel
1000 993 1280 1055 nepotum,
1308 990 1398 1038 aut
1425 990 1775 1053 pronepotum

183 1089 403 1133 tuorum
430 1119 446 1145 ,
477 1077 524 1133 si
554 1077 607 1132 in
638 1086 789 1149 parte
815 1078 1003 1133 Donati
1036 1077 1269 1143 fuerint,
1300 1075 1627 1132 Felicianum
1655 1074 1775 1129 dico

180 1182 508 1228 creatorem.
558 1171 821 1238 Tantum,
872 1173 993 1243 quia
1046 1172 1349 1243 permittis,
1397 1171 1657 1226 admoneo
1707 1183 1776 1224 ne

180 1274 395 1319 creator
425 1273 551 1319 tuus
580 1274 699 1335 post
726 1279 919 1319 nomen
954 1264 1183 1319 hominis
1214 1263 1375 1334 impia
1398 1263 1629 1318 vanitate
1657 1276 1777 1315 cur-

179 1364 393 1413 rentem
420 1358 438 1388 ¹
468 1364 521 1411 te
546 1356 777 1411 inveniat
804 1355 1155 1412 desertorem.
1181 1356 1383 1412 Deinde
1425 1355 1777 1427 plausibiliter

183 1449 275 1505 tibi
306 1449 509 1504 videris
538 1448 828 1520 adjungere
853 1466 865 1503 :
895 1449 937 1502 A
968 1454 1106 1521 fonte
1134 1450 1397 1505 deducitur
1416 1451 1572 1517 rivus,
1604 1458 1654 1503 et
1679 1466 1771 1503 ca-

182 1550 267 1611 put
314 1540 542 1595 membra
584 1552 901 1610 sequuntur:
930 1558 1054 1595 sano
1088 1542 1252 1612 capite
1296 1558 1443 1597 omne
1486 1558 1662 1596 sanum
1704 1548 1775 1596 est

182 1647 401 1703 corpus;
423 1632 531 1687 etsi
557 1631 756 1703 quid‘in
780 1632 873 1686 hoc
898 1633 1058 1686 morbi
1082 1633 1158 1687 vel
1176 1633 1281 1687 vitii
1308 1640 1401 1700 est,
1427 1633 1597 1686 omnia
1618 1648 1777 1685 mem-

184 1723 270 1777 bra
307 1724 641 1777 debilitantur
669 1738 688 1777 :
716 1723 962 1794 originem
991 1741 1135 1779 suam
1174 1724 1407 1792 respicit,
1442 1723 1686 1794 quidquid
1723 1724 1777 1777 in

184 1814 343 1885 stirpe
374 1815 617 1884 processit
646 1830 787 1868 :non
833 1824 993 1885 potest
1035 1816 1272 1870 innocens
1308 1832 1444 1880 esse,
1477 1816 1560 1885 qui
1592 1822 1777 1868 sectam

186 1925 283 1961 non
327 1909 555 1978 sequitur
592 1909 905 1974 innocentis;
936 1927 1047 1963 cum
1092 1912 1370 1980 prtesertim
1408 1909 1649 1979 scriptum
1675 1910 1774 1977 sit,

191 2020 209 2052 α
238 1997 305 2052 1η
328 1999 577 2069 legalibus
595 2009 794 2069 patrum
811 2009 1083 2055 vestrorum
1102 2019 1161 2055 ne
1181 2000 1550 2055 ambulaveritis
1564 1998 1773 2072 (Ezech.

190 2107 256 2145 xx
283 2132 299 2155 ,
342 2090 413 2146 18
435 2093 474 2160 ).
502 2090 559 2145 1η
590 2090 673 2145 his
698 2092 943 2147 omnibus
973 2092 1147 2150 verbis
1181 2093 1282 2151 tuis
1308 2092 1495 2152 omitto
1522 2106 1641 2167 quia
1669 2105 1774 2151 non

186 2191 268 2237 est
292 2182 473 2237 simile
499 2181 640 2259 quod
662 2182 734 2244 de
761 2182 995 2245 humano
1018 2200 1246 2259 corpore
1270 2188 1608 2258 comparasti.
1634 2186 1776 2242 Fieri

184 2287 329 2340 enim
355 2291 533 2354 potest
564 2290 622 2338 ut
647 2292 699 2339 et
726 2298 820 2354 pes
844 2283 1021 2339 doleat
1046 2284 1217 2354 capite
1238 2298 1388 2347 sano,
1413 2291 1464 2337 et
1489 2282 1624 2352 pede
1646 2294 1778 2337 sano

183 2386 359 2447 caput.
395 2376 599 2431 Omitto
629 2377 811 2445 etiam,
845 2378 991 2448 quod
1024 2378 1115 2433 tibi
1144 2377 1426 2445 exciderit,
1460 2376 1586 2447 quid
1617 2376 1776 2447 paulo

184 2476 305 2523 ante
331 2468 535 2522 dixeris
561 2470 604 2532 ’,
635 2466 749 2521 Hoc
772 2476 817 2521 et
847 2486 936 2523 nos
966 2469 1195 2522 volumus
1219 2510 1233 2533 ,
1266 2469 1359 2522 ItOC
1388 2468 1655 2522 suademus
1674 2510 1689 2535 ,
1722 2475 1777 2522 ut

186 2558 415 2613 Christus
456 2559 722 2613 christiani
764 2560 828 2613 sit
872 2568 1023 2629 caput
1058 2576 1075 2613 :
1105 2560 1191 2629 qui
1223 2575 1364 2615 nunc
1396 2562 1576 2620 nescio
1616 2575 1775 2631 quem

186 2649 499 2705 traditorem
544 2652 625 2705 vis
663 2658 823 2721 caput
853 2666 975 2705 esse
1019 2651 1317 2720 ignotarum
1358 2652 1594 2721 gentium
1634 2651 1777 2707 chri-

186 2744 502 2811 Stianarum,
527 2743 615 2798 ubi
641 2743 822 2799 datum
848 2752 903 2799 et
927 2753 1201 2813 acceptum
1230 2742 1425 2798 Christi
1448 2744 1777 2814 Baptismum

187 2851 289 2890 non
316 2836 483 2890 vultis
511 2850 802 2906 agnoscere
826 2878 840 2902 ,
876 2845 1125 2906 tanquam
1170 2835 1421 2905 baptizati
1468 2836 1679 2891 nonnisi
1708 2834 1778 2891 ab

186 2927 276 2982 illo
297 2927 559 2983 traditore
586 2929 751 2983 creati
780 2929 905 2982 sint.
929 2928 1133 2983 Omitto
1163 2939 1215 2983 et
1249 2928 1375 2983 illud
1405 2939 1661 2999 quantum
1688 2944 1777 2985 me

187 3018 418 3088 adjuvet,
441 3018 585 3090 quod
606 3019 675 3075 de
700 3019 977 3090 Scriptura
1002 3020 1361 3075 testimonium
1388 3020 1502 3091 ipse
1528 3020 1774 3091 posuisti,

189 3108 385 3166 dictum
417 3126 540 3167 esse
568 3110 787 3178 Iudaeis,
818 3112 885 3165 In
912 3112 1153 3184 legalibus
1178 3121 1379 3183 patrum
1408 3122 1689 3167 vestrorum
1714 3128 1779 3168 ne

189 3202 566 3258 ambulaveritis
592 3219 751 3259 :cum
773 3203 876 3259 hoc
906 3205 1087 3276 utique
1111 3215 1437 3276 praeceptum
1456 3208 1778 3277 quicumque

189 3301 315 3349 tunc
343 3294 637 3351 observare
682 3295 996 3362 voluerunt,
1032 3297 1167 3351 sicut
1198 3297 1471 3368 prOphetze
1512 3297 1682 3353 sancti
1722 3305 1779 3354 et

185 3392 399 3455 septem
429 3386 593 3441 millia
620 3387 858 3442 virorum
882 3430 897 3455 ,
930 3388 1018 3458 qui
1066 3403 1171 3443 non
1202 3398 1563 3443 curvaverant
1605 3403 1776 3461 genua

183 3482 316 3529 ante
342 3474 491 3540 Baal,
523 3490 551 3529 a
578 3479 766 3548 populo
798 3487 973 3533 tamen
1003 3493 1101 3534 suo
1143 3488 1198 3535 et
1225 3495 1256 3534 a
1285 3481 1657 3535 communibus
1686 3496 1775 3537 sa-

186 3568 484 3622 cramentis
516 3582 617 3622 non
640 3583 698 3625 se
720 3569 1036 3625 diviserunt.
1060 3571 1170 3625 Hoc
1194 3570 1336 3639 dico,
1364 3573 1465 3627 hoc
1485 3573 1615 3628 velis
1637 3573 1777 3630 nolis

187 3659 485 3729 repetendo
503 3702 518 3727 ,
547 3662 834 3732 quamlibet
872 3664 967 3718 tibi
997 3663 1180 3719 videar
1204 3664 1461 3721 molestus
1482 3708 1495 3732 ,
1525 3666 1734 3723 inculco
1759 3684 1773 3722 :

191 3748 306 3805 Noli
334 3750 686 3807 Caecilianum
708 3754 862 3809 toties
894 3753 1196 3809 absolutum
1218 3763 1375 3826 caput
1394 3754 1570 3811 facere
1595 3764 1778 3826 poste-

189 3844 259 3897 ris
302 3843 461 3899 nobis
486 3844 543 3910 ³;
588 3860 710 3901 cum
746 3862 845 3918 ego
884 3855 939 3903 et
980 3847 1307 3903 Primianum
1335 3864 1366 3903 a
1392 3848 1694 3916 Feliciano,
1724 3859 1779 3905 et

190 3935 515 3993 Felicianum
543 3954 572 3993 a
601 3939 871 3996 Primiano
893 3940 1224 4008 damnatum,
1250 3957 1355 3997 non
1378 3950 1556 3997 tamen
1586 3941 1777 3998 faciam

191 4040 345 4101 caput
372 4032 605 4101 posteris
628 4032 841 4088 vestris.

255 4122 490 4179 CAPUT
520 4123 705 4178 XLVI.
730 4125 910 4181 —-55.
955 4126 1073 4180 iam
1115 4140 1243 4181 vero
1283 4124 1351 4181 de
1393 4126 1780 4197 persecutionis

191 4215 387 4271 invidia
410 4258 427 4284 ,
454 4232 614 4287 quam
645 4233 675 4273 a
706 4218 932 4274 terrenis
964 4219 1316 4289 potestatibus
1359 4233 1453 4274 vos
1494 4234 1591 4289 pro
1632 4228 1781 4289 parte

192 4305 382 4362 Donati
401 4310 603 4378 perpeti
620 4310 942 4380 gloriamini,
961 4311 1207 4381 quamvis
1233 4311 1287 4364 in
1315 4310 1406 4365 illo
1436 4312 1593 4365 trium
1618 4311 1784 4367 libro-

193 4414 307 4455 rum
336 4416 504 4471 opere
533 4404 663 4458 satis
693 4403 785 4460 tibi
813 4403 1130 4475 abundeque
1158 4404 1527 4474 reSponderim
1550 4446 1565 4470 ,
1608 4420 1782 4475 neque

194 4504 332 4547 nunc
360 4492 454 4546 tibi
479 4494 685 4561 tacebo,
707 4494 848 4565 quod
878 4510 941 4549 ex
973 4494 1073 4549 hac
1098 4510 1257 4549 causa
1283 4495 1781 4551 Maximianensium

197 4580 430 4639 breviter
458 4584 771 4654 responderi
808 4594 981 4655 potest
1005 4603 1017 4639 :
1050 4602 1170 4640 nam
1198 4587 1346 4656 quasi
1376 4596 1658 4657 prOpterea
1688 4602 1783 4643 vos

198 4674 463 4745 imperitis
491 4686 651 4747 atque
683 4676 1106 4748 imprudentibus
1134 4679 1345 4749 populis
1373 4678 1780 4735 commendatis.

197 4766 283 4823 Sic
310 4769 456 4823 enim
487 4784 547 4824 se
572 4769 922 4825 Maximianus
949 4771 1093 4841 ipse,
1122 4771 1200 4825 sic
1228 4771 1343 4841 ejus
1373 4772 1534 4839 socii,
1568 4773 1655 4841 qui
1684 4787 1786 4828 nec

195 4862 656 4932 persecutionibus
694 4870 997 4918 vestrorum
1033 4872 1091 4917 ut
1132 4862 1199 4918 ad
1228 4877 1415 4919 eorum
1445 4865 1785 4919 communio-

199 4970 322 5011 nem
350 4954 613 5023 redirent,
642 4956 834 5012 cedere
862 4955 1212 5027 potuerunt‘,
1242 4958 1391 5011 vanis
1420 4958 1787 5029 imperitisque

198 5046 595 5102 commendant.
620 5047 726 5103 Sed
746 5049 837 5119 qui
866 5049 1043 5104 sobrie
1071 5048 1325 5119 cogitant,
1355 5063 1539 5103 eorum
1569 5049 1659 5120 qui
1689 5049 1787 5106 ali-

199 5155 357 5211 quam
402 5142 702 5197 molestiam
743 5142 1035 5213 patiuntur,
1076 5157 1183 5197 non
1225 5157 1410 5213 ptenas
1454 5142 1784 5201 considerari

197 5242 472 5304 Oportere.
502 5233 598 5290 sed
628 5249 846 5304 causas;
876 5235 1178 5306 intelligunt
1201 5249 1295 5289 eos
1323 5249 1419 5305 pro
1445 5235 1667 5291 crimine
1697 5250 1785 5290 sa-

197 5328 378 5400 crilegi
423 5328 754 5396 scbismatis,
803 5329 855 5384 in
903 5344 1008 5399 quo
1054 5343 1083 5383 a
1128 5328 1280 5383 vobis
1325 5329 1515 5383 merito
1540 5328 1787 5400 justeque

199 5418 439 5476 damnati
467 5429 623 5488 sunt,
653 5422 1043 5477 commotiones
1067 5421 1228 5476 etiam
1265 5420 1587 5491 judiciorum
1616 5435 1787 5475 smcu-

203 5512 392 5571 larium
422 5516 619 5571 merito
640 5516 889 5588 justeque
928 5530 1229 5587 perpessos.
1258 5514 1439 5585 Neque
1474 5513 1615 5569 enim
1657 5512 1789 5569 illud

266 5676 282 5740 2
306 5676 447 5736 mliti,
474 5675 734 5728 currentis.
754 5664 921 5740 Aptius
943 5684 1067 5735 Mss,
1091 5679 1379 5740 currentem.

264 5739 385 5805 ira,
582 5746 699 5805 Ven,
726 5733 855 5799 min,
880 5741 1007 5805 quod
1194 5743 1302 5786 ante
1339 5733 1542 5805 dixeris:
1605 5741 1663 5805 M.

209 5799 709 5912 w‘ﬁditiﬂposteris
771 5799 961 5852 nostris.
1020 5799 1191 5850 Melius
1233 5805 1373 5861 Mss,
1440 5799 1641 5861 posteris
1704 5806 1789 5848 νιος

271 5898 293 5958 ἶ
313 5925 422 5979 sola
441 5926 595 5979 editio
614 5932 745 5995 Lov.,
768 5923 1028 5979 voluerunt.

1531 394 1731 455 LIBER
1768 390 2106 465 QUARTUS.

3354 406 3460 465 578

1886 525 2268 583 commemoro,
2292 516 2507 587 quodin
2531 523 2616 574 tua
2638 516 2862 590 epistola
2880 518 3124 590 posuisti,
3142 520 3279 591 quod
3299 520 3467 577 Maxi-

1887 606 2042 661 miani
2066 624 2165 662 non
2196 610 2452 666 basilicam
2472 654 2487 681 ,
2525 614 2615 668 sed
2640 615 2951 685 speluncam,
2974 631 3073 669 non
3103 613 3343 685 Optatus,
3378 617 3467 671 sed

1886 700 2103 769 populus
2131 703 2323 757 evertit.
2351 703 2664 776 Quanquam
2707 708 2865 761 etiam
2898 707 3006 762 illic
3027 750 3041 775 ,
3072 709 3172 763 etsi
3200 708 3466 766 incertum

1882 800 1965 845 est
1990 802 2195 847 vestros
2226 794 2448 864 fecisse,
2481 807 2685 853 certum
2726 810 2808 855 est
2853 809 3027 856 tamen
3061 801 3209 855 illum
3250 815 3465 871 passum

1880 882 2042 939 fuisse
2086 888 2510 956 persecutionem
2536 906 2550 956 ;
2580 906 2679 946 nec
2723 899 2896 946 tamen
2936 892 3135 961 justum
3177 907 3334 959 esse,
3369 891 3466 949 sed

1882 977 2119 1047 impium.
2145 978 2297 1035 Unde
2317 982 2425 1052 jam
2454 985 2659 1054 cogeris
2688 985 2950 1051 confiteri,
2981 1000 3087 1040 non
3114 985 3310 1041 debere
3335 984 3465 1055 quid

1881 1070 2106 1143 quisque
2134 1073 2384 1143 patiatur,
2418 1075 2511 1131 sed
2543 1093 2707 1146 quare
2731 1078 2960 1146 patiatur
2988 1078 3209 1133 attendi.

1953 1164 2039 1219 56.
2068 1164 2170 1220 Sed
2201 1167 2326 1221 mihi
2363 1184 2545 1238 parum
2589 1179 2702 1237 est,
2746 1172 2847 1225 hoc
2881 1169 3183 1225 Maximiani
3219 1171 3466 1240 exemplo

1881 1254 2093 1310 interim
2128 1256 2533 1324 demonstrare,
2576 1274 2679 1315 non
2728 1261 2981 1315 continuo
3005 1260 3206 1331 justum
3230 1274 3349 1317 esse
3377 1259 3467 1331 qui

1880 1348 2098 1403 obtento
2129 1358 2287 1419 atque
2312 1351 2629 1407 adumbrato
2652 1353 2847 1408 Christi
2878 1354 3093 1410 nomine
3119 1354 3317 1425 patitur
3344 1369 3468 1425 per-

1880 1441 2231 1510 secutionem,
2264 1444 2475 1514 quando
2500 1454 2553 1501 et
2578 1444 2929 1501 Maximianus
2961 1448 3247 1518 sacrilegus
3276 1460 3466 1518 passus

1880 1539 1993 1597 est;
2028 1533 2129 1587 nisi
2160 1542 2211 1588 te
2237 1550 2422 1605 cogam
2450 1536 2621 1603 lateri,
2648 1537 2789 1608 quod
2819 1546 2873 1593 et
2892 1539 3125 1609 religiosi
3154 1539 3462 1609 sacrilegos,

1881 1631 1934 1677 et
1956 1622 2083 1693 justi
2116 1628 2306 1695 impios
2334 1640 2751 1699 persequuntur,
2786 1645 2898 1685 non
2930 1646 3057 1685 sane
3089 1631 3314 1686 nocendi
3351 1638 3465 1686 stu-

1880 1712 1989 1780 dio,
2020 1715 2111 1770 sed
2141 1718 2455 1775 necessitate
2482 1720 2657 1790 potius
2683 1721 3014 1777 consulendi.
3042 1721 3153 1778 Nec
3183 1722 3249 1777 de
3270 1722 3465 1780 Vetere

1880 1803 2221 1862 Testamento
2243 1810 2459 1878 profero
2487 1813 2729 1883 exempla
2756 1831 2768 1865 :
2798 1814 3039 1883 quamvis
3067 1824 3119 1869 te
3144 1814 3304 1870 etiam
3336 1829 3466 1885 pro-

1880 1897 2106 1968 phcticis
2136 1904 2399 1973 exemplis
2430 1904 2607 1960 doceri
2636 1908 2772 1962 velle
2798 1908 2978 1964 dixisti
3005 1910 3042 1963 ⁸.
3071 1909 3158 1965 Illa
3179 1952 3193 1977 ,
3227 1910 3463 1981 inquam,

1881 1988 2040 2045 nimis
2065 1993 2275 2063 antiqua
2302 2009 2405 2049 non
2439 1996 2650 2065 profero
2678 2018 2690 2053 :
2716 2000 2925 2055 fuerunt
2943 2002 3084 2055 enim
3113 2002 3328 2056 alterius
3354 2003 3465 2057 dis-

1880 2082 2214 2151 pensationis
2263 2094 2316 2139 et
2345 2089 2619 2157 temporis.
2648 2089 2763 2144 Jam
2799 2101 2917 2160 post
2958 2094 3245 2147 revelatam
3285 2102 3339 2149 et
3367 2109 3467 2164 op-

1879 2189 2113 2251 portuno
2177 2185 2419 2255 tempore
2479 2183 2905 2239 commendatam
2966 2186 3467 2256 mansuetudinem,

1881 2273 2117 2345 episcopi
2138 2278 2322 2345 vestri,
2352 2279 2493 2348 quod
2514 2280 2725 2350 quidem
2752 2291 2851 2337 nos
2870 2291 2974 2337 non
3002 2277 3227 2333 dicimus
3241 2277 3468 2349 justum.

1881 2364 1976 2419 sed
2006 2366 2261 2435 quamdiu
2292 2369 2362 2423 ibi
2392 2385 2473 2437 es,
2502 2380 2558 2426 et
2584 2372 2742 2427 talem
2776 2388 2992 2429 causam
3020 2368 3282 2442 defendis,
3306 2378 3361 2424 tu
3381 2369 3469 2427 di-

1880 2471 2004 2511 cere
2032 2459 2273 2527 cogeris;
2306 2462 2538 2533 episcopi
2563 2502 2578 2529 ,
2614 2463 2860 2534 inquam,
2889 2466 3052 2521 vestri
3091 2476 3296 2524 vestros
3323 2466 3470 2523 schi-

1881 2553 2137 2608 smaticos
2169 2556 2428 2624 persecuti
2458 2566 2601 2611 sunt.

1952 2644 2180 2701 CAPUT
2208 2645 2412 2700 XLVII.
2438 2679 2507 2686 ——
2527 2649 2615 2703 5'7.
2645 2648 2760 2704 Jam
2795 2650 2971 2721 itaque
2997 2667 3101 2707 non
3144 2652 3261 2707 dico
3281 2694 3295 2719 ,
3337 2650 3468 2707 Per-

1883 2738 2217 2791 secutioncm
2255 2753 2440 2806 passus
2486 2749 2569 2794 est
2612 2740 2998 2809 Maximianus,
3038 2742 3162 2799 fecit
3204 2742 3467 2814 Optatus:

1881 2830 2137 2899 quoniam
2172 2830 2273 2887 hoc
2298 2847 2394 2887 vos
2442 2833 2686 2903 ignorare
2728 2835 3053 2905 reSpondes,
3086 2845 3141 2891 et
3167 2836 3237 2890 ita
3268 2835 3389 2891 fecit
3413 2843 3473 2892 ut

1883 2920 2009 2977 hinc
2036 2923 2178 2977 nulla
2216 2926 2418 2995 possim
2444 2937 2592 2998 gesta
2632 2929 2893 2995 recitare;
2920 2944 3225 3000 quanquam
3264 2929 3319 2983 in
3364 2937 3473 2984 tam

1883 3017 2085 3072 recenti
2118 3020 2373 3073 memoria
2415 3021 2663 3076 civitates
2690 3022 2819 3091 ipsa:
2849 3022 2893 3076 si
2933 3022 3344 3093 interrogentur,
3372 3036 3473 3076 ne-

1882 3124 2009 3179 gare
2057 3126 2161 3165 non
2212 3122 2454 3181 possunt.
2500 3114 2611 3169 Hoc
2656 3130 2785 3184 ergo
2829 3130 2934 3170 non
2971 3114 3135 3171 dico:
3168 3116 3261 3170 sed
3310 3114 3471 3181 dico,

1883 3201 2319 3261 Pcrsecutionem
2353 3220 2541 3275 passus
2573 3215 2656 3263 est
2678 3207 3026 3262 Maximianus
3046 3250 3059 3273 ,
3088 3207 3214 3263 fecit
3243 3208 3472 3262 Primia-

1884 3310 2004 3351 nus.
2040 3297 2103 3350 Et
2134 3298 2299 3351 recito
2327 3308 2475 3368 gesta
2507 3299 2701 3368 quibus
2726 3299 3004 3353 ostendam
3032 3298 3246 3353 domum
3266 3338 3280 3363 ,
3312 3311 3472 3367 quam

1886 3389 2238 3445 Maximianus
2270 3391 2537 3461 propriam
2563 3390 2901 3455 defendebat,
2930 3392 3254 3447 Primianum
3278 3406 3474 3462 procu-

1882 3482 2091 3537 ratione
2130 3482 2415 3549 mandata,
2462 3483 2793 3539 exorcisterii
2838 3483 3181 3537 ecclesiastici
3219 3482 3472 3550 nomine,

1884 3572 2095 3630 favente
2128 3575 2228 3629 sibi
2254 3574 2531 3630 sacerdote
2568 3575 2742 3645 legato
2764 3575 2862 3646 (a),
2896 3574 3035 3644 quod
3076 3576 3187 3643 ipsa
3216 3583 3362 3644 gesta
3394 3574 3476 3629 in-

1883 3667 2079 3732 dicant,
2101 3666 2407 3725 abstulisse.
2426 3667 2527 3722 Sed
2541 3667 2761 3737 justitite
2784 3679 2887 3720 non
2910 3666 3090 3735 gratiae
3108 3665 3263 3719 fuerit
3278 3663 3467 3733 judex,

1890 3775 1996 3814 non
2040 3758 2255 3821 abnuo,
2299 3774 2403 3812 non
2451 3758 2653 3811 refello.
2683 3760 2791 3811 Cur
2835 3772 2963 3825 ergo
3004 3756 3299 3810 Primiauus
3333 3754 3473 3824 apud

1885 3861 2003 3906 acta
2053 3851 2396 3919 magistratus
2441 3848 2874 3918 Cartltagincnsis
2920 3849 3056 3901 inter
3100 3848 3199 3901 alia
3243 3862 3361 3916 qua:
3404 3845 3473 3902 de

1884 3942 2038 3997 nobis
2067 3941 2453 3995 contumeliose
2498 3938 2863 4010 prosequenda
2895 3938 3182 4002 mandavit,
3214 3936 3304 3991 Illi
3328 3978 3342 4002 ,
3383 3936 3469 3991 in-

1884 4036 2033 4106 quit,
2062 4032 2297 4101 auferunt
2324 4032 2489 4084 aliena
2509 4072 2522 4096 ,
2569 4047 2660 4085 nos
2701 4030 3073 4083 iulermittimus
3114 4030 3283 4082 ablata
3301 4044 3319 4093 ;
3348 4042 3472 4084 cum

1884 4128 2000 4200 ipse
2042 4125 2350 4183 abstulisset
2392 4125 2601 4191 aliena,
2631 4124 2675 4178 si
2702 4122 3002 4177 Maximiani
3029 4130 3145 4177 erat
3172 4121 3394 4187 domus;
3424 4121 3475 4177 si

1887 4229 2067 4276 autem
2093 4219 2443 4275 Maximianus
2473 4232 2589 4272 eam
2632 4217 2807 4286 potius
2833 4222 3211 4284 usurpaverat,
3248 4229 3354 4267 non
3387 4213 3472 4267 in—

1888 4313 2205 4367 termisisset
2245 4310 2457 4365 ablata?
2482 4308 2589 4364 Sed
2614 4308 2658 4363 si
2689 4323 2862 4377 neque
2903 4307 3003 4360 hoc
3043 4306 3108 4359 ad
3140 4304 3474 4375 persecutio-

1886 4421 2009 4460 nem
2040 4404 2121 4460 vis
2146 4404 2413 4474 pertinuere
2438 4418 2452 4468 ;
2480 4400 2601 4455 dico
2628 4400 2909 4470 episcopos
2935 4405 3142 4452 vestros
3163 4406 3219 4452 et
3249 4396 3476 4452 clericos

1886 4484 2094 4553 vestros
2128 4493 2666 4559 Maximianensibus,
2698 4494 2750 4545 in
2773 4492 2851 4545 eis
2881 4490 3095 4545 sedibus
3134 4489 3476 4543 manentibus

1888 4592 1942 4647 in
1972 4592 2163 4662 quibus
2189 4589 2482 4659 antiquitus
2513 4587 2721 4641 fuerant
2758 4584 3024 4650 ordinati,
3055 4582 3245 4639 fecisse
3286 4596 3474 4654 perse-

1887 4686 2146 4749 cutiones,
2170 4682 2309 4753 apud
2337 4678 2683 4751 proconsules
2704 4690 3005 4741 accusasse,
3028 4676 3343 4745 impetrasse
3354 4674 3475 4744 jus-

1889 4780 2086 4843 siones,
2114 4775 2422 4845 eisdemque
2438 4771 2766 4843 jussionibus
2785 4768 3139 4840 exsequendis
3164 4768 3473 4823 Officiorum

1890 4870 2217 4936 instantiam,
2250 4876 2305 4923 et
2333 4867 2604 4921 civitatum
2632 4863 2827 4919 auxilia
2860 4864 3120 4918 meruisse
3145 4903 3159 4928 ,
3197 4869 3256 4917 ut
3282 4862 3355 4915 illi
3382 4860 3474 4930 qui

1885 4965 1995 5035 jam
2024 4962 2230 5017 fuerant
2259 4958 2562 5031 Bagaiensis
2592 4958 2869 5013 sententia:
2899 4956 3182 5013 severitate
3202 4953 3471 5020 damnati,

1891 5062 1945 5111 et
1992 5070 2021 5108 a
2069 5062 2259 5108 vestrae
2306 5050 2696 5106 communionis
2730 5065 2987 5121 corpore,
3035 5064 3102 5103 ne
3145 5063 3240 5117 per
3284 5056 3475 5102 cuncta

1890 5146 2131 5203 membra
2163 5144 2418 5214 pestilens
2446 5143 2595 5198 virus
2625 5142 2914 5213 irreperet,
2956 5138 3336 5209 compendioso
3373 5137 3475 5190 do-

1895 5239 2005 5292 lore
2035 5236 2264 5305 praecisi,
2289 5244 2343 5291 et
2368 5236 2575 5291 nullum
2599 5234 2708 5303 jam
2732 5233 2881 5288 vobis
2908 5232 3159 5286 facientes
3187 5244 3297 5283 sum
3326 5243 3477 5283 com-

1892 5333 2158 5389 munionis
2176 5330 2414 5386 morbida
2432 5328 2747 5399 contagione
2764 5324 3075 5395 periculum,
3098 5336 3218 5376 cum
3235 5321 3478 5390 prmcisis

1894 5428 2095 5499 pariter
2120 5424 2366 5495 plebibus
2393 5424 2502 5477 suis
2527 5420 2737 5492 propria
2766 5414 3136 5472 conventicula
3170 5412 3480 5483 frequenta-

1895 5520 2043 5587 bant,
2074 5519 2187 5574 loca
2210 5526 2264 5573 ct
2286 5516 2531 5572 basilicas
2556 5526 2689 5584 quas
2717 5526 2822 5565 non
2852 5510 3191 5571 invaserant,
3235 5520 3354 5560 cum
3388 5521 3483 5575 po-

1898 5611 2035 5686 pulis
2055 5612 2155 5668 sibi
2183 5608 2576 5667 coluerentibus
2613 5612 2865 5675 perpetua
2904 5600 3245 5673 possessione
3285 5599 3483 5657 retine-

1964 5795 1979 5824 ¹
2006 5794 2078 5841 sic
2099 5798 2205 5839 Mss.
2234 5796 2287 5837 Al.
2312 5788 2446 5845 editi,
2473 5784 2645 5835 docere
2668 5781 2752 5833 illa
2776 5778 2961 5832 dixisti.

1962 5854 2035 5918 (a)
2059 5862 2189 5901 tlunc
2203 5843 2525 5918 t.ovanierises
2545 5848 2592 5895 in
2612 5844 3003 5918 Annptationibus
3014 5843 3305 5918 ipsumesse
3323 5843 3487 5897 obsev-

1900 5910 2032 5979 γαίης
2058 5917 2139 5981 qui
2159 5925 2321 5976 supra,
2346 5926 2396 5961 ιι.
2422 5910 2471 5975 5,
2496 5917 2689 5960 vocatur
2714 5910 2905 5972 legatus
2925 5910 3235 5969 Carthaginis.
