4010 6472
1005 333 1011 338 .
1027 333 1106 351 ,ΗΑ

573 485 738 548 baut,
791 486 1117 540 terrerentur
1138 517 1154 545 ,
1201 478 1678 548 proturbat-eatur,
1720 476 2154 547 expellerentur,

573 577 872 636 retinentes
895 572 1299 630 exhiberentur.

643 667 869 726 CAPUT
907 664 1133 724 XLVIII.
1169 694 1236 706 —
1263 663 1354 720 58.
1401 662 1540 735 Lege
1574 677 1694 735 quin
1736 661 1806 720 de
1847 662 1952 717 illis
1977 661 2068 717 vel.
2106 661 2160 716 in

573 761 696 818 illos
721 758 990 817 advocatis
1016 755 1466 830 prosequentibus
1485 753 1628 810 dicta
1668 761 1792 812 sunt
1813 795 1830 822 ,
1869 768 1988 825 quae
2013 751 2162 822 obje—

577 863 662 912 cta
688 854 912 913 crimina
941 851 1230 923 sacrilegii,
1253 865 1362 922 quo
1387 850 1592 920 impetu
1609 847 1962 904 accusationis
1985 845 2165 901 conci-

572 959 696 1008 tam
739 956 865 1004 sunt
906 953 1218 1020 potestates.
1265 943 1458 1012 Quaere
1485 957 1602 1013 qua:
1631 939 1770 997 facta
1797 939 1940 996 sint‘
1983 936 2164 993 Salvio

573 1040 1012 1106 Membresitaoo,
1041 1037 1166 1109 quia
1191 1036 1242 1092 ei
1269 1051 1377 1092 non
1393 1034 1580 1106 potuit
1608 1033 1752 1088 illius
1776 1028 2164 1103 persecutionis

567 1132 1011 1206 eaagitationibus
1040 1129 1380 1200 extorqueri,
1413 1136 1474 1184 ut
1501 1126 1706 1184 rediret
1732 1123 1802 1180 ad
1833 1123 2162 1180 consortium

560 1225 840 1291 eriininis;
880 1224 1171 1295 maluitque
1186 1220 1590 1278 secommittcre
1617 1216 1876 1284 examini,
1903 1223 1956 1271 et
1976 1228 2160 1286 perse-

567 1318 844 1375 cutoribus
869 1317 982 1374 suis
1009 1317 1062 1372 in
1091 1312 1456 1386 proconsulari
1474 1311 1680 1383 judicio
1704 1308 2064 1381 respondere;
2097 1322 2162 1364 ea

565 1410 732 1467 credo
771 1408 960 1467 ﬁducia
979 1451 994 1476 ,
1033 1408 1178 1480 quod
1211 1408 1380 1465 sciret
1413 1405 1748 1462 adversarios
1790 1418 1918 1460 suos
1957 1402 2162 1474 legibus

569 1510 753 1560 contra
797 1501 1086 1558 haereticos.
1117 1499 1466 1571 promulgatis
1491 1498 1570 1554 uti
1591 1511 1696 1552 non
1727 1510 1884 1568 posse
1907 1494 2051 1566 apud
2070 1494 2160 1564 ju-

563 1592 768 1661 dicent,
799 1592 902 1649 nisi
935 1592 1097 1648 etiam
1135 1606 1196 1646 se
1230 1591 1378 1661 ipsos
1409 1589 1458 1644 ei
1499 1588 1699 1661 pariter
1736 1585 2024 1643 irretirent.
2055 1584 2161 1641 Sed

564 1686 758 1744 fefellit
779 1702 903 1744 eum
930 1686 1030 1742 ista
1057 1685 1344 1756 cogitatio:
1373 1682 1512 1754 apud
1543 1682 1808 1738 Seranum
1849 1680 1992 1736 enim
2036 1687 2161 1735 tunc

565 1778 941 1850 proconsulem
966 1777 1051 1832 vel
1093 1776 1263 1848 gratia
1303 1774 1422 1847 plus
1466 1774 1660 1839 valuit,
1691 1772 1776 1828 vel
1814 1771 1985 1842 magis
2023 1769 2159 1825 forte

564 1869 859 1942 Bagaiensc
885 1868 1192 1936 concilium,
1217 1865 1358 1939 quod
1387 1866 1496 1922 illic
1519 1865 1682 1921 etiam
1702 1872 1889 1919 contra
1909 1860 2158 1917 eumdem

561 1958 801 2018 Salvium
828 1961 1110 2017 recitatum
1144 1968 1248 2015 est.
1298 1957 1538 2025 Quadam
1581 1970 1711 2011 sane
1749 1952 2158 2010 interlocutione

563 2054 690 2124 quid
721 2069 816 2124 per
840 2069 900 2110 se
925 2061 1171 2123 ageretur
1194 2049 1462 2117 ostendit,
1493 2048 1547 2104 id
1571 2056 1687 2116 est,
1719 2057 1777 2103 ut
1804 2046 2037 2103 Salvium
2067 2055 2158 2103 aut

565 2143 735 2200 choro
759 2145 1133 2216 episcoporum
1159 2141 1555 2198 communionis
1583 2138 1846 2195 Primiani
1867 2136 2154 2206 redderet,

565 2243 660 2290 aut
702 2235 916 2307 fugaret
951 2250 980 2288 a
1026 2234 1278 2301 sedibus;
1325 2241 1385 2288 ut
1423 2231 1740 2298 Restitutus,
1771 2244 1930 2300 quem
1970 2237 2156 2286 contra

562 2342 688 2384 eum
719 2328 1019 2384 Primianus
1039 2328 1400 2393 ordinaverat,
1426 2324 1542 2380 loca
1570 2323 1747 2380 omnia
1768 2337 1888 2394 quae
1911 2337 1944 2378 a
1967 2321 2154 2378 Salvio

561 2420 916 2488 tenebantur,
942 2422 1058 2476 sine
1086 2418 1391 2476 adversario
1424 2415 1726 2488 possideret
1753 2432 1767 2469 :
1801 2423 1858 2471 et
1885 2423 2064 2470 tamen
2093 2414 2150 2471 in

559 2511 748 2569 eadem
791 2513 1195 2570 interlocutione
1216 2553 1232 2579 ,
1281 2509 1425 2581 quod
1471 2507 1898 2580 persecutionem
1945 2506 2154 2564 Salvius

559 2615 868 2679 pateretur,
906 2604 1189 2678 expressit.
1219 2603 1313 2662 Sic
1338 2603 1483 2660 enim
1510 2602 1565 2659 in
1590 2600 1790 2659 eisdem
1829 2600 1994 2671 gestis
2019 2599 2151 2671 legi-

558 2708 648 2757 tur
676 2719 690 2756 :
718 2701 948 2758 Senatus
974 2698 1247 2772 proconsul
1273 2697 1403 2753 dixit
1431 2711 1448 2751 :
1471 2695 1560 2751 Lis
1589 2696 1942 2767 episcoporum
1967 2709 2150 2748 secun-

557 2792 684 2850 dum
715 2795 873 2866 legem
898 2792 960 2848 ab
988 2792 1236 2865 episcopis
1264 2790 1522 2846 audienda
1546 2797 1618 2844 est
1645 2803 1664 2843 :
1692 2788 1915 2859 episcopi
1943 2787 2150 2856 judica-

559 2895 757 2941 oenmt.
810 2887 979 2955 Quare
1025 2903 1130 2942 non
1170 2895 1258 2939 aut
1301 2884 1394 2939 sub
1440 2881 1782 2952 satisfactione
1828 2881 1896 2934 ad
1942 2881 2152 2935 chorum

561 2979 822 3034 reverteris
845 2979 1135 3043 vetustatis;
1170 2986 1279 3043 aut,
1313 2986 1370 3032 ut
1398 2975 1552 3031 habes
1583 2975 1848 3046 scriptum,
1877 2983 2015 3046 terga
2037 2991 2151 3045 per-

560 3073 866 3130 secutoribus
911 3071 1119 3142 prodis?
1161 3069 1298 3140 Quid
1344 3068 1434 3124 hic
1475 3068 1566 3124 tibi
1610 3067 1855 3122 videtur?
1898 3067 2149 3124 Placetne

561 3167 728 3225 istum
767 3165 1002 3223 Salvium
1031 3162 1298 3236 appellare
1318 3163 1522 3233 justum
1542 3201 1558 3230 ,
1589 3159 1673 3216 cui
1702 3159 1982 3230 proconsul
2010 3159 2149 3231 apud

558 3274 722 3330 mrem
748 3273 779 3314 a
807 3257 1071 3314 Restituto
1096 3256 1348 3326 episcopo
1379 3261 1557 3310 vestro
1581 3261 1767 3307 contra
1791 3259 1967 3306 stante
1993 3266 2150 3308 accu.

559 3351 800 3418 cabatur,
827 3351 986 3408 etiam
1012 3349 1080 3406 de
1105 3357 1289 3404 sancta
1322 3347 1596 3418 Scriptura
1633 3345 1723 3401 dat
1760 3344 2063 3411 consilium,
2091 3355 2150 3402 ut

558 3451 708 3512 terga
750 3441 1183 3513 persecutoribus
1225 3438 1443 3510 prodat;
1487 3437 1740 3510 quoniam
1783 3437 2036 3508 scriptum
2065 3445 2151 3496 est

559 3535 616 3592 in
639 3535 951 3606 Evangelia,
979 3533 1042 3591 Si
1067 3549 1151 3589 vos
1175 3533 1420 3605 persecuti
1440 3533 1644 3602 fuerint,
1668 3531 1828 3604 fugite
1855 3530 2068 3604 (Matth.
2090 3548 2143 3600 ι,

559 3625 655 3699 25)
677 3628 700 3682 ‘i
731 3626 890 3684 Vides
917 3635 1063 3683 certe
1086 3640 1244 3698 quam
1266 3625 1504 3696 speciem
1527 3624 1739 3681 Salvius
1757 3624 1897 3694 apud
1915 3640 2044 3680 suos
2064 3625 2148 3682 vel

556 3719 810 3791 martyris
836 3718 923 3774 vel
960 3716 1287 3774 confessoris
1330 3715 1616 3784 ostendat,
1657 3715 1747 3787 qui
1791 3724 2148 3788 persequente

555 3811 824 3870 Restituto
853 3811 970 3868 bazc
994 3811 1190 3869 meruit
1213 3825 1246 3866 a
1272 3809 1595 3882 proconsule
1621 3807 1808 3866 audire
1840 3826 1853 3864 :
1884 3817 1940 3864 et
1967 3817 2145 3866 tamen

554 3917 666 3962 non
687 3902 861 3960 solum
887 3901 1181 3960 secundum
1200 3915 1322 3969 nos,
1345 3916 1532 3957 verum
1552 3900 1712 3957 etiam
1738 3900 2030 3958 secundum
2051 3916 2145 3958 vos

553 3994 752 4066 impius
774 4003 830 4052 et
853 3994 1145 4065 sacrilegus
1165 3993 1456 4065 iudicatur.

625 4088 850 4146 CAPUT
888 4088 1078 4146 XLIX.
1099 4118 1172 4130 —
1195 4088 1286 4146 59.
1333 4087 1452 4144 Jam
1479 4102 1606 4144 vero
1632 4097 1976 4161 posteaquam
2014 4103 2142 4148 seno

554 4184 774 4240 undam
815 4183 1148 4254 proconsulis
1181 4181 1582 4239 Abitinensibus
1625 4183 1851 4254 allegata
1888 4191 2004 4250 est;
2049 4197 2145 4254 per

553 4290 718 4346 quam
759 4275 1028 4332 civitatem
1067 4275 1297 4331 vicinam
1333 4273 1624 4345 iudicatum
1673 4273 1940 4346 implere’
1976 4275 2143 4332 vestri

553 4377 880 4435 meruerant,
898 4381 964 4424 eo
977 4365 1119 4436 quod
1140 4381 1276 4438 pene
1290 4381 1478 4422 omnes
1493 4365 1886 4424 Membresitani
1906 4366 2140 4423 Salvium

552 4456 874 4528 diligebant;
923 4473 1042 4529 qua:
1088 4455 1314 4514 fecerint
1357 4456 1515 4513 iidem
1556 4457 1895 4515 Abitinenses
1939 4459 2142 4515 homini

551 4558 712 4608 aetate
729 4549 1066 4622 gravissimo,
1094 4549 1239 4621 piget
1259 4548 1440 4606 dicere
1457 4567 1472 4604 :
1492 4549 1622 4620 quia.
1637 4564 1701 4605 ea
1722 4564 1829 4606 non
1859 4549 2000 4622 apud
2022 4560 2142 4609 acta

552 4644 820 4714 fecerunt,
843 4643 938 4701 sed
969 4652 1076 4700 tam
1105 4637 1314 4701 recenti
1335 4645 1592 4702 memoria
1620 4660 1742 4702 cum
1770 4646 2018 4704 omnibus
2045 4647 2140 4706 do-

550 4740 822 4798 cumentis
843 4740 914 4796 sit
939 4739 1132 4796 clarior
1157 4739 1270 4810 ipsa
1299 4738 1602 4796 testiﬁcatio
1629 4739 1928 4810 civitatum,
1959 4732 2137 4799 brevi-

550 4838 636 4889 ter
661 4831 939 4906 attingam,
977 4831 1122 4903 quod
1163 4829 1272 4889 illic
1289 4872 1306 4899 ,
1335 4845 1458 4887 cum
1484 4830 1586 4888 iter
1609 4847 1844 4902 agerem,
1876 4834 2134 4905 comperi.

547 4925 688 4989 Nam.
729 4925 854 4997 quia
892 4925 970 4983 eis
993 4965 1010 4991 ,
1062 4940 1161 4996 pro
1200 4923 1550 4981 defendendis
1588 4939 1658 4982 ex
1707 4933 2138 4998 quantacumque

547 5012 698 5089 parte
723 5015 944 5073 sedibus
970 5015 1082 5072 suis
1111 5015 1278 5072 etiam
1313 5022 1435 5085 post
1459 5014 1796 5084 proconsulis
1814 5014 2134 5086 iudicatum,

548 5111 718 5168 turba:
745 5109 849 5168 sibi
873 5108 1314 5166 faventisﬁducia
1337 5109 1546 5167 Salvius
1568 5123 1868 5182 repugnare
1896 5119 2134 5170 tentare-

549 5212 654 5272 rat,
678 5203 851 5260 victus
873 5201 1158 5274 aliquando
1183 5199 1604 5273 comprehensus
1630 5212 1733 5272 est,
1764 5219 1870 5261 non
1892 5203 2004 5275 jam
2030 5205 2132 5262 du-

545 5294 750 5351 candus
792 5294 861 5351 ad
892 5293 1154 5366 iudicem,
1191 5294 1282 5351 ubi
1326 5294 1468 5350 inter
1509 5303 1688 5366 partes
1722 5294 1895 5352 fuerat
1927 5298 2134 5368 prolata

545 5388 834 5457 sententis,
850 5386 1165 5460 sedpomm
1189 5387 1478 5445 miserabili
1502 5388 1930 5460 triumphandus.
1961 5389 2134 5463 Capto

545 5485 688 5542 enim
713 5483 852 5554 seni,
883 5493 1125 5539 mortuos
1151 5496 1313 5540 canes
1333 5483 1684 5554 alligaverunt
1708 5482 1770 5538 in-
1790 5481 1952 5551 collo,
1981 5493 2037 5542 et
2054 5485 2134 5543 sic

545 5593 668 5634 cum
709 5579 799 5633 illo
839 5584 1094 5650 quantum
1134 5576 1288 5634 libuit
1332 5576 1679 5632 saltaverunt.
1722 5576 1836 5634 Hoc
1863 5578 1910 5632 si
1935 5577 2130 5635 vellem

547 5685 865 5742 cxaggerare
889 5671 1144 5738 dicendo,
1173 5686 1351 5727 nonne
1381 5671 1605 5728 fortasse
1634 5669 1772 5728 hanc
1795 5686 2011 5745 pmnam
2034 5669 2128 5731 ‘vix

607 5819 622 5851 ¹
649 5820 722 5868 Sic
735 5824 843 5869 η.
871 5827 932 5870 At-
946 5820 1081 5879 editi,
1106 5826 1284 5872 “tum
1303 5820 1412 5873 sint.

603 5882 624 5915 ⁸
642 5881 862 5932 Nonnulli
875 5889 1000 5944 Mss,
1023 5882 1231 5947 impleri.

1300 363 1572 423 CONTRA
1610 350 2052 438 consecutum
2082 345 2536 430 scitarier“,
2577 361 2634 419 s.
2675 356 3039 422 AUGUSTINI

3754 364 3857 434 580

2270 475 2548 532 tormentis
2588 491 2774 548 regum
2821 477 3166 536 Etruscam
3183 517 3206 547 ,η
3239 477 3436 551 quibus
3472 489 3684 540 mortua
3719 488 3852 548 vivi;

2266 580 2490 640 corpora
2529 570 3022 644 conjungebantia)
3044 614 3062 641 ,
3089 573 3512 644 conter
3530 591 3656 636 esse
3691 595 3848 637 mea.
3893 616 3904 632 ο

2265 661 2530 716 stratam?
2569 661 2755 718 Nonne
2797 662 2960 720 homo
2987 679 3170 731 senex,
3211 675 3273 723 et
3297 669 3392 738 qui
3424 668 3610 728 haberi
3638 673 3852 731 volebat

2266 752 2572 824 episcopus,
2597 755 2834 812 omnium
2849 755 3050 828 judicio
3070 756 3140 814 de
3159 759 3416 818 societate
3432 761 3675 820 vivorum
3697 775 3852 836 atque

2265 855 2602 903 mortuorum
2629 850 3066 907 exterminandas
3093 860 3264 920 esset,
3287 854 3338 910 si
3357 853 3567 912 duobus
3595 855 3702 913 sibi
3730 874 3851 929 sup-

2266 938 2438 1010 pliciis
2463 939 2604 996 unde
2641 957 2806 997 unum
2845 943 3180 1000 subeundum
3221 954 3366 1002 esset
3405 949 3718 1020 propositis,
3747 965 3846 1008 non

2266 1030 2442 1100 potius
2485 1030 2722 1090 bmrereta
2753 1033 3100 1093 cadaveribus
3145 1037 3410 1108 humanis,
3452 1055 3612 1112 quam
3655 1043 3846 1101 saltare

2265 1121 2488 1192 eligeret
2505 1139 2628 1180 cum
2654 1126 2894 1184 caninis?

2337 1214 2563 1274 CAPUT
2594 1218 2656 1274 L.
2681 1250 2750 1260 --
2771 1221 2860 1276 60.
2888 1221 3038 1279 Nunc
3063 1224 3243 1295 aspice
3266 1224 3354 1281 illa
3381 1241 3502 1283 mea
3521 1228 3705 1298 verba,
3732 1246 3845 1302 qua:

2267 1314 2320 1363 te
2349 1307 2608 1366 refellisse
2636 1312 2922 1370 arbitratus
2945 1330 3032 1381 es;
3062 1315 3168 1371 imo
3190 1316 3306 1388 jam
3326 1334 3432 1374 non
3463 1320 3598 1390 ipsa,
3625 1323 3722 1378 sed
3753 1339 3846 1394 pro

2264 1401 2392 1471 ipsis
2419 1401 2519 1458 ista
2547 1419 2670 1476 quae
2689 1405 2884 1463 dicam.
2927 1406 3068 1464 Ecce
3094 1410 3236 1464 enim
3267 1424 3372 1466 non
3399 1411 3520 1468 dico
3537 1455 3556 1482 ,
3582 1413 3638 1469 Si
3665 1431 3848 1484 perse-

2263 1493 2534 1549 cutionem
2561 1494 2741 1553 facere
2767 1513 2873 1554 non
2900 1497 3050 1566 licet,
3068 1497 3194 1556 fecit
3219 1502 3471 1573 Optatus;
3501 1504 3771 1574 addico,
3795 1509 3845 1564 Si

2263 1587 2688 1654 persecutionem
2728 1591 2904 1648 facere
2934 1607 3051 1648 non-
3069 1593 3213 1664 licet,
3240 1596 3368 1652 fecit
3389 1596 3714 1656 Restitutus.
3745 1601 3844 1659 Nec

2263 1676 2406 1748 dico,
2435 1679 2492 1736 Si
2520 1683 2944 1751 persecutionem
2979 1686 3076 1757 qui
3107 1687 3323 1757 patitur,
3353 1688 3633 1748 habendus
3655 1702 3743 1749 est
3772 1694 3844 1750 in-

2261 1783 2482 1836 nocens,
2504 1786 2694 1842 passas
2713 1784 2798 1830 est
2817 1775 3197 1845 Maximianus;
3228 1779 3326 1836 sed
3347 1779 3490 1846 dico,
3513 1782 3571 1838 Si
3598 1799 3840 1855 persecat.

2261 1861 2462 1918 tionem
2504 1865 2596 1934 qui
2639 1866 2854 1936 patitur,
2897 1867 3172 1925 habendus
3214 1879 3297 1926 est
3337 1871 3620 1942 innocens,
3659 1891 3844 1946 passus

2260 1961 2346 2010 est
2369 1953 2593 2011 Salvius.
2634 1956 2793 2013 Gesta
2827 1960 3012 2027 recito,
3041 1960 3208 2017 verba
3229 1978 3348 2033 qua:
3373 1978 3479 2020 non
3509 1966 3594 2023 vis
3614 1978 3802 2038 repeto
3828 1989 3840 2026 :

2259 2042 2412 2100 Fecit
2439 2045 2756 2118 Restitutus,
2781 2064 2970 2120 passus
3011 2060 3099 2107 est
3136 2052 3372 2109 Salvius.
3413 2054 3587 2123 Quem
3616 2059 3752 2115 mibi
3780 2076 3841 2118 es

2259 2135 2346 2194 his
2369 2137 2576 2196 duobus
2593 2140 2966 2213 christianum,
2984 2145 3086 2201 nisi
3105 2145 3464 2218 Restitutum;
3494 2166 3650 2222 quem
3675 2155 3844 2212 sacri-

2257 2227 2458 2302 legum,
2488 2231 2592 2288 nisi
2625 2232 2860 2292 Salvium
2899 2237 3276 2308 respondebis?
3301 2239 3484 2298 iaceat
3507 2243 3668 2314 igitur
3689 2260 3843 2316 opor-

2260 2333 2356 2393 tet,
2382 2325 2844 2401 improbatumque
2878 2341 3180 2402 respuatur,
3211 2342 3268 2389 et
3306 2333 3456 2406 quod.
3492 2334 3706 2403 dixisti,
3733 2337 3840 2392 nut-

2259 2415 2364 2470 tam
2389 2433 2498 2473 esse
2509 2419 2709 2490 justam
2735 2422 3164 2492 persecutionem;
3207 2433 3262 2480 et
3297 2425 3439 2496 quod
3479 2425 3690 2493 dixisti,
3723 2427 3841 2496 Quis

2256 2525 2358 2566 non
2385 2509 2490 2565 uult
2518 2520 2810 2569 testamento
2835 2516 3116 2572 consentire
3142 2517 3380 2589 prolato?
3414 2519 3502 2590 qui
3540 2523 3841 2591 persecutio-

2256 2617 2370 2658 nem
2401 2603 2610 2673 patitur,
2642 2621 2711 2659 an
2747 2606 2833 2677 qui
2870 2609 3034 2678 facit?
3081 2609 3203 2680 quia
3254 2618 3314 2667 et
3355 2609 3496 2682 iusta
3543 2616 3840 2684 persecutio

2254 2704 2339 2752 est
2373 2710 2531 2768 quam
2560 2698 2777 2769 pertulit
2812 2699 3060 2769 Salvius,
3101 2711 3160 2759 et
3182 2703 3482 2760 Restitutus
3518 2705 3646 2762 fecit
3675 2725 3690 2762 :
3721 2722 3840 2779 pas.

2255 2801 2357 2844 sus
2394 2798 2478 2846 est
2523 2788 2730 2848 Salvius
2754 2832 2772 2860 ,
2815 2801 2870 2849 et
2912 2792 3008 2849 tibi
3050 2803 3134 2851 est
3183 2795 3480 2853 Restitutus
3525 2797 3836 2869 laudabilis,

2254 2881 2573 2941 damnabilis
2609 2883 2842 2942 Salvius.
2883 2885 3068 2959 Neque
3090 2889 3236 2948 enim
3265 2890 3478 2947 occulte
3501 2889 3704 2949 factam
3727 2909 3839 2950 esse

2253 2973 2494 3032 dicturus
2519 2990 2579 3032 es
2609 2995 2624 3032 :
2651 2987 2744 3033 aut
2767 2988 2950 3049 posset
2975 2979 3080 3037 hoc
3108 2980 3277 3038 latere
3310 2982 3674 3053 Pritnianum,
3703 2985 3839 3056 qmd

2252 3067 2310 3126 in
2344 3085 2409 3126 ea
2435 3069 2652 3126 civitate
2671 3069 2870 3127 factum
2896 3081 2998 3141 est,
3021 3074 3113 3130 ubi
3142 3074 3257 3146 ipse
3277 3075 3570 3148 episcopus
3589 3078 3840 3148 praeside-

2252 3163 2364 3230 bat,
2395 3175 2455 3222 et
2477 3165 2530 3222 in
2557 3175 2700 3221 tanta
2723 3166 2933 3224 civitate
2952 3209 2967 3235 ,
2993 3168 3136 3240 apud
3165 3177 3369 3226 tantum
3392 3169 3668 3242 judicent,
3697 3183 3838 3230 uter

2255 3257 2358 3316 hoc
2385 3258 2508 3315 aliis
2532 3259 2692 3315 etiam
2729 3260 3030 3317 civitatibus
3062 3261 3337 3319 occultum
3354 3277 3478 3320 esse
3504 3280 3617 3321 non
3642 3276 3836 3337 posset.

2253 3353 2362 3406 Aut
2399 3350 2442 3405 si
2475 3360 2532 3407 et
2553 3350 2658 3409 hoc
2683 3353 2821 3410 inter
2839 3355 3050 3412 occulta
3073 3355 3540 3426 deputandamest
3569 3377 3586 3414 :
3612 3373 3713 3414 cur
3739 3375 3837 3416 nos

2251 3445 2336 3504 vis
2359 3446 2606 3518 ignorare
2631 3448 2816 3504 orbem
2845 3455 3008 3505 terra:
3025 3450 3222 3521 siquid
3243 3451 3371 3508 mali
3395 3449 3519 3509 fecit
3539 3452 3706 3524 (quod
3730 3455 3842 3525 qui

2253 3539 2376 3600 dem
2406 3541 2543 3598 absit
2572 3549 2631 3597 ut
2655 3540 2884 3614 fecerit)
2916 3543 3302 3614 persecutionis
3331 3551 3568 3616 tempore
3597 3545 3841 3602 Cra-eilia.

2250 3646 2384 3697 nus;
2406 3631 2453 3687 si
2477 3633 2899 3702 persecutionem
2928 3649 3085 3706 quam
3111 3649 3298 3706 passus
3319 3645 3404 3692 est
3425 3636 3626 3693 Salvius
3643 3638 3718 3694 ab
3746 3639 3840 3694 illo

2250 3739 2408 3796 quem
2440 3725 2556 3796 ipse
2577 3735 2763 3783 contra
2787 3742 2912 3783 eum
2937 3727 3224 3797 ordinavit,
3249 3739 3308 3785 et
3329 3730 3384 3791 ia
3419 3745 3482 3786 ea
3503 3730 3726 3786 civitate
3751 3731 3838 3787 ubi

2249 3831 2413 3887 super
2433 3816 2668 3890 collegas
2693 3818 3040 3889 principatum
3073 3821 3234 3890 gerit,
3261 3821 3433 3892 potuit
3468 3823 3682 3878 nescire
3718 3822 3836 3879 Pri-

2248 3908 2497 3966 mianus?
2535 3908 2811 3966 Fateberis
2837 3925 2990 3983 ergo,
3015 3912 3160 3969 velis.
3178 3914 3340 3981 nolis,
3373 3929 3442 3970 ne
3489 3915 3830 3986 Restitutum,

2249 4015 2319 4056 ne
2359 3999 2704 4068 Primianum,
2733 4016 2801 4058 ne
2828 4012 3031 4073 partem
3071 4003 3265 4062 Donati
3302 4005 3562 4065 damnare
3607 4010 3832 4081 cogaris,

2248 4108 2357 4150 non
2379 4094 2552 4148 solum
2585 4102 2640 4148 et
2677 4094 2902 4164 injustas
2926 4096 3058 4166 pati,
3080 4111 3276 4154 verum.
3291 4098 3453 4156 etiam
3478 4101 3734 4172 et‘justos
3762 4102 3833 4157 fa-

2248 4198 2374 4241 cere
2406 4198 2566 4255 posse
2603 4187 3050 4255 persecutionem.
3091 4190 3202 4245 Aut
3235 4190 3283 4247 si
3321 4205 3440 4248 eam
3468 4194 3761 4264 quaejuste
3781 4195 3834 4251 ﬁt

2247 4290 2354 4332 non
2380 4290 2500 4332 esse
2523 4277 2894 4348 appellandam
2932 4281 3360 4350 persecutionem
3397 4293 3594 4355 putas:
3620 4302 3724 4343 nec
3742 4301 3832 4344 vos

2245 4382 2282 4424 a
2302 4368 2455 4425 nobis
2472 4409 2489 4438 ,
2515 4385 2616 4426 nec
2643 4378 2852 4428 vesu'os
2876 4385 2906 4426 a
2938 4373 3138 4430 nostris
3174 4376 3610 4446 persecutionem
3639 4379 3832 4450 poteris

2247 4460 2478 4532 probare
2518 4476 2834 4533 perpessos;
2888 4465 3162 4538 magisque
3185 4481 3284 4523 nos
3307 4467 3830 4528 demonstrabimus‘

2245 4569 2364 4610 eam
2395 4569 2496 4611 nos
2518 4556 2724 4626 perpeti
2763 4572 2796 4612 a
2835 4556 3051 4616 clericis
3083 4569 3138 4616 et
3180 4559 3722 4620 Circumcellionibas
3738 4579 3831 4620 ve-

2245 4646 2394 4714 stris,
2422 4647 2511 4718 qui
2537 4647 2699 4705 corde
2723 4648 2860 4706 duro
2884 4659 2944 4706 et
2970 4650 3194 4722 insulso,
3221 4668 3324 4711 nec
3349 4654 3720 4728 intelligentes
3735 4672 3830 4714 nec

2244 4737 2476 4794 ferentes
2496 4738 2638 4810 quod
2669 4742 2749 4798 eis
2771 4742 3104 4800 consulimus
3115 4743 3190 4800 ad.
3204 4745 3452 4816 salutem,
3480 4755 3636 4805 tanto
3658 4751 3711 4806 in
3736 4763 3831 4806 nos

2242 4827 2422 4887 furore
2458 4832 2704 4900 smviunt,
2733 4842 2791 4890 ut
2822 4849 2886 4892 ea
2915 4851 3033 4907 qua:
3062 4837 3220 4894 nobis
3252 4838 3472 4909 faciunt,
3506 4857 3614 4900 nec
3649 4859 3832 4900 nume-

2242 4939 2388 4992 rare,
2414 4938 2516 4982 nec
2547 4939 2990 4998 commemorare,
3017 4943 3122 4989 me
3155 4930 3317 5004 digne
3346 4933 3526 4994 verbis
3561 4935 3832 5009 explicare

2240 5015 2525 5074 sufﬁciam.

2311 5110 2538 5169 CAPUT
2561 5109 2652 5168 LI.
2668 5141 2736 5154 --
2757 5112 2848 5169 61.
2874 5109 3136 5185 Proinde,
3147 5131 3270 5174 cum
3290 5119 3633 5190 phreneticis
3657 5123 3832 5182 medi.

2237 5217 2361 5266 cum
2390 5213 2581 5274 vexat,
2608 5213 2668 5262 et
2685 5204 2924 5263 medicus
2950 5206 3322 5278 plrrenetieum
3348 5213 3510 5286 ligat,
3536 5223 3638 5273 aut
3671 5218 3834 5273 ambo

2238 5296 2466 5354 invicem
2490 5301 3074 5370 pet-semiantar,autsi
3090 5305 3664 5380 pemecutiomisiqua
3688 5309 3833 5366 male

2238 5387 2320 5458 ﬁt,
2348 5405 2456 5447 non
2481 5398 2567 5448 est
2586 5390 2632 5457 ’,
2658 5405 2765 5448 non
2795 5391 2982 5466 utique
3006 5396 3350 5474 persequitur
3385 5398 3630 5458 medicus
3664 5401 3833 5474 phn-

2237 5483 2468 5539 neticum
2493 5524 2510 5552 ,
2554 5481 2654 5541 sed
2686 5483 3032 5556 phreneticus
3071 5485 3364 5547 medicum.
3407 5490 3630 5550 Saevitia:
3664 5494 3835 5565 igitur

2235 5585 2411 5635 vestra
2450 5587 2504 5636 et
2535 5579 2919 5638 violentissima
2957 5581 3181 5639 audacia
3215 5597 3313 5655 per
3353 5581 3834 5645 Circumcelliones

2297 5765 2314 5796 ι
2340 5766 2541 5822 Iolae,
2563 5758 3008 5817 denmstravimns.

2295 5825 2316 5892 ξ
2338 5832 2433 5892 Sic
2583 5832 2638 5875 At
2662 5825 2935 5892 edititqutp
2959 5824 3087 5878 malo
3107 5821 3388 5892 ﬁttnon‘cst
3401 5841 3420 5891 ;
3463 5827 3662 5891 omisso.
3709 5825 3832 5885 πω,

2295 5887 2366 5950 (α)
2387 5886 2546 5949 Virgil.
2571 5888 2755 5939 Aineid.
2779 5885 2866 5939 lib.
2889 5889 2939 5951 8,
2961 5903 3093 5942 vers.
3107 5885 3338 5946 X83438.
