4010 6484
222 580 772 640 «simulationum
784 569 1373 638 .vestruunsatcliites
1394 578 1644 634 canibus
1661 584 1808 644 nota,

221 671 638 745 comprimenda
656 671 758 729 fuit
780 671 1014 742 legibus,
1043 686 1160 742 qtae
1185 680 1372 726 contra
1401 685 1497 726 vos
1521 671 1640 726 lake
1666 679 1809 734 sunt,

219 779 277 826 et
309 767 550 838 quadam
579 765 740 822 modo
770 765 1070 837 colliganda
1098 782 1112 819 :
1145 765 1304 822 simul
1332 774 1388 820 ut
1412 766 1466 820 in
1491 780 1598 836 quo
1623 765 1812 821 essetis

219 875 434 926 errore,
477 865 536 914 et
571 873 678 929 quo
716 857 993 927 sacrilegio
1022 867 1205 913 contra
1232 858 1491 914 unitatem
1521 872 1812 928 pacemque

219 951 424 1009 Christi
458 949 777 1008 videremini
801 951 842 1017 ³,
873 950 1062 1006 saltem
1103 949 1220 1019 ipso
1257 958 1465 1006 terrore
1505 950 1812 1005 commoniti

214 1045 464 1114 cogitare
485 1051 645 1114 atque
664 1041 956 1098 emendare
973 1041 1182 1098 velletis
1207 1060 1220 1096 :
1249 1042 1386 1098 sicut
1408 1042 1700 1097 terroribus
1721 1057 1814 1098 ve-

215 1129 346 1186 stris
391 1143 492 1198 per
537 1135 858 1198 potestatum
895 1126 1230 1182 smcularium
1254 1126 1526 1198 jussiones
1563 1127 1812 1197 exagitati

220 1217 542 1282 Feiicianus.
561 1227 618 1273 et
651 1217 1002 1273 Praetextatus
1031 1217 1212 1290 (quod
1239 1217 1400 1274 corde
1432 1219 1650 1274 nimium
1678 1217 1812 1274 duro

216 1318 274 1366 et
296 1309 710 1380 perversissimo
735 1309 942 1365 Salvius
961 1308 1189 1382 noluit),
1220 1310 1452 1367 schisma
1484 1309 1625 1381 quod
1652 1325 1681 1364 a
1714 1325 1809 1365 vo-

217 1399 302 1458 bis
347 1400 608 1468 fecerant,
652 1408 1002 1456 correxerunt
1021 1401 1064 1465 ⁸,
1105 1409 1158 1456 et
1193 1400 1260 1456 ad
1300 1409 1534 1457 vestram
1567 1415 1808 1456 commu-

217 1493 438 1550 nionem
466 1494 882 1563 societatemque
905 1492 1199 1549 redierunt.
1226 1493 1418 1552 Totum
1442 1502 1619 1550 autem
1639 1491 1809 1548 corri-

218 1593 460 1657 geretur,
491 1583 540 1640 si
577 1583 645 1639 ad
678 1583 910 1639 radicem
954 1583 1271 1640 catholicam
1307 1601 1338 1642 a
1376 1584 1528 1640 vobis
1561 1583 1810 1640 omnibus

219 1678 511 1735 rediretur.
556 1676 824 1747 Quidquid
850 1692 977 1733 vero
1015 1677 1210 1732 factum
1255 1685 1340 1734 est
1382 1677 1641 1732 adversus
1687 1690 1806 1744 vos,

221 1769 362 1841 quod
399 1778 879 1838 temperamentum
917 1768 1221 1824 christiana:
1257 1768 1554 1824 dilectionis
1578 1767 1809 1824 excede-

219 1871 321 1926 ret,
373 1870 484 1916 tam
525 1875 632 1916 non
677 1869 760 1916 est
798 1859 1170 1931 imputandum
1213 1859 1487 1916 catholica:
1530 1859 1805 1934 Ecclesia,

221 1969 384 2027 quam
423 1967 524 2010 nec
567 1953 696 2009 illud
735 1953 878 2024 quod
920 1953 1102 2009 Salvio
1144 1953 1387 2010 fecerunt
1428 1953 1766 2010 Abitinenses
1789 1994 1805 2021 ,

222 2042 495 2101 Primiano
521 2045 607 2101 vel
639 2045 906 2101 Restituto
933 2047 1324 2117 imputaverim.

290 2137 520 2194 CAPUT
545 2137 654 2194 LII.
669 2169 738 2179 -—
754 2139 843 2196 62.
865 2140 1018 2208 Quod
1039 2157 1168 2198 vero
1187 2151 1306 2212 post
1323 2149 1665 2212 cxaggeratas
1684 2155 1808 2211 per-

222 2230 546 2298 secutiones,
567 2247 700 2302 quas
724 2241 927 2304 partem
957 2233 1146 2290 Donati
1166 2249 1472 2306 perpessam
1492 2233 1656 2290 fuisse
1673 2233 1808 2289 disi-

222 2321 310 2388 sti,
334 2330 389 2376 et
416 2331 584 2377 totum
615 2333 795 2380 tacens
823 2325 964 2396 quod
992 2327 1265 2397 princessit
1284 2341 1314 2381 a
1340 2328 1550 2393 vestris,
1571 2336 1623 2382 et
1641 2327 1805 2382 multa

221 2411 406 2469 dicens
432 2430 554 2484 quae
584 2431 690 2470 non
717 2418 1004 2485 probantur
1032 2419 1083 2473 in
1116 2421 1335 2486 nostris,
1361 2419 1429 2476 de
1461 2419 1683 2475 Psalmis
1723 2429 1805 2476 te-

221 2504 528 2561 stimonium
559 2506 829 2576 subjecisti
858 2518 914 2565 et
939 2509 1150 2576 dixisti,
1186 2509 1371 2566 Nonne
1398 2512 1460 2567 de
1485 2511 1546 2566 iis
1568 2512 1655 2584 qui
1684 2511 1806 2565 talia

219 2597 414 2668 faciunt
444 2600 635 2654 dictant
665 2610 738 2655 est
753 2640 772 2668 ,
821 2620 839 2654 ι
860 2601 1064 2660 Veloces
1088 2605 1237 2674 pedes
1258 2621 1429 2659 eorum
1455 2606 1521 2658 ad
1544 2603 1808 2672 e/funden-

227 2709 246 2742 ι
273 2691 398 2744 dum
445 2692 762 2763 sanguinem,
809 2703 858 2748 et
899 2695 1040 2748 viam
1079 2695 1218 2765 pacis
1266 2712 1366 2752 non
1417 2703 1801 2766 cognoverunt»

219 2782 392 2856 (Psal.
421 2799 546 2851 xm,
577 2784 667 2856 5)?
695 2785 808 2842 hazc
833 2786 946 2856 ipsa
974 2797 1029 2842 et
1055 2787 1154 2842 alia
1184 2787 1352 2842 multo
1380 2788 1641 2858 longeque
1679 2801 1804 2859 gra-

220 2877 363 2931 viora
386 2917 402 2944 ,
432 2876 526 2932 illo
553 2876 828 2947 Bagaiensi
859 2878 1086 2933 concilio
1113 2880 1348 2949 episcopi
1369 2881 1528 2934 vestri
1570 2881 1622 2934 in
1659 2879 1803 2936 Feli-

219 2968 428 3024 cianum
457 2968 946 3041 Prmtextatumque
980 2971 1249 3028 dixerunt.
1297 2972 1365 3026 Et
1401 2980 1548 3028 certe
1575 2972 1656 3028 illi
1680 2972 1804 3027 nul-

219 3061 527 3125 liuscarnis
553 3063 864 3134 sanguinem
907 3063 1174 3132 fuderant,
1219 3065 1428 3122 nullum.-
1460 3066 1511 3120 in
1549 3079 1643 3121 vos
1686 3065 1804 3120 vio-

217 3155 716 3228 lentiteocorporalis
743 3158 996 3228 impetum
1039 3158 1276 3215 fecerant
1306 3178 1318 3213 :
1345 3159 1439 3215 sed
1473 3160 1560 3230 qui
1599 3160 1717 3214 haec
1750 3160 1804 3215 in

217 3263 314 3305 eos
348 3247 621 3318 dicebant,
665 3248 834 3305 multo
867 3251 1178 3306 sceleratius
1215 3265 1310 3307 eos
1342 3251 1626 3321 sacrilegio
1658 3251 1801 3307 schi-

215 3339 408 3395 smatis
458 3339 769 3412 sanguinem
814 3340 1145 3410 spiritualem
1198 3341 1420 3398 fundere
1465 3343 1797 3412 judicabant.

216 3428 378 3488 Unde
400 3473 416 3499 ,
459 3433 504 3486 si
547 3446 666 3488 ctun
694 3431 803 3488 illis
831 3442 954 3503 post
981 3441 1086 3490 tam
1113 3435 1290 3505 gravia
1317 3450 1436 3506 quae
1461 3436 1512 3490 in
1539 3449 1634 3491 eos
1662 3436 1804 3492 dicta

217 3533 370 3592 sunt,
404 3538 588 3595 pacem
620 3525 732 3583 sine
767 3525 988 3584 honoris
1013 3542 1198 3584 eorum
1237 3527 1656 3596 decoloratione,
1688 3530 1806 3588 Sine

215 3615 482 3688 Baptismi
522 3617 838 3676 rescissione
878 3619 1107 3687 fecistis;
1152 3635 1258 3677 non
1295 3621 1684 3693 deSperandum
1723 3632 1808 3679 est

214 3709 344 3782 quin
393 3718 451 3765 et
493 3710 768 3768 nobiscum
806 3711 1133 3769 concordare
1172 3713 1410 3784 possitis.
1458 3713 1624 3770 Multo
1663 3714 1804 3770 enim

215 3817 310 3858 vos
336 3804 509 3875 magis
543 3803 814 3862 delectare
840 3805 1002 3864 debet
1030 3805 1106 3866 ad.
1125 3821 1310 3876 pacem
1339 3806 1633 3862 faciendam
1666 3814 1806 3864 totus

214 3893 362 3950 orbis
399 3893 746 3961 Christianus,
777 3912 933 3969 quam
966 3896 1319 3954 Praetextatus
1363 3906 1419 3953 et
1459 3897 1758 3953 Felicianus
1787 3916 1801 3952 :

216 3986 470 4055 quoniam
509 3987 555 4042 si
585 4001 692 4044 non
717 4003 812 4044 vos
846 3989 1262 4058 inquinaverunt
1288 4003 1422 4058 quos
1450 3997 1592 4044 tanta
1622 3989 1804 4044 crimi-

217 4079 454 4136 nationis
493 4081 773 4136 atrocitate
813 4079 1140 4148 damnastis;
1183 4081 1352 4138 multo
1382 4081 1558 4138 minus
1591 4096 1687 4137 vos
1720 4082 1806 4138 in-

217 4171 406 4243 quinat
433 4172 613 4228 unitas
642 4181 722 4228 tot
753 4174 989 4245 gentium
1020 4171 1426 4230 Christianarum
1450 4214 1466 4240 ,
1505 4175 1591 4230 cui
1626 4174 1806 4231 nescio

218 4280 447 4336 quorum
468 4265 720 4323 Afrorum
749 4267 972 4322 crimina
991 4265 1432 4324 demonstrastis'
1461 4284 1474 4320 :
1506 4276 1562 4322 et
1584 4267 1805 4325 multum

220 4372 312 4414 vos
354 4357 601 4428 inquinat
637 4357 810 4414 scelus
841 4373 949 4429 quo
969 4367 1206 4416 vestram
1235 4357 1545 4416 societatem
1581 4358 1650 4414 ab
1689 4358 1807 4429 ejus

219 4447 504 4515 Ecclesiae,
526 4463 626 4519 pro
652 4464 756 4520 qua
778 4458 856 4507 tot
881 4465 944 4506 ac
969 4458 1115 4506 tanta
1139 4449 1324 4506 divina
1346 4451 1646 4506 testimonia
1671 4451 1808 4508 reci-

219 4548 437 4605 tantur,
477 4541 733 4598 societate
759 4542 1047 4613 separastis
1079 4560 1092 4596 :
1120 4541 1312 4613 quibus
1341 4541 1534 4597 divinis
1560 4541 1805 4598 testimo-

219 4633 324 4690 niis
355 4633 588 4690 humana
627 4634 926 4691 temeritate
957 4649 1119 4691 ausus
1154 4649 1213 4690 es
1251 4633 1650 4700 contradicere,
1684 4648 1806 4690 cum

217 4735 271 4784 et
303 4736 363 4782 tu
392 4726 510 4796 ipse
538 4727 720 4784 nescio
747 4727 1015 4799 quomodo
1051 4726 1239 4784 eadem
1280 4727 1330 4782 vi
1367 4727 1606 4783 veritatis
1653 4726 1808 4784 fateri

217 4828 446 4875 coactus
465 4819 564 4883 sis,
592 4819 734 4891 quod
771 4821 826 4875 in
868 4819 1214 4878 christianum
1239 4833 1436 4876 nomen
1467 4827 1610 4876 totus
1629 4821 1806 4891 quoti-

217 4912 306 4970 die
335 4913 565 4970 vertitur
589 4913 836 4972 mundus.
1587 4901 1590 4906 ’

289 5005 520 5062 CAPUT
552 5005 684 5062 ιλιι.
706 5036 776 5048 -
795 5006 882 5064 63.
908 5007 1084 5064 Ausus
1103 5021 1163 5062 es
1182 5047 1197 5075 ,
1227 5007 1466 5076 inquam,
1484 5013 1810 5064 testamento

153 5162 170 5177 .
217 5096 314 5153 Dei
341 5097 634 5165 relnctari,
671 5114 802 5156 cum.
837 5099 988 5156 dicat.
1021 5098 1339 5170 Apostolus,
1385 5097 1624 5154 Hominis
1660 5108 1811 5155 testa-

218 5200 447 5245 mentum
489 5191 842 5260 conﬁrmatum
867 5207 1013 5258 nemo
1045 5191 1246 5247 irritum
1278 5191 1428 5263 facit,
1460 5201 1552 5248 aut
1575 5209 1809 5264 superor-

218 5285 364 5339 dinat
396 5299 416 5338 :
443 5283 664 5340 Abrahae
689 5283 840 5341 dieue
875 5293 993 5344 sant
1026 5284 1381 5356 promissiones
1408 5293 1456 5339 et
1489 5284 1667 5339 semini
1700 5285 1812 5357 ejus

217 5376 416 5449 (ﬂutat.
470 5393 562 5446 ιιι,
608 5375 722 5449 l5).
748 5377 864 5435 Hoc
913 5384 1294 5436 testamentum
1341 5376 1550 5438 irritum
1597 5376 1809 5443 facere,

217 5466 348 5523 huic
377 5476 699 5526 testamento
721 5476 928 5540 partem
954 5468 1142 5526 Donati
1157 5465 1566 5538 superordinare
1589 5465 1812 5524 minime

215 5559 444 5618 ﬁmuisti
474 5580 490 5619 :
514 5571 576 5619 ut
600 5576 734 5620 cum.
766 5563 907 5620 Deus
930 5562 985 5620 in
1010 5560 1202 5620 eodem
1232 5568 1549 5618 testamento
1573 5558 1718 5616 dicat
1739 5559 1812 5618 ad

284 5716 303 5746 ί
329 5722 490 5776 Forte,
514 5711 868 5767 divideremini.
1705 5766 1717 5779 .

283 5779 306 5810 ²
330 5778 466 5839 Editi,
490 5783 536 5828 et
555 5783 874 5839 Prcteaztatus
896 5773 1042 5827 corde
1063 5772 1266 5825 nimium
1287 5770 1414 5822 dtu-0
1432 5776 1482 5822 et
1501 5769 1807 5839 perversissi-

210 5853 300 5912 lto
550 5839 679 5904 quod
694 5853 727 5890 a
747 5838 874 5892 vobis
886 5840 1116 5902 feceram,
1139 5841 1470 5888 correxerunt.
1490 5833 1809 5885 [inundantur

208 5908 290 5956 σῖ
311 5908 417 5952 Is.

287 5965 308 6000 ⁸
323 5971 486 6029 Forte,
501 5976 596 6016 non
617 5961 989 6017 demur-ustis.

1573 453 1775 519 LIBER
1813 447 2156 529 omnes.

1923 577 2221 646 Ahalam,
2252 579 2343 635 Sis
2363 581 2460 636 erit
2478 596 2645 638 semen
2671 590 2820 638 tuttur
2838 583 2972 639 sient
2989 585 3154 642 ιωιιω
3172 587 3306 655 sati,
3326 597 3372 644 st
3400 590 3505 646 sia-

1921 679 1980 723 ut
2029 685 2186 724 arena
2223 673 2379 726 inuris
2419 673 2570 745 (Gen.
2607 690 2716 730 nu
2739 716 2754 742 ,
2789 677 2877 747 Π)
2905 693 2920 744 ;
2951 678 3056 734 hoc
3079 687 3132 734 tu
3187 679 3400 736 irritum
3424 681 3502 739 h-

1921 760 2090 828 ciens,
2121 770 2175 815 et
2197 774 2400 831 partem
2425 765 2619 820 Donati
2641 782 2738 836 pro
2765 781 2872 838 qua
2910 769 3111 825 nullum
3141 772 3502 831 testimonium

1920 851 2113 905 recitas
2131 854 2566 924 superordinaus,
2591 857 2662 912 In
2677 861 2872 930 paucis,
2898 859 3094 933 inquis,
3126 866 3412 935 prquam»
3427 873 3502 921 est

1921 942 2124 1008 veritas;
2151 961 2320 1000 errare
2345 949 2620 1004 multorum
2641 961 2716 1006 est
2735 967 2755 1006 :
2779 968 2886 1009 non
2913 955 3214 1026 intelligens
3229 959 3498 1028 quando

1919 1048 1949 1088 a
1979 1035 2210 1092 Domino
2234 1039 2436 1096 dictum
2473 1043 2563 1110 sit,
2608 1059 2802 1113 paucos
2841 1048 3042 1104 intrare
3084 1064 3183 1120 per
3220 1061 3499 1122 angustam

1921 1139 2128 1200 portam
2174 1132 2388 1202 (Matth.
2419 1152 2528 1203 vn,
2573 1139 2683 1211 14);
2711 1152 2918 1198 cumet
2944 1145 3139 1201 multos
3184 1145 3378 1202 dixerit
3427 1146 3498 1203 ab

1917 1225 2124 1280 oriente
2150 1236 2205 1281 et
2227 1228 2503 1286 occidente
2533 1233 2864 1291 recubituros
2905 1249 3031 1291 cum
3056 1237 3360 1305 Abraham,
3388 1237 3501 1294 Isa-

1917 1329 2002 1383 ac,
2025 1325 2080 1371 et
2102 1317 2268 1374 Iacob
2294 1319 2404 1391 (Id.
2437 1337 2528 1377 vm
2549 1365 2564 1392 ,
2597 1325 2687 1396 ll)
2717 1343 2730 1380 :
2763 1325 2858 1382 sed
2898 1336 2952 1383 et
2977 1329 3029 1382 in
3056 1329 3476 1401 Apocalypsi'de'

1917 1420 2283 1467 monstrentur
2317 1429 2384 1469 es
2415 1417 2566 1470 omni
2586 1425 2742 1487 gente
2772 1429 2828 1474 et
2856 1420 2996 1475 tribu
3024 1430 3080 1476 et
3109 1421 3286 1493 lingua
3331 1423 3499 1480 milia

1917 1499 2339 1569 candidatorum,
2365 1520 2484 1575 quae
2505 1522 2664 1562 nemo
2694 1523 2980 1566 numerare
2993 1512 3164 1582 possit
3190 1513 3369 1584 (Apoc.
3392 1526 3495 1581 vn,

1917 1590 1995 1664 9).
2023 1593 2122 1661 Qui
2156 1596 2389 1664 profecto
2415 1606 2470 1653 et
2490 1600 2640 1654 multi
2667 1609 2792 1655 sunt
2822 1617 2916 1670 per
2939 1603 3171 1672 soipsos
3196 1645 3210 1669 ,
3253 1613 3309 1659 et
3333 1603 3493 1660 iidem

1917 1682 2024 1752 ipsi
2056 1685 2208 1754 pauci
2233 1695 2358 1742 sum
2399 1687 2451 1742 in
2489 1690 2894 1760 comparatione
2933 1691 3092 1763 longe
3131 1694 3362 1763 plurium
3404 1695 3496 1766 qui

1914 1787 2036 1829 cum
2064 1775 2278 1832 diabolo
2298 1780 2548 1848 puniendi
2571 1781 2878 1850 sime-Quae
2906 1791 3084 1838 tamen
3118 1783 3384 1842 frumenta
3411 1783 3495 1838 di-

1913 1865 2054 1933 vinis
2086 1866 2142 1920 in
2160 1877 2434 1926 aeternum.
2459 1869 2665 1926 horreis
2702 1869 2964 1928 destinata
2983 1912 2998 1940 ,
3028 1887 3124 1944 per
3152 1881 3326 1929 totum
3343 1888 3498 1930 mn-

1913 1955 2043 2011 dum
2086 1957 2395 2014 dilectionis
2435 1961 2642 2017 unitate
2674 1963 2874 2018 sociata
2902 1964 2984 2020 vel
3013 1965 3084 2020 ab
3126 1964 3392 2022 scandatis
3436 1971 3492 2022 et

1912 2047 2179 2104 violentiis
2225 2049 2634 2118 haereticorum,
2675 2053 2786 2109 sive
2834 2055 2906 2109 ab
2949 2055 3200 2113 interiore
3247 2065 3497 2128 taan

1912 2139 2064 2210 palea
2091 2155 2185 2196 sua
2213 2141 2394 2198 multis
2433 2158 2540 2198 non
2569 2154 2716 2200 recte
2747 2145 3081 2212 viventibus,
3114 2156 3278 2202 aestus
3319 2156 3378 2202 et
3403 2148 3498 2202 tria-

1914 2239 2086 2288 turam
2113 2233 2271 2304 hujus
2297 2234 2476 2290 saeculi
2506 2234 2770 2303 tolerant,
2798 2236 2984 2291 ultima
3001 2236 3345 2293 ventilatione
3370 2251 3501 2307 pur-

1910 2323 2102 2395 ganda.
2135 2322 2240 2380 Sed
2268 2325 2359 2380 tibi
2409 2324 2478 2380 ad
2519 2326 2697 2380 omnia
2725 2326 2858 2382 nihil
2899 2325 3106 2384 facilius
3146 2342 3308 2399 quam
3334 2327 3499 2383 Maxi-

1909 2416 2267 2472 mianensium
2319 2426 2478 2470 causa
2531 2415 2838 2487 respondet.
2901 2416 2958 2472 Si
3008 2418 3152 2472 enim
3205 2418 3259 2472 in
3310 2418 3497 2488 paucis

1911 2507 2216 2580 frequenter
2239 2516 2328 2563 est
2354 2507 2550 2563 veritas
2567 2547 2584 2574 ,
2613 2517 2668 2562 et
2701 2522 2886 2564 errare
2910 2508 3204 2564 multorum
3231 2518 3315 2564 est
3332 2547 3349 2575 ,
3374 2523 3496 2579 pen-

1911 2602 2062 2658 mitte
2086 2611 2142 2656 ut
2167 2601 2628 2667 Maximianenses,
2658 2611 2856 2672 quanto
2897 2600 3046 2658 vobis
3097 2611 3223 2658 sunt
3263 2602 3496 2672 impares

1910 2694 2176 2764 paucitate
2195 2733 2211 2760 ,
2259 2701 2415 2747 tanto.
2451 2707 2548 2748 vos
2592 2701 2848 2762 superent
2898 2694 3142 2748 veritate.
3196 2692 3316 2749 Non
3358 2691 3491 2749 facis

1910 2794 2076 2842 certe.
2105 2785 2223 2840 Noli
2271 2800 2400 2857 ergo
2426 2786 2480 2840 in
2527 2785 2926 2855 comparatione
2971 2785 3328 2841 multitudinis
3367 2799 3496 2856 gen-

1911 2881 2042 2936 tium
2071 2879 2451 2936 catholicarum
2473 2875 2541 2934 de
2568 2887 2746 2934 vestra
2780 2879 3045 2950 paucitate
3074 2879 3326 2951 gloriari,
3357 2878 3496 2934 sicut

1911 2985 2016 3027 non
2046 2971 2126 3025 vis
2155 2981 2210 3024 ut
2229 2969 2672 3025 Masimianenses
2696 2969 2748 3023 in
2770 2969 3168 3040 comparatione
3191 2967 3493 3024 muttitndi-

1909 3063 1998 3119 nis
2022 3071 2216 3118 vestra:
2236 3060 2304 3116 de
2330 3075 2430 3115 sua-
2453 3061 2718 3131 paucitate
2733 3059 3046 3130 glorientur.

1981 3153 2206 3212 CAPUT
2229 3154 2363 3211 LIV.
2391 3183 2465 3196 --
2485 3154 2576 3210 64.
2619 3152 2773 3222 Quod
2799 3164 2988 3209 autem.
3015 3151 3085 3208 de
3111 3148 3257 3208 Afris
3272 3151 3496 3208 tntilli-

1910 3251 2061 3308 ribus
2095 3265 2317 3318 narras,
2347 3249 2418 3305 ita
2458 3248 2654 3316 nescis,
2682 3256 2775 3303 aut
2819 3247 3218 3318 qualiscumque
3263 3242 3495 3303 hominis

1910 3341 2076 3398 corde
2111 3356 2218 3396 non
2247 3340 2419 3396 sentis
2437 3381 2454 3408 ,
2488 3341 2541 3394 in
2569 3337 2820 3395 conﬂictu
2861 3351 2967 3408 quo
2995 3337 3191 3393 veritas
3214 3336 3490 3408 quaeritur,

1909 3449 2032 3492 cum
2059 3434 2302 3506 probatio
2344 3447 2450 3489 non
2487 3433 2727 3503 sequitur
2746 3471 2760 3497 ,
2789 3437 2958 3502 quam:
2985 3428 3056 3486 sit
3081 3443 3215 3486 vana
3237 3438 3292 3485 et
3314 3430 3490 3500 inepta

1909 3526 2172 3583 narratio?
2189 3525 2244 3580 ln
2269 3539 2375 3595 qua
2399 3523 2690 3580 refellenda
2715 3535 2936 3594 cperam
2959 3535 3068 3578 non
3095 3534 3488 3590 consumerem,

1909 3635 2010 3678 nec
2057 3620 2102 3675 si
2129 3635 2234 3675 non
2274 3618 2527 3675 haberem
2558 3617 2612 3673 in
2638 3630 2799 3672 causa
2838 3613 3336 3670 Maximianensium
3379 3624 3490 3668 tam

1909 3712 2064 3770 facile
2092 3713 2206 3767 sine
2233 3710 2336 3766 ulla
2363 3711 2585 3782 ambage
2615 3707 3008 3779 compendium.
3026 3705 3204 3762 Sacra:
3233 3713 3360 3760 sunt
3381 3703 3492 3759 Litn

1908 3813 2040 3862 tera:
2073 3803 2252 3860 :Deus
2292 3803 2500 3857 deorum
2555 3801 2808 3856 Dominus
2852 3800 3050 3855 ιοσιιιυο
3095 3808 3169 3854 ut
3187 3838 3203 3864 ,
3231 3807 3278 3852 et
3301 3796 3494 3851 maris

1914 3909 2102 3955 terram
2131 3915 2166 3951 α
2189 3897 2310 3951 solis
2351 3904 2466 3949 ortu
2487 3909 2643 3965 usque
2670 3893 2739 3948 ad
2762 3907 3037 3958 occasum;
3066 3889 3276 3946 «Sion
3302 3890 3492 3960 species

1910 3991 2104 4046 decoris
2130 3989 2238 4059 ejus
2261 3985 2432 4060 (Psat.
2457 4000 2577 4058 ιιιιις
2597 4027 2611 4050 ,
2643 3985 2668 4041 l
2693 4027 2706 4052 ,
2736 3980 2814 4056 2).
2839 3982 2974 4038 Huic
2997 3980 3310 4052 prophetico
3338 3978 3489 4034 testi-

1911 4081 2092 4140 monio
2115 4077 2347 4135 concinit
2376 4075 2742 4147 Evangelium,
2771 4073 2861 4128 ubi
2887 4073 2954 4129 de
2979 4087 3042 4128 se
3068 4072 3184 4142 ipso
3211 4071 3359 4126 idem.
3380 4069 3490 4125 Do-

1910 4176 2087 4232 minus
2123 4171 2251 4227 dicit
2278 4188 2291 4224 :
2323 4169 2598 4240 Oportebat
2640 4165 2896 4221 Christum
2920 4165 3062 4236 pati,
3091 4172 3139 4219 et
3176 4177 3434 4234 resurgere
3456 4178 3491 4217 a

1909 4267 2120 4323 mortuis
2152 4265 2299 4320 tertia
2322 4264 2422 4328 die,
2455 4272 2500 4317 et
2523 4259 2789 4332 prcdisari
2809 4261 2863 4314 in
2889 4257 3092 4312 nomine
3116 4259 3226 4330 ejus
3249 4256 3493 4328 perniten-

1911 4362 2033 4417 tiam
2062 4367 2107 4416 et
2125 4359 2467 4414 remissionem
2491 4363 2808 4428 peccatorum
2836 4369 2926 4424 per
2945 4360 3304 4423 mergentes
3322 4393 3337 4417 ,
3364 4349 3494 4405 inci-

1910 4452 2162 4526 pientibus
2185 4451 2248 4505 ab
2274 4449 2557 4504 Jerusalem
2583 4445 2736 4519 (Luc.
2758 4461 2901 4514 xxrv,
2927 4445 3018 4512 I6,
3043 4442 3154 4518 47).
3171 4443 3326 4512 Quod
3351 4444 3492 4500 enim

1911 4546 2020 4602 illic
2046 4545 2245 4601 dictum
2273 4550 2386 4609 est,
2425 4538 2632 4595 Voconi:
2675 4550 2860 4594 terram
2890 4554 2924 4592 α
2959 4537 3083 4593 satis
3105 4546 3220 4592 ortis
3239 4550 3400 4608 usque
3423 4533 3493 4588 ad

1911 4657 2144 4696 occasum
2162 4656 2183 4706 ;
2224 4639 2328 4694 hoc
2371 4637 2569 4693 dictum
2594 4643 2677 4691 est
2701 4633 2812 4701 hic,
2860 4631 2966 4688 Per
2990 4647 3162 4688 omnes
3202 4639 3394 4703 gentes.
3422 4629 3494 4684 Et

1911 4733 2055 4805 quod
2085 4732 2154 4787 ibi
2185 4731 2382 4786 dictum
2408 4736 2522 4792 est,
2545 4727 2629 4782 Ea:
2657 4725 2784 4782 Sion
2804 4725 2998 4797 species
3019 4725 3222 4779 decoris
3241 4723 3371 4793 ejus,
3390 4721 3493 4778 hoc

1911 4825 2109 4881 dictum
2129 4832 2214 4880 est
2239 4823 2357 4889 hic,
2384 4817 2746 4891 Incipientibus
2765 4817 2827 4871 ab
2856 4816 3162 4873 Jerusalem.
3195 4814 3311 4872 Non
3348 4816 3498 4872 enim

1913 4913 2283 4971 tantummodo
2311 4912 2381 4968 ibi
2422 4925 2609 4983 passus
2634 4917 2718 4965 est
2753 4907 3037 4976 Christus,
3066 4908 3160 4965 sed
3209 4909 3367 4964 etiam
3420 4907 3489 4963 ibi

1910 5008 2202 5066 resurrexit
2228 5049 2242 5074 ,
2273 5005 2397 5062 inde
2440 5003 2682 5060 ascendit
2707 5004 2760 5059 in
2810 5003 3036 5069 cmlum,
3065 5001 3138 5058 ibi
3177 5009 3390 5057 centum
3411 4999 3494 5054 vi-

1911 5102 2044 5176 ginti
2073 5100 2315 5157 homines
2342 5103 2690 5170 congregatos
2724 5094 2814 5152 die
2841 5094 3184 5152 Pentecostes
3229 5091 3400 5148 misso
3419 5090 3490 5147 de

1912 5195 2051 5253 coelo
2079 5191 2276 5264 Spiritu
2327 5199 2514 5248 sancto
2558 5187 2797 5261 implevit
2827 5204 2842 5242 :
2866 5187 2940 5242 ibi
2963 5197 3078 5241 uno
3110 5182 3199 5240 die
3222 5181 3320 5238 tria
3341 5223 3358 5251 ,
3385 5181 3500 5238 alio

1913 5289 2145 5362 quinque
2171 5285 2340 5341 millia
2380 5283 2712 5341 credentium
2739 5281 2800 5336 in
2822 5289 2978 5337 mum
3011 5289 3205 5347 corpus
3232 5288 3491 5331 conversa

1913 5382 2182 5454 suscepit;
2211 5378 2334 5436 inde
2363 5378 2418 5434 in
2448 5386 2609 5434 totam
2648 5373 2890 5430 intimam
2910 5378 2970 5427 et
2989 5367 3281 5426 Samariam
3303 5407 3322 5436 ,
3351 5375 3410 5424 et
3435 5367 3488 5423 in

1914 5475 2060 5535 orbis
2089 5482 2350 5530 terrarum
2376 5477 2598 5527 czeteras
2636 5473 2822 5538 gentes
2849 5477 2910 5520 se
2937 5459 3312 5519 fructiﬁcme
3331 5459 3494 5517 m-

1913 5571 1994 5628 dit
2017 5578 2072 5626 et
2090 5564 2334 5624 diﬁundit
2360 5561 2616 5620 Ecclesia.
2647 5556 2807 5627 Quod
2841 5553 3117 5626 discipulis
3160 5552 3491 5624 praedicens,

1914 5673 1974 5723 et.
2008 5665 2119 5737 jam
2174 5672 2494 5717 ascensurus
2538 5655 2590 5710 in
2629 5651 2822 5708 coelum
2853 5667 2867 5705 :
2900 5648 3099 5716 Eritis,
3139 5647 3338 5719 inquit,
3367 5647 3496 5702 mihi

1915 5765 2061 5814 testes
2085 5756 2138 5810 in
2169 5752 2488 5816 Jerusalem,
2522 5755 2570 5802 et
2595 5753 2750 5800 totam
2790 5740 3028 5797 Judaeum
3049 5776 3070 5807 ,-
3090 5749 3138 5795 et
3163 5739 3500 5804 SW;,.

1915 5860 1962 5908 et
1983 5863 2142 5920 usque
2181 5845 2236 5899 in
2263 5845 2390 5912 ﬁnes
2428 5850 2573 5896 teme
2603 5836 2738 5909 (Act.
2765 5851 2786 5890 ι
2807 5876 2823 5903 ,
2851 5833 2934 5906 8).
2973 5833 3098 5891 Haec
3122 5833 3282 5910 igitur
3306 5833 3494 5889 Eccle-

1919 5944 1994 6000 sia
2016 5983 2029 6009 ,
2054 5938 2312 6011 incipiens
2333 5934 2404 5990 ab
2429 5929 2764 5996 Jerusalem],
2785 5941 2952 6000 saeue
2972 5939 3070 6002 per
3093 5932 3488 5998 ansuescente:
