4010 6480
531 439 638 498 583

513 566 643 614 tam
663 553 897 613 evidenti
924 553 1244 611 fecunditate
1274 552 1578 611 diffundens
1602 596 1618 624 ,
1645 565 1707 610 ut
1727 563 1779 612 te
1798 555 1971 625 ipsum
1991 567 2121 610 con-

532 647 671 704 literi
697 656 867 718 cogat,
899 643 1041 715 quod
1071 645 1125 699 in
1165 643 1516 701 christianum
1546 660 1742 702 nomen
1787 644 2120 717 providentia

529 737 630 794 Dei
669 736 904 808 quotidie
959 744 1101 792 totus
1128 737 1351 792 vertitur
1392 737 1624 792 mundus
1650 754 1664 790 :
1693 736 1831 804 hinc,
1861 737 2076 808 inquam
2099 776 2115 801 ,

532 829 796 894 Ecclesia,
825 843 943 900 quae
974 829 1202 886 Domino
1225 831 1336 886 Deo
1356 830 1578 886 deorum
1602 832 1885 901 loquente,
1913 845 1944 885 a
1991 830 2119 885 solis

531 931 652 978 ortu
680 936 848 992 usque
873 921 940 977 ad
969 936 1217 978 occasum
1241 930 1480 988 vocatur,
1515 923 1661 978 nullo
1695 922 1854 977 modo
1886 922 1954 977 ab
1981 920 2121 976 Afris

531 1013 875 1070 traditoribus
924 1015 1087 1084 pollui
1118 1016 1319 1086 potuit,
1352 1029 1486 1086 quos
1521 1016 1742 1071 omnino
1781 1014 2040 1079 nescivit;
2070 1014 2118 1069 si

527 1104 837 1160 Maximiani
860 1107 1104 1176 sacrilegi
1127 1107 1326 1162 surculi
1352 1123 1455 1162 non
1480 1107 1715 1177 polluere
1755 1107 2016 1177 plantaria
2040 1111 2121 1160 tot

529 1197 760 1268 collegas
781 1197 896 1268 ejus
921 1239 935 1263 ,
960 1207 1163 1254 tantum
1189 1201 1312 1270 quia
1359 1199 1657 1255 ordinando
1705 1213 1893 1254 manus
1933 1198 1983 1252 ei
2010 1212 2116 1252 non

531 1287 939 1357 imposuerunt;
971 1290 1212 1361 quamvis
1257 1305 1378 1347 eum
1420 1306 1450 1345 a
1493 1290 1764 1345 Primiano
1809 1289 2118 1344 damnatum

530 1376 896 1448 laudaverint,
942 1380 1380 1452 Primianumque
1425 1380 1825 1446 damnaverint;
1877 1378 2118 1450 quamvis

529 1469 586 1526 in
611 1470 727 1540 ejus
757 1471 1046 1528 schismate
1069 1473 1378 1541 constituti,
1411 1472 1720 1529 dilationem
1754 1486 1857 1542 qua
1876 1481 2115 1528 reverte-

528 1570 716 1617 rentur
739 1565 1060 1634 acceperint.

597 1651 824 1709 CAPUT
856 1654 1052 1709 LV.â€”
1076 1655 1166 1712 65.
1195 1655 1332 1724 Quin
1365 1657 1524 1712 etiam
1557 1657 1681 1727 quia
1709 1655 1856 1723 dixi,
1885 1656 2117 1712 traditio-

527 1759 643 1799 nem
667 1744 824 1800 multo
858 1747 1164 1818 probabilius
1192 1764 1284 1802 nos
1308 1748 1444 1802 vobis
1472 1748 1736 1819 objicimus
1763 1746 1902 1819 (Lib.
1930 1749 1956 1803 l
1990 1764 2116 1803 con-

526 1844 606 1890 tra
635 1835 853 1893 Litteras
880 1838 1121 1893 Petiliani
1144 1879 1160 1906 ,
1189 1856 1242 1892 n.
1269 1838 1382 1910 25);
1402 1839 1696 1909 respondes
1717 1854 1803 1894 me
1827 1839 1930 1894 hoc
1955 1838 2114 1894 modo

525 1925 691 1984 fuisse
718 1929 1018 1985 confessum
1046 1973 1061 1997 ,
1090 1931 1233 2002 quod
1275 1945 1393 1986 eam
1433 1945 1528 1985 vos
1575 1931 1731 1986 nobis
1769 1931 2132 2002 probabiliter,

524 2019 787 2090 objicitis;
821 2023 1022 2078 docens
1047 2023 1208 2078 etiam
1239 2023 1476 2092 regulam
1514 2023 1818 2090 locutionis,
1845 2029 1944 2092 qua
1972 2038 2112 2076 com-

526 2112 788 2180 parativus
836 2114 1027 2183 gradus
1075 2114 1212 2183 quod
1257 2123 1374 2167 ante
1425 2114 1642 2182 positum
1685 2123 1756 2167 est
1800 2124 1980 2185 auget,
2012 2129 2113 2167 non

523 2199 660 2270 quod
707 2209 824 2255 ante
867 2206 1058 2272 factum
1103 2213 1176 2258 est
1207 2203 1491 2273 improbat,
1521 2212 1576 2259 et
1621 2203 1934 2274 adjungens,
1964 2204 2112 2259 Sicut

523 2288 647 2344 bene
673 2299 720 2344 et
748 2291 946 2359 melius,
971 2293 1103 2348 male
1125 2303 1168 2348 et
1198 2294 1361 2365 pejus,
1389 2293 1694 2348 [terribiliter
1719 2305 1766 2348 et
1794 2294 2106 2364 horribilius,

523 2379 597 2434 ita
620 2397 727 2436 esse
755 2384 1080 2453 probabiliter
1104 2393 1151 2439 et
1194 2384 1524 2455 probabilius.
1553 2384 1706 2441 Unde
1742 2385 1835 2440 tibi
1861 2385 2110 2456 colligere

523 2473 741 2541 videris,
763 2483 819 2531 et
837 2475 993 2544 dicis,
1017 2478 1082 2533 Si
1119 2493 1206 2532 vos
1229 2477 1567 2549 probabilius,
1601 2494 1691 2533 nos
1717 2495 1836 2550 ergo
1869 2479 2105 2549 probabi-

523 2563 656 2619 liter.
683 2564 820 2622 Hinc
858 2583 956 2638 ego
977 2570 1030 2623 in
1053 2569 1144 2625 illo
1178 2569 1467 2640 prolixiora
1490 2570 1649 2625 trium
1675 2570 1926 2625 librorum
1945 2587 2108 2642 opere

525 2667 624 2711 suo
647 2655 766 2713 loco
818 2659 911 2714 tibi
938 2660 1069 2716 satis
1110 2669 1202 2715 aut
1250 2662 1369 2731 plus
1393 2675 1552 2731 quam
1593 2660 1722 2715 satis
1766 2659 1990 2718 fortasse
2017 2678 2106 2719 re-

518 2749 752 2816 spondi,
780 2759 836 2806 et
879 2752 1091 2808 ostendi
1136 2768 1204 2808 ex
1232 2753 1548 2808 illislitteris
1594 2751 1685 2808 ubi
1708 2752 1869 2810 verba
1916 2754 2106 2810 didici-

516 2851 659 2904 mus,
681 2841 948 2910 quomodo
987 2843 1380 2913 comparativus
1417 2843 1612 2914 gradus
1645 2858 1752 2898 non
1774 2858 1985 2915 semper
2013 2860 2108 2900 au-

516 2939 639 3001 geat
682 2933 824 3003 quod
862 2947 1170 3006 comparat,
1199 2937 1484 3007 aliquando
1525 2937 1790 3008 improbet
1830 2938 1915 2994 cui
1953 2953 2106 2995 com-

514 3031 752 3093 paratur.
801 3025 929 3081 lnde
976 3037 1094 3095 est,
1126 3027 1211 3081 Dii
1253 3029 1465 3083 meliora
1517 3029 1614 3099 piis
1653 3028 1894 3100 (Virgil.,
1919 3028 2105 3100 Georg.

517 3115 608 3170 lib.
641 3118 692 3184 5,
725 3134 852 3175 vers.
885 3119 1033 3192 515).
1066 3119 1194 3176 Inde
1220 3130 1342 3186 est,
1371 3120 1670 3176 Melioribus
1705 3133 1823 3193 opto
1864 3124 2107 3194 auspiciis

515 3205 654 3278 (Id.,
681 3208 898 3267 IEneid.
927 3211 1014 3266 lib.
1048 3212 1116 3278 5,
1147 3228 1278 3266 vers.
1310 3211 1449 3278 498,
1476 3211 1783 3284 499).Lege
1801 3212 2101 3284 diligenter,

516 3298 669 3370 plura
699 3302 811 3372 ipse
841 3303 1099 3373 reperies,
1131 3303 1227 3359 sed
1268 3318 1449 3359 nonne
1491 3304 1736 3372 miraris,
1761 3304 1984 3360 obsecro
2011 3313 2062 3361 te
2085 3346 2103 3376 ,

519 3391 575 3446 in
599 3392 701 3446 hac
731 3407 889 3447 causa
919 3393 1419 3450 Maximianensium
1443 3435 1458 3461 ,
1485 3411 1549 3451 ex
1576 3411 1678 3466 qua
1718 3396 1809 3452 tibi
1833 3396 1900 3452 ad
1924 3397 2102 3453 omnia

525 3496 668 3536 nunc
691 3483 851 3538 statui
889 3485 1252 3554 respondere,
1294 3502 1394 3543 nec
1422 3487 1581 3557 hujus
1609 3487 1740 3542 mihi
1761 3487 1992 3544 defuisse
2019 3490 2102 3545 lo-

517 3576 750 3633 cutionis
794 3579 1140 3650 exemplum?
1167 3579 1225 3634 ln
1251 3579 1338 3635 illa
1366 3579 1561 3650 quippe
1607 3580 2027 3636 luculentissima
2047 3590 2104 3638 et

512 3668 892 3725 facundissima
947 3671 1208 3726 sententia
1259 3671 1564 3742 Bagaiensis
1605 3671 1856 3727 concilii:
1887 3671 2102 3728 Inventa

510 3768 601 3828 est,
633 3760 907 3832 inquiunt,
954 3777 1110 3818 causa
1135 3763 1405 3830 salubrior,
1436 3779 1500 3817 ne
1539 3779 1628 3834 per
1671 3771 1852 3818 cuncta
1878 3764 2101 3819 membra

511 3854 749 3923 pestilens
774 3854 984 3924 irrepat
1009 3855 1145 3910 uirus
1168 3896 1184 3923 ,
1210 3863 1267 3909 ut
1312 3853 1668 3926 compendiosa
1711 3855 1886 3911 dolore
1924 3864 2101 3912 natum

509 3945 707 4000 decidat
732 3947 931 4000 uulnus.
961 3945 1118 4004 Certe
1155 3947 1451 4028 secundum
1479 3948 1714 4020 regulam
1755 3957 1899 4004 tuam
1939 3950 2097 4005 Salu-

507 4039 656 4105 bris,
689 4055 794 4094 non
842 4039 1096 4096 salubrior
1138 4041 1319 4098 dicere
1359 4042 1677 4099 debuerunt.
1720 4041 1906 4114 Neque
1948 4043 2094 4100 enim

508 4129 635 4185 illud
679 4130 928 4199 salubre,
956 4133 1052 4189 sed
1102 4134 1465 4204 perniciosum
1494 4144 1610 4190 erat
1633 4176 1647 4200 ,
1677 4144 1735 4190 ut
1764 4150 1860 4206 per
1905 4145 2096 4193 cuncta

507 4223 745 4278 membra
775 4225 1031 4294 pestilens
1051 4225 1197 4282 virus
1223 4226 1502 4296 irreperet.
1532 4226 1812 4283 Salubrior
1831 4243 1958 4298 ergo
1979 4235 2097 4285 erat

507 4327 665 4367 causa
689 4355 704 4379 ,
733 4323 792 4369 ut
826 4315 1212 4385 compendiose
1235 4316 1420 4373 dolore
1451 4326 1633 4373 natum
1677 4318 1948 4374 decideret
1973 4320 2092 4374 vul-

506 4420 607 4460 nus
630 4447 645 4474 ,
677 4408 921 4476 quamvis
945 4421 1054 4463 non
1082 4417 1226 4464 esset
1261 4409 1490 4466 salubris
1510 4452 1526 4477 ,
1555 4410 1652 4466 sed
1681 4421 1866 4468 contra
1896 4413 2090 4468 exitia-

504 4495 646 4564 bilis,
675 4505 734 4552 ut
761 4512 856 4568 per
898 4508 1087 4554 cuncta
1139 4500 1379 4556 membra
1425 4501 1686 4571 pestilens
1719 4503 1982 4573 irreperet
2004 4504 2089 4559 vi-

504 4603 615 4645 rus.
664 4590 754 4646 Sic
796 4591 1136 4648 traditionem
1185 4593 1514 4664 probabilius
1565 4609 1664 4650 nos
1705 4594 1857 4650 vobis
1907 4595 2093 4667 objici-

502 4695 653 4752 mus,
691 4683 931 4753 quamvis
957 4699 1075 4740 eam
1101 4699 1196 4742 vos
1225 4685 1382 4742 nobis
1427 4700 1537 4743 non
1578 4685 1927 4756 probabiliter
1955 4687 2093 4759 obji-

501 4775 674 4832 ciatis.

519 4882 522 4910 á½·
567 4869 796 4928 CAPUT
818 4871 950 4928 LVI.
977 4902 1046 4912 â€”
1075 4872 1164 4929 66.
1187 4872 1309 4948 .Jam
1327 4872 1476 4939 illud,
1498 4872 1640 4944 quod
1663 4872 1940 4929 Silvanum
1969 4873 2088 4930 Cir-

498 4971 704 5020 tenscm
744 4963 1056 5034 episcopum
1097 4949 1337 5020 vestrum
1367 4963 1476 5019 dixi
1527 4964 1690 5020 fuisse
1736 4963 2082 5032 traditorem,

492 5055 833 5126 municipalia
873 5065 1022 5128 gesta
1063 5065 1344 5126 testantur,
1388 5057 1584 5113 ibidem
1633 5057 1774 5128 apud
1812 5057 2013 5114 Cirtam
2052 5073 2084 5114 a

494 5157 742 5204 curatore
797 5147 1106 5219 reipublicae
1153 5149 1388 5204 Munatio
1429 5148 1605 5206 Felice
1646 5151 1905 5207 confecta.
1950 5150 2083 5206 Nam

492 5239 628 5296 sicut
659 5240 729 5296 ibi
756 5241 1013 5311 scriptum
1053 5241 1298 5312 legimus,
1329 5239 1668 5312 Posteaquam
1694 5252 1982 5314 perventum
2009 5251 2083 5298 est

491 5332 560 5386 ad
585 5332 930 5387 bibliothecam
955 5335 995 5399 â¸,
1024 5333 1222 5388 inventa
1263 5345 1380 5389 sunt
1420 5335 1486 5389 ibi
1517 5335 1740 5389 armaria
1763 5337 1934 5391 inania
1967 5352 1984 5389 :
2015 5335 2083 5390 ibi

489 5423 700 5496 protulit
729 5424 976 5479 Silvanus
1003 5425 1337 5496 capitulatam
1363 5427 1383 5456 â€™
1409 5434 1698 5497 argenteam
1723 5435 1772 5480 et
1823 5427 2082 5481 lucernam

489 5526 779 5588 argenteam
804 5558 820 5585 ,
850 5517 986 5586 quod
1024 5518 1210 5573 diceret
1260 5536 1313 5574 se
1335 5529 1449 5591 post
1475 5536 1647 5574 arcam
1684 5537 1768 5576 eas
1812 5522 2074 5577 invenisse.

487 5606 584 5662 Cui
621 5606 792 5662 Victor
819 5608 1014 5678 Auï¬dii
1065 5609 1193 5666 dixit
1225 5627 1244 5665 :
1277 5609 1514 5666 Mortuus
1560 5616 1754 5684 fueras,
1780 5613 1825 5668 si
1850 5630 1950 5668 non
1978 5631 2077 5670 eas

487 5697 783 5758 invenisses.
811 5698 965 5756 Felix
985 5710 1153 5758 autem
1169 5711 1374 5759 curator
1397 5719 1511 5758 cum
1538 5704 1583 5760 ei
1611 5704 1841 5776 dixisset,
1865 5705 2079 5778 Inquire

552 5857 571 5922 Î¾
597 5859 796 5922 intus,
811 5865 1030 5922 apertum
1059 5864 1147 5910 est.

553 5918 577 5960 Â³
598 5918 733 5986 mliti,
753 5918 1017 5988 capsulam.
1041 5922 1195 5974 Nostri
1213 5932 1386 5974 onmes
1401 5929 1528 5989 Mss,
1555 5923 1879 5990 capitulatim.

1309 433 1584 494 CONTRA
1620 432 2054 494 CRESCONIUM
2091 431 2548 509 DONATISTAM,
2586 440 2644 499 S.
2683 442 3048 505 AUGUSTINI

3724 443 3829 501 58â€˜

2234 557 2542 628 diligentius,
2571 579 2633 618 ne
2652 563 2775 636 quid
2804 566 2884 622 hic
2911 566 3240 633 remanserit;
3272 563 3513 622 Siluanus
3539 561 3694 631 dixit,
3731 562 3832 617 Ni-

2233 651 2307 704 hil
2331 653 2410 706 hic
2433 656 2691 722 remansit,
2722 666 2884 713 totum
2933 660 3028 714 hoc
3064 661 3320 731 ejecimus.
3344 661 3475 730 Quae
3511 671 3668 733 gesta
3694 679 3822 720 cum

2231 745 2371 814 apud
2420 756 2535 801 aeta
2563 749 2839 822 Zenophili
2876 753 3172 810 consularis
3199 755 3560 812 recitarentur
3583 800 3598 825 ,
3631 759 3821 830 eisque

2231 836 2615 907 insererentur,
2640 843 2778 898 inter
2833 845 2934 900 alia
2982 846 3197 903 testium
3239 848 3406 905 multa
3451 851 3820 919 documenta,

2229 931 2473 1000 qumsivit
2517 933 2823 992 Consularis
2854 954 2867 992 :
2902 937 3039 1004 Quid
3075 939 3463 996 administrabat
3491 951 3608 997 tunc
3645 943 3824 999 Silva-

2228 1037 2325 1077 nus
2371 1024 2422 1078 in
2469 1024 2748 1080 clericalu?
2779 1026 2951 1083 Victor
2990 1032 3250 1100 respondit
3279 1047 3298 1087 :
3327 1031 3438 1088 Sub
3481 1032 3653 1088 Paulo
3701 1036 3816 1103 epi-

2227 1131 2380 1186 scopo
2420 1126 2531 1171 orta
2577 1121 2853 1190 persecutio
2899 1131 3010 1186 est,
3043 1121 3283 1179 Silvanus
3325 1123 3666 1181 subdiaconus
3699 1128 3815 1198 fuit.

2227 1205 2361 1261 Huic
2404 1215 2459 1262 tu
2505 1209 2839 1279 publicorum
2881 1222 3153 1283 gestorum
3199 1215 3599 1272 evidentissima
3646 1217 3815 1273 docu-

2227 1308 2446 1369 mento,
2479 1316 2585 1371 quo
2627 1303 2803 1359 minus
2845 1305 3114 1372 credatur,
3161 1321 3416 1378 magnum
3467 1309 3662 1380 aliquid
3713 1309 3812 1366 tibi

2224 1390 2420 1446 videris
2452 1407 2740 1463 opponere,
2759 1396 2880 1466 quia
2907 1412 3297 1455 commemoras
3312 1402 3631 1457 sententiam
3649 1419 3817 1473 quam

2225 1479 2358 1537 dixit
2402 1481 2459 1537 in
2485 1483 2825 1542 Caecilianum
2849 1487 2997 1543 velut
3021 1490 3245 1558 puniens
3277 1491 3599 1558 traditores;
3627 1508 3695 1549 ac
3721 1509 3812 1550 ar-

2229 1575 2576 1646 gumentaris,
2601 1578 2719 1634 fieri
2745 1593 2850 1635 non
2879 1581 3118 1651 potuisse
3161 1591 3220 1637 ut
3253 1583 3476 1640 traditur
3499 1583 3694 1652 fuerit,
3725 1587 3813 1658 qui

2225 1665 2522 1723 traditionis
2552 1677 2659 1725 tam
2687 1685 2908 1728 severus
2936 1673 3080 1728 ultor
3107 1675 3401 1731 exstiterit:
3427 1677 3582 1747 quasi
3612 1677 3811 1748 aliquid

2222 1759 2460 1814 severius
2519 1761 2766 1818 videatur
2815 1765 2833 1796 â¸
2877 1765 2984 1821 illis
3053 1768 3396 1839 nequissimis
3469 1769 3810 1840 senioribus,

2221 1852 2433 1920 quando
2459 1853 2514 1908 in
2544 1856 2893 1913 occidendam
2929 1858 3225 1917 Susannam
3248 1870 3394 1918 tanta
3429 1864 3683 1919 instantia
3706 1880 3809 1920 sa:-

2220 1942 2465 2009 viebant,
2490 1959 2612 2000 cum
2644 1961 2830 2003 eorum
2872 1951 3196 2007 conscientia
3227 1953 3343 2023 ipso
3368 1954 3569 2026 flagitio
3598 1955 3812 2013 fodere-

2223 2040 2327 2100 lur,
2355 2034 2495 2105 quod
2524 2051 2582 2092 se
2609 2036 2662 2092 in
2687 2039 2774 2093 illa
2806 2041 2996 2110 punire
3016 2044 3153 2099 velle
3181 2044 3448 2115 fingebant
3477 2046 3637 2117 (Dan.
3659 2050 3806 2120 xm).

2217 2121 2321 2178 Sed
2343 2126 2651 2184 omittamus
2675 2130 2798 2187 talia
2827 2149 2841 2186 :
2883 2133 3009 2202 quid
3036 2135 3375 2192 Felicianus?
3402 2140 3651 2208 numquid
3693 2155 3808 2199 non

2215 2229 2338 2270 cum
2361 2216 2629 2275 Primiano
2650 2237 2794 2279 nunc
2816 2222 3187 2296 damnatquod
3204 2242 3326 2282 cum
3347 2227 3665 2285 Maximiano
3691 2231 3810 2300 ipse

2215 2310 2512 2378 commisit,
2550 2314 2644 2369 sed
2671 2317 2827 2386 plane
2883 2319 3105 2375 meliore
3162 2324 3426 2377 sententia
3469 2326 3804 2394 correctior,

2217 2414 2323 2455 non
2354 2401 2735 2474 impudentior?
2763 2408 2916 2476 Quod
2943 2410 3190 2468 Silvanus
3215 2414 3260 2468 si
3301 2415 3476 2470 facere
3503 2416 3804 2486 voluisset,

2215 2506 2322 2547 non
2352 2494 2404 2549 in
2451 2495 2738 2555 Caeciliano
2781 2499 3000 2568 falsam,
3030 2503 3124 2559 sed
3154 2506 3204 2559 in
3236 2520 3295 2562 se
3331 2507 3447 2576 ipso
3477 2523 3661 2564 veram
3694 2520 3803 2566 tra-

2213 2582 2468 2640 ditionem
2499 2589 2696 2646 salubri
2740 2595 3115 2652 emendatione
3135 2596 3478 2668 damnasset,
3507 2610 3565 2656 et
3595 2602 3659 2657 ad
3679 2602 3804 2658 Ca:-

2213 2675 2389 2731 ciliani
2433 2679 2792 2738 innocentiam
2815 2726 2829 2751 ,
2858 2686 3067 2741 etiamsi
3124 2703 3232 2744 non
3275 2691 3563 2761 episcopus
3585 2733 3599 2758 ,
3625 2702 3802 2750 tamen

2212 2777 2450 2825 correcta
2499 2773 2757 2842 pravitate
2809 2777 3089 2833 transisset
3118 2796 3131 2833 :
3157 2780 3296 2836 sicut
3334 2781 3641 2838 Felicianus
3667 2786 3688 2817 Â¹
3735 2785 3802 2841 ad

2212 2858 2569 2932 Primianum,
2597 2881 2756 2937 quem
2793 2869 3038 2926 similiter
3065 2880 3122 2927 ut
3156 2873 3243 2929 ille
3273 2873 3618 2932 Caecilianum
3647 2879 3802 2935 dam-

2211 2965 2430 3012 naverat
2451 2957 2791 3017 innocentem
2813 3005 2828 3030 ,
2861 2965 3032 3034 potuit
3063 2975 3236 3022 tamen
3281 2970 3398 3024 sine
3442 2972 3652 3026 macula
3683 2973 3800 3035 Pri-
3903 2961 3910 2967 â€™

2212 3045 2376 3100 miani
2402 3049 2487 3102 vel
2527 3064 2621 3105 sua
2647 3066 2768 3107 cum
2796 3054 3085 3126 episcopali
3128 3057 3287 3112 etiam
3320 3058 3525 3115 honore
3547 3063 3798 3119 transire.

2281 3138 2368 3194 67.
2401 3139 2509 3196 Nec
2556 3141 2686 3198 illud
2735 3145 2878 3215 quod
2917 3147 3061 3213 dixi,
3112 3150 3276 3205 nescio
3318 3168 3443 3222 quos
3493 3155 3798 3224 traditores,

2209 3248 2332 3302 quos
2352 3235 2502 3288 vestri
2528 3237 2748 3307 majores
2789 3240 3106 3311 arguebant,
3138 3245 3184 3298 si
3206 3246 3446 3299 veraciter
3479 3249 3798 3318 arguebant,

2209 3323 2435 3380 debuisse
2458 3328 2770 3397 convincere;
2794 3332 2871 3387 sic
2901 3335 3204 3404 acceperis,
3239 3345 3489 3408 tanquam
3529 3339 3634 3397 hoc
3653 3341 3795 3412 apud

2207 3431 2268 3473 se
2291 3417 2434 3488 ipsos
2463 3419 2635 3476 facere
2674 3421 2978 3480 debuerint.
3010 3425 3099 3481 Sic
3125 3429 3266 3482 enim
3315 3430 3634 3500 respondes,
3661 3432 3798 3502 quod

2207 3510 2449 3581 fecerint,
2481 3522 2529 3567 et
2555 3515 2667 3569 ideo
2697 3526 2895 3572 nostros
2919 3520 3198 3590 perdidisse
3234 3521 3550 3594 Baptismurn
3578 3527 3798 3596 judica-

2206 3606 2383 3660 verint.
2417 3605 2559 3678 Lege
2582 3609 2731 3678 prius
2768 3610 3050 3683 diligenter
3076 3624 3262 3672 contra
3305 3617 3446 3688 quod
3488 3619 3709 3685 scribis;
3736 3629 3797 3676 et

2206 3705 2297 3752 aut
2335 3697 2568 3770 intellige
2601 3717 2719 3772 quae
2765 3698 3048 3772 dicuntur,
3077 3715 3166 3760 aut
3212 3707 3325 3763 noli
3361 3707 3500 3779 quod
3531 3709 3796 3782 intelligis

2205 3797 2413 3846 vertere
2465 3789 2518 3845 in
2559 3792 2722 3848 aliud.
2760 3793 2874 3864 Ego
2903 3795 3052 3866 dixi,
3086 3812 3194 3854 non
3233 3799 3375 3870 apud
3405 3808 3650 3868 vestros,
3701 3802 3796 3860 sed

2202 3882 2341 3953 apud
2372 3883 2643 3941 Ecclesias
2683 3889 3067 3946 transmarinas
3090 3931 3105 3959 ,
3138 3892 3333 3962 quibus
3375 3893 3695 3951 innocentes
3719 3895 3795 3952 illi

2201 3973 2516 4030 videbantur
2553 3979 2642 4047 qui
2687 3981 3064 4050 arguebantur,
3101 3998 3132 4037 Ï„Î¹
3178 3985 3373 4040 vestris
3419 4000 3514 4042 eos
3541 3987 3794 4046 debuisse

2199 4067 2462 4124 convinci.
2482 4067 2614 4123 Nam
2635 4078 2691 4125 et
2715 4069 3155 4131 Maximianenses
3171 4074 3472 4133 convictum
3488 4079 3592 4134 sibi
3609 4079 3790 4136 viden-

2200 4167 2290 4216 tur
2315 4155 2599 4220 damnasse
2622 4164 2946 4222 Primianum
2972 4209 2989 4236 ,
3021 4169 3114 4224 sed
3136 4184 3241 4225 non
3259 4171 3397 4241 apud
3425 4186 3521 4228 eos
3546 4175 3639 4244 qui
3673 4175 3786 4230 lon-

2198 4255 2315 4325 gius
2356 4255 2556 4324 positi,
2587 4264 2693 4311 eta
2739 4260 2909 4328 gratia
2945 4260 3030 4314 vel
3081 4261 3277 4317 invidia
3323 4265 3648 4320 remotiores
3686 4265 3787 4322 tale

2196 4344 2264 4401 de
2327 4346 2416 4401 illo
2483 4357 2703 4417 possent
2755 4349 2898 4406 ferre
2947 4350 3203 4420 judicium
3235 4394 3250 4421 ,
3307 4354 3449 4424 quod
3523 4359 3784 4413 universa:

2196 4439 2336 4510 parti
2366 4439 2554 4494 Donati
2584 4439 2736 4497 facile
2761 4443 3096 4512 probaretur.
3139 4444 3289 4502 Nunc
3323 4462 3452 4502 vero
3493 4448 3783 4507 damnave-

2196 4539 2321 4586 runt
2348 4546 2470 4587 eum
2496 4541 2709 4588 centum
2733 4574 2749 4601 ,
2781 4543 2836 4590 et
2863 4535 3089 4607 amplius
3125 4553 3284 4608 quam
3326 4541 3584 4597 trecentis
3611 4543 3757 4599 absol

2195 4623 2424 4678 vendum
2441 4623 2788 4695 reliquerunt,
2813 4627 2951 4698 apud
2963 4644 3098 4700 quos
3111 4630 3208 4700 ipsi
3231 4632 3527 4702 perieulum
3563 4635 3756 4690 damna

2193 4716 2353 4771 tionis
2384 4718 2735 4775 incurrerent.
2771 4721 2860 4777 Eis
2881 4724 3076 4795 quippe
3102 4732 3208 4781 tam
3240 4726 3481 4796 pluribus
3507 4743 3662 4785 suam
3688 4729 3779 4785 dc-

2192 4808 2423 4866 buerunt
2447 4812 2769 4882 persuadere
2796 4816 3138 4886 sententiam,
3165 4828 3224 4874 ut
3247 4819 3349 4890 ipsi
3378 4836 3502 4876 cum
3534 4823 3617 4878 eis
3643 4824 3776 4879 intus

2191 4909 2372 4957 essent
2399 4944 2414 4970 ,
2446 4902 2746 4962 Primianus
2792 4915 2971 4962 autem
3018 4906 3151 4964 foris
3179 4951 3195 4977 ,
3225 4910 3271 4965 si
3323 4910 3610 4969 damnatus
3667 4930 3775 4986 pte-

2190 4993 2466 5050 nitentiam
2498 4996 2815 5067 respuisset.
2855 4999 2912 5055 Si
2952 5009 3132 5057 autem
3176 5001 3277 5058 hoc
3305 5011 3411 5058 tam
3439 5005 3633 5075 majori
3677 5023 3773 5062 nu-

2188 5103 2340 5147 mero
2358 5089 2379 5122 Â³
2403 5091 2726 5163 collegarum
2742 5133 2758 5160 ,
2779 5101 2833 5149 et
2875 5101 2954 5150 tot
2975 5108 3085 5151 suae
3105 5098 3498 5154 communionis
3524 5098 3774 5155 Eeclcsiis

2188 5201 2284 5256 per
2310 5194 2472 5241 totam
2509 5185 2742 5242 Africam
2773 5185 2978 5243 diffusis
3005 5189 3328 5258 persuadere
3367 5207 3473 5246 non
3517 5202 3767 5263 possent;

2186 5291 2278 5336 aut
2307 5283 2623 5338 sententiam
2647 5296 2800 5339 suam
2827 5283 3054 5339 consilio
3079 5284 3293 5340 saniore
3313 5286 3700 5352 rescinderent,
3721 5288 3770 5341 in

2186 5387 2290 5443 qua
2329 5371 2441 5428 falli
2485 5374 2623 5429 sicut
2667 5374 2911 5430 homines
2953 5374 3021 5431 de
3067 5375 3282 5432 homine
3327 5386 3652 5448 potuerunt;
3685 5385 3771 5432 aut

2184 5465 2229 5519 si
2255 5479 2380 5521 vera
2403 5468 2516 5536 ejus
2545 5465 2769 5522 erimina
2797 5469 2912 5524 sine
2949 5467 3053 5523 ulla
3082 5467 3419 5526 dubitatione
3449 5470 3763 5535 didicerant,

2183 5573 2303 5628 qua:
2351 5566 2528 5616 tamen
2573 5560 2897 5631 persuadere
2940 5569 3089 5619 tanto
3137 5563 3378 5633 pluribus
3425 5565 3634 5622 caeteris
3660 5577 3768 5619 non
3835 5621 3842 5626 .

2246 5742 2265 5774 Â³
2286 5745 2387 5789 Am.
2410 5745 2484 5789 Er.
2512 5746 2564 5790 et
2584 5745 2714 5800 Mx...
2735 5737 3001 5791 videbatur.

2243 5805 2266 5875 Î¾
2289 5809 2337 5851 In
2359 5811 2485 5875 Mss...
2507 5800 2549 5853 si
2574 5801 2857 5874 Ivâ€˜elicianus:
2915 5863 2926 5875 ,
3211 5871 3246 5875 __
3277 5872 3313 5875 __
3415 5864 3432 5875 .
3633 5861 3646 5871 .

2179 5866 2276 5984 ha;
2291 5872 2418 5976 fetv},
2445 5864 2534 5915 hoc
2548 5865 2730 5917 crimen
2750 5864 2926 5928 majori
2956 5877 3170 5919 numero.
3197 5871 3254 5918 At
3276 5872 3382 5918 Mss.
3415 5864 3546 5931 loco,
3568 5864 3768 5936 crusta,

2279 5940 2339 5979 en
2366 5963 2380 5984 ,
2419 5939 2514 5977 am.

2366 5963 2380 5989 ,
2399 5963 2514 5977 Î·Î½...
