4010 6486
281 407 384 469 585

280 525 560 597 valebant,
610 542 892 593 nocentem
942 538 1186 598 scientes-
1216 542 1503 602 tolerarent
1549 546 1859 617 prudentius

273 629 327 677 et
351 621 686 693 patientius,
729 642 888 697 quam
928 644 988 686 se
1028 646 1059 687 a
1110 643 1184 689 tot
1226 634 1594 694 innocentibus
1640 639 1727 709 qui
1761 640 1863 695 ista

269 714 593 783 nescirent,
646 719 810 789 impio
853 723 1139 782 schismate
1202 741 1531 800 separarent.
1599 732 1864 790 Tenerent

269 808 416 863 enim
445 810 593 867 illam
620 813 765 871 beati
792 817 1041 890 Cypriani
1071 822 1431 891 plenissimam
1449 826 1718 883 charitatis
1746 830 1861 898 pie-

267 900 504 973 tatisque
532 910 886 979 sententiam,
916 929 1018 983 qua
1045 914 1173 971 dicit
1203 934 1217 971 :
1261 916 1399 970 Nam
1434 920 1525 972 etsi
1552 921 1779 976 videntur
1810 922 1862 977 in

263 991 502 1049 Ecclesia
542 1015 649 1054 esse
675 1002 871 1057 zizania
891 1047 905 1071 ,
938 1023 1038 1061 non
1084 1016 1249 1063 tamen
1288 1010 1523 1082 impediri
1561 1014 1701 1069 debet
1734 1016 1861 1084 ﬁdes

259 1094 351 1136 aut
364 1086 596 1144 clraritas
618 1102 825 1158 nostra;
850 1105 905 1150 ut
922 1098 1161 1167 quoniam
1198 1101 1394 1156 zizania
1417 1120 1523 1157 esse
1549 1106 1601 1158 in
1626 1103 1861 1161 Ecclesia

256 1177 521 1233 cernimus
538 1222 553 1245 ,
580 1180 679 1250 ipsi
720 1184 783 1239 de
802 1185 1032 1241 Ecclesia
1055 1189 1347 1245 recedamus
1377 1192 1632 1263 (Epistola
1645 1196 1713 1248 ad
1742 1196 1860 1250 Ma-

255 1267 721 1341 :riminum).Quod
734 1278 950 1345 quidem
963 1279 1065 1335 illis
1088 1290 1213 1338 tunc
1232 1284 1527 1353 prodesset,
1544 1288 1589 1341 si
1606 1287 1661 1341 in
1682 1288 1858 1345 Eccle-

252 1358 352 1413 siae
366 1361 650 1420 catholicas
667 1370 872 1437 gremio
900 1373 1105 1442 purgati
1135 1385 1482 1445 purgamenta
1506 1378 1853 1448 tolerarent‘,

249 1464 377 1519 quae
392 1462 524 1509 ante
542 1462 750 1527 tempus
774 1472 1025 1530 separare
1064 1478 1167 1518 non
1197 1475 1433 1535 possent.
1464 1466 1570 1523 Sed
1597 1468 1738 1539 quod
1762 1483 1856 1525 eos

246 1539 489 1598 dicimus
540 1545 607 1600 in.
648 1546 748 1604 bac
792 1551 990 1607 erroris
1028 1554 1194 1609 vestri
1241 1556 1530 1627 societate,
1563 1573 1720 1629 quam
1763 1574 1855 1616 ve-

245 1645 369 1688 ram
414 1635 714 1695 Ecclesiam
769 1657 887 1698 esse
941 1645 1301 1714 arbitramini,
1348 1649 1524 1706 facere
1563 1650 1810 1708 debuisse
1832 1694 1849 1720 ,

241 1721 355 1778 hoc
403 1726 636 1796 majores
681 1732 841 1786 vestri
887 1734 943 1789 in
986 1734 1072 1790 illa
1116 1738 1396 1807 perspicue
1441 1754 1587 1809 vera,
1620 1742 1675 1796 in
1701 1742 1852 1812 cujus

244 1814 455 1871 unitate
490 1817 725 1887 fuerunt,
767 1838 835 1879 ne
871 1825 938 1880 ab
977 1826 1064 1881 illa
1109 1836 1505 1899 separarentur,
1534 1832 1707 1889 facere
1748 1833 1850 1890 de-

242 1902 501 1962 buerunt.
561 1910 711 1967 Sicut
755 1914 898 1969 enim
951 1917 1172 1986 quilibet
1225 1921 1391 1990 partis
1439 1930 1632 1978 vestra:
1685 1922 1848 1981 homo

240 2009 462 2054 causam
491 2000 746 2059 Primiani
772 2019 993 2075 prorsus
1018 2009 1289 2078 ignorans,
1319 2019 1498 2068 tamen
1547 2015 1787 2083 quamvis
1816 2030 1847 2069 a

237 2100 461 2145 centum
492 2092 1001 2154 Maximianensibus
1025 2099 1333 2156 damnatum
1362 2144 1376 2169 ,
1407 2104 1721 2175 simpliciter
1765 2106 1848 2160 in-

236 2190 531 2236 nocentem
554 2185 727 2240 credit
754 2200 898 2254 eum,
922 2189 1011 2258 qui
1041 2198 1187 2245 tanto
1212 2192 1453 2261 pluribus
1477 2209 1536 2249 se
1564 2196 1840 2265 probavit:

236 2269 317 2323 ita
346 2273 508 2327 etiam
547 2274 601 2330 in
630 2280 1006 2335 communione
1029 2282 1312 2351 catholica,
1345 2301 1504 2354 quem
1532 2301 1692 2343 causa
1722 2287 1841 2343 Ca2-

238 2360 422 2416 ciliani
456 2364 628 2432 latet,
675 2382 782 2423 non
834 2369 1100 2427 immerito
1128 2373 1231 2428 sibi
1282 2374 1621 2431 innocentem
1671 2376 1841 2435 fuisse

237 2453 531 2519 persuadet
548 2470 672 2512 eum
697 2498 712 2525 ,
743 2459 834 2529 qui
858 2475 966 2516 non
996 2462 1167 2517 solum
1200 2479 1293 2533 per
1332 2465 1565 2521 Africam
1592 2509 1607 2535 ,
1654 2483 1840 2524 verum

233 2541 395 2595 etiam
427 2558 527 2612 per
555 2554 637 2600 tot
682 2548 923 2618 gentium
982 2551 1391 2607 Christianarum
1440 2563 1646 2623 terras,
1692 2566 1840 2613 tanto

232 2630 481 2699 pluribus
527 2636 791 2708 episcopis
842 2641 1051 2698 caeteris
1078 2643 1162 2697 vel
1203 2644 1535 2700 innotescere
1583 2647 1839 2703 innocens

230 2724 405 2793 potuit
432 2726 521 2782 vel
548 2730 807 2786 occultari
831 2747 1033 2788 nocens
1066 2749 1079 2786 :
1110 2734 1250 2804 apud
1290 2750 1427 2806 quos
1454 2746 1551 2792 aut
1576 2738 1642 2793 ab
1670 2753 1836 2809 agno-

229 2827 420 2873 sccute
450 2821 649 2875 meruit
672 2822 909 2890 absolvi,
954 2834 1045 2880 aut
1070 2840 1177 2881 non
1222 2829 1415 2883 meruit
1444 2831 1513 2885 ab
1557 2831 1835 2901 ignorante

230 2907 515 2978 damnari,
546 2922 639 2967 aut
665 2925 918 2985 corrupto
934 2916 1113 2986 judice
1136 2927 1321 2974 contra
1351 2936 1513 2991 quam
1533 2935 1829 2995 meruerat,

228 3000 529 3070 absolutus,
563 3020 674 3060 non
698 3007 869 3076 potuit
896 3008 1013 3064 aliis
1060 3010 1150 3079 qui
1199 3025 1306 3065 non
1338 3011 1713 3081 judicaverunt
1736 3016 1831 3071 de-

226 3094 541 3149 monstrari.
574 3095 682 3151 Vos
730 3097 890 3167 igitur
940 3100 1198 3170 sacrilega
1228 3104 1566 3170 separatione
1611 3106 1679 3161 ab
1708 3108 1828 3163 uni-

224 3190 334 3239 tate
359 3186 680 3256 populorum
711 3188 1072 3244 innocentium
1093 3200 1169 3245 tot
1199 3200 1573 3264 tantorumque
1606 3211 1823 3266 separa-

223 3274 377 3340 mini,
407 3277 501 3345 qui
530 3291 651 3332 cum
671 3277 724 3332 in
752 3277 853 3334 bac
879 3294 1039 3335 causa
1062 3281 1269 3351 judices
1296 3299 1416 3339 esse
1445 3301 1553 3341 non
1579 3298 1819 3358 possent,

221 3373 318 3418 aut
343 3366 521 3421 nullos
542 3367 663 3423 hinc
688 3368 856 3425 fuisse
879 3370 1086 3439 judices
1106 3414 1120 3438 ,
1146 3380 1237 3427 aut
1262 3382 1439 3429 utrum
1470 3375 1595 3431 hinc
1623 3378 1825 3449 aliquid

222 3455 313 3508 vel
340 3457 471 3525 quid
496 3457 786 3527 judicatum
811 3462 882 3517 sit
902 3464 1211 3519 nescierunt
1234 3507 1249 3533 ,
1280 3475 1373 3522 aut
1418 3469 1603 3524 electis
1629 3470 1823 3540 judici-

218 3540 323 3598 bus
355 3546 536 3613 potius
555 3564 707 3617 quam
731 3551 884 3606 victis
937 3552 1289 3623 litigatoribus
1314 3558 1674 3615 crediderunt.

285 3635 522 3693 CAPUT
558 3638 713 3696 LVII.
739 3672 811 3681 —
838 3642 926 3698 68.
967 3643 1102 3699 llinc
1150 3647 1373 3704 docetur
1396 3690 1411 3715 ,
1460 3651 1514 3705 in
1546 3667 1613 3708 eo
1655 3654 1817 3711 etiam

217 3727 357 3797 quod
383 3744 453 3783 ex
482 3729 570 3785 illa
599 3747 718 3787 mea
747 3735 1131 3806 quadripartita
1156 3739 1534 3800 distributione
1564 3746 1809 3804 ultimum

215 3817 309 3873 tibi
333 3819 355 3888 (
372 3835 549 3891 neque
575 3824 721 3879 enim
750 3826 891 3881 aliud
919 3828 1168 3900 poteras)
1200 3831 1425 3902 elegisti,
1456 3850 1614 3904 quam
1644 3837 1801 3896 facile

214 3909 562 3977 superemini.
591 3912 710 3967 Dixi
736 3915 879 3969 enim
926 3917 1069 3987 quod
1108 3918 1154 3973 si
1182 3918 1497 3978 documenta
1525 3926 1810 3984 criminum

213 3998 514 4055 traditionis
538 4001 734 4058 fuerint
758 4019 825 4060 ex
856 4014 1079 4077 utraque
1110 4017 1262 4078 parte
1287 4012 1514 4082 prolata,
1538 4024 1629 4070 aut.
1653 4025 1801 4073 utra-

115 4131 118 4133 λ
210 4104 311 4158 quc
355 4101 481 4145 sunt
508 4108 635 4147 vera
662 4134 675 4159 ,
704 4102 797 4150 aut
838 4104 1066 4167 utraque
1112 4098 1275 4165 falsa;
1308 4110 1401 4157 aut
1427 4113 1607 4160 nostra
1637 4122 1764 4163 vera
1786 4150 1801 4177 ,

210 4188 259 4233 et
286 4191 467 4236 vestra
497 4182 657 4250 falsa;
687 4194 778 4239 aut
805 4196 987 4242 nostra
1036 4188 1167 4245 falsa
1192 4231 1207 4257 ,
1239 4198 1294 4247 et
1333 4202 1510 4248 vestra
1538 4211 1682 4252 vera.
1730 4199 1800 4255 Et

207 4282 325 4324 cum
357 4273 413 4325 in
445 4272 617 4328 tribus
644 4276 1008 4345 superioribus
1037 4278 1341 4337 facillimam
1368 4294 1604 4341 nostram
1632 4288 1798 4345 victo-

206 4360 336 4415 riam
368 4362 822 4423 demonstrassem
845 4368 980 4441 (Lib.
1013 4371 1040 4426 1
1070 4382 1247 4426 contra
1288 4372 1508 4431 Litteras
1530 4376 1796 4452 Petiliani,

206 4468 255 4505 η.
276 4452 408 4527 23),
437 4455 492 4510 in
522 4466 713 4527 quarto
739 4474 953 4530 quoque
981 4476 1078 4518 vos
1104 4464 1245 4520 vinci
1264 4506 1279 4531 ,
1308 4476 1399 4522 aut
1427 4468 1605 4523 minus
1634 4470 1796 4528 intel-

204 4542 399 4613 lexisti,
433 4557 527 4602 aut
555 4549 695 4619 quod
729 4553 895 4622 magis
920 4554 1101 4620 credo,
1132 4570 1201 4611 ne
1225 4556 1294 4611 ab
1322 4558 1439 4613 aliis
1466 4559 1792 4631 intelligere-

203 4640 302 4700 tur,
328 4636 514 4691 nescio
534 4639 725 4708 quibus
751 4641 1075 4699 umbraculis
1100 4645 1153 4700 id
1180 4656 1402 4704 conatus
1428 4649 1699 4722 obtegere,
1724 4655 1793 4711 de

198 4727 674 4796 argumentationis
719 4746 918 4802 genere
964 4733 1346 4804 disputandum
1374 4742 1574 4809 putasti
1604 4760 1617 4797 :
1651 4744 1792 4801 unde

198 4819 353 4873 etiam
393 4820 527 4875 alias
553 4823 610 4887 ’,
645 4822 691 4877 si
716 4838 853 4893 opus
897 4824 1099 4894 fuerit,
1130 4827 1357 4886 fortasse
1402 4834 1746 4893 tractabimus
1767 4878 1785 4906 ,

196 4925 261 4968 ne
280 4922 496 4984 tempus
520 4930 664 4971 nunc
688 4918 848 4973 rebus
878 4934 983 4974 non
1013 4924 1332 4979 necessariis
1360 4924 1709 4985 insumamus.

260 5004 493 5060 CAPUT
510 5005 858 5064 LVlll.—69.
882 5010 1112 5067 Proinde
1128 5014 1362 5081 attende,
1385 5025 1561 5074 utrum
1579 5020 1784 5079 valeam

195 5092 243 5151 in
271 5093 363 5149 illo
401 5097 686 5167 perspicuo
728 5101 948 5170 speculo
990 5114 1171 5160 vestro
1194 5146 1209 5171 ,
1239 5105 1340 5162 boc
1379 5117 1462 5164 est
1485 5150 1500 5177 ,
1534 5112 1587 5166 in
1616 5127 1776 5170 causa

191 5181 684 5245 Maximianensium
734 5190 894 5245 etiam
944 5192 1047 5248 hoc
1098 5193 1488 5255 demonstrare.
1541 5201 1780 5276 Namque

189 5277 412 5331 mortuis
438 5278 685 5335 omnibus
723 5289 778 5336 et
816 5282 958 5351 apud
997 5299 1133 5353 quos
1159 5286 1273 5343 haec
1298 5298 1447 5358 gesta
1476 5302 1633 5361 sunt,
1663 5296 1779 5352 fieri

188 5364 473 5435 aliquando
498 5368 696 5437 poterit
722 5378 783 5425 ut
811 5370 951 5427 inter
979 5382 1189 5432 vestros
1216 5385 1273 5434 et
1293 5378 1507 5436 illorum
1532 5392 1778 5452 posteros

188 5459 410 5523 quaestio
460 5461 858 5518 communionis
904 5464 1179 5534 agitetur:
1212 5467 1405 5525 dicturi
1452 5482 1577 5529 sunt
1623 5475 1697 5530 illi
1744 5492 1777 5533 a

185 5549 471 5618 majoribus
507 5550 618 5607 suis
650 5550 826 5609 ferme
863 5564 1079 5611 centum
1119 5557 1205 5614 vel
1234 5561 1463 5630 amplius
1506 5565 1771 5636 episcopis

245 5682 494 5765 Ἠξὲέ
508 5683 1435 5765 ἐξιηὲεριεὲφειξφοιίεαίριένρωωηιις
1457 5710 1773 5765 nummum

184 5739 791 5832 Myﬁﬁ'ﬁyﬁipfg,
804 5739 1769 5832 ρυτραιηεὴὶὶἔῶἕιίἒῆἱῖῶἷηῖὲὸῖὲιῖρὶῗ

184 5800 238 5863 ti,
243 5817 275 5872 _v
282 5804 348 5872 el,
369 5806 551 5872 gremio
569 5800 798 5872 purgatis.

241 5866 261 5896 ²
280 5866 350 5916 sic
365 5866 550 5930 aliquot
569 5866 680 5919 Mss?
695 5879 751 5921 Al.
773 5873 909 5933 editi,
934 5876 1060 5926 unde
1096 5881 1143 5929 et
1166 5892 1275 5931 cum
1297 5880 1421 5935 aliis.

417 5952 647 6018 Sacr.
679 5960 955 6025 AUGUST.
994 5960 1107 6027 IX.

1626 432 1829 489 LIBER
1863 432 2206 503 QUARTUS.

3452 474 3560 533 586

1978 551 2286 658 damnatum
2306 575 2424 620 esse
2448 565 2795 643 Primianum,
2824 583 2878 631 ct
2900 576 3044 647 illam
3072 581 3245 651 primo
3270 598 3387 656 qute
3412 590 3555 658 apud

1974 643 2367 722 Carthaginem,
2389 657 2583 718 deinde
2603 664 2762 721 aliam
2788 643 3398 743 quaeapud-Cebarsussi
3423 643 3554 737 don:

1974 746 2053 793 tra
2079 755 2204 837 eum
2242 752 2542 823 conscripta
2571 765 2653 812 est
2690 764 3004 819 sententiam
3042 769 3299 836 prolaturi
3325 789 3338 837 ;
3368 786 3552 831 contra

1970 831 2132 932 vestri
2175 837 2457 894 concilium
2506 843 2797 915 Bagaiense
2844 831 3163 916 recitabant.
3216 831 3557 932 Flagitabunt

1940 974 1943 977 λ
1970 920 2082 991 illi,
2111 934 2169 981 ut
2196 927 2359 986 diluta
2385 948 2505 991 esse
2546 937 2838 999 doceantur
2864 947 3083 1004 crimina
3114 950 3402 1021 Primiani,
3431 974 3552 1026 qua:

1967 1024 2184 1105 suorum
2214 1020 2473 1090 majorum
2511 1032 2772 1087 sententia
2790 1037 3147 1095 continentur.
3165 1042 3353 1101 Nonne
3380 1049 3551 1105 multo

1962 1100 2159 1171 justius
2182 1107 2357 1166 dicent
2374 1116 2539 1171 vestri
2564 1136 2576 1172 ε
2601 1119 2726 1177 Haec
2750 1126 2971 1182 crimina
2994 1144 3115 1199 quae
3138 1132 3367 1201 objicitis
3386 1137 3549 1193 etiam

1965 1204 2177 1255 mortuo
2209 1202 2249 1269 ¹,
2281 1206 2327 1259 si
2351 1221 2476 1262 vera
2505 1210 2632 1279 sint,
2662 1213 2763 1271 hoc
2791 1219 3031 1289 probate,
3055 1225 3198 1293 quod
3221 1228 3289 1282 ad
3315 1229 3548 1300 majores

1964 1295 2178 1346 nostros
2203 1307 2265 1348 ea
2292 1295 2608 1370 detuleritis,
2637 1307 2777 1375 quod
2802 1310 2879 1365 eis
2908 1311 3025 1369 haec
3050 1330 3177 1371 vera
3197 1295 3546 1378 ostenderitis

1963 1389 2083 1478 esse
2114 1396 2129 1435 :
2157 1384 2299 1452 quod
2325 1388 2371 1442 si
2401 1388 2573 1449 facere
2598 1399 2774 1453 conati
2805 1402 2953 1468 estis,
2996 1420 3095 1461 uec
3119 1407 3344 1478 implere
3372 1416 3548 1482 potui-

1962 1465 2089 1569 stis;
2124 1471 2355 1543 majores
2401 1478 2549 1549 ipsos
2595 1493 2807 1543 nostros
2850 1490 3127 1561 inquinare
3166 1465 3272 1553 non
3299 1465 3549 1569 peierarit

1959 1554 2133 1653 aliena
2159 1562 2382 1624 crimina
2405 1610 2420 1635 ,
2451 1576 2695 1641 quamvis
2723 1592 2849 1635 vera
2870 1620 2886 1647 ,
2921 1598 3041 1653 quat
3067 1586 3172 1643 illis
3199 1606 3305 1647 non
3334 1592 3549 1651 fuerant

1959 1646 2360 1714 demonstrata?
2396 1674 2594 1732 quanto
2640 1669 2818 1728 minus
2862 1675 2910 1729 si
2956 1691 3018 1732 ea
3059 1693 3161 1736 nec
3203 1686 3381 1741 conati
3414 1689 3547 1745 estis

1958 1745 2277 1804 ostendere?
2314 1751 2467 1811 Unde
2510 1758 2670 1829 igitur
2696 1763 2766 1818 ad
2816 1781 2915 1824 nos
2961 1784 3138 1827 causa:
3182 1774 3324 1832 illius
3364 1789 3547 1837 reatus

1958 1837 2185 1931 transire
2212 1844 2420 1911 potuit,
2449 1851 2537 1919 qui
2566 1868 2668 1909 nec
2695 1855 2841 1926 ipsos
2863 1862 2953 1931 qui
2980 1877 3102 1921 cum
3130 1865 3401 1926 Primiano
3417 1880 3545 1930 tunc

1955 1926 2499 2037 vivebantignoratus
2527 1953 2584 2000 et
2623 1926 2895 2018 probatus
2917 1956 3182 2014 involvit?
3210 1961 3320 2019 Vos
3364 1964 3542 2037 itaque

1954 2020 2259 2081 schismatis
2285 2044 2406 2086 reos
2435 2038 2711 2105 perspicua
2737 2044 2961 2102 veritate
2989 2052 3373 2123 convincimus,
3402 2020 3540 2127 qdos

1953 2122 1982 2162 a
2009 2112 2163 2168 nobis
2190 2115 2444 2179 fratribus
2476 2129 2669 2186 vestris
2698 2142 2917 2204 pr0pter
2945 2139 3120 2195 aliena
3149 2112 3390 2215 crimina,
3419 2112 3541 2219 qua:

1953 2206 2079 2257 tunc
2097 2206 2388 2276 majoribus
2415 2218 2614 2274 nostris
2632 2221 2998 2283 demonstrata
3024 2244 3133 2287 non
3153 2243 3295 2303 sunt,
3323 2206 3539 2308 quando

1950 2291 2159 2352 fuerant
2178 2298 2614 2378 demonstranda,
2646 2326 2922 2383 separatos
2948 2321 3213 2380 videmus.
3244 2326 3300 2383 Si
3328 2291 3430 2386 lioc
3448 2330 3539 2400 ju-

1949 2385 2182 2445 sdssime
2201 2391 2424 2451 dieturae
2448 2410 2569 2455 sunt
2593 2403 2797 2475 plebes,
2822 2418 2875 2463 et
2890 2411 3068 2469 clerici
3089 2430 3271 2473 eorum
3295 2420 3535 2478 locorum

1947 2492 2011 2532 ex
2038 2481 2228 2550 quibus
2255 2497 2407 2544 erant
2434 2497 2662 2551 trecenti
2689 2508 2744 2553 et
2784 2500 2969 2558 decem
2991 2546 3005 2571 ,
3038 2508 3127 2576 qui
3153 2520 3341 2567 contra
3370 2514 3536 2571 illuxi-

1946 2570 2250 2633 mianenses
2275 2578 2565 2652 Bagaiense
2594 2590 2881 2649 concilium
2909 2598 3263 2658 condiderunt
3291 2623 3305 2659 :
3332 2605 3377 2661 si
3404 2607 3530 2677 ltoc,

1945 2662 2196 2761 inquam,
2227 2681 2373 2730 recte
2416 2677 2609 2737 dicturi
2654 2694 2778 2741 sunt
2824 2688 2938 2744 Afri
2984 2691 3163 2761 Afris,
3193 2662 3533 2759 Numidzeei

1942 2752 2105 2851 _Mauri
2134 2776 2291 2831 quam
2326 2768 2347 2797 ¹
2374 2768 2585 2837 plurimi
2616 2778 2799 2844 paucis
2822 2779 3112 2851 Byzacenis
3131 2795 3186 2842 et
3210 2788 3523 2848 Provincia-

1940 2844 2107 2915 libus;
2147 2864 2345 2923 quanto
2387 2858 2582 2927 justius
2627 2864 2695 2921 de
2744 2870 3093 2942 criminibus,
3144 2878 3355 2936 etiamsi
3402 2900 3526 2940 vera

1939 2949 2158 3009 essent,
2202 2949 2385 3003 nescio
2427 2967 2655 3021 quorum
2702 2957 2755 3013 in
2802 2960 2983 3018 Africa
3030 2967 3377 3039 traditarum,
3411 2974 3529 3037 hic.

1937 3031 2064 3088 dicit
2086 3036 2228 3094 Afris
2248 3042 2394 3098 orbis
2416 3052 2698 3116 terrarum,
2725 3065 2847 3109 cum
2875 3060 3172 3125 praesertim
3193 3064 3320 3119 etin
3346 3065 3527 3123 Africa

1932 3307 2091 3362 etiam
2116 3312 2398 3371 criminum
2442 3319 2737 3379 alienorum
2759 3365 2774 3392 ,
2808 3344 2926 3397 quae
2971 3332 3103 3388 mihi
3143 3326 3285 3392 nunc
3309 3342 3521 3398 conaris

1930 3401 2233 3471 ostendere,
2263 3421 2371 3462 non
2395 3408 2597 3468 faciunt
2623 3429 2747 3471 reos
2776 3421 3002 3490 populos
3025 3426 3295 3495 gentium;
3324 3431 3519 3501 quibus

1928 3493 2141 3559 quando
2183 3495 2484 3559 debuerunt
2510 3520 2619 3562 non
2661 3493 3047 3571 demonstrata,
3071 3528 3233 3588 sunt,
3393 3527 3517 3595 quia

1926 3596 2034 3639 non
2060 3591 2285 3646 curastis
2309 3608 2323 3645 :
2351 3608 2384 3648 a
2409 3596 2602 3666 quibus
2621 3602 2831 3671 populis
2860 3603 2915 3660 in
2944 3605 3044 3662 hac
3068 3624 3227 3666 causa
3258 3591 3516 3671 innocen-

1925 3674 2087 3744 tibus,
2119 3679 2167 3734 si
2193 3696 2281 3737 me
2309 3682 2671 3746 dissociavero
2694 3732 2709 3759 ,
2740 3708 2839 3762 pro
2868 3695 3180 3755 criminibus
3208 3702 3396 3759 alienis
3423 3706 3513 3761 in-

1920 3783 2122 3826 nocens
2145 3787 2267 3829 esse
2295 3790 2401 3831 non
2430 3786 2615 3847 potero
2643 3795 2675 3837 a
2703 3786 2965 3856 sacrilego
2992 3790 3216 3847 crimine
3243 3794 3509 3852 schisma-

1921 3860 2007 3915 tis.
2035 3861 2285 3931 Proinde,
2314 3876 2373 3921 ut
2397 3868 2687 3937 plurimum
2712 3875 2955 3944 valeatis,
2983 3890 3038 3935 et
3065 3896 3207 3938 nunc
3232 3885 3363 3939 mihi
3389 3887 3507 3946 llaec

1916 3964 2045 4007 vera
2073 3967 2192 4010 esse
2228 3954 2465 4014 doceatis
2488 3999 2504 4025 ,
2535 3960 2849 4021 damnamus
2895 3978 3137 4028 mortuos
3177 3976 3461 4037 traditores
3483 4022 3501 4050 ,

1915 4043 2069 4101 vivos
2095 4061 2204 4101 non
2229 4046 2528 4109 deserimus
2557 4054 2889 4116 innocentes.

1984 4133 2073 4188 70.
2115 4135 2247 4192 Cum
2276 4154 2402 4212 ergo
2444 4142 2669 4201 dixerim
2693 4188 2707 4211 ,
2740 4148 2847 4204 Sed
2882 4152 2927 4207 si
2963 4171 3062 4225 qua
3084 4172 3202 4213 uera
3230 4171 3389 4217 essent
3414 4180 3502 4222 ve-

1908 4234 2015 4279 stra
2052 4226 2352 4286 documenta
2373 4275 2389 4301 ,
2422 4232 2665 4293 Ecclesia:
2685 4281 2699 4306 ,
2734 4242 2830 4296 hoc
2870 4255 2942 4300 est
2966 4287 2981 4314 ,
3022 4251 3286 4308 catholica:
3323 4272 3410 4313 vos
3439 4276 3500 4314 ea

1907 4318 2123 4386 probare
2156 4321 2416 4393 debuisse,
2438 4337 2493 4381 ut
2532 4344 2616 4384 vos
2657 4332 2796 4388 intus
2835 4339 3038 4407 essetis,
3069 4341 3149 4397 illi
3174 4356 3342 4403 autem
3366 4368 3495 4423 quos

1904 4411 2259 4471 convinceretis
2297 4419 2602 4487 pellerentur
2639 4425 2779 4494 foras
2805 4428 2955 4502 (Lib.
2990 4434 3014 4488 1
3058 4448 3236 4493 contra
3273 4411 3493 4503 Litteras

1903 4502 2167 4609 Petiliam,
2198 4526 2249 4564 η.
2280 4510 2387 4585 24)
2419 4532 2432 4569 :
2464 4516 2589 4587 quid
2612 4528 2696 4574 est
2731 4523 2874 4592 quod
2901 4531 3228 4598 respondere
3252 4537 3490 4609 voluisti,

1900 4595 2014 4652 ideo
2038 4604 2406 4671 separationem
2444 4610 2631 4676 factam
2655 4612 2789 4681 quod
2814 4631 2907 4670 nos
2934 4595 3075 4689 foras
3104 4638 3322 4681 essemus
3363 4595 3488 4700 pro-'-

1902 4687 2069 4755 pulsi,
2096 4692 2245 4747 vestri
2281 4704 2448 4749 autem
2486 4697 2539 4751 in
2581 4698 2814 4758 Ecclesia
2866 4687 3099 4776 plenaria
3156 4723 3203 4769 et
3237 4687 3488 4777 catholica

1896 4784 2281 4837 remanserunt?
2322 4784 2436 4842 Hoc
2462 4787 2509 4843 si
2558 4791 2779 4849 totidem
2819 4800 2996 4856 verbis
3024 4805 3176 4862 vobis
3206 4808 3485 4870 Maximia-

1894 4884 2091 4927 nenses
2117 4872 2332 4943 dicant,
2364 4878 2492 4947 quid
2520 4884 2868 4952 respondebis
2888 4931 2905 4956 ,
2934 4892 3037 4948 nisi
3067 4910 3167 4953 nec
3198 4900 3371 4956 refelli
3394 4903 3482 4959 di-

1891 4978 2063 5033 gnos,
2094 4967 2190 5022 sed
2232 4976 2439 5025 tantum
2483 4973 2681 5044 rideri,
2713 4980 2805 5050 qui
2848 4982 3143 5044 Ecclesiam
3184 4991 3480 5060 plenariam

1890 5070 2010 5112 cum
2037 5059 2299 5130 episcOpis
2322 5061 2432 5132 jam
2460 5066 2636 5124 minus
2660 5085 2817 5140 quam
2849 5086 3062 5133 centum
3086 5119 3102 5147 ,
3134 5059 3323 5137 contra
3355 5092 3476 5141 tan-

1890 5156 1997 5203 tam
2043 5153 2479 5211 numerositatem
2523 5172 2588 5214 ac
2632 5162 3062 5235 multitudinem,
3113 5172 3198 5225 cui
3244 5176 3476 5245 amplius

1887 5256 2047 5312 quam
2091 5250 2313 5301 trecenti
2356 5251 2682 5320 praesident,
2710 5257 2941 5314 audeant
2975 5260 3241 5321 affirmare
3289 5285 3304 5322 :
3349 5284 3474 5327 cum

1885 5351 1981 5407 per
2004 5353 2191 5395 omnes
2219 5341 2412 5399 Africae
2440 5348 2683 5419 regiones
2710 5352 2798 5407 ubi
2841 5353 3283 5416 Maximianenses
3312 5374 3467 5435 sunt,

1884 5444 1991 5487 non
2013 5430 2152 5489 desit
2174 5434 2333 5491 etiam
2360 5443 2665 5498 communio
2690 5443 2978 5503 Primiani:
3008 5464 3107 5520 per
3129 5451 3263 5510 alias
3287 5430 3468 5516 autem

1947 5585 1961 5614 ι
1985 5581 2292 5663 Edita-etiarn
2314 5593 2514 5663 mortuis
2542 5601 2560 5639 :
2586 5598 2637 5641 et
2661 5591 2802 5663 paulo
2842 5600 2951 5663 post
2991 5595 3238 5663 ferebant,
3266 5604 3466 5658 demon-

1878 5650 2031 5721 strata
2060 5644 2343 5721 hominibus,
2368 5649 2411 5700 si
2431 5664 2489 5700 ea
2510 5664 2598 5702 nec
2620 5644 2777 5704 conati
2797 5644 2912 5708 es'tis
2925 5644 3467 5721 «eidéréT‘eiﬁéBEiii

1877 5715 2436 5847 sugllgfcxrglpsslinrisnotzg
2459 5781 2564 5824 Mss.
2590 5782 2646 5826 At
2662 5776 2937 5847 _edi.ti,_.4fri
2959 5784 3105 5847 Afris,
3124 5789 3348 5845 Numida:
3363 5801 3464 5847 Nst-

2068 5832 2437 5910 i‘ttaur-is‘giauri,
2465 5829 2821 5910 quamplurimi
3045 5829 3152 5902 Eic‘.‘

1944 5893 1965 5925 ⁸
1984 5897 2051 5945 tta
2073 5899 2177 5946 Mss.
2196 5894 2313 5949 Editi
2336 5893 2717 5963 ver0,'tanto'sit.

2757 5986 3178 6081 (Βία-ησαω
