4010 6468
517 307 525 312 .
553 302 610 322 -.ι

235 458 496 519 barbaras
541 461 734 526 gentes
768 456 920 507 extra
957 448 1141 506 orbem
1187 449 1484 505 Romanum
1527 447 1821 504 crescendo

235 560 556 624 perventura
600 556 702 602 est.
741 545 891 612 Quod
923 552 976 598 et
1005 553 1056 600 te
1087 544 1369 614 inquisisse
1409 551 1464 598 et
1497 541 1820 612 comperiisse

234 646 489 707 arbitror,
515 653 569 695 ut
599 641 824 699 diceres,
852 637 1041 692 0mitto
1068 639 1292 708 gentium
1328 636 1657 689 barbararum
1695 649 1818 704 pro-

237 740 376 812 prius
425 738 686 807 regiones,
726 732 1003 786 Persarum
1049 731 1215 793 ritus,
1239 730 1406 784 sidera
1444 728 1824 793 Chaldaeorum,

235 831 609 902 eEgyptiorum
652 826 1052 896 superstitiones,
1080 824 1199 878 deos
1232 822 1536 894 Magorum;
1565 832 1619 875 ut
1653 820 1824 874 omnia

234 923 330 978 ista
369 938 473 974 non
512 920 634 985 sint,
663 921 782 987 quia
805 917 1120 987 providentia
1162 915 1252 970 Dei
1297 916 1348 968 in
1376 915 1704 968 christianum
1733 927 1825 967 no-

235 1031 347 1068 men
380 1022 514 1066 totus
538 1011 760 1082 quotidie
782 1010 991 1063 vertitur
1016 1007 1252 1062 mundus.
1294 1006 1418 1060 Hmc
1449 1015 1503 1061 tu
1535 1020 1657 1060 vera
1685 1005 1824 1059 dixi-

233 1107 301 1160 sti
329 1122 344 1158 :
376 1113 433 1158 et
459 1104 539 1158 sic
565 1102 813 1174 impletur
831 1101 1112 1171 promissio
1134 1115 1250 1168 qua:
1274 1099 1410 1153 dicta
1427 1107 1508 1153 est
1533 1097 1822 1165 Abraham,

235 1195 302 1250 In
325 1196 520 1250 semine
562 1204 648 1249 tuo
692 1193 1044 1248 benedicentur
1085 1209 1256 1247 omnes
1299 1201 1468 1262 gentes
1516 1190 1668 1264 (Gen.
1689 1207 1824 1260 χιιι,

238 1288 349 1357 18).
387 1285 598 1352 Omnes,
630 1286 826 1355 inquit,
851 1296 1020 1356 gentes
1043 1300 1062 1350 ;
1087 1299 1192 1339 non
1221 1284 1352 1340 dixit
1375 1324 1391 1350 ,
1419 1281 1663 1338 Omnium
1690 1299 1823 1354 gen-

238 1379 370 1434 tium
414 1393 604 1433 omnes
640 1377 902 1436 homines.
951 1377 1102 1432 Unde
1134 1392 1354 1433 necesse
1401 1385 1484 1432 est
1521 1393 1627 1432 non
1654 1378 1827 1436 solum

237 1470 570 1526 fecunditate
619 1472 910 1527 crescentis
956 1471 1236 1536 Ecclesiae,
1269 1486 1451 1527 verum
1496 1471 1658 1526 etiam
1705 1487 1829 1541 per-

235 1564 408 1620 mixta
454 1563 790 1623 multitudine
825 1563 1160 1618 inimicorum
1187 1563 1303 1632 ejus
1323 1604 1339 1630 ,
1369 1579 1463 1632 per
1491 1577 1626 1632 quos
1656 1563 1831 1633 pietas

153 1677 166 1692 -
238 1655 353 1727 ejus
377 1655 622 1712 exerceri
644 1664 698 1710 et
738 1654 954 1725 probari
986 1655 1184 1724 possit,
1210 1671 1375 1724 usque
1405 1655 1458 1709 in
1488 1656 1645 1710 linem
1683 1654 1829 1724 judi-

238 1749 420 1804 ciarite
467 1747 824 1817 separationis
868 1758 1011 1802 totus
1038 1746 1184 1801 orbis
1211 1745 1512 1815 impleatur.
1558 1748 1646 1800 Sic
1685 1761 1832 1800 com-

239 1851 600 1898 memoratum
643 1849 725 1896 est
772 1840 874 1894 hoc
926 1847 1300 1896 testamentum
1327 1847 1379 1894 et
1409 1837 1476 1892 ad
1518 1837 1686 1894 lilium
1716 1837 1832 1908 ejus

237 1931 410 2000 Isaac,
443 1932 666 1988 Domino
697 1931 928 1996 dicente,
959 1930 1028 1985 Et
1056 1941 1274 1985 statuam
1289 1932 1638 2002 juramentum
1668 1947 1833 1986 meum

237 2025 376 2097 quod
410 2025 586 2096 juravi
636 2025 893 2079 Abraham
941 2024 1073 2096 patri
1111 2034 1234 2088 tuo;
1279 2031 1326 2077 et
1369 2022 1622 2096 ampliabo
1665 2040 1833 2079 semen

239 2126 385 2172 tuum
425 2127 668 2188 tanquam
715 2116 888 2172 stellas
915 2117 1044 2183 cazli,
1074 2127 1121 2170 et
1170 2116 1300 2171 dabo
1344 2116 1433 2170 tibi
1458 2126 1508 2169 et
1543 2115 1720 2170 semini
1746 2124 1832 2171 tuo

241 2225 442 2264 omnem
490 2217 675 2262 terram
699 2248 714 2273 ,
739 2218 785 2261 et
812 2208 1163 2262 benedicentur
1207 2206 1262 2262 in
1310 2207 1499 2261 semine
1547 2215 1632 2260 tuo
1664 2223 1834 2262 omnes

237 2309 414 2372 gentes
440 2309 586 2354 terra:
610 2297 722 2370 (Id.
755 2313 901 2364 xxvr,
934 2298 985 2365 5,
1020 2296 1099 2368 4).
1133 2298 1222 2354 Sic
1245 2307 1301 2354 et
1327 2297 1395 2353 ad
1439 2309 1691 2369 nepotem
1717 2299 1833 2368 ejus

237 2389 429 2456 Jacob,
463 2388 531 2445 Et
555 2393 648 2446 erit
675 2408 841 2446 semen
868 2400 1005 2444 tuum
1031 2392 1159 2445 sicut
1187 2408 1342 2446 arena
1373 2402 1540 2460 terrm,
1571 2401 1616 2445 et
1645 2391 1833 2446 dilata-

236 2481 377 2537 bitur
404 2500 561 2547 supra
583 2499 740 2550 mare,
771 2491 815 2537 et
836 2483 887 2536 in
910 2483 1158 2554 Africum,
1183 2493 1228 2537 et
1253 2484 1305 2537 in
1335 2485 1632 2555 Aquilonem
1657 2525 1672 2550 ,
1695 2494 1743 2539 et
1766 2485 1835 2541 ad

241 2573 524 2642 Orientem,
558 2585 602 2630 et
629 2575 979 2630 benedicentur
1001 2576 1054 2629 in
1079 2585 1126 2629 te
1162 2592 1332 2630 omnes
1357 2575 1515 2630 tribus
1545 2587 1691 2632 terra:
1721 2575 1834 2652 (Id.

238 2683 428 2734 xxvtn,
463 2667 573 2737 14).
604 2666 771 2735 Supra
802 2682 948 2722 mare
994 2676 1170 2722 autem
1218 2667 1530 2739 plerumque
1561 2668 1834 2738 Scriptura

239 2771 364 2812 cum
412 2753 579 2823 dicit,
608 2755 1000 2812 Occidentalem
1051 2767 1252 2825 partem
1295 2757 1470 2813 solere
1510 2758 1832 2828 signiﬁcari,

241 2850 391 2904 novit
414 2849 506 2919 qui
535 2849 682 2920 legit.
717 2849 848 2904 Huic
876 2859 926 2904 tu
959 2859 1278 2905 testamento
1302 2851 1347 2905 si
1380 2853 1586 2921 prolato
1606 2847 1834 2908 consen-

242 2940 345 2996 tire
371 2941 658 3005 voluisses,
691 2957 797 2995 non
831 2942 880 2994 in
903 2941 1018 2995 solo
1047 2940 1229 2996 Africo
1253 2943 1270 2974 ³
1292 2945 1662 2998 remansisses.

315 3032 407 3088 75.
441 3031 557 3088 Non
589 3048 717 3103 ergo
746 3032 895 3086 nobis
923 3034 1338 3100 communicant,
1368 3034 1505 3089 sicut
1529 3035 1683 3102 dicis,
1715 3033 1835 3090 Νο-

243 3124 456 3186 oatiani,
488 3122 687 3188 Ariani,
715 3121 1110 3192 Patripassiani,
1141 3122 1496 3191 Valentiniani,
1527 3124 1833 3194 Patriciani,

244 3215 485 3288 Apellin
506 3215 550 3280 ³,
577 3214 896 3269 Marcionita
917 3258 933 3280 ,
965 3215 1168 3285 Opltittc
1187 3259 1202 3283 ,
1235 3227 1511 3285 cwteraque
1534 3260 1549 3283 ,
1574 3227 1630 3273 ut
1657 3220 1834 3276 verbis

245 3308 352 3362 tuis
383 3317 520 3374 utar,
555 3307 864 3378 nefariarum
890 3308 1126 3376 pestium,
1160 3325 1258 3362 non
1285 3320 1556 3375 sectarum,
1588 3310 1840 3382 sacrilega

247 3400 480 3453 nomina.
520 3398 898 3454 Verumtamen
944 3400 1261 3470 ubicumque
1304 3409 1429 3454 sunt
1458 3401 1580 3467 isti,
1610 3404 1715 3456 illic
1737 3403 1840 3455 Ca-

252 3489 454 3544 tholica
476 3530 491 3553 ,
518 3491 651 3545 sicut
688 3490 739 3544 in
770 3490 947 3544 Africa
994 3491 1084 3546 ubi
1109 3500 1162 3546 et
1201 3508 1293 3547 vos
1323 3511 1335 3545 :
1370 3510 1472 3546 non
1521 3505 1696 3548 autem
1725 3495 1838 3549 ubi-

248 3597 484 3654 cumque
507 3582 776 3638 Catholica
804 3593 906 3649 est,
930 3594 1019 3638 aut
1051 3601 1143 3639 vos
1165 3587 1314 3651 estis,
1339 3595 1431 3640 aut
1457 3588 1674 3642 haeresis
1703 3605 1839 3658 qua:-

248 3673 386 3732 libet
416 3675 644 3730 illarum.
679 3674 831 3731 Unde
852 3685 1070 3745 apparet
1095 3694 1211 3746 quae
1238 3678 1304 3730 sit
1326 3678 1486 3732 arbor
1512 3693 1688 3733 ranms
1715 3695 1840 3734 suos

250 3781 348 3840 per
375 3775 684 3824 universam
725 3777 920 3824 terram
956 3770 1106 3839 copia
1130 3769 1389 3824 ubertatis
1427 3771 1717 3825 extendens
1741 3811 1756 3837 ,
1789 3778 1844 3826 et

251 3863 341 3932 qui
365 3861 478 3915 sint
519 3863 651 3915 rami
706 3859 857 3915 fracti
890 3877 994 3914 non
1033 3861 1290 3917 habentes
1330 3863 1492 3914 vitam
1525 3862 1739 3928 radicis,
1764 3873 1846 3915 at-

253 3964 357 4021 que
385 3952 438 4005 in
468 3953 578 4005 suis
601 3951 796 4021 quique
818 3949 1058 4020 jacentes
1098 3961 1151 4005 et
1194 3961 1497 4006 arescentes
1529 3951 1660 4007 locis
1683 3951 1703 3983 ³
1735 3951 1842 4006 Sed

254 4042 296 4097 si
323 4059 426 4096 non
474 4043 834 4114 permanserint
862 4044 913 4094 in
943 4043 1247 4111 inﬁdelitate
1269 4085 1284 4108 ,
1314 4043 1450 4097 sicut
1489 4043 1555 4097 de
1588 4044 1844 4100 lsraelitis

254 4135 384 4192 dicit
413 4136 725 4203 Apostolus,
749 4136 1048 4187 ins-urentur.
1085 4133 1271 4188 Potens
1310 4145 1384 4188 est
1414 4136 1543 4188 enim
1578 4135 1716 4190 Deus
1744 4137 1841 4190 ite-

253 4243 368 4281 rum
398 4227 620 4280 inserere
642 4226 759 4280 illos
791 4225 961 4297 (Rom.
992 4242 1067 4290 χι,
1098 4226 1190 4300 9.3)
1221 4245 1232 4279 :
1263 4243 1366 4281 nOn
1399 4236 1455 4281 ut
1490 4229 1678 4283 iterum
1706 4230 1850 4284 acci-

259 4318 406 4387 piant
437 4331 828 4372 sacramentnm
848 4318 1206 4385 Bamismatis,
1231 4319 1369 4387 quod
1391 4320 1499 4387 jam
1533 4328 1755 4374 tractum
1779 4337 1847 4378 cx

258 4412 455 4465 arbore
487 4428 590 4464 non
642 4422 938 4475 mutarunt;
971 4410 1064 4464 sed
1109 4419 1164 4464 ut
1209 4412 1524 4466 revn'iscant
1561 4427 1628 4467 ex
1668 4413 1847 4469 radice

257 4504 539 4559 charitatis
571 4515 623 4559 et
664 4505 899 4570 unitatis,
929 4519 956 4555 a
989 4518 1093 4573 qua
1138 4505 1366 4572 separati
1412 4506 1690 4561 sterilitate
1729 4507 1849 4561 ani-

257 4595 527 4650 mositatis
572 4603 821 4648 arescunt
851 4611 864 4647 :
891 4594 1028 4648 sicut
1053 4607 1237 4648 rursus
1276 4595 1589 4651 inserendos
1618 4597 1843 4667 putastis

258 4685 643 4744 Prastextatum
682 4697 736 4741 et
762 4685 1086 4741 Felicianum
1110 4728 1126 4752 ,
1152 4701 1286 4757 quos
1320 4701 1498 4742 secum
1535 4689 1852 4759 praeciderat

261 4781 651 4844 Maximianus,
687 4797 782 4835 nec
822 4781 1168 4851 prmcisorum
1216 4781 1545 4850 Baptismum
1589 4782 1849 4850 reproba-

262 4877 377 4931 Stis.
411 4874 618 4944 Quibus
641 4887 764 4928 vere
791 4873 990 4943 aliquid
1030 4872 1382 4942 prmstaretis,
1413 4871 1456 4925 si
1485 4887 1588 4925 non
1619 4887 1714 4926 eos
1740 4870 1853 4926 fra-

262 4975 484 5037 gmento
524 4971 701 5019 vestro
725 4962 767 5030 ⁸,
799 4962 894 5018 sed
937 4970 994 5017 et
1019 4976 1112 5017 vos
1135 4971 1189 5016 et
1222 4961 1342 5015 illos
1381 4960 1545 5016 radici
1574 4961 1852 5019 catholica:

264 5057 582 5114 redderelis.

336 5147 562 5206 CAPUT
585 5146 744 5204 LXII.
773 5175 845 5187 —
869 5146 954 5202 76.
977 5147 1093 5204 .lam
1116 5161 1242 5201 vero
1259 5143 1323 5200 ad
1341 5145 1470 5201 illud
1491 5146 1614 5218 quid
1636 5160 1858 5217 respon-

332 5285 628 5356 tnditi._non
663 5282 714 5333 in
737 5281 838 5356 sola
877 5282 947 5353 Af:
963 5281 1058 5332 ica.
1084 5288 1139 5332 Αι
1176 5291 1303 5356 uss,
1335 5282 1503 5356 nonin
1536 5281 1636 5355 solo
1675 5283 1859 5356 gfrico.

266 5347 446 5397 Allttdit
470 5346 525 5394 ad
553 5345 566 5393 ι
600 5358 709 5409 cum
744 5344 948 5409 Genesis
971 5358 1112 5407 supra
1150 5345 1367 5403 citatum,
1401 5347 1502 5404 ubi,
1537 5345 1587 5396 in
1630 5344 1858 5409 Africum,

268 5409 427 5470 legit,
466 5421 570 5468 pro,
602 5406 652 5455 in
678 5404 933 5470 meridiem

337 5467 357 5502 ί
383 5466 528 5534 meo,
549 5530 558 5534 _
576 5479 594 5518 Ι
615 5467 866 5534 etririani,
907 5466 1118 5530 apellin
1138 5506 1151 5529 ,
1185 5469 1235 5516 in
1271 5469 1495 5517 omnibus
1521 5477 1624 5518 Mss.
1661 5468 1858 5534 legitur,

272 5530 574 5592 Antropiani,
603 5529 852 5591 apelliani.

345 5596 368 5625 ³
391 5590 542 5650 utin,
595 5590 646 5641 et
687 5598 952 5642 crescentes
981 5590 1112 5640 locis.
1151 5591 1471 5642 Fariendautur
1514 5605 1576 5641 ex
1602 5593 1865 5642 manuscri-

313 5657 394 5705 tis.

276 5669 439 5762 puista
463 5714 625 5774 editis,
650 5715 888 5776 frumento
929 5720 1113 5768 uestro:
1149 5714 1275 5776 quod
1313 5714 1496 5762 ironicc
1533 5715 1625 5761 dici
1653 5721 1866 5774 futuisse

275 5777 605 5840 observarunt
641 5779 977 5827 tmanienses.
1005 5780 1170 5839 Aptius
1189 5791 1304 5827 vero
1336 5779 1383 5826 in
1418 5777 1701 5840 quibusdam
1724 5791 1755 5829 θ
1778 5793 1867 5831 n0-

276 5848 338 5889 su
355 5843 396 5889 is
407 5847 534 5902 £53.,
550 5837 814 5904 fragmento
835 5845 1000 5892 vestro.

1583 331 1790 390 LIBER
1823 331 2165 404 QUARTUS.

1927 447 2101 518 deam,
2125 451 2264 521 quod
2287 452 2380 510 tibi
2403 455 2552 513 visus
2567 470 2687 514 sum
2713 458 2893 520 dixsse
2924 475 3026 534 pro
3042 465 3230 534 vobis;
3253 471 3519 540 quoniam

1925 541 2033 596 dixi
2081 560 2181 598 non
2209 547 2445 615 prodesse
2476 550 2795 623 Baptismum
2827 555 2898 611 eis
2930 559 3020 629 qui
3045 558 3107 613 ab
3133 561 3326 618 unitate
3350 563 3522 625 disco-1

1925 631 2071 701 dunt,
2100 635 2259 691 inesse
2281 639 2383 694 illis
2407 649 2576 696 tamen
2599 642 2716 698 hinc
2743 647 2978 718 probari,
3008 652 3145 722 quod
3187 654 3520 712 redeuntiqu

1927 741 2028 778 non
2069 729 2386 787 restituitur?
2435 731 2682 791 Firmasti
2729 737 2877 794 enim
2923 748 2980 796 et
3024 757 3119 798 vos
3165 743 3268 802 hoc
3305 746 3512 815 dicere.

1925 815 2061 909 quod
2089 819 2364 887 majoribus
2383 824 2565 879 nostris
2586 825 2656 880 ad
2685 825 2968 886 Ecclesium
2989 848 3091 888 non
3119 835 3136 866 ¹
3163 835 3510 909 redeuntibus,

1925 904 2220 978 Baptisntus
2256 928 2404 982 quem
2448 912 2516 968 ibi
2561 930 2855 990 acceperant
2893 938 2996 978 non
3034 928 3300 996 profuerit.
3327 929 3439 987 Hoc

1929 998 2179 1058 diceretis
2199 1044 2216 1068 ,
2240 1004 2369 1059 nihil
2401 1008 2541 1061 inter
2565 1024 2662 1064 nos
2703 1010 2849 1069 aliud
2871 1027 3232 1086 quaereretur,
3260 1021 3362 1077 nisi
3381 1038 3526 1094 quat

1929 1092 2000 1147 sit
2021 1093 2263 1150 Ecclesia
2293 1096 2380 1152 ubi
2407 1099 2706 1171 Baptismus
2725 1106 2928 1174 prosit.
2947 1107 3054 1164 Sed
3083 1125 3179 1167 vos
3199 1126 3307 1170 non
3331 1092 3513 1174 dicitis

1930 1185 1985 1241 in
2033 1186 2187 1242 nobis
2215 1188 2543 1260 Baptismum
2568 1208 2687 1250 esse
2708 1236 2726 1262 ,
2756 1211 2820 1252 ac
2841 1213 2944 1254 non
2973 1201 3230 1270 prodesse
3258 1222 3273 1260 :
3305 1204 3404 1262 sed
3430 1207 3520 1262 di-

1931 1276 2050 1332 citis
2069 1279 2286 1334 omnino
2315 1295 2419 1336 non
2447 1298 2566 1339 esse
2589 1326 2604 1350 ,
2627 1288 2767 1356 quod
2789 1288 2856 1344 ab
2881 1290 2959 1345 eis
2994 1295 3390 1364 acceperimus,
3417 1298 3512 1368 qui

1932 1382 2055 1424 eum
2102 1368 2424 1428 discedendo
2455 1374 2822 1445 perdiderant.
2868 1378 3020 1437 Unde
3050 1397 3152 1439 nec
3181 1386 3400 1454 potuisti
3428 1401 3519 1442 re-

1932 1464 2198 1533 spondere
2219 1507 2234 1532 ,
2269 1481 2367 1522 nec
2396 1466 2597 1538 poteris
2615 1509 2633 1536 ,
2661 1469 2726 1524 ad
2769 1470 2895 1528 illud
2924 1474 3068 1543 quod
3096 1490 3129 1530 a
3155 1491 3245 1533 me
3283 1479 3516 1549 positu.

1933 1562 2036 1622 est,
2058 1555 2219 1610 inesse
2237 1554 2556 1628 Baptismum
2597 1559 2959 1616 discedentibus
2991 1564 3110 1618 hinc
3137 1567 3370 1637 probari,
3401 1571 3530 1642 quia

1932 1646 2252 1702 redeuntibus
2284 1665 2386 1703 non
2405 1649 2706 1705 restituitur.
2751 1652 2805 1707 Si
2839 1668 2982 1708 enim
3010 1655 3337 1727 Baptismum
3373 1660 3526 1717 Feli-

1934 1739 2118 1794 cianus
2142 1755 2174 1794 a
2200 1741 2351 1796 vobis
2379 1743 2681 1799 recedendo
2721 1746 3062 1816 perdiderat,
3093 1764 3192 1805 cur
3218 1766 3322 1807 non
3343 1751 3524 1810 denuo

1934 1830 2150 1887 rediens
2175 1832 2472 1902 baptizatus
2497 1844 2583 1891 est
2607 1877 2624 1903 ,
2653 1845 2710 1891 ut
2732 1838 2780 1893 ei
2809 1839 2950 1909 quod
2991 1841 3300 1911 perdiderat
3333 1845 3530 1904 reddo-

1934 1922 2116 1978 retur?
2139 1921 2256 1993 Ipse
2283 1925 2512 1996 denique
2540 1926 2890 1986 Maximianus
2907 1932 2954 1988 si
2971 1932 3040 1988 ad
3063 1949 3159 1990 vos
3181 1935 3387 2004 redeat,
3411 1953 3524 1996 non

1934 2012 2273 2084 baptizatur:
2305 2016 2446 2087 quod
2483 2017 2702 2074 deberet
2741 2021 2958 2092 utique,
2993 2023 3038 2078 si
3069 2025 3375 2094 perdiderat
3415 2027 3526 2084 Ba-

1935 2106 2210 2176 ptismum.
2239 2107 2351 2162 Tua
2396 2109 2594 2179 quippe
2620 2111 2776 2166 verba
2807 2120 2970 2180 sunt,
3000 2118 3136 2185 quod
3159 2117 3215 2170 in
3235 2119 3348 2188 ejus
3390 2120 3530 2174 schi-

1935 2209 2098 2256 smate
2121 2200 2368 2254 sententia
2409 2202 2750 2257 damnationis
2771 2205 2949 2258 retenti
2965 2246 2982 2272 ,
3007 2206 3163 2262 simul
3185 2217 3234 2262 et
3257 2207 3525 2281 Baptism

1935 2301 1984 2346 et
2011 2290 2296 2346 Ecclesium
2335 2291 2679 2362 perdiderunt.
2709 2293 2858 2350 Sicut
2894 2310 3022 2366 ergo
3055 2297 3137 2353 eis
3175 2298 3524 2357 redeuntibus

1935 2383 2177 2439 redditur
2203 2383 2466 2448 Ecclesia,
2500 2385 2753 2440 reddatur
2786 2387 3107 2458 Baptismus.
3143 2389 3522 2462 Baptizentur,

1936 2475 2186 2545 inquam,
2216 2473 2539 2542 redeuntes,
2563 2476 2606 2530 si
2632 2476 2960 2548 Baptismum
3000 2480 3294 2536 amiserunt
3331 2483 3526 2540 absce-

1937 2565 2148 2622 dentes.
2178 2565 2291 2622 Hoc
2331 2566 2454 2638 quia
2501 2582 2608 2622 non
2638 2565 2810 2622 facitis
2829 2609 2847 2634 ,
2878 2569 3040 2624 etiam
3069 2585 3166 2625 vos
3184 2569 3422 2628 fatemini
3450 2574 3526 2631 ab

1936 2659 2175 2715 Ecclesia
2220 2660 2592 2716 recedentibus
2631 2659 2806 2718 inesse
2838 2661 3165 2734 Baptismum
3187 2705 3204 2732 ,
3231 2681 3334 2722 nec
3359 2667 3526 2738 prod-

1938 2765 2080 2806 esse.
2114 2752 2249 2805 Dant
2270 2767 2396 2822 ergo
2421 2753 2555 2807 sicut
2581 2751 2798 2818 habent,
2823 2753 2876 2808 id
2902 2763 3006 2820 est,
3030 2764 3160 2813 utet
3182 2756 3314 2828 ipsis
3337 2760 3428 2830 qui
3449 2761 3520 2817 ab

1937 2842 2016 2897 eis
2045 2851 2192 2897 extra
2216 2843 2508 2899 Ecclesiam
2544 2855 2779 2910 sumunt,
2811 2845 2938 2901 insit
2965 2847 3291 2918 Baptismus,
3318 2866 3419 2906 nec
3441 2860 3528 2907 ta-

1937 2947 2059 2987 men
2088 2935 2274 3002 prosit.
2307 2932 2454 2989 Unde
2477 2934 2617 2990 sicut
2641 2936 2748 2991 illis
2776 2935 3125 2994 redeuntibus
3151 2953 3259 2995 non
3287 2940 3538 3000 redditur

1938 3023 2081 3094 quod
2108 3040 2214 3078 non
2237 3026 2257 3055 ³
2281 3027 2570 3081 amiserunt
2615 3043 2631 3082 :
2680 3027 2752 3082 ita
2776 3035 2833 3083 et
2874 3029 2979 3084 illis
3026 3045 3134 3085 non
3169 3030 3405 3088 dandum
3443 3042 3532 3092 ost

1940 3113 2083 3186 quod
2111 3124 2445 3184 acceperant,
2475 3116 2571 3172 sed
2589 3119 2852 3189 agendum
2873 3134 2996 3175 cum
3019 3123 3118 3188 eis,
3141 3129 3200 3178 ut
3225 3138 3321 3193 per
3344 3125 3536 3184 Eccle-

1941 3207 2075 3261 siam
2117 3207 2285 3277 prosit
2313 3208 2586 3279 utrisque,
2633 3211 2777 3281 quod
2831 3222 2982 3268 extra
3019 3213 3321 3272 Ecclesiam
3351 3216 3530 3276 inesse

1940 3299 2129 3370 potuit,
2160 3314 2265 3353 non
2315 3299 2590 3368 prodesse.
2646 3301 2725 3357 Ac
2758 3317 2855 3373 per
2892 3303 2995 3360 hoc
3047 3320 3148 3362 nec
3197 3322 3298 3378 pro
3353 3318 3549 3370 vestro.

1941 3406 2127 3448 errore
2169 3392 2366 3462 aliquid
2414 3392 2558 3461 dixi,
2584 3401 2641 3449 et
2687 3394 2738 3451 ei
2780 3395 2924 3466 quod
2946 3396 3058 3454 dixi
3081 3413 3199 3456 non
3243 3400 3532 3472 τεθραιῶ-

1943 3484 2086 3540 disti.

2012 3574 2241 3633 CAPUT
2279 3576 2462 3632 LXIII.
2493 3607 2566 3620 -—
2594 3577 2682 3634 77.
2730 3579 2992 3653 Adiungis
3039 3583 3204 3639 etiam
3252 3583 3322 3640 do
3372 3583 3538 3644 horto

1944 3667 2196 3722 concluso
2225 3677 2279 3723 et
2307 3667 2452 3724 fonte
2475 3669 2703 3738 signato,
2726 3671 2867 3740 quod
2899 3673 3122 3727 omnino
3157 3675 3302 3731 unde
3326 3674 3530 3735 dim

1947 3758 2016 3812 sit
2058 3773 2160 3812 non
2193 3759 2465 3828 intelligis.
2510 3759 2572 3813 Si
2593 3761 2859 3815 conclusus
2905 3774 3014 3830 est,
3041 3764 3249 3834 inquit,
3273 3767 3452 3824 hortus
3481 3775 3534 3825 et

1946 3850 2061 3918 fons
2083 3848 2348 3918 signatus;
2374 3849 2625 3919 quomodo
2666 3852 2753 3920 qui
2796 3862 2938 3906 extra
2975 3854 3103 3924 foris
3125 3865 3199 3910 est
3237 3858 3456 3929 positus,
3483 3867 3538 3917 οι

1947 3939 2008 3994 ab
2030 3939 2176 3994 horto
2203 3980 2218 4005 ,
2248 3939 2303 3991 id
2326 3949 2401 3994 est
2423 3979 2440 4006 ,
2470 3938 2701 3994 Ecclesia
2717 3980 2736 4008 ,
2763 3951 2810 3997 et
2829 3945 2969 4012 fonte
2987 3945 3120 4015 ejus,
3138 3944 3196 4000 id
3213 3955 3287 4002 est
3307 3986 3328 4016 ,
3350 3947 3540 4023 Bapti-

1948 4042 2107 4084 smate
2130 4043 2411 4102 separatus,
2435 4041 2594 4101 potest
2615 4033 2737 4087 dare
2760 4033 2898 4103 quod
2917 4052 3018 4090 non
3044 4036 3230 4094 habet!
3255 4037 3532 4115 Interroga

1949 4121 2270 4177 Feliciannm
2293 4165 2307 4188 ,
2334 4132 2508 4178 utrum
2536 4122 2590 4178 in
2619 4123 2778 4180 horto
2803 4127 3058 4184 concluso
3084 4130 3290 4202 fuerat,
3317 4135 3542 4206 quando-

1950 4217 2026 4272 illi
2057 4218 2256 4272 reditus
2277 4218 2425 4289 quasi
2454 4217 2521 4274 ad
2555 4220 2804 4277 eumdem
2845 4223 3061 4281 hortum
3100 4228 3408 4288 conclusum
3448 4232 3542 4291 di-

1950 4310 2167 4365 lationis
2210 4309 2371 4380 janua
2417 4313 2766 4383 pandebatur.
2803 4315 2888 4372 An
2921 4317 3059 4376 forte
3093 4321 3290 4381 exinde
3322 4322 3535 4386 furatis

1951 4413 2035 4458 est
2061 4401 2262 4458 fontem
2285 4444 2302 4470 ,
2331 4404 2418 4458 ubi
2448 4405 2610 4461 laicos
2637 4423 2765 4464 suos
2811 4409 2867 4465 in
2902 4410 3206 4470 Maximiani
3247 4419 3542 4480 schismata

1951 4497 2280 4566 haptizaret?
2305 4497 2457 4565 Quod
2483 4499 2528 4554 si
2558 4500 2630 4556 ita
2660 4509 2762 4568 est,
2788 4503 2874 4558 ubi
2904 4513 3030 4562 tunc
3049 4509 3215 4564 vestri
3237 4525 3332 4566 vos
3352 4511 3536 4572 ablue-

1953 4589 2124 4645 bant?
2149 4592 2230 4646 An
2260 4606 2354 4648 eos
2399 4591 2598 4663 pariter
2638 4593 2726 4648 illa
2753 4593 3008 4654 dilatione
3047 4599 3405 4671 distulerunt,
3425 4604 3538 4664 do-

1955 4697 2054 4738 nec
2073 4682 2217 4738 fures
2245 4683 2318 4738 illi
2341 4683 2408 4739 ad
2440 4685 2653 4740 hortum
2673 4699 2794 4742 cum
2828 4685 2976 4746 fonte
3010 4697 3356 4752 remearent?
3379 4696 3536 4759 Tm

1956 4791 2063 4832 non
2101 4784 2252 4832 erant
2279 4776 2367 4831 isti
2409 4777 2921 4850 pseudoprophetis,
2949 4785 3167 4854 quando
3189 4787 3264 4845 de
3281 4789 3539 4851 Primiani

1956 4869 2268 4924 criminibus
2294 4869 2619 4933 mentiendo.
2650 4867 2908 4942 deceptos
2927 4873 2996 4929 ad
3021 4889 3176 4933 suum
3199 4880 3534 4952 sacrilegiu-

1960 4961 2344 5018 traducebant?
2371 4961 2481 5032 lupi
2503 4978 2744 5035 rapaces,
2770 4966 2984 5038 quando
3009 4969 3261 5027 seductos
3283 4971 3353 5029 de
3370 4987 3540 5046 greco

1960 5055 2212 5110 Primiani
2237 5054 2306 5109 ad
2333 5069 2442 5110 suae
2463 5055 2785 5112 concisionis
2811 5058 3094 5129 particulas
3119 5061 3544 5132 pertrahebnntr-

1959 5147 2130 5216 Negas
2171 5161 2262 5202 cas
2296 5161 2429 5216 quas
2461 5145 2571 5202 dixi
2605 5149 2907 5221 tyrannicas
2938 5161 3236 5210 vestrorum
3276 5154 3332 5211 in
3359 5154 3540 5215 fundis

1962 5239 2147 5294 alienis
2193 5237 2584 5296 dominationes
2654 5249 2710 5296 et
2774 5242 3146 5300 bacchationes
3216 5246 3536 5308 ebrietatum

1965 5332 2099 5403 (Lib.
2132 5333 2157 5387 t
2189 5342 2363 5386 contra
2389 5329 2608 5388 Litteras
2624 5330 2886 5400 Petiliani,
2913 5351 2965 5387 n.
2983 5335 3097 5405 26).
3117 5336 3258 5408 Nega
3284 5351 3541 5410 quantum

1967 5437 2118 5496 potes
2143 5444 2155 5480 :
2183 5442 2288 5480 non
2315 5441 2524 5494 vereor,
2551 5441 2616 5481 ne
2638 5435 2914 5495 propterea
2939 5428 3216 5486 nobiscum
3240 5449 3334 5490 vos
3362 5437 3544 5509 pigeat

1965 5518 2309 5586 concordare.
2339 5517 2452 5572 Non
2479 5518 2530 5572 in
2559 5531 2653 5570 vos
2677 5517 2781 5570 tale
2806 5517 2998 5586 aliquid
3026 5519 3156 5586 dixi,
3188 5526 3359 5593 qualia
3384 5527 3548 5585 Maxi-

2033 5654 2066 5731 ,r
2089 5655 2172 5731 Em
2214 5646 2803 5731 nt.{_.,,_,,u3mhparticulam
2841 5647 3061 5706 addimus
3100 5663 3386 5714 auctoritate
3424 5680 3550 5731 quo-

1967 5716 2184 5764 rumdam
2205 5716 2454 5766 nmmsz-rix
2475 5720 2647 5758 torum.

2036 5790 2049 5808 λ
2077 5780 2223 5846 Etiam
2250 5771 2592 5846 nicueerstin
2609 5773 2805 5830 estis
2823 5777 3042 5844 negatio,
3062 5792 3176 5846 quae
3213 5786 3460 5842 nonnullis
3493 5789 3548 5846 in

1968 5840 2301 5903 manuscriptis
2336 5834 2559 5887 habetur.

3554 5919 3592 5974 .ὶὶ
