4010 6474
458 341 566 402 ⁸91

458 459 770 518 mianenses
795 457 1037 516 damnati
1056 473 1089 514 a
1117 455 1271 514 vobis
1296 454 1482 512 audire
1521 439 1854 538 meruerunt.
1884 436 2058 522 Negas

458 552 702 611 furorem
747 550 1249 610 Circumcellionum
1272 590 1291 618 ,
1328 558 1384 607 et
1424 547 1878 620 praecipitatorum
1919 546 2060 602 ultro

464 646 790 705 cadaverum
818 646 994 702 cultus
1021 643 1312 715 sacrilegos
1336 651 1392 699 et
1418 640 1671 713 profanos
1703 658 1716 695 :
1747 655 1853 696 non
1879 649 2059 695 tamen

464 751 641 812 negas
664 782 682 810 ,
709 755 822 795 cum
853 737 1224 810 ngyptiorum
1273 735 1550 790 admodum
1581 733 1808 804 exemplo
1847 748 2061 804 pereun-

465 833 599 888 tium
625 831 885 905 funeribus
909 831 1060 902 plena
1080 840 1242 886 essent
1261 829 1454 896 littora,
1481 828 1660 899 quibus
1685 829 1738 882 in
1763 831 1878 897 ipsa
1896 833 2058 881 morte

457 925 628 995 major
650 931 722 978 est
743 938 912 994 paena,
944 922 1082 992 quod
1097 938 1187 977 nec
1207 923 1372 993 ipsam
1391 921 1687 975 inuenerunt
1709 919 2049 990 sepulturam,

455 1014 544 1071 his
594 1028 692 1070 vos
731 1014 1015 1085 insepultis
1044 1012 1395 1070 cadaveribus
1430 1010 1734 1067 inhrcsisse.
1784 1009 1860 1066 lbi
1906 1009 2051 1066 enim

467 1104 718 1177 iacebant
759 1105 1109 1161 Praetextatus
1135 1112 1191 1160 et
1222 1103 1522 1160 Felicianus
1550 1120 1563 1159 :
1591 1110 1681 1159 aut
1706 1101 1754 1158 si
1783 1101 1924 1173 apud
1955 1116 2054 1158 vos

457 1196 792 1262 revixerunt,
819 1196 946 1267 quid
971 1195 1040 1253 de
1067 1195 1340 1267 Baptismo
1368 1195 1544 1267 agitis,
1571 1210 1732 1267 quem
1755 1203 1885 1251 tunc
1908 1209 2054 1252 mor-

453 1286 532 1342 tui
560 1287 934 1343 tradiderunt?
2049 1288 2051 1291 ’

523 1377 750 1438 CAPUT
779 1377 1130 1436 LXIV.—78.
1146 1379 1289 1434 Dicis
1305 1392 1390 1434 me
1409 1393 1517 1435 non
1529 1393 1771 1436 servasse
1785 1393 1972 1451 pacem
1991 1395 2055 1436 ac

449 1471 748 1539 lenitatem,
769 1485 925 1542 quam
943 1470 1204 1542 principio
1225 1469 1518 1526 litterarum
1535 1485 1773 1528 mearum
1786 1473 2052 1542 promise-

449 1577 589 1632 ram,
619 1563 763 1636 quod
787 1573 1026 1620 salanam
1049 1562 1370 1621 Petilianum
1394 1563 1791 1634 appellaverim.
1811 1563 1925 1635 Ego
1945 1578 2053 1620 non

449 1653 770 1712 Petilianum
798 1670 899 1712 nec
926 1657 1254 1727 quemquam
1275 1653 1546 1710 hominem
1565 1653 1619 1709 in
1643 1663 1795 1726 parte
1820 1655 2048 1724 Donati,

448 1745 546 1802 sed
577 1745 751 1818 ipsum
776 1761 1017 1803 errorem
1043 1746 1212 1818 partis
1239 1745 1451 1812 Donati,
1475 1754 1676 1802 satanas
1695 1745 2000 1816 comparavi
2029 1765 2045 1802 :

448 1851 520 1895 ex
542 1839 697 1910 cujus
717 1838 921 1910 laqueis
947 1837 1212 1906 homines,
1243 1853 1378 1909 quos
1405 1837 1590 1909 diligo,
1617 1838 1776 1908 cupio
1803 1836 2042 1894 liberari.

454 1930 593 1988 Nam
643 1933 764 2005 lege
801 1931 1190 1990 consideratius
1214 1973 1228 1998 ,
1275 1931 1534 1988 invenies.
1578 1931 1891 2002 Quanquam
1914 1938 1969 1987 et
1999 1929 2047 1986 si

447 2024 656 2095 aliquid
706 2025 894 2083 durius
939 2024 1091 2093 dixi,
1123 2024 1242 2095 lege
1275 2038 1395 2094 quae
1421 2022 1522 2092 ipsi
1548 2063 1562 2088 ,
1592 2037 1697 2077 non
1724 2023 1780 2077 in
1805 2037 2044 2078 errorem

447 2115 963 2181 Maximianensium,
993 2114 1087 2171 sed
1115 2115 1169 2170 in
1199 2114 1345 2185 ipsos
1372 2113 1616 2169 homines
1644 2113 1904 2169 dixeritis.
1935 2112 2041 2169 Fe-

447 2207 702 2263 licianum
733 2222 860 2278 ergo
887 2206 1179 2263 Petilianus
1209 2207 1448 2263 imitetur
1471 2247 1486 2273 ,
1509 2213 1563 2262 et
1587 2205 1715 2261 mihi
1743 2221 1928 2279 pacem
1948 2207 2044 2263 de-

447 2297 705 2354 sideranti
728 2313 833 2355 non
862 2298 1126 2354 irascatur
1150 2299 1191 2354 ⁸.
2042 2309 2045 2311 ’

474 2425 476 2428 μ
517 2388 607 2444 79.
656 2389 775 2446 Tibi
815 2398 961 2445 certe
999 2390 1113 2460 ipse
1147 2404 1254 2445 non
1281 2404 1573 2446 succenseo
1595 2431 1611 2458 ,
1643 2389 1788 2462 quod
1816 2392 1947 2448 mihi
1973 2408 2040 2448 ex

444 2479 663 2550 obliquo
715 2479 1037 2534 Manichaeos
1083 2479 1415 2551 objiciendos
1459 2481 1728 2558 putaveris
1759 2523 1773 2549 ,
1819 2492 2041 2554 propter

441 2560 684 2630 errorem
731 2573 1104 2631 adolescentiae
1151 2591 1306 2631 meaz.
1351 2576 1502 2633 Unde
1545 2593 1654 2633 non
1695 2587 1802 2634 tam
1845 2578 2038 2646 doleo,

440 2664 716 2720 conﬁdens
740 2664 808 2721 de
833 2674 1088 2736 perpetua
1112 2665 1282 2738 gloria
1313 2665 1638 2724 Liberatoris
1663 2670 1768 2724 mei
1791 2672 1811 2702 ²
1831 2712 1846 2736 ,
1877 2685 2038 2741 quam

440 2758 488 2812 si
516 2757 691 2828 placet
719 2757 983 2814 admoneo
1005 2799 1020 2823 ,
1051 2766 1112 2813 ut
1131 2774 1342 2829 quaeras
1368 2768 1422 2815 et
1446 2760 1592 2831 legas
1619 2776 1740 2831 quae
1770 2770 1824 2817 et
1843 2771 2038 2832 quanta

440 2855 496 2903 et
520 2847 788 2918 quomodo
815 2849 1074 2904 adversus
1103 2849 1518 2906 Manichaeorum
1551 2853 2038 2922 pestilentissimam

440 2936 694 2994 hmrcsim
737 2938 1067 3010 scripserim.
1118 2939 1193 2995 lbi
1228 2940 1434 2997 videbis
1467 2957 1569 3012 qua
1599 2943 1702 2999 lide
1729 2953 1912 2999 contra
1943 2959 2039 3000 eos

437 3028 796 3086 Christianam
829 3031 1163 3088 defenderim
1205 3033 1485 3091 veritatem
1507 3076 1522 3102 ,
1566 3051 1859 3109 eorumque
1887 3037 2040 3094 falla-

436 3123 549 3179 cias
586 3130 780 3194 quanta
823 3124 1202 3196 perspicuitate
1239 3125 1595 3182 destruxerim
1645 3147 1658 3182 :
1699 3139 1755 3184 ct
1785 3130 1892 3185 noli
1917 3146 2036 3188 esse

436 3217 696 3273 adversus
722 3233 810 3274 me
839 3218 1148 3275 incredulus
1173 3260 1188 3285 ,
1212 3235 1333 3275 cum
1359 3220 1686 3277 Felicianum
1712 3223 1901 3280 credas
1921 3224 2038 3280 Pri-

435 3309 629 3365 miano‘
657 3309 886 3367 ﬁdeliter
921 3311 1198 3369 inhaesisse
1221 3354 1238 3382 ,
1279 3313 1369 3384 qui
1411 3329 1509 3385 pro
1547 3314 1865 3372 Maximiano
1893 3325 2036 3373 tanta

434 3402 663 3458 crimina
699 3402 753 3457 in
783 3418 906 3458 eum
936 3404 1197 3460 sententia
1225 3405 1559 3462 damnatoria
1589 3407 1819 3476 dixerit;
1849 3419 2035 3465 contra

434 3492 686 3547 eumdem
708 3508 854 3572 vero
896 3494 1275 3551 Maximianum
1315 3506 1370 3552 et
1405 3497 1473 3553 ab
1503 3513 1568 3554 eo
1593 3499 1910 3556 dissociatus
1938 3501 2036 3556 ali-

441 3583 569 3655 quid
595 3582 821 3642 forsitan
846 3586 1141 3657 scripserit,
1173 3593 1226 3643 In
1247 3604 1407 3660 quem
1429 3605 1534 3645 non
1557 3591 1694 3646 sicut
1712 3607 1812 3663 ego
1837 3592 1888 3647 in
1917 3592 2036 3649 illos

437 3675 754 3733 adolescens
775 3718 790 3745 ,
822 3678 989 3735 laicus
1011 3721 1026 3748 ,
1055 3679 1469 3736 catechumenus
1498 3681 1794 3751 inciderat,
1826 3684 1920 3740 sed
1945 3698 2034 3741 se-

435 3781 543 3823 nex
587 3764 861 3826 senem'ei
903 3770 990 3825 cui
1030 3785 1173 3827 nunc
1213 3771 1496 3843 adjunctus
1523 3783 1636 3840 est,
1669 3773 2034 3830 adversarium

433 3862 718 3932 episcopus
739 3861 1056 3933 cpiscOpum
1072 3861 1290 3919 fecerat.
1321 3864 1475 3921 Unde
1493 3880 1615 3921 cum
1635 3881 1733 3938 ego
1753 3868 2033 3938 epistolam

435 3951 680 4022 primatis
722 3952 929 4022 nostri,
979 3953 1047 4010 de
1093 3969 1196 4026 qua
1234 3954 1407 4012 fecisti
1435 3957 1457 3989 ³
1491 3958 1592 4014 sub
1616 3959 1803 4014 eadem
1831 3960 2034 4016 urbana
2091 3965 2096 3970 ‘

434 4035 763 4114 obliquitate‘
780 4045 1108 4102 mentionem
1131 4089 1147 4114 ,
1175 4062 1333 4118 quam
1359 4048 1427 4104 de
1454 4065 1541 4105 me
1571 4050 1658 4106 ille
1685 4052 1897 4122 scripsit
1924 4053 2033 4108 ira-

436 4146 552 4204 tus,
603 4152 722 4193 cum
768 4138 820 4192 in
864 4139 1237 4211 episcoporum
1275 4141 1502 4198 concilio
1527 4143 1756 4212 probare
1781 4145 1923 4216 quod
1952 4145 2035 4201 in-

438 4227 684 4284 tenderat
706 4239 987 4301 urgeretur
1007 4273 1024 4300 ,
1045 4231 1163 4302 ejus
1185 4232 1352 4303 ipsius
1379 4225 1641 4289 sententia
1668 4251 1726 4291 se
1755 4236 2032 4306 corrigen-

402 4309 406 4314 ’
436 4319 506 4374 tis
531 4359 546 4385 ,
592 4328 647 4373 et
671 4319 739 4375 de
764 4320 865 4376 hac
890 4336 952 4377 re
975 4324 1184 4377 veniam
1214 4324 1531 4392 postulantis
1548 4367 1564 4392 ,
1593 4325 1765 4397 legam
1791 4341 1912 4383 esse
1940 4326 2034 4382 da-

439 4417 676 4463 mnatam
702 4427 714 4462 :
739 4418 796 4464 tu
815 4425 996 4480 quaere
1025 4419 1204 4465 utrum
1231 4413 1400 4482 possis
1425 4415 1619 4485 legere,
1648 4417 1738 4471 ubi
1759 4411 2032 4474 correctus

434 4500 771 4556 damnaverit
807 4501 1140 4567 Felicianus,
1180 4518 1299 4572 qua:
1336 4521 1442 4560 non
1486 4497 1774 4576 accusans,
1814 4511 1910 4566 sed
1940 4512 2032 4567 da-

437 4607 632 4648 mnans
656 4592 790 4650 dixit
813 4594 867 4648 in
891 4594 1215 4650 Primianum
1242 4613 1256 4663 ;
1279 4597 1363 4652 vel
1388 4596 1577 4653 saltem
1598 4598 1713 4670 ipse
1733 4600 2030 4660 Primianus

437 4687 804 4754 evacuaverit,
831 4703 950 4759 qua:
974 4687 1234 4745 damnans
1260 4690 1394 4746 dixit
1421 4691 1474 4746 in
1500 4692 1847 4749 Felicianum.
1875 4695 2029 4764 Quod

434 4779 482 4834 si
510 4778 777 4834 inveneris
795 4820 809 4845 ,
843 4794 941 4834 nec
965 4779 1043 4835 sic
1067 4795 1164 4850 par
1187 4782 1292 4836 erit
1319 4798 1479 4838 causa
1507 4803 1521 4839 :
1549 4774 1673 4856 quia
1702 4785 1790 4842 ille
1810 4802 2029 4843 accusa-

435 4864 643 4928 tionem
667 4871 1002 4941 instituerat,
1034 4887 1192 4943 quam
1217 4873 1402 4930 falsam
1429 4891 1548 4933 esse
1575 4879 1881 4948 pervidens,
1905 4895 2027 4936 cum

406 4981 408 4983 ’
433 4964 607 5021 venizc
630 4965 986 5034 postulatione
1009 4965 1312 5045 damnavit,
1334 4983 1441 5022 non
1464 4983 1757 5040 aspernans
1778 4972 2029 5028 emenda-

432 5051 598 5111 tionis
633 5046 985 5112 humilitatem
1014 5057 1272 5128 dignitate
1296 5060 1584 5128 primatus,
1616 5062 1709 5117 sed
1736 5065 1912 5134 potius
1938 5081 2026 5121 re-

431 5142 617 5206 colens
647 5149 882 5220 prudens
905 5149 1048 5222 quod
1073 5151 1330 5223 scriptum
1346 5151 1442 5209 est
1464 5195 1479 5223 ,
1506 5155 1707 5220 Quanto
1724 5174 1936 5230 magnus
1949 5175 2023 5228 es,

446 5465 454 5473 ,
502 5431 516 5460 ι
546 5428 694 5486 Editi,
741 5439 833 5476 non
871 5427 1157 5477 irascantur.
1203 5435 1258 5478 At
1298 5435 1422 5488 Mss.,
1467 5442 1558 5480 non
1583 5431 1836 5483 irascatur.

499 5491 646 5544 ’,1)υο
663 5496 791 5550 Mss,
823 5491 956 5558 (tmte
977 5502 1070 5558 nan
1093 5497 1192 5539 tum
1230 5488 1366 5540 doleo
1389 5491 1459 5558 de
1474 5494 1722 5558 p_t’tt’le_l'_iut
1751 5495 2028 5558 infelicitate

438 5563 564 5609 mea,
603 5563 754 5625 quant.
781 5551 974 5660 fqaudeo
1011 5551 1072 5600 de
1113 5560 1343 5617 perpetua
1385 5551 1544 5626 gloria
1587 5551 1868 5625 Liberatoris
1911 5573 2023 5610 mei.

438 5619 609 5660 Postea
627 5625 721 5660 non
745 5612 776 5660 ιι
799 5628 812 5660 ι
836 5621 1020 5660 tantum
1041 5613 1156 5660 duo.
1183 5615 1273 5660 sed
1303 5623 1469 5660 emtam
1511 5624 1694 5660 mntem
1715 5625 1819 5660 use-
1845 5619 2023 5660 ferunt-

438 5619 609 5661 Postea
627 5625 729 5680 non
745 5612 812 5662 illi
836 5621 1020 5663 tantum
1041 5612 1156 5674 duo,
1183 5612 1273 5665 sed
1303 5612 1469 5665 αξιἱαὶ
1511 5617 1694 5678 pariter
1715 5625 1819 5669 Mss.
1845 5619 2027 5686 ferunt,

438 5679 486 5724 et
506 5678 665 5723 tamen
686 5685 731 5723 at
744 5674 896 5725 nlacct
917 5675 1167 5725 admoneo.

437 5679 486 5724 et
506 5678 665 5723 tamen
686 5678 731 5723 st
744 5678 896 5732 placet
917 5678 1167 5725 admoneo.
2011 5678 2022 5686 ⁷

439 5734 536 5864 qu;
549 5733 850 5861 .quia
891 5736 1114 5803 fecisset;
1138 5737 1233 5801 vel,
1276 5739 1457 5802 ﬁ'cissc.
1486 5742 1648 5805 Aptius
1668 5742 1766 5797 duo
1805 5751 1908 5800 Mss.
1932 5745 2027 5810 ,de

873 334 1145 396 CONTRA
1185 333 1620 394 CRESCONIUM
1657 329 2118 405 DONATISTAM,
2156 330 2218 392 S.
2256 335 2628 396 AUGUSTINI
2679 338 2884 398 LIBER
2919 335 3265 412 QUARTUS.

3649 350 3760 412 ὅθί

2171 461 2311 509 tanta
2337 455 2552 510 humilia
2575 463 2623 511 te
2646 455 2701 511 in
2727 438 2984 523 omnibus,
3012 465 3059 511 et
3085 473 3259 513 coram
3278 457 3389 516 Deo
3403 460 3628 519 inuenies
3641 481 3766 537 στα.

2169 549 2291 604 tiam
2331 547 2518 618 (Ereti.
2560 562 2655 618 ιιι,
2698 547 2792 622 20)
2842 567 2856 605 :
2901 549 2989 606 isti
3027 558 3203 607 autem
3225 566 3334 608 non
3362 553 3593 612 invicem
3621 559 3764 629 apud

2165 648 2300 706 alios
2335 657 2716 705 accusaverant
2739 690 2754 715 ,
2784 648 2880 705 sed
2903 648 3156 706 adversus
3183 650 3410 707 invicem
3435 651 3648 723 iudices
3673 670 3766 712 se-

2165 740 2392 809 derant;
2417 741 2642 812 proinde
2667 740 2893 797 invicem
2919 740 3341 813 damnaverunt,
3362 744 3601 800 damnati
3629 761 3764 802 con-

2163 837 2537 892 cordaverunt.
2583 833 2702 890 Non
2744 833 3042 890 invidemus
3080 834 3136 890 in
3169 844 3318 906 parte
3349 835 3541 892 Donati
3571 852 3762 908 pacem

2163 928 2566 996 damnatorum,
2617 926 2666 983 si
2707 936 2764 984 et
2803 926 2999 986 Christi
3040 943 3228 1000 pacem
3270 945 3379 987 non
3417 941 3679 1003 respuant
3710 932 3765 987 in

2161 1019 2292 1078 orbe
2315 1028 2596 1076 terrarum.

2233 1111 2459 1170 CAPUT
2491 1111 2654 1168 LXV.
2675 1141 2748 1153 —
2770 1112 2859 1170 80.
2882 1112 3070 1171 Cernis
3086 1114 3217 1185 jam,
3243 1123 3302 1170 ut
3319 1114 3574 1182 arbitror,
3598 1131 3761 1188 quam

2161 1203 2392 1260 inaniter
2416 1204 2616 1260 dixeris
2633 1246 2650 1273 ,
2680 1205 2823 1277 quod
2853 1205 3086 1262 videaris
3112 1205 3208 1261 tibi
3233 1207 3300 1262 ad
3327 1209 3507 1263 omnia
3534 1223 3762 1278 respon-

2159 1295 2304 1353 disse
2326 1339 2343 1366 ,
2385 1313 2504 1369 qua:
2532 1313 2652 1356 mea
2680 1298 2700 1330 ⁸
2726 1299 2951 1370 epistola
2979 1299 3338 1357 continentur.
3366 1302 3422 1357 Si
3455 1302 3598 1358 enim
3625 1317 3758 1374 pro-

2159 1399 2343 1462 pterea
2417 1391 2782 1463 respondisti,
2851 1394 2973 1464 quia
3043 1402 3221 1451 tacere
3289 1395 3566 1462 noluisti;
3644 1411 3758 1453 non

2158 1482 2375 1554 quidem
2427 1483 2495 1540 ad
2533 1485 2752 1553 omnia,
2795 1485 2891 1542 sed
2930 1493 3110 1542 tamen
3157 1486 3502 1558 respondisti.
3551 1487 3612 1543 Si
3659 1504 3758 1545 au-

2159 1583 2267 1633 tem
2310 1576 2377 1633 ad
2426 1577 2531 1635 hoc
2581 1579 2944 1651 respondisti,
2997 1588 3057 1635 ut
3105 1595 3170 1636 ea
3221 1595 3342 1652 quae
3391 1595 3422 1635 a
3471 1596 3562 1638 me
3613 1581 3756 1639 dicta

2155 1678 2282 1726 sunt
2317 1685 2643 1739 evacuares;
2684 1673 2840 1729 video
2885 1681 2940 1729 te
2978 1672 3193 1744 quidem
3234 1673 3302 1729 ad
3327 1673 3494 1730 multa
3517 1689 3754 1746 respon-

2155 1761 2301 1819 disse
2325 1749 2356 1830 ,’
2398 1763 2494 1819 sed
2548 1763 2682 1819 nihil
2734 1773 2788 1820 te
2838 1763 2998 1821 video
3042 1763 3322 1822 refellisse.
3382 1765 3755 1822 Consideratis

2152 1862 2330 1910 autem
2361 1856 2608 1912 omnibus
2629 1871 2747 1928 quae
2772 1871 2802 1911 a
2823 1872 2910 1913 me
2931 1857 3073 1914 dicta
3092 1866 3250 1926 sunt,
3277 1868 3406 1929 puto
3428 1858 3576 1929 quod
3596 1859 3752 1914 facil-

2152 1945 2282 2004 lime
2323 1949 2621 2020 intelligas,
2667 1965 2776 2006 non
2817 1949 3114 2007 devitandas
3157 1952 3512 2008 contentionis
3545 1967 3750 2023 causa,

2149 2054 2271 2111 quae
2311 2041 2455 2095 nulla
2497 2049 2580 2098 est
2611 2056 2733 2097 cum
2764 2043 2960 2098 veritas
2985 2043 3072 2098 vel
3095 2044 3377 2115 quaeritur,
3405 2045 3492 2100 vel
3519 2060 3626 2100 non
3649 2061 3753 2117 pro

2151 2147 2288 2187 vana
2320 2130 2490 2203 gloria
2515 2134 2752 2205 litigatur
2776 2176 2792 2202 ,
2821 2135 2917 2192 sed
2944 2151 3120 2192 causa}
3148 2137 3302 2192 malai
3327 2136 3622 2193 diffidentia
3645 2154 3750 2196 vos

2148 2223 2427 2280 nobiscum
2468 2226 2611 2282 nolle
2651 2227 2918 2283 conferre.
2943 2228 3015 2284 Ut
3039 2229 3183 2284 enim
3213 2228 3352 2284 hanc
3378 2230 3548 2285 solam
3573 2230 3748 2286 Maxi-

2147 2316 2501 2372 mianensium
2545 2332 2761 2374 causam
2806 2319 2862 2374 in
2907 2319 3144 2375 medium
3191 2319 3560 2390 proferamus,
3612 2321 3752 2377 nihil

2147 2410 2440 2467 contradici
2476 2426 2634 2482 posse
2653 2455 2668 2480 ,
2708 2427 2852 2469 nunc
2876 2413 3064 2469 saltem
3091 2413 3318 2470 fortasse
3338 2414 3449 2485 jam
3476 2415 3748 2484 agnoscis.

2147 2504 2301 2561 Unde
2322 2521 2427 2561 non
2455 2506 2584 2560 mihi
2610 2522 2887 2578 arrogans,
2911 2507 3049 2563 sicut
3072 2507 3246 2564 credis
3264 2517 3357 2564 aut
3377 2509 3744 2576 calumniaris,

2146 2597 2292 2652 velut
2335 2598 2590 2654 invictam
2630 2599 2987 2670 eloquentiam
3006 2641 3023 2668 ,
3053 2601 3131 2656 sic
3157 2616 3273 2657 eam
3301 2602 3442 2656 volui
3472 2616 3750 2657 commen-

2146 2688 2276 2744 dare
2324 2705 2337 2742 :
2384 2691 2479 2745 sed
2516 2691 2684 2762 magis
2711 2699 2767 2746 ut
2795 2692 3130 2747 intuerentur
3157 2692 3246 2762 qui
3276 2692 3554 2762 legerent,
3584 2692 3743 2748 talem

2148 2795 2267 2836 esse
2308 2797 2522 2837 causam
2549 2823 2564 2848 ,
2609 2798 2706 2853 pro
2745 2799 2848 2854 qua
2886 2783 3176 2840 asserenda
3200 2783 3283 2839 vel
3313 2784 3490 2854 potius
3515 2784 3743 2840 demon-

2145 2872 2364 2927 stranda
2387 2874 2580 2929 nullius
2597 2874 2667 2928 sit
2688 2873 2948 2930 facundiae
2968 2875 3319 2945 patrocinium
3335 2875 3742 2946 requirendum.

2216 2964 2304 3019 81.
2346 2965 2484 3020 Ecce
2512 2964 2622 3036 jam
2652 2982 2757 3021 non
2786 2967 2906 3022 dico
2931 2966 3199 3037 tricipitem
3225 2967 3430 3023 bestiam
3457 3008 3472 3034 ,
3500 2983 3745 3024 errorem

2145 3067 2407 3123 vestrum,
2439 3058 2561 3127 quia
2590 3059 2939 3114 suavissimus
2965 3060 3253 3116 verborum
3281 3059 3596 3117 emendator
3618 3077 3679 3119 es
3696 3065 3740 3130 ';

2143 3146 2240 3202 sed
2278 3147 2398 3202 dico
2425 3149 2746 3205 calumniam
2773 3152 3114 3221 tripartitam.
3141 3151 3250 3207 Nec
3278 3152 3398 3208 dico
3421 3168 3520 3209 nos
3546 3155 3596 3210 ei
3624 3165 3745 3210 tan-

2142 3256 2303 3312 quam
2347 3242 2552 3297 tridenti
2579 3245 2677 3298 telo
2703 3260 2769 3300 ex
2799 3243 2901 3300 hac
2927 3245 3424 3303 Maximianensium
3456 3263 3617 3305 causa
3647 3250 3744 3306 de-

2141 3331 2271 3388 bere
2313 3333 2564 3390 resistere
2590 3328 2627 3400 ;“
2653 3336 2748 3392 sed
2778 3336 2899 3392 dico
2919 3378 2935 3404 ,
2982 3338 3246 3408 tripartita
3271 3339 3601 3396 defensione.
3627 3341 3744 3398 Nec

2141 3424 2263 3480 dico
2285 3466 2300 3493 ,
2328 3424 2397 3481 In
2424 3444 2602 3482 eorum
2633 3431 2798 3500 fronte
2821 3430 3096 3501 conﬁgite;
3123 3439 3249 3500 aut,
3281 3430 3350 3487 In
3373 3449 3464 3487 ora
3487 3443 3742 3491 coarctate

2141 3518 2278 3589 (Lib.
2326 3521 2353 3575 1
2394 3530 2570 3576 contra
2606 3521 2825 3578 Litteras
2867 3522 3142 3593 Petiliani,
3185 3542 3239 3578 η.
3279 3524 3371 3598 29)
3405 3527 3541 3582 :sed
3573 3527 3697 3583 dico
3720 3570 3738 3596 ,

2142 3611 2342 3668 Eorum
2382 3613 2765 3684 impudentiam
2807 3616 3088 3684 cohibete,
3121 3633 3529 3691 sermonemque
3554 3621 3736 3690 repri-

2140 3707 2288 3762 mitc.
2335 3706 2604 3778 Numquid
2648 3710 2902 3780 quoniam
2944 3711 3105 3766 verba
3144 3720 3345 3767 mutata
3386 3723 3542 3780 sunt,
3586 3723 3643 3770 et
3667 3731 3737 3773 ex

2141 3797 2413 3853 translatis
2456 3798 2592 3854 facta
2633 3808 2759 3856 sunt
2795 3802 3043 3872 propria,
3089 3801 3210 3858 ideo
3238 3803 3740 3862 Maximianensium

2141 3904 2298 3946 causa
2321 3900 2520 3948 mutata
2545 3901 2652 3960 est,
2677 3893 2831 3964 cujus
2858 3895 3176 3964 compendio
3202 3895 3279 3951 sic
3298 3899 3648 3967 superamini,
3681 3909 3741 3954 ut

2139 3984 2273 4040 nihil
2309 3985 2462 4042 vobis
2500 3995 2700 4054 restet,
2741 3987 2788 4042 si
2830 3987 3116 4058 aliquando
3151 3990 3404 4060 sapiatis,
3446 3991 3551 4047 nisi
3585 3991 3738 4049 finita

2137 4079 2403 4148 pervicaci
2432 4080 2770 4137 animositate
2796 4083 3016 4152 pacari?

2208 4169 2435 4226 CAPUT
2479 4170 2663 4226 LXVI.
2708 4202 2782 4212 —
2819 4172 2910 4229 82.
2938 4173 2994 4228 Si
3024 4172 3091 4229 de
3119 4174 3495 4232 communione
3517 4177 3698 4247 agitur
3719 4219 3736 4246 ,

2137 4275 2246 4316 non
2291 4269 2633 4332 peccatorum
2673 4263 3009 4331 alienorum,
3050 4265 3144 4321 sed
3186 4265 3494 4322 divinorum
3539 4267 3736 4324 Sacra-

2136 4363 2440 4410 mentorum
2469 4372 2484 4422 ;
2510 4357 2957 4413 communicatum
2985 4366 3067 4414 est
3090 4373 3212 4414 cum
3235 4357 3502 4414 damnatis
3521 4402 3536 4427 ,
3567 4369 3621 4417 et
3649 4361 3738 4417 di-

2137 4453 2280 4500 ctum
2319 4454 2402 4501 est
2434 4446 2500 4502 de
2541 4447 2660 4503 aliis
2685 4436 2989 4521 sacrilegis,
3021 4450 3257 4520 quicum
3287 4450 3542 4506 damnato
3569 4451 3740 4507 Maxi-

2135 4541 2315 4595 miano
2343 4541 2806 4597 communicabant
2826 4532 2843 4610 ,
2869 4541 3010 4612 quod
3029 4555 3122 4597 eos
3141 4542 3383 4614 sacrilegi
3404 4543 3604 4600 surculi
3625 4561 3738 4601 non

2136 4633 2375 4704 polluere
2398 4632 2681 4705 plantaria.
2707 4633 2764 4690 Si
2789 4633 2858 4690 de
2883 4635 3250 4704 persecutione
3274 4635 3483 4706 agitur;
3510 4637 3740 4692 damna-

2137 4735 2220 4781 tos
2269 4725 2533 4796 persecuti
2559 4726 2689 4781 estis
2713 4767 2730 4792 ,
2757 4727 3028 4782 animosos
3057 4725 3518 4797 persecutionibus
3547 4742 3736 4784 corre-

2134 4803 2308 4873 xistis.
2353 4818 2408 4874 Si
2435 4816 2502 4873 de
2532 4817 2804 4889 Baptismo
2832 4819 3038 4890 agitur,
3071 4819 3124 4875 in
3155 4820 3414 4892 sacrilego
3441 4820 3739 4877 schismate

2134 4911 2317 4967 datum
2357 4911 2686 4981 Baptismum
2730 4911 3060 4982 suscepistis.
3091 4911 3231 4978 Quid
3259 4911 3435 4968 adhuc
3465 4913 3735 4979 inaniter,

2133 5019 2202 5061 ne
2226 5004 2422 5060 veritas
2445 5010 2799 5074 cognoscatur
2821 4991 2840 5073 ,i
2867 5020 3124 5076 errorque
3143 4997 3394 5076 fugiatur,
3416 5005 3598 5061 divina
3623 5022 3737 5063 non

2133 5098 2400 5154 intellecta
2446 5097 2748 5153 testimonia
2787 5097 3173 5168 proferuntur?
3214 5098 3477 5169 Scriptum
3523 5109 3633 5166 est,
3675 5101 3741 5157 Si

2132 5194 2244 5264 quis
2285 5198 2428 5261 putat
2464 5207 2518 5246 se
2544 5191 2905 5246 contentiosum
2942 5207 3080 5259 esse,
3111 5207 3202 5245 nos
3231 5189 3382 5244 talem
3405 5195 3739 5246 consuetudi-

2133 5300 2246 5339 nem
2268 5300 2369 5338 non
2391 5284 2629 5338 habemus
2658 5282 2700 5354 (l
2731 5282 2848 5338 Cor.
2877 5299 2976 5350 xn,
3010 5281 3123 5355 16).
3152 5282 3257 5338 Sed
3287 5297 3387 5338 nec
3408 5283 3738 5349 Restitutus,

2133 5378 2223 5450 qui
2251 5392 2370 5433 cum
2396 5375 2574 5434 Salvio
2597 5376 3009 5434 Memhresitano
3031 5385 3250 5448 propter
3267 5377 3484 5434 cellulas
3507 5385 3563 5432 et
3581 5379 3742 5449 agel-

2126 5608 2131 5613 ι
2203 5585 2218 5616 ι
2243 5583 2376 5647 Apud
2410 5590 2668 5646 Lov.,qua:
2709 5579 2763 5632 in
2793 5593 2919 5632 mea.
2942 5587 3018 5632 Er.
3056 5580 3208 5645 Lugd.
3249 5587 3303 5631 et
3332 5587 3477 5642 νεα,
3523 5592 3638 5643 quae
3689 5581 3746 5632 in

2133 5660 2220 5741 ea;
2253 5653 2334 5758 si:
2402 5708 2558 5759 locum
2607 5708 2736 5757 hunc
2799 5706 3064 5757 restituunt
3126 5705 3223 5755 duo
3279 5704 3614 5766 manuscripti.
3670 5710 3744 5766 Διιι

2318 5771 2609 5836 legebatur,
2647 5770 2788 5835 quasi
2843 5766 3150 5824 suavissimas
3192 5767 3446 5820 verborum
3497 5763 3745 5819 conanda.
