4010 6472
576 470 1089 493 l==_.—_———__-_-_-—.____—

1095 477 1171 488 ..αα

573 493 1144 523 m
892 516 1061 524 Μ
1072 518 1141 525 _._

874 516 935 523 -οσι4
952 520 961 523 -
1003 517 1061 524 -.ο-
1072 518 1183 525 ι-ι-ς.

1144 519 2114 708 ἑῖἱυιιειιιι
2192 530 3209 721 nudus-nm

3241 495 3809 526 Ε-

1368 526 1403 528 ﬁ
1460 526 1710 528 η--ή
2554 526 2623 536 _,
2961 526 3808 555 Ἦ

1689 786 2209 852 ιωΡΡαπιζηειε
2239 791 2592 855 EPISCOPI

947 925 1270 1086 DE
1384 927 2111 1092 UNICO
2196 931 3422 1101 BAPTISMO

1286 1226 1939 1363 CONTRA
2047 1226 3017 1353 PETILIANUM

1628 1442 1784 1516 AD
1859 1438 2750 1520 CONSTANTINUM

1624 1612 2103 1724 LIBER

2216 1614 2422 1722 UN
2432 1616 2602 1726 US
2644 1617 2770 1731 (⁸³).

1858 1793 2487 1848 W

1730 1850 1738 1857 ο

599 1936 815 1990 Petilianl
833 1935 1010 1989 librum
1028 1935 1094 1987 de
1108 1935 1256 1987 Unico
1274 1935 1582 1997 Baptistnate,
1600 1930 1730 1997 quod
1752 1930 1903 1997 ille‘in
1927 1898 2169 1979 sola'vera
2190 1928 2415 1997 Ecclesia,
2436 1932 2531 1981 imo
2552 1933 2603 1982 in
2625 1931 2727 1983 sola
2750 1936 2916 1987 Donati

537 2002 847 2063 Augustinus.
872 2007 1020 2063 Docet
1036 2000 1163 2048 unici
1194 1997 1585 2063 Baptismietiam

537 2058 762 2129 martyris
779 2070 832 2111 et
848 2060 1053 2129 aliorum
1071 2074 1135 2129 es
1161 2058 1328 2129 ignea,
1351 2059 1434 2129 qui
1453 2070 1563 2107 cum
1582 2058 1599 2129 i

2940 1943 3079 2000 parte
3102 1950 3219 2007 esse
3237 1942 3589 2007 contendebat,
3615 1944 3788 2001 refelli

1680 1992 2505 2071 haesitat???tamen
2519 1998 2874 2071 armandam
3058 2012 3154 2050 non
3176 1992 3473 2071 νίοιιηδμπ
3488 1992 3805 2071 λίπ’νᾲᾖῆ

1709 2053 1853 2125 aliter
1874 2054 2090 2125 sensisse
2112 2052 2433 2125 objectautur,
2460 2052 2791 2125 episcoporum
2813 2052 3150 2125 auctoritatem
3172 2052 3458 2125 τεθωωῴ

534 2114 758 2172 Ecclesia;
777 2124 964 2172 unitate
984 2119 1208 2183 maculari
1235 2114 1409 2183 alienis
1432 2114 1655 2183 peccatis,
1668 2130 1743 2183 ἐξ
1750 2116 2002 2183 ipsiustm
2022 2114 2147 2183 niani
2156 2114 2287 2183 facto
2319 2114 2676 2183 probat’conti‘a
2698 2122 3045 2172 Douatlstanun
3312 2114 3808 2183 Ροδιὶιθὰιῦ-ιῗθωιυιή
3670 2114 3743 2142 'ﬁ'“
3759 2114 3808 2122 ’-

533 2183 800 2234 calumnias
813 2183 1058 2233 δίδωσί
1075 2190 1129 2232 et
1147 2181 1256 2231 aliis
1274 2173 1563 2245 quibusdam
1589 2173 1836 2228 catholicis
1855 2173 2096 2237 episcOpis
2117 2173 2277 2224 illatas
2297 2173 2567 2238 propulsat.

602 2286 830 2345 CAPUT
867 2287 1149 2345 PRlMUM.
1171 2317 1241 2327 —
1264 2288 1313 2342 l.
1352 2283 1695 2356 [impendere
1723 2282 1942 2337 adversa
1987 2296 2114 2335 sen-

528 2377 804 2445 tientibus,
832 2387 886 2435 et
906 2395 934 2433 a
960 2381 1138 2451 regula
1159 2379 1396 2433 veritatis
1419 2375 1740 2439 errantibus,
1768 2373 2113 2429 Constantine

530 2466 717 2534 frater,
747 2468 1039 2539 smpissime
1064 2469 1325 2539 cogimur,
1373 2466 1536 2522 etiam
1574 2464 1642 2521 de
1683 2464 1764 2519 bis
1792 2464 1954 2519 rebus
1981 2476 2113 2533 quas

529 2560 653 2617 aliis
698 2570 859 2630 atque
901 2557 1018 2616 aliis
1062 2561 1397 2616 sermonibus
1441 2557 1910 2628 frequentavimus.
1956 2553 2111 2623 Quod

512 2653 731 2710 utiliter
757 2653 1003 2710 existimo
1032 2652 1145 2707 ﬁeri
1163 2695 1177 2717 ,
1215 2661 1268 2708 et
1299 2660 1513 2722 promer
1542 2664 1731 2705 eorum
1760 2647 1969 2719 ingenia
2000 2655 2109 2700 tar-

527 2742 700 2815 diora,
731 2745 820 2817 qui
842 2753 1030 2818 putant
1052 2744 1195 2799 aliud
1218 2743 1342 2807 dici,
1374 2757 1496 2798 cum
1522 2739 1719 2811 aliquid
1751 2740 1933 2810 legunt
1956 2736 2112 2792 aliter

528 2837 671 2907 diei;
696 2850 749 2894 et
775 2845 995 2909 prapter
1020 2838 1186 2907 ipsam
1218 2834 1633 2906 diSputatiouum
1657 2832 1887 2902 copiam,
1916 2838 1973 2883 ut
2001 2843 2109 2882 non

526 2929 699 2985 solum
715 2928 783 2984 ad
798 2928 1079 2999 diligentes
1097 2942 1185 2983 res
1214 2941 1335 2983 rara
1358 2926 1650 2997 perveniat,
1677 2923 1770 2979 sed
1796 2920 2069 2993 quodlibet
2088 2919 2108 2951 ί

514 3035 594 3076 ex
643 3019 833 3076 multis
871 3020 926 3074 in
973 3035 1162 3075 manus
1200 3019 1359 3073 etiam
1407 3015 1806 3088 negligentioris
1852 3014 2105 3069 incurrat.

525 3107 760 3166 Proinde
787 3109 1105 3166 Sermonem
1149 3108 1217 3164 de
1245 3106 1413 3164 Unico
1438 3107 1709 3176 Baptismo
1743 3104 1811 3157 ab
1849 3104 1928 3158 eis
1957 3117 2107 3157 com-

514 3202 780 3274 positum,
806 3218 836 3258 a
858 3204 1049 3276 quibus
1067 3202 1366 3274 Baptismus
1389 3200 1635 3265 iteratur,
1656 3212 1813 3269 quem
1834 3196 1963 3251 mihi
1986 3208 2108 3250 cum

514 3296 578 3349 in
606 3306 732 3350 rure
757 3293 918 3350 simul
956 3307 1196 3349 essemus
1218 3334 1233 3359 ,
1264 3306 1305 3346 a
1337 3290 1523 3346 nescio
1566 3304 1674 3359 quo
1715 3288 2106 3344 Donatistarum

500 3385 838 3463 presbytero
867 3393 1142 3455 acceptum
1164 3383 1376 3450 dedisti,
1399 3393 1558 3454 atque
1576 3390 1637 3437 ut
1653 3380 1705 3437 ei
1727 3381 2108 3452 responderem

520 3474 756 3529 multum
787 3474 989 3544 petisti,
1021 3473 1232 3530 nonnisi
1254 3473 1540 3529 verborum
1575 3473 1797 3543 strepitu
1826 3472 2064 3527 inﬂatum
2087 3514 2103 3539 ,

514 3572 583 3623 et
604 3566 952 3623 calumniosis
975 3567 1431 3623 criminationibus
1457 3574 1780 3638 asperatum,
1809 3565 1930 3623 vide
1955 3566 2108 3637 adju-

522 3665 684 3713 ἤπυε
710 3657 937 3713 Domino
956 3667 1152 3729 quanta
1176 3657 1429 3713 facilitate
1456 3656 1751 3713 confutem.

590 3748 649 3805 2.
678 3747 854 3805 Prima
878 3748 989 3804 illic
1008 3749 1199 3805 invidia
1229 3756 1332 3819 est,
1364 3747 1501 3819 quod
1528 3747 1797 3803 ventilatur
1820 3747 1875 3801 in
1906 3746 2105 3818 publica

523 3857 604 3897 res
632 3851 840 3898 uncta.
869 3841 1101 3899 Taeeant
1123 3856 1252 3911 ergo
1277 3842 1367 3913 qui
1389 3840 1494 3897 hoc
1519 3840 1633 3896 ﬁeri
1658 3839 1853 3895 debere
1872 3855 1980 3894 non
2006 3855 2107 3910 pu-

525 3940 659 3988 tant.
683 3935 790 3988 Aut
814 3932 862 3989 si
892 3932 962 3988 ad
987 3931 1312 4003 loquendum
1335 3932 1454 4004 cogi
1478 3947 1539 3990 se
1564 3931 1767 3998 dicunt,
1794 3942 1853 3987 ut
1876 3945 2106 4000 respon-

520 4024 686 4083 deant
722 4034 911 4083 contra
949 4025 1339 4090 sentientibus;
1365 4024 1482 4081 haec
1517 4024 1677 4081 etiam
1724 4031 1905 4079 nostra
1943 4036 2107 4078 causa

518 4126 626 4185 est,
648 4126 709 4173 ut
730 4118 1170 4189 respondeamus,
1198 4132 1305 4171 non
1326 4116 1497 4173 solum
1520 4125 1704 4171 eontra
1722 4113 2101 4183 sentientibus,

521 4221 706 4265 verum
735 4209 894 4265 etiam
933 4221 1118 4264 contra
1165 4207 1498 4264 facientibus.
1546 4207 1715 4263 Debet
1742 4206 1882 4261 enim
1928 4204 2103 4274 palam

522 4299 774 4371 redargui
802 4301 943 4371 quod
973 4302 1023 4355 iu
1046 4300 1252 4356 occulto
1277 4308 1464 4367 nocet;
1496 4300 1616 4370 quia
1645 4306 1701 4354 et
1719 4298 1891 4369 palam
1918 4295 2106 4351 defen-

521 4388 688 4458 ditur,
718 4405 839 4447 cum
868 4391 1117 4445 suadetur
1138 4393 1188 4444 in
1212 4392 1420 4446 occulto
1440 4391 1578 4459 quod
1612 4399 1799 4445 noceat
1834 4404 1955 4446 cum
1978 4403 2103 4459 per-

521 4478 696 4541 ﬁcitur
717 4485 760 4538 ².
787 4481 919 4538 Nam
950 4483 1067 4553 quis
1092 4496 1273 4536 coram
1303 4480 1537 4551 profanis
1574 4495 1888 4550 quemquam
1929 4478 2102 4548 bapti-

521 4576 729 4633 utiEt
769 4584 943 4631 tamen
973 4573 1228 4646 baptizari
1268 4572 1595 4629 Christianos
1632 4571 1807 4626 nullus
1854 4570 2105 4642 profanus

522 4669 752 4739 ignorat,
778 4668 869 4746 qui
894 4665 1041 4723 audit
1064 4667 1117 4722 in
1140 4663 1374 4738 publico,
1402 4662 1543 4735 quod
1562 4663 1607 4719 si
1634 4661 1824 4731 credit,
1847 4662 2104 4746 percipiat

519 4761 573 4815 in
602 4742 830 4816 secreto.
1933 4740 1941 4749 ’

590 4846 818 4907 CAPUT
856 4848 919 4905 ll.
946 4876 1020 4892 ---
1053 4846 1108 4904 ὅ.
1156 4847 1439 4903 Videamus
1478 4860 1605 4918 ergo
1649 4845 1715 4901 de
1757 4844 2101 4919 Baptismatis

520 4940 806 5000 iteratione
848 4941 972 5013 quid
1021 4940 1235 5008 dicant,
1285 4939 1374 5010 qui
1426 4937 1854 4995 verecundantur
1895 4937 1999 4993 hoc
2043 4938 2101 4993 iu

524 5041 709 5104 aperto
736 5034 932 5099 dicere,
962 5032 1100 5103 quod
1127 5032 1327 5088 utinam
1350 5030 1403 5085 in
1425 5039 1608 5101 aperto
1636 5029 1885 5086 timerent
1909 5028 2101 5083 admit-

2210 2279 2489 2350 subjungit
2513 2295 2527 2335 :
2564 2282 2733 2352 Usque
2751 2287 2877 2340 adeo
2900 2302 3067 2342 meum
3088 2298 3178 2355 est,
3211 2299 3265 2345 ut
3284 2293 3419 2360 quod
3440 2311 3474 2347 α
3500 2312 3583 2351 me
3601 2297 3806 2352 unicum

2219 2370 2394 2425 datum
2428 2382 2520 2440 est,
2554 2391 2643 2428 nec
2669 2378 2732 2429 ab
2759 2377 2884 2446 ipsis
2918 2378 3175 2451 sacrilegis
3201 2382 3423 2437 iteratur.
3451 2384 3548 2439 Cui
3577 2402 3805 2457 respon-

2216 2460 2407 2518 demus
2431 2482 2444 2517 :
2477 2465 2778 2537 Sacrilegus
2801 2482 2904 2523 non
2926 2481 3005 2524 est
3027 2472 3115 2541 qui
3141 2475 3350 2528 unicum
3377 2475 3675 2546 Baptisma,
3704 2494 3808 2536 non

2214 2555 2357 2624 quod
2385 2565 2531 2611 tuum
2550 2599 2563 2623 ,
2603 2560 2696 2613 sed
2717 2561 2857 2629 quod
2884 2561 3081 2617 Christi
3111 2573 3193 2619 est
3212 2608 3225 2631 ,
3259 2566 3451 2623 iterare
3482 2586 3590 2623 non
3627 2571 3805 2627 audet.

2216 2644 2416 2700 Christi
2442 2658 2524 2703 est
2548 2650 2689 2703 enim
2717 2652 2870 2706 unica
2909 2652 3140 2710 hominis
3167 2657 3216 2710 in
3250 2658 3578 2729 Baptismate
3612 2677 3808 2725 conse-

2214 2736 2414 2803 cratio;
2446 2747 2533 2792 tua
2557 2748 2640 2794 est
2666 2751 2842 2796 autem
2865 2744 3005 2799 unici
3036 2746 3373 2816 Baptismalis
3404 2750 3638 2805 iteratio.
3674 2751 3808 2808 Cor-

2214 2826 2329 2897 rigo
2356 2829 2407 2883 in
2439 2838 2490 2885 te
2516 2831 2658 2901 quod
2700 2844 2845 2889 tuum
2889 2846 3005 2900 est,
3038 2852 3268 2908 agnosco
3298 2840 3437 2909 quod
3466 2841 3672 2898 Christi
3704 2853 3805 2900 est.

2214 2919 2327 2977 Hoc
2351 2923 2491 2975 enim
2506 2924 2707 2992 justum
2733 2935 2833 2989 est,
2862 2936 2922 2981 ut
2944 2943 3064 2983 cum
3089 2931 3224 2985 mala
3250 2931 3523 2987 hominum
3555 2935 3807 3005 reproba-

2214 3024 2356 3077 mus,
2382 3028 2730 3085 quteeumque
2753 3018 2806 3071 in
2835 3018 2941 3072 illis
2964 3018 3100 3073 bona
3127 3020 3220 3075 Dei
3244 3024 3569 3092 reperimus,
3603 3041 3806 3096 appro-

2210 3101 2421 3158 bemus.
2451 3104 2580 3170 Hoc,
2599 3108 2831 3175 inquam,
2846 3109 3044 3179 justum
3067 3120 3168 3174 est,
3192 3121 3248 3166 ut
3273 3116 3430 3168 etiam
3461 3115 3512 3169 in
3542 3117 3807 3189 sacrilego

2212 3208 2319 3251 non
2332 3196 2524 3251 violem
2539 3199 2677 3266 quod
2696 3215 2878 3254 verum
2896 3201 3111 3257 invenio
3126 3198 3551 3270 Sacramentum;
3571 3223 3674 3263 nec
3690 3208 3769 3264 sic
3784 3207 3802 3240 ¹

2212 3285 2496 3342 emendem
2515 3289 2853 3360 sacrilegum,
2880 3300 2935 3346 ut
2952 3292 3005 3347 in
3021 3309 3087 3348 eo
3110 3305 3409 3367 perpetrem
3438 3300 3800 3370 sacrilegium.

2216 3405 2220 3409 <
2280 3376 2506 3434 CAPUT
2536 3379 2698 3434 Ill.—
2711 3382 2915 3437 LNam
2930 3386 3008 3443 sic
3024 3393 3147 3438 sunt
3168 3386 3251 3439 isti
3279 3388 3401 3441 mali
3434 3387 3485 3441 in
3514 3388 3795 3458 Baptismo

2209 3469 2372 3535 bono,
2405 3472 2848 3539 quemadmodum
2883 3483 3008 3531 sunt
3041 3475 3208 3531 Judaei
3237 3477 3360 3531 mali
3391 3477 3443 3532 in
3482 3478 3602 3549 lege
3634 3483 3801 3536 bona.

2209 3557 2391 3630 Itaque
2427 3570 2487 3618 ut
2523 3562 2597 3617 illi
2636 3554 2732 3632 per
2768 3565 2935 3635 ipsam
2978 3566 3149 3636 legem
3179 3567 3583 3635 iudicabuntur,
3628 3584 3802 3639 quam

2209 3652 2409 3709 malitia
2454 3666 2548 3707 sua
2601 3655 2795 3709 malam
2854 3671 2959 3709 non
3007 3655 3244 3711 iecerunt
3283 3676 3298 3711 :
3340 3660 3410 3713 ita
3463 3669 3519 3715 et
3562 3660 3650 3715 isti
3704 3676 3806 3731 per

2209 3742 2381 3813 ipsum
2413 3744 2747 3814 Baptismum
2786 3746 3199 3816 iudicabuntur,
3232 3765 3388 3820 quem
3429 3751 3628 3806 bonum
3672 3753 3804 3809 mali

2209 3841 2516 3891 tenuerunt.
2564 3836 2704 3908 Ergo
2755 3838 3198 3908 quemadmodum
3239 3839 3456 3897 Iudaeus
3485 3881 3502 3907 ,
3550 3857 3682 3898 eum
3735 3844 3803 3899 ad

2209 3942 2310 3985 nos
2348 3929 2552 3984 venerit
2601 3938 2660 3984 ut
2697 3930 3028 3986 Christianus
3066 3932 3184 3997 ﬁat,
3228 3949 3333 3991 non
3370 3935 3423 3989 in
3464 3949 3528 3990 eo
3565 3934 3804 3991 destrui-

2204 4035 2329 4076 mus
2364 4019 2502 4076 bona
2546 4019 2680 4086 Dei,
2724 4020 2818 4076 sed
2856 4023 2994 4077 mala
3031 4022 3196 4094 ipsius
3237 4041 3251 4079 :
3298 4040 3417 4078 nam
3459 4025 3603 4095 quod
3653 4035 3803 4082 errat

2207 4126 2314 4168 non
2341 4111 2608 4168 credendo
2636 4113 2776 4184 quod
2807 4111 3048 4169 Christus
3067 4119 3177 4184 jam
3198 4118 3427 4184 venerit,
3459 4128 3730 4189 natusque
3748 4128 3802 4174 et

2206 4216 2394 4273 passus
2431 4202 2528 4268 sit,
2559 4211 2614 4258 et
2645 4206 3033 4272 resurrexerit,
3069 4205 3171 4263 hoc
3212 4206 3599 4275 emendamus;
3627 4225 3801 4279 eaque

2206 4294 2519 4351 inﬁdelitate
2569 4295 2880 4364 destructa,
2933 4296 3094 4354 ﬁdem
3142 4314 3247 4369 qua
3298 4300 3413 4355 hac
3463 4301 3798 4367 creduntur,

2204 4386 2536 4442 astruimus:
2568 4387 2693 4442 item
2732 4387 2875 4457 quod
2902 4398 3046 4443 errat
3089 4389 3293 4445 umbris
3328 4399 3570 4445 veterum
3611 4407 3799 4447 sacra-

2206 4486 2508 4533 mentorum
2540 4477 2869 4546 inbterendo,
2901 4478 3307 4546 dissuademus;
3338 4481 3556 4551 jamque
3583 4483 3799 4538 venisse

2206 4576 2438 4642 tempus,
2463 4584 2571 4641 quo
2610 4571 2724 4626 haec
2744 4569 3032 4627 auferenda
3052 4581 3211 4642 atque
3234 4573 3485 4628 mutanda
3508 4572 3798 4643 Propheta:

2208 4660 2581 4732 prmdixerant,
2609 4661 3041 4727 demonstramus
3064 4681 3078 4718 :
3105 4662 3249 4734 quod
3274 4679 3400 4719 vero
3430 4679 3595 4719 unum
3625 4665 3798 4721 Deum

2207 4751 2486 4807 colendum
2533 4752 2721 4819 credit,
2770 4753 2862 4825 qui
2904 4751 3032 4809 fecit
3073 4754 3267 4811 cmlum
3293 4764 3349 4809 et
3389 4764 3622 4820 terram,
3648 4754 3798 4826 quod

2207 4843 2383 4897 omnia
2426 4843 2563 4899 idola
2592 4852 2650 4899 et
2690 4845 2963 4915 sacrilegia
2993 4844 3241 4901 Gentium
3280 4845 3599 4909 detestatur,
3648 4847 3797 4919 quod

2204 4935 2442 4992 futurum
2471 4947 2743 5009 exspectat
2758 4938 3042 5009 judicium,
3068 4939 3209 5009 quod
3233 4940 3398 5015 vitam
3423 4949 3606 5010 sperat
3627 4952 3801 4997 aeter-

2206 5044 2330 5083 nam
2346 5070 2362 5095 ,
2388 5027 2527 5101 quod
2557 5028 2624 5085 de
2650 5029 2826 5085 carnis
2851 5031 3241 5086 resurrectione
3266 5047 3373 5087 non
3398 5031 3639 5097 dubitat,
3671 5033 3796 5088 lau«

478 5170 483 5175 .
521 5132 653 5183 tere.
690 5123 789 5181 Ubi
811 5125 897 5193 sit,
918 5124 1105 5196 inquit,
1129 5139 1301 5179 verum
1323 5122 1586 5195 Baptisma
1607 5123 1868 5194 queritur.
1900 5120 2099 5176 Deinde
2181 5118 2391 5187 damus,
2425 5119 2803 5190 approbamus,
2832 5121 3203 5193 agnoscimus;
3231 5122 3370 5178 sicut
3391 5122 3647 5209 credebat
3670 5137 3796 5180 crc-

1706 5227 1989 5269 Αωιοκιτιο
2025 5228 2107 5266 PP.
2147 5226 2625 5269 BENEDICTINOBUI.

576 5312 629 5359 te
659 5308 952 5377 recensione
964 5371 975 5377 _
987 5307 1097 5359 libri
1116 5306 1182 5377 de
1200 5307 1343 5357 Unico
1363 5303 1615 5377 Baptistae,
1646 5306 1926 5377 superiores
1944 5304 2262 5377 Amet-tiaram1
2282 5305 2457 5376 εει-ειεξιιί
2482 5310 2534 5354 et
2550 5303 2916 5377 [inveniendum
2939 5303 3180 5377 editiones
3200 5306 3491 5377 contulimus
3510 5320 3622 5377 cum
3645 5314 3796 5377 vete-

516 5370 654 5433 ribus
671 5371 1026 5433 manna-lotis,
1045 5370 1268 5433 Vaticano
1287 5381 1403 5433 uno,
1427 5364 1481 5416 et
1497 5364 1748 5433 Gallionis
1764 5366 1962 5433 decem;
1984 5364 2188 5433 scilicet,
2230 5367 2530 5433 georgiam,
2550 5366 2805 5433 Victorino.
2830 5367 3133 5433 D0m_i_nicano
3154 5377 3421 5433 conventus
3442 5371 3727 5433 Parisiensis
3740 5372 3796 5433 in

519 5432 625 5484 sieo
646 5433 880 5493 incohato,
905 5426 1206 5481 budunensi
1228 5431 1420 5493 majoris
1442 5426 1680 5493 Ecclesiae,
1703 5427 2059 5493 Cygirannensi,
2081 5426 2718 5493 corbeiensiitfloriacensi,
2751 5426 3050 5493 mcbaeliuo,
3087 5431 3332 5490 Beeceusi,
3370 5437 3424 5481 et
3460 5430 3754 5481 Pratellemi
3777 5445 3793 5480 :

519 5493 665 5543 "iis
686 5494 833 5543 etiam
853 5488 1147 5542 lectionibus
1166 5488 1464 5554 Belgicorum
1484 5488 1714 5547 codicum,
1739 5488 1850 5550 quae
1871 5490 1920 5537 in
1940 5489 2303 5538 Lovaniensium
2328 5488 2542 5538 editione
2565 5494 2778 5547 exstant,
2801 5490 2877 5540 usi
2898 5502 3083 5540 sumus.

598 5575 1096 5657 Comparavimus
1124 5584 1415 5656 prwlerea
1451 5591 1548 5633 eas
1602 5589 1804 5632 omnes
1838 5572 2137 5634 editiones
2162 5573 2350 5636 initio
2382 5573 2959 5654 Rclr.etConl‘ess.,
2980 5583 3027 5636 t.
3058 5577 3117 5651 1,
3142 5583 3530 5639 memoratas.
3612 5576 3708 5639 Μ.

581 5674 602 5706 ⁸
630 5680 728 5723 Am.
753 5680 921 5737 eum,
960 5673 1167 5737 quolibet
1196 5674 1352 5724 modo.
1401 5680 1528 5735 Lov.,
1568 5669 1810 5736 quodlibet
1848 5671 2004 5721 modo.
2043 5680 2100 5723 At

522 5740 653 5798 πᾳ..
673 5735 912 5798 quodlibet
930 5749 948 5798 ,'
969 5735 1163 5798 omisso,
1185 5737 1341 5785 modo.

573 5793 829 5907 ὣιήη
851 5793 962 5849 cum
994 5793 1360 5851 suadeturutin
1393 5793 1578 5850 occulto
1598 5801 1763 5848 noceat
1800 5807 1911 5848 cum
1948 5794 2101 5863 perﬁ-

2268 5674 2285 5705 ί
2311 5671 2477 5723 Plures
2497 5679 2627 5737 ωδε..
2648 5685 2709 5724 ne
2737 5672 2827 5725 sic.

2271 5859 2344 5925 (a)
2378 5861 2589 5924 scriptus
2609 5860 2801 5913 circiter
2823 5863 3186 5915 annumChrisu
3205 5861 3319 5915 410.
