4010 6468
261 428 361 491 Μ

258 546 461 614 denda,
518 544 655 602 sicut
681 545 896 601 tenebat
935 544 1165 601 tenenda
1208 544 1505 602 ﬁrmamus.
1552 543 1631 600 lta
1673 544 1834 601 etiam

256 655 375 697 cum
406 637 475 694 ad
503 654 602 695 nos
626 639 772 695 venit
790 639 1163 695 schismaticus
1186 639 1271 696 vel
1310 638 1624 706 hazreticus,
1654 648 1715 693 ut
1743 653 1836 694 ca—

256 731 490 788 tholicus
516 732 627 797 ﬁat,
655 730 885 787 schisma
910 732 1025 803 ejus
1049 743 1102 788 et
1128 730 1374 787 haeresim
1398 729 1756 787 dissuadendo
1781 736 1838 784 et

254 823 580 879 destruendo
598 823 950 878 rescindimus
975 841 988 879 :
1019 824 1358 879 Sacramenta
1389 837 1517 877 vero
1545 821 1835 877 christiana

253 915 301 970 si
326 914 515 969 eadem
547 915 599 967 in
624 914 714 969 illo
738 914 1057 978 invenimus,
1090 923 1146 970 et
1174 912 1429 983 quidquid
1453 911 1594 966 aliud
1618 911 1729 966 veri
1758 918 1837 965 te-

255 1014 368 1073 net,
392 1006 532 1060 absit
560 1014 618 1059 ut
642 1007 919 1071 violemus,
950 1005 1088 1059 absit
1115 1014 1191 1068 ut,
1219 1004 1264 1057 si
1292 1004 1460 1058 semel
1488 1002 1609 1057 data
1636 1008 1654 1039 ί
1687 1001 1838 1056 novi-

251 1114 394 1165 mus,
429 1099 716 1163 iteremus;
749 1114 815 1153 ne
844 1097 970 1152 dum
998 1098 1122 1152 vitia
1166 1097 1389 1151 humana
1428 1108 1710 1160 curamus,
1748 1094 1831 1148 di-

250 1192 372 1246 vina
406 1189 788 1246 medicamenta
816 1189 1165 1253 damnemus;
1199 1199 1289 1243 aut
1327 1188 1614 1258 quaerendo
1642 1201 1834 1242 sanare

249 1282 392 1353 quod
425 1284 756 1338 vulneratum
786 1299 891 1337 non
919 1292 1000 1338 est
1026 1284 1046 1314 ¹
1078 1282 1345 1336 hominem
1380 1280 1615 1335 saucium
1654 1289 1708 1333 et
1741 1278 1832 1334 ubi

245 1390 413 1431 sanus
449 1385 561 1441 est,
594 1377 954 1431 vulnerenius.
998 1376 1255 1441 Proinde,
1288 1375 1329 1428 si
1374 1374 1440 1429 de
1469 1373 1643 1443 aliqua
1680 1388 1739 1426 re
1764 1371 1831 1426 ad

244 1467 411 1523 ﬁdem
441 1468 783 1521 christianum
824 1477 877 1520 et
901 1465 1213 1520 catholicam
1244 1466 1572 1534 pertinente,
1602 1462 1647 1516 si
1675 1462 1830 1515 deni-

242 1577 348 1632 que
390 1561 460 1616 de
496 1562 609 1630 ipsa
655 1561 814 1615 etiam
862 1559 1139 1613 Trinitatis
1182 1559 1384 1613 unitate
1430 1556 1829 1611 dissentientem

242 1653 551 1709 haereticum
581 1652 823 1715 invenio,
853 1662 905 1705 et
930 1660 1107 1704 tamen
1146 1649 1448 1719 evangelica
1483 1656 1536 1702 et
1575 1645 1829 1701 ecclesia-

240 1745 370 1800 stica
398 1745 579 1813 regula
606 1744 959 1812 baptizatum;
994 1742 1317 1796 intellectum
1343 1739 1572 1793 hominis
1599 1738 1827 1807 corrigo,

240 1849 346 1889 non
380 1835 477 1887 Dei
506 1835 647 1887 violo
689 1833 1113 1888 Sacramentum.
1161 1831 1377 1900 Loquor
1423 1829 1489 1883 de
1532 1827 1733 1882 Judaiis
1777 1834 1833 1883 et

239 1925 597 1980 schismaticis
634 1926 715 1979 vel
756 1925 1019 1980 lifef‘ellClS
1055 1923 1155 1978 sub
1182 1922 1377 1978 Christi
1410 1931 1695 1991 utcumque
1727 1935 1828 1974 no-

239 2017 384 2072 mine
410 2018 735 2072 errantibus.
1608 1996 1611 1997 ν

305 2107 541 2163 CAPUT
591 2107 677 2162 IV.
703 2138 772 2149 -—
792 2107 844 2163 5.
880 2108 952 2162 De
978 2106 1105 2177 ipsis
1130 2104 1427 2161 Gentilibus
1454 2102 1825 2172 idolorumque

242 2200 540 2255 cultoribus
584 2201 743 2254 multa
788 2200 969 2270 utique
994 2215 1022 2253 a
1065 2199 1218 2253 nobis
1248 2196 1555 2251 diversitate
1581 2194 1829 2249 distanti-

243 2290 363 2355 bus,
405 2291 540 2345 nihil
566 2291 707 2344 aliud
738 2291 892 2346 nobis
919 2291 1250 2345 demonstrat
1280 2286 1596 2359 Apostolus,
1636 2286 1739 2339 nisi
1772 2292 1830 2340 ut

241 2382 294 2437 in
326 2383 460 2452 ipsis
490 2398 699 2452 quoque
726 2383 793 2437 ita
823 2382 1073 2451 quidquid
1105 2395 1319 2450 pravum
1351 2387 1434 2434 est
1461 2376 1825 2447 corrigamus,

241 2482 299 2528 ut
327 2474 472 2541 quod
514 2473 651 2529 forte
692 2484 898 2529 rectum
938 2482 1020 2529 est
1047 2474 1421 2543 approbemus.
1466 2469 1598 2525 Nam
1645 2469 1829 2539 utique

241 2566 571 2632 idololatras,
604 2577 657 2622 et
676 2568 815 2637 quod
844 2576 925 2621 est
949 2569 1179 2637 gravius,
1210 2581 1314 2620 non
1344 2574 1546 2620 tantum
1571 2563 1824 2629 cultores,

237 2660 329 2715 sed
356 2663 519 2715 etiam
551 2661 880 2717 institutores
906 2663 1308 2716 simulacrorum
1334 2660 1706 2728 redarguebat,
1738 2658 1827 2713 ubi

236 2752 347 2805 ait:
386 2752 488 2819 Qui
517 2766 866 2821 cognoscentes
900 2752 1094 2819 Deum,
1123 2770 1224 2807 non
1261 2754 1390 2806 sicut
1428 2751 1590 2805 Deum
1630 2750 1827 2822 gloriﬁ-

236 2854 493 2910 cauerunt,
523 2856 612 2899 aut
634 2846 821 2916 gratias
849 2855 1089 2914 egerunt;
1116 2844 1205 2898 sed
1229 2852 1535 2898 evanuerunt
1561 2845 1613 2896 in
1641 2843 1831 2912 cogita-

237 2934 455 2987 tionibus
484 2937 625 3001 suis,
667 2946 711 2988 et
753 2935 1069 2989 obscuratum
1117 2945 1188 2989 est
1234 2934 1474 3003 insipiens
1517 2949 1604 2987 cor
1630 2950 1825 2988 eorum.

234 3023 473 3079 Dicentes
506 3043 562 3081 sc
588 3044 694 3081 esse
717 3030 967 3097 sapientes
993 3027 1036 3091 ³,
1069 3026 1210 3080 stulti
1247 3026 1366 3095 facti
1392 3033 1544 3078 sunt:
1570 3034 1615 3077 et
1642 3025 1829 3076 immu-

240 3125 473 3169 taverunt
516 3118 730 3187 gloriam
775 3118 1168 3187 incorruptibilis
1212 3116 1306 3169 Dei
1349 3117 1402 3169 in
1450 3115 1830 3169 similitudinem

236 3208 478 3276 imaginis
507 3210 847 3277 corruptibilis
875 3210 1119 3270 hominis,
1149 3218 1197 3262 et
1218 3208 1495 3270 volucrum,
1528 3216 1572 3260 et
1598 3204 1829 3275 quadru-

236 3300 460 3369 pedum,
505 3306 552 3352 et
594 3302 919 3370 serpentium.
967 3299 1115 3353 Talia
1154 3298 1348 3368 quippe
1393 3298 1637 3351 novimus
1665 3296 1831 3350 fuisse

236 3392 525 3450 simulacra
554 3390 925 3465 Egyptiorum
948 3434 962 3458 ,
1000 3392 1088 3444 ubi
1130 3399 1184 3444 et
1222 3390 1457 3443 instituta
1499 3403 1618 3443 esse
1647 3388 1831 3441 multi-

240 3486 436 3557 plicior
464 3488 730 3555 multoque
754 3485 1154 3555 ignominiosior
1178 3483 1473 3537 idololatria
1500 3481 1827 3550 perhibetur.

232 3578 507 3649 Numquid
559 3590 733 3634 tamen
788 3579 1141 3649 cognitionem
1196 3576 1290 3630 Dei
1347 3574 1559 3645 negavit
1612 3574 1666 3628 in
1720 3573 1829 3629 illis

233 3674 424 3740 fuisse,
458 3688 521 3728 ac
542 3687 648 3728 non
671 3673 847 3742 potius
867 3670 1221 3734 conﬁrmavit,
1246 3668 1447 3733 dicens,
1472 3665 1833 3737 Cognoscentes

233 3764 424 3831 Deum,
456 3781 559 3819 non
583 3774 639 3819 ut
662 3764 824 3819 Deum
852 3760 1298 3835 gloriﬁcaverunt?
1323 3760 1377 3815 Si
1406 3774 1531 3828 ergo
1556 3759 1709 3813 istam
1740 3771 1834 3811 co-

231 3860 529 3930 gnitionem
552 3867 801 3927 tanquam
828 3855 1166 3911 mendacium
1196 3852 1455 3921 repellere
1474 3858 1529 3905 et
1550 3850 1830 3904 destruere

231 3962 541 4013 conaretur,
572 3950 712 4021 quod
741 3965 860 4004 eam
889 3949 937 4003 in
968 3947 1239 4016 sacrilegis
1267 3943 1587 4005 invenisset;
1623 3956 1822 4009 nonne,

228 4045 372 4115 quod
390 4044 555 4107 absit,
575 4040 1070 4097 veritatisinimicus
1081 4035 1358 4092 existeret?
1378 4032 1668 4102 ldeoqueid
1690 4028 1833 4101 quod

230 4134 654 4191 immutaverunt
684 4134 736 4187 in
769 4132 1101 4187 mendacium
1133 4144 1283 4184 suum
1311 4147 1323 4181 :
1351 4142 1471 4181 nam
1494 4133 1546 4180 et
1570 4125 1655 4179 hic
1676 4124 1829 4192 dixit,

227 4225 640 4280 Immulaverunt
681 4224 898 4295 gloriam
941 4221 1035 4275 Dei
1078 4221 1130 4274 in
1173 4217 1553 4272 similitudinem
1579 4214 1818 4284 imaginis

232 4317 589 4388 corruptibilis
621 4315 881 4378 hominis;
908 4314 1067 4367 talem
1109 4311 1311 4366 scilicet
1356 4308 1611 4378 ﬁngentes
1642 4306 1828 4374 Deum,

228 4411 409 4479 qualis
458 4422 561 4461 non
602 4414 683 4461 est
728 4406 891 4471 Deus,
914 4413 967 4458 et
1010 4418 1113 4456 non
1146 4402 1280 4456 sicut
1317 4414 1438 4454 eum
1469 4403 1830 4467 cognoverunt

232 4500 513 4555 tradentes
552 4497 850 4551 hominibus
881 4512 892 4547 :
935 4502 989 4549 et
1017 4494 1169 4563 paulo
1214 4501 1335 4562 post
1364 4491 1429 4545 de
1459 4490 1650 4543 talibus
1678 4488 1827 4556 dicit,

231 4591 333 4660 Qui
361 4592 755 4645 immutaverunt
799 4587 1053 4642 ueritatem
1093 4585 1188 4639 Dei
1216 4585 1266 4638 in
1293 4581 1632 4648 mendacium,
1662 4587 1706 4633 et
1746 4594 1833 4632 co-

230 4683 438 4737 luerunt
466 4690 511 4735 et
533 4681 806 4733 servierunt
837 4687 1080 4731 creatura:
1110 4675 1275 4745 potius
1300 4689 1452 4745 quam
1476 4670 1722 4736 Creatori,
1746 4668 1830 4739 qui

228 4784 296 4827 est
326 4772 620 4826 benedictus
640 4771 692 4823 in
717 4769 903 4825 siccata
920 4785 938 4833 ;
957 4767 1152 4821 veritas
1173 4766 1368 4834 quippe
1388 4772 1644 4817 creatum
1669 4776 1697 4814 a
1722 4760 1832 4816 Deo

226 4873 335 4930 est,
369 4876 480 4915 non
510 4862 669 4923 Deus,
702 4874 857 4929 quam
883 4858 957 4911 illi
990 4858 1041 4910 in
1073 4855 1404 4910 mendacium
1431 4860 1827 4917 converterunt,

225 4950 490 5023 tanquam
535 4950 663 5006 deos
705 4950 939 5005 colentes
977 4947 1143 5002 solem
1190 4956 1242 5000 et
1270 4945 1446 4998 lunam
1478 4951 1531 4998 et
1555 4956 1828 5010 quaecum-

224 5061 335 5118 que
366 5043 610 5100 coelestia
641 5051 801 5112 atque
844 5040 1113 5096 terrestris
1149 5057 1162 5091 :
1195 5035 1335 5108 quod
1363 5050 1491 5105 ergo
1518 5033 1833 5088 immutave-

225 5145 357 5191 runt
388 5136 446 5188 in
479 5132 812 5187 mendacium
835 5146 1010 5194 suum,
1034 5129 1230 5197 culpat,
1256 5125 1574 5189 detestatur,
1601 5120 1828 5188 evertit;

226 5226 383 5298 quod
411 5235 591 5280 autem
620 5238 808 5280 verum
840 5223 892 5277 in
919 5220 1183 5288 doctrina,
1210 5216 1451 5288 quamvis
1475 5212 1657 5269 multis
1682 5210 1831 5266 falsi-

222 5321 436 5379 tatibus
479 5318 739 5390 permixta
769 5312 1095 5383 confusaque
1119 5354 1134 5379 ,
1178 5316 1495 5375 servarunt,
1536 5304 1827 5378 approbat,

227 5421 490 5478 testatur,
522 5409 770 5465 afﬁrmat.
813 5406 946 5464 Nam
985 5414 1039 5461 et
1080 5403 1206 5459 hinc
1246 5402 1493 5459 eumdem
1535 5399 1713 5455 locum
1756 5397 1830 5452 ita

286 5614 305 5645 ι
333 5608 485 5670 aditi,
509 5606 553 5659 si
582 5604 727 5658 semel
762 5602 945 5657 dwtda.
977 5599 1145 5651 Melius
1177 5597 1402 5660 plerique
1438 5600 1576 5655 Mss,
1613 5588 1660 5643 si
1682 5586 1830 5642 semel

225 5680 441 5784 “iam
472 5738 524 5794 et
544 5738 675 5788 t.ov.,
701 5727 1000 5780 vulneratum
1022 5728 1091 5794 est
1109 5716 1578 5794 adiecta-particula
1592 5721 1828 5778 negante,

222 5812 376 5863 quam
402 5796 486 5869 hic
518 5793 699 5864 habent
720 5798 794 5840 Er.
814 5798 867 5863 et
884 5788 1037 5838 nostri
1059 5788 1382 5853 manuscripti.
1696 5838 1710 5849 .

293 5864 315 5893 ³
339 5859 486 5915 miti,
508 5860 729 5906 lucentes
750 5865 878 5907 enim
910 5863 961 5903 se
1003 5860 1105 5903 esse
1146 5849 1400 5909 «Mes.
1430 5842 1608 5905 Abest,
1629 5851 1778 5902 etum,
1801 5848 1831 5891 a

223 5928 680 5983 Iss.etsgrteoo.

774 428 864 486 DE
901 426 1106 487 [ΙΝωο
1143 426 1483 486 BAPTISMO
1517 426 1795 487 CONTRA
1832 420 2077 502 PETIL.,
2120 429 2180 489 S.
2219 430 2583 492 AUGUSTINI
2620 432 2823 493 LIBER
2856 434 3057 495 UNUS.

3419 439 3524 498 598

1946 546 2127 617 coepit,
2154 555 2213 601 ut
2237 546 2456 616 diceret,
2483 547 2752 605 Revelatur
2770 550 2901 605 enim
2925 551 3003 605 ira
3024 548 3121 605 Dei
3145 550 3208 606 de
3225 550 3347 607 calo
3372 568 3526 624 super

1942 653 2140 693 onmem
2177 640 2480 711 impietatem
2519 651 2565 697 et
2594 642 2895 713 injustitiam
2932 644 3192 698 hominum
3232 660 3404 698 eorum
3441 646 3528 713 qui

1942 732 2209 801 ueritatem,
2230 732 2283 785 in
2310 733 2571 805 iniquitate
2594 735 2815 790 detinent
2856 734 3029 808 (Rom.
3062 752 3099 803 ι,
3132 735 3299 791 18-Ξὸ
3328 739 3345 805 )
3371 752 3385 802 ;
3416 751 3523 791 non

1943 822 2211 893 abnegans
2236 826 2536 894 veritatem,
2577 828 2816 897 quamvis
2843 828 2899 883 in
2925 828 3203 899 iniquitate
3228 828 3522 884 detentam.

2014 914 2065 969 6.
2100 914 2166 968 Et
2199 915 2251 969 in
2281 916 2499 971 Actibus
2526 918 2923 987 Apostolorum,
2964 935 3085 974 cum
3111 920 3178 974 de
3206 919 3315 973 Deo
3338 935 3445 975 uno
3475 930 3527 975 et

1941 1020 2069 1060 vero
2094 1005 2447 1063 Athenienses
2473 1008 2707 1075 doceret,
2736 1009 2878 1080 quod
2906 1010 2958 1063 in
2992 1009 3083 1064 illo
3106 1010 3336 1077 vivimus,
3357 1026 3527 1064 move-

1941 1110 2073 1162 mur,
2122 1104 2170 1149 et
2209 1113 2420 1161 sumus;
2450 1099 2701 1153 continuo
2726 1100 3016 1170 subjunxit,
3048 1098 3193 1153 Sicut
3217 1099 3420 1169 quidam
3439 1105 3524 1153 se-

1940 1188 2158 1240 cundum
2181 1204 2267 1243 vos
2294 1189 2528 1244 dixerunt
2558 1190 2691 1259 (Act.
2734 1208 2862 1259 xvu,
2902 1190 3019 1261 28).
3051 1191 3162 1246 Hoc
3201 1192 3357 1262 igitur
3382 1190 3523 1261 quod

1940 1278 1991 1331 in
2022 1278 2133 1334 Deo
2163 1280 2407 1345 vivimus,
2439 1295 2733 1348 movemur,
2765 1290 2819 1337 et
2856 1298 3060 1345 sumus,
3096 1298 3161 1336 cx
3189 1282 3277 1336 illa
3299 1282 3522 1336 veritate

1939 1376 2199 1439 estquam
2227 1380 2281 1425 et
2322 1371 2395 1425 illi
2421 1371 2568 1443 impii
2598 1373 3004 1427 simulacrorum
3033 1374 3265 1429 cultores
3314 1373 3367 1427 in
3412 1374 3519 1426 ini-

1938 1460 2140 1528 quitate
2169 1460 2449 1529 detinent,
2491 1464 2577 1532 qui
2608 1471 2990 1531 cognoscentes
3017 1464 3204 1529 Deum,
3253 1480 3357 1517 non
3387 1464 3523 1519 sicut

1939 1554 2104 1607 Deum
2151 1556 2599 1624 gloriﬁcaverunt.
2646 1556 2794 1611 Hanc
2820 1563 2997 1609 tamen
3040 1557 3341 1621 veritatem,
3386 1557 3525 1612 sicut

1937 1644 2211 1712 videmus,
2245 1646 2384 1714 apud
2426 1647 2616 1715 impios
2645 1688 2659 1713 ,
2688 1656 2742 1701 et
2773 1647 3061 1716 sacrilegos
3102 1646 3368 1700 inventam
3413 1662 3522 1701 non

1935 1733 2181 1803 destruit,
2211 1737 2305 1791 sed
2348 1738 2628 1792 confirmat
2671 1739 2976 1808 Apostolus,
3006 1740 3226 1808 ejusque
3254 1738 3416 1791 utitur
3440 1745 3520 1792 te-

1937 1828 2190 1882 stimonio
2216 1829 2281 1882 ad
2324 1829 2593 1885 docendos
2620 1845 2714 1885 eos
2752 1832 2840 1901 qui
2868 1832 2964 1884 ista
2996 1830 3325 1885 nesciebant.
3356 1829 3523 1899 Hujus

1936 1920 2133 1989 regulae
2159 1923 2464 1989 apostolicae
2496 1932 2727 1977 sectator
2771 1924 3053 1993 episcopus
3079 1922 3411 1992 Cyprianus,
3453 1922 3523 1976 de

1934 2025 2045 2065 uno
2074 2027 2199 2066 vero
2230 2013 2339 2067 Deo
2378 2001 2629 2067 adversus
2660 2016 2945 2068 multorum
2990 2015 3210 2069 deorum
3240 2013 3524 2068 falsorum-

1936 2120 2038 2175 que
2079 2104 2310 2159 cultoros
2350 2106 2649 2176 disputans,
2695 2107 2859 2160 multa
2888 2106 3090 2175 profert
3116 2086 3417 2160 testimonia
3454 2106 3523 2161 de

1935 2195 2085 2250 libris
2113 2212 2297 2250 eorum
2320 2238 2334 2260 ,
2378 2213 2511 2267 quos
2539 2198 2825 2267 prmelaros
2853 2206 3096 2251 auctores
3132 2196 3329 2251 habent
3374 2194 3520 2268 (Lib.

1934 2286 1999 2341 de
2045 2285 2278 2342 Vanitate
2303 2286 2600 2359 idolorum),
2634 2290 2736 2342 hoc
2762 2296 2864 2353 est,
2898 2305 2963 2342 ex
2992 2288 3079 2341 illa
3109 2289 3333 2343 veritate
3360 2301 3523 2356 quam

1933 2380 1986 2433 in
2011 2380 2287 2450 iniquitate
2308 2380 2570 2435 detinent.
2589 2380 2751 2435 Multo
2771 2390 2949 2435 autem
2968 2380 3263 2435 mirabilius
3276 2388 3358 2434 est
3378 2378 3521 2449 quod

1933 2472 2057 2527 fecit
2102 2474 2425 2542 Apostolus,
2472 2480 2531 2526 ut
2576 2486 2760 2526 eorum
2806 2470 2924 2525 fana
2973 2471 3328 2534 circumiens,
3369 2483 3519 2523 aram

1932 2564 2214 2635 quamdam
2243 2565 2379 2619 inter
2403 2578 2523 2618 aras
2546 2563 2847 2618 diemonum
2872 2563 3157 2623 inventam,
3183 2562 3234 2615 in
3257 2575 3358 2630 qua
3387 2560 3522 2614 scri-

1936 2664 2081 2725 ptum
2110 2669 2267 2721 esset,
2303 2655 2487 2727 lgnoto
2519 2656 2621 2710 Deo
2642 2673 2661 2720 ;
2683 2669 2856 2725 neque
2887 2656 2987 2709 hoc
3012 2652 3255 2724 negando
3285 2662 3337 2707 et
3361 2650 3521 2707 refel-

1934 2746 2092 2800 lendo
2122 2747 2462 2813 destruxerit,
2506 2748 2597 2801 sed
2628 2747 2800 2816 potius
2827 2745 3192 2801 conﬁrmando
3214 2745 3338 2799 hinc
3361 2743 3521 2798 etiam

1934 2840 2195 2908 repererit
2236 2838 2739 2908 opportunissimum
2782 2851 2891 2890 sua:
2939 2836 3315 2906 disputationis
3362 2849 3522 2890 exor-

1933 2929 2076 2984 dium
2098 2928 2300 2994 dicens,
2326 2929 2484 2994 Quem
2514 2945 2598 2983 vos
2623 2930 2911 3000 ignorantes
2930 2928 3114 2994 colitis,
3142 2927 3276 2981 hunc
3303 2941 3399 2997 ego
3426 2941 3522 2979 an-

1933 3019 2111 3074 nuntio
2137 3018 2273 3073 uubis
2302 3017 2442 3089 (Act.
2476 3033 2611 3082 xvu,
2637 3017 2757 3089 25).

2004 3130 2229 3189 CAPUT
2277 3130 2343 3185 V.
2371 3161 2443 3172 —
2469 3132 2521 3186 7.
2565 3131 2711 3185 llatae
2737 3131 2914 3201 itaque
2955 3139 3009 3185 et
3034 3144 3132 3185 nos
3161 3144 3257 3199 per
3283 3128 3516 3199 majores

1938 3233 2154 3280 nostros
2185 3223 2429 3278 traditam
2460 3222 2613 3277 nobis
2660 3232 2944 3292 sequentes
2974 3222 3319 3292 apostolicam
3362 3235 3522 3290 regu-

1934 3316 2062 3383 lam,
2108 3314 2304 3386 siquid
2343 3313 2472 3368 recti
2501 3314 2657 3369 etiam
2706 3314 2757 3367 in
2807 3313 3071 3383 perversis
3115 3311 3476 3366 invenerimus
3501 3350 3521 3377 ,

1935 3422 2117 3461 eorum
2150 3407 2495 3476 perversitate
2538 3412 2797 3469 correcta,
2829 3403 2957 3458 illud
3006 3402 3147 3473 quod
3196 3410 3399 3457 rectum
3442 3407 3525 3456 est

1935 3498 2153 3555 minime
2182 3498 2440 3555 violamus
2472 3516 2486 3553 :
2513 3507 2571 3553 ut
2600 3498 2654 3553 in
2681 3513 2785 3553 uno
2815 3496 3048 3562 homine,
3078 3511 3142 3551 ex
3174 3496 3239 3550 iis
3255 3509 3374 3565 qua:
3394 3507 3522 3548 vera

1938 3600 2083 3648 tenet
2110 3592 2269 3647 etiam
2297 3592 2423 3648 falsa
2454 3591 2823 3655 emendentur,
2858 3607 2965 3645 non
2994 3606 3059 3643 ex
3089 3588 3236 3643 falsis
3262 3587 3520 3643 convictis

1936 3683 2094 3738 etiam
2144 3698 2273 3737 vera
2321 3683 2681 3738 destruantur.
2742 3681 3093 3751 Temporibus
3140 3678 3520 3748 Apostolorum

1936 3775 2023 3844 qui
2043 3774 2306 3839 dicebant,
2329 3772 2437 3843 Ego
2461 3772 2659 3843 quidem
2680 3787 2791 3826 sum
2814 3771 2987 3834 Pauli,
3007 3785 3097 3840 ego
3124 3778 3291 3821 autem
3311 3766 3519 3841 Apollo,

1932 3854 2026 3937 ego
2064 3874 2231 3919 autem
2259 3862 2445 3933 Ceplue
2470 3880 2490 3916 :
2520 3862 2760 3932 quamvis
2804 3877 2908 3915 non
2956 3876 3053 3931 per
3084 3860 3388 3926 impiorum,
3421 3858 3520 3925 sed

1936 3964 2239 4011 sanctorum
2266 3953 2502 4021 nomina,
2528 3953 2627 4023 ipsi
2656 3962 2832 4007 tamen
2862 3950 3020 4019 impia
3049 3948 3336 4005 schismata
3360 3946 3521 4002 facie-

1934 4047 2102 4115 bant;
2130 4048 2233 4103 hoc
2264 4051 2497 4117 ipsorum
2529 4054 2644 4100 erat
2671 4043 2940 4114 pr0prium
2971 4039 3286 4097 detestabile
3313 4039 3517 4095 vitium.

1936 4137 2087 4205 Quod
2112 4152 2239 4192 vero
2269 4136 2507 4191 sciebant
2537 4133 2803 4189 Christum
2831 4148 2928 4203 pro
2954 4146 3013 4187 se
3040 4146 3161 4187 esse
3183 4129 3516 4197 crucifixum,

1935 4238 1989 4285 et
2016 4244 2073 4284 se
2100 4228 2151 4283 in
2179 4226 2295 4296 ejus
2320 4226 2534 4281 nomine
2562 4225 2875 4293 baptizatos,
2910 4237 3016 4276 non
3055 4220 3253 4275 erroris
3280 4234 3470 4274 eorum
3496 4261 3514 4287 ,

1934 4319 2028 4374 sed
2059 4317 2220 4372 divini
2251 4316 2389 4386 apud
2418 4331 2512 4372 eos
2552 4314 2786 4370 muneris
2831 4321 2963 4368 erat.
2997 4311 3147 4367 Hanc
3189 4309 3286 4365 Dei
3326 4310 3522 4365 verita-

1934 4419 2043 4467 tem
2093 4410 2145 4465 in
2200 4408 2478 4479 iniquitate
2526 4422 2742 4462 suorum
2793 4404 3140 4458 schismatum
3186 4400 3516 4455 detinebant.

1935 4504 2083 4560 Hauc
2108 4500 2517 4574 apprehendens
2550 4498 2892 4555 beatissimus
2929 4496 3146 4561 Paulus,
3178 4509 3283 4547 non
3315 4506 3410 4561 per
3434 4491 3523 4545 illa
3565 4566 3569 4572 Ι

1931 4600 2060 4655 vitia
2088 4598 2358 4654 destructa
2407 4595 2567 4651 etiam
2616 4593 2770 4647 istam
2815 4590 3058 4655 destruit,
3105 4585 3201 4642 sed
3247 4600 3342 4656 per
3384 4583 3524 4639 hanc

1933 4689 2306 4745 conﬁrmatam
2369 4686 2461 4740 illa
2521 4680 2852 4739 emendanda
2913 4678 3202 4736 convincit.
3254 4673 3524 4746 Numquid

1935 4780 2134 4836 Paulus
2161 4796 2253 4850 pro
2280 4777 2435 4841 vobis,
2466 4773 2655 4845 inquit,
2687 4772 2960 4841 cruciﬁxus
2989 4780 3060 4825 est
3082 4771 3108 4826 l
3132 4770 3294 4824 autin
3321 4769 3524 4824 nomine

1935 4874 2091 4929 Pauli
2117 4871 2360 4943 baptisati
2379 4869 2494 4924 estis
2520 4865 2575 4939 (l
2600 4864 2718 4922 Cor.
2750 4882 2788 4933 ι,
2823 4863 2909 4929 12,
2951 4862 3089 4934 15)?
3118 4861 3188 4918 Ut
3214 4876 3308 4931 per
3334 4872 3521 4913 verum
3607 4899 3613 4909 .

1933 4964 2030 5020 Dei
2072 4962 2213 5032 quod
2254 4960 2528 5025 tenebant,
2574 4957 2642 5013 de
2671 4971 2769 5012 suo
2809 4954 2943 5010 falso
2971 4953 3351 5010 erubescerent
3379 4945 3522 5019 quod

1933 5053 2179 5125 agebant.
2209 5050 2358 5107 Sicut
2381 5063 2509 5119 ergo
2532 5048 2725 5103 dicitur
2742 5045 2950 5109 Judazo,
2977 5043 3122 5099 Tene
3148 5040 3307 5097 ﬁdem
3337 5053 3522 5094 resur-

1933 5146 2185 5205 rectionis
2230 5150 2583 5208 mortuorum,
2628 5140 2765 5196 sicut
2792 5137 3053 5203 tenebas;
3081 5132 3174 5189 sed
3203 5130 3363 5186 crede
3408 5129 3520 5200 jam

1935 5239 2203 5296 Christum
2225 5234 2579 5292 resurrexisse
2600 5249 2629 5288 a
2657 5231 2903 5297 mortuis,
2926 5226 3064 5299 quod
3094 5239 3200 5279 non
3226 5220 3517 5277 credebas.

1934 5330 2212 5387 veritatem
2238 5327 2433 5399 quippe
2459 5324 2550 5380 Dei
2583 5323 2650 5378 de
2687 5320 2908 5376 mortuis
2936 5311 3318 5374 resurrecturis
3351 5311 3405 5365 in
3433 5319 3519 5365 tua

1933 5421 2210 5492 iniquitate
2253 5417 2480 5481 detines,
2522 5415 2645 5487 quia
2693 5412 2958 5467 Christum
3003 5403 3364 5461 resurrexisse
3408 5408 3515 5473 non

1934 5514 2129 5572 credis.
2177 5511 2324 5568 Sicut
2352 5509 2614 5565 idolorum
2653 5503 2842 5560 cultori
2886 5501 3096 5566 dicitur,
3146 5498 3293 5553 Tene
3318 5497 3386 5551 ab
3409 5510 3520 5551 uno

1935 5623 2064 5663 vero
2105 5606 2215 5661 Deo
2267 5602 2519 5659 mundum
2564 5596 2833 5654 conditum
2880 5609 3017 5660 esse,
3066 5589 3207 5662 quod
3259 5589 3516 5654 tenebas;

1932 5701 2029 5759 sed
2057 5700 2164 5756 noli
2191 5697 2411 5755 credere
2433 5695 2563 5749 deos
2587 5704 2706 5747 esse
2736 5690 2871 5758 ligna
2900 5697 2953 5744 et
2990 5684 3214 5755 lapides,
3253 5691 3308 5738 et
3342 5681 3512 5751 ipsius

1935 5791 2120 5849 mundi
2148 5762 2412 5861 quaslibet
2448 5783 2737 5855 particulas
2764 5796 2897 5851 quas
2940 5779 3158 5833 colebas
3191 5794 3205 5830 :
3240 5776 3335 5831 Dei
3368 5775 3512 5829 enim

1934 5885 2234 5953 veritatem,
2266 5895 2368 5952 qua
2392 5876 2566 5937 credis
2593 5874 2660 5933 ab
2685 5875 2801 5947 ipso
2837 5872 3095 5932 mundum
3137 5868 3433 5936 conditum,
3462 5864 3520 5920 in

3559 4741 3570 4767 ο
