  <div class='ocr_page' id='page_1' title='image "/cluster/home/n/w/nwhite01/storage/ocr_20150623/43/hvd.32044012717385/305.png"; bbox 0 0 4010 6472; ppageno 0'>
   <div class='ocr_carea' id='block_1_1' title="bbox 470 395 577 455">
    <p class='ocr_par' dir='ltr' id='par_1_1' title="bbox 470 395 577 455">
     <span class='ocr_line' id='line_1_1' title="bbox 470 395 577 455; baseline -0.009 0"><span class='ocrx_word' id='word_1_1' title='bbox 470 395 577 455; x_wconf 77' lang='lat'><strong>599</strong></span> 
     </span>
    </p>
   </div>
   <div class='ocr_carea' id='block_1_2' title="bbox 473 505 2052 579">
    <p class='ocr_par' dir='ltr' id='par_1_2' title="bbox 473 505 2052 579">
     <span class='ocr_line' id='line_1_2' title="bbox 473 505 2052 579; baseline -0.004 -14"><span class='ocrx_word' id='word_1_2' title='bbox 473 519 563 565; x_wconf 83' lang='lat' dir='ltr'><strong>tua</strong></span> <span class='ocrx_word' id='word_1_3' title='bbox 592 509 799 565; x_wconf 90' lang='lat' dir='ltr'><strong>detines</strong></span> <span class='ocrx_word' id='word_1_4' title='bbox 844 507 1190 579; x_wconf 87' lang='lat' dir='ltr'><strong>iniquitatate,</strong></span> <span class='ocrx_word' id='word_1_5' title='bbox 1220 523 1324 578; x_wconf 91' lang='lat' dir='ltr'><strong>qua</strong></span> <span class='ocrx_word' id='word_1_6' title='bbox 1349 507 1570 564; x_wconf 90' lang='lat' dir='ltr'><strong>deorum</strong></span> <span class='ocrx_word' id='word_1_7' title='bbox 1597 506 1770 562; x_wconf 89' lang='lat' dir='ltr'><strong>cultor</strong></span> <span class='ocrx_word' id='word_1_8' title='bbox 1804 505 1886 559; x_wconf 99' lang='lat' dir='ltr'><strong>vis</strong></span> <span class='ocrx_word' id='word_1_9' title='bbox 1931 517 2052 559; x_wconf 89' lang='lat' dir='ltr'><strong>esse</strong></span> 
     </span>
    </p>
   </div>
   <div class='ocr_carea' id='block_1_3' title="bbox 473 597 2054 668">
    <p class='ocr_par' dir='ltr' id='par_1_3' title="bbox 473 597 2054 668">
     <span class='ocr_line' id='line_1_3' title="bbox 473 597 2054 668; baseline -0.003 -14"><span class='ocrx_word' id='word_1_10' title='bbox 473 603 755 656; x_wconf 74' lang='lat' dir='ltr'><strong>falsorum.</strong></span> <span class='ocrx_word' id='word_1_11' title='bbox 786 600 874 656; x_wconf 90' lang='lat' dir='ltr'><strong>Sic</strong></span> <span class='ocrx_word' id='word_1_12' title='bbox 901 600 1058 655; x_wconf 88' lang='lat' dir='ltr'><strong>etiam</strong></span> <span class='ocrx_word' id='word_1_13' title='bbox 1084 599 1340 654; x_wconf 71' lang='lat' dir='ltr'><strong>lmretico</strong></span> <span class='ocrx_word' id='word_1_14' title='bbox 1365 599 1580 664; x_wconf 90' lang='lat' dir='ltr'><strong>dicitur,</strong></span> <span class='ocrx_word' id='word_1_15' title='bbox 1599 598 1688 668; x_wconf 86' lang='lat' dir='ltr'><strong>qui</strong></span> <span class='ocrx_word' id='word_1_16' title='bbox 1705 597 2054 652; x_wconf 91' lang='lat' dir='ltr'><strong>Sacramenta</strong></span> 
     </span>
    </p>
   </div>
   <div class='ocr_carea' id='block_1_4' title="bbox 475 687 2057 768">
    <p class='ocr_par' dir='ltr' id='par_1_4' title="bbox 475 687 2057 768">
     <span class='ocr_line' id='line_1_4' title="bbox 475 687 2057 768; baseline -0.005 -20"><span class='ocrx_word' id='word_1_17' title='bbox 475 692 764 748; x_wconf 89' lang='lat' dir='ltr'><strong>christiana</strong></span> <span class='ocrx_word' id='word_1_18' title='bbox 793 691 929 746; x_wconf 92' lang='lat' dir='ltr'><strong>sicut</strong></span> <span class='ocrx_word' id='word_1_19' title='bbox 952 691 1006 745; x_wconf 92' lang='lat' dir='ltr'><strong>in</strong></span> <span class='ocrx_word' id='word_1_20' title='bbox 1028 689 1268 745; x_wconf 82' lang='lat' dir='ltr'><strong>Ecclesia</strong></span> <span class='ocrx_word' id='word_1_21' title='bbox 1295 690 1559 746; x_wconf 88' lang='lat' dir='ltr'><strong>catholica</strong></span> <span class='ocrx_word' id='word_1_22' title='bbox 1585 689 1892 768; x_wconf 84' lang='lat' dir='ltr'><strong>traduntur.</strong></span> <span class='ocrx_word' id='word_1_23' title='bbox 1911 687 2057 743; x_wconf 91' lang='lat' dir='ltr'><strong>nulla</strong></span> 
     </span>
    </p>
   </div>
   <div class='ocr_carea' id='block_1_5' title="bbox 475 785 2056 856">
    <p class='ocr_par' dir='ltr' id='par_1_5' title="bbox 475 785 2056 856">
     <span class='ocr_line' id='line_1_5' title="bbox 475 785 2056 856; baseline -0.006 -10"><span class='ocrx_word' id='word_1_24' title='bbox 475 807 572 847; x_wconf 90' lang='lat' dir='ltr'><strong>sua</strong></span> <span class='ocrx_word' id='word_1_25' title='bbox 599 790 825 846; x_wconf 89' lang='lat' dir='ltr'><strong>falsitate</strong></span> <span class='ocrx_word' id='word_1_26' title='bbox 867 789 1112 856; x_wconf 85' lang='lat' dir='ltr'><strong>mutavit,</strong></span> <span class='ocrx_word' id='word_1_27' title='bbox 1157 789 1304 844; x_wconf 86' lang='lat' dir='ltr'><strong>Tene</strong></span> <span class='ocrx_word' id='word_1_28' title='bbox 1350 788 1699 843; x_wconf 87' lang='lat' dir='ltr'><strong>christianum</strong></span> <span class='ocrx_word' id='word_1_29' title='bbox 1728 785 2056 855; x_wconf 85' lang='lat' dir='ltr'><strong>Baptismum</strong></span> 
     </span>
    </p>
   </div>
   <div class='ocr_carea' id='block_1_6' title="bbox 476 878 2058 952">
    <p class='ocr_par' dir='ltr' id='par_1_6' title="bbox 476 878 2058 952">
     <span class='ocr_line' id='line_1_6' title="bbox 476 878 2058 952; baseline -0.006 -13"><span class='ocrx_word' id='word_1_30' title='bbox 476 885 530 940; x_wconf 94' lang='lat' dir='ltr'><strong>in</strong></span> <span class='ocrx_word' id='word_1_31' title='bbox 560 885 772 939; x_wconf 86' lang='lat' dir='ltr'><strong>nomine</strong></span> <span class='ocrx_word' id='word_1_32' title='bbox 799 883 972 938; x_wconf 84' lang='lat' dir='ltr'><strong>Patris</strong></span> <span class='ocrx_word' id='word_1_33' title='bbox 997 892 1050 938; x_wconf 88' lang='lat' dir='ltr'><strong>et</strong></span> <span class='ocrx_word' id='word_1_34' title='bbox 1080 881 1202 936; x_wconf 88' lang='lat' dir='ltr'><strong>Filii</strong></span> <span class='ocrx_word' id='word_1_35' title='bbox 1233 890 1288 938; x_wconf 89' lang='lat' dir='ltr'><strong>et</strong></span> <span class='ocrx_word' id='word_1_36' title='bbox 1326 881 1556 952; x_wconf 84' lang='lat' dir='ltr'><strong>Spiritus</strong></span> <span class='ocrx_word' id='word_1_37' title='bbox 1583 879 1773 946; x_wconf 88' lang='lat' dir='ltr'><strong>sancti,</strong></span> <span class='ocrx_word' id='word_1_38' title='bbox 1815 878 1950 933; x_wconf 88' lang='lat' dir='ltr'><strong>sicut</strong></span> <span class='ocrx_word' id='word_1_39' title='bbox 1974 886 2058 931; x_wconf 81' lang='lat' dir='ltr'><strong>te-</strong></span> 
     </span>
    </p>
   </div>
   <div class='ocr_carea' id='block_1_7' title="bbox 475 968 2060 1047">
    <p class='ocr_par' dir='ltr' id='par_1_7' title="bbox 475 968 2060 1047">
     <span class='ocr_line' id='line_1_7' title="bbox 475 968 2060 1047; baseline -0.008 -14"><span class='ocrx_word' id='word_1_40' title='bbox 475 978 678 1043; x_wconf 90' lang='lat' dir='ltr'><strong>nebas;</strong></span> <span class='ocrx_word' id='word_1_41' title='bbox 729 976 824 1032; x_wconf 90' lang='lat' dir='ltr'><strong>sed</strong></span> <span class='ocrx_word' id='word_1_42' title='bbox 873 990 1101 1047; x_wconf 81' lang='lat' dir='ltr'><strong>agnosce</strong></span> <span class='ocrx_word' id='word_1_43' title='bbox 1143 974 1342 1030; x_wconf 89' lang='lat' dir='ltr'><strong>Christi</strong></span> <span class='ocrx_word' id='word_1_44' title='bbox 1388 973 1681 1029; x_wconf 89' lang='lat' dir='ltr'><strong>Ecclesiam</strong></span> <span class='ocrx_word' id='word_1_45' title='bbox 1732 978 1864 1034; x_wconf 90' lang='lat' dir='ltr'><strong>toto,</strong></span> <span class='ocrx_word' id='word_1_46' title='bbox 1924 968 2060 1022; x_wconf 89' lang='lat' dir='ltr'><strong>sicut</strong></span> 
     </span>
    </p>
   </div>
   <div class='ocr_carea' id='block_1_8' title="bbox 474 1059 2059 1139">
    <p class='ocr_par' dir='ltr' id='par_1_8' title="bbox 474 1059 2059 1139">
     <span class='ocr_line' id='line_1_8' title="bbox 474 1059 2059 1139; baseline -0.007 -16"><span class='ocrx_word' id='word_1_47' title='bbox 474 1068 849 1139; x_wconf 85' lang='lat' dir='ltr'><strong>prophetatum</strong></span> <span class='ocrx_word' id='word_1_48' title='bbox 904 1075 1024 1132; x_wconf 89' lang='lat' dir='ltr'><strong>est,</strong></span> <span class='ocrx_word' id='word_1_49' title='bbox 1079 1066 1208 1121; x_wconf 87' lang='lat' dir='ltr'><strong>orbe</strong></span> <span class='ocrx_word' id='word_1_50' title='bbox 1259 1074 1624 1131; x_wconf 85' lang='lat' dir='ltr'><strong>crescentem,</strong></span> <span class='ocrx_word' id='word_1_51' title='bbox 1675 1063 1760 1118; x_wconf 92' lang='lat' dir='ltr'><strong>cui</strong></span> <span class='ocrx_word' id='word_1_52' title='bbox 1802 1059 2059 1129; x_wconf 88' lang='lat' dir='ltr'><strong>sacrilega</strong></span> 
     </span>
    </p>
   </div>
   <div class='ocr_carea' id='block_1_9' title="bbox 475 1150 2062 1215">
    <p class='ocr_par' dir='ltr' id='par_1_9' title="bbox 475 1150 2062 1215">
     <span class='ocr_line' id='line_1_9' title="bbox 475 1150 2062 1215; baseline -0.005 -2"><span class='ocrx_word' id='word_1_53' title='bbox 475 1174 608 1215; x_wconf 90' lang='lat' dir='ltr'><strong>voce</strong></span> <span class='ocrx_word' id='word_1_54' title='bbox 650 1158 1004 1214; x_wconf 91' lang='lat' dir='ltr'><strong>maledicebas</strong></span> <span class='ocrx_word' id='word_1_55' title='bbox 1049 1175 1062 1210; x_wconf 86' lang='lat'><strong>:</strong></span> <span class='ocrx_word' id='word_1_56' title='bbox 1113 1156 1208 1210; x_wconf 88' lang='lat' dir='ltr'><strong>Dei</strong></span> <span class='ocrx_word' id='word_1_57' title='bbox 1253 1155 1396 1211; x_wconf 93' lang='lat' dir='ltr'><strong>enim</strong></span> <span class='ocrx_word' id='word_1_58' title='bbox 1437 1154 1712 1209; x_wconf 90' lang='lat' dir='ltr'><strong>veritatem</strong></span> <span class='ocrx_word' id='word_1_59' title='bbox 1755 1152 1824 1207; x_wconf 89' lang='lat' dir='ltr'><strong>de</strong></span> <span class='ocrx_word' id='word_1_60' title='bbox 1863 1150 2062 1205; x_wconf 88' lang='lat' dir='ltr'><strong>unitate</strong></span> 
     </span>
    </p>
   </div>
   <div class='ocr_carea' id='block_1_10' title="bbox 476 1239 2060 1320">
    <p class='ocr_par' dir='ltr' id='par_1_10' title="bbox 476 1239 2060 1320">
     <span class='ocr_line' id='line_1_10' title="bbox 476 1239 2060 1320; baseline -0.006 -16"><span class='ocrx_word' id='word_1_61' title='bbox 476 1249 814 1320; x_wconf 89' lang='lat' dir='ltr'><strong>Baptismatis</strong></span> <span class='ocrx_word' id='word_1_62' title='bbox 845 1249 898 1303; x_wconf 93' lang='lat' dir='ltr'><strong>in</strong></span> <span class='ocrx_word' id='word_1_63' title='bbox 929 1247 1203 1317; x_wconf 86' lang='lat' dir='ltr'><strong>iniquitate</strong></span> <span class='ocrx_word' id='word_1_64' title='bbox 1229 1246 1438 1301; x_wconf 92' lang='lat' dir='ltr'><strong>detines</strong></span> <span class='ocrx_word' id='word_1_65' title='bbox 1465 1252 1569 1299; x_wconf 84' lang='lat' dir='ltr'><strong>tuae</strong></span> <span class='ocrx_word' id='word_1_66' title='bbox 1595 1241 1895 1298; x_wconf 88' lang='lat' dir='ltr'><strong>divisionis.</strong></span> <span class='ocrx_word' id='word_1_67' title='bbox 1929 1239 2060 1295; x_wconf 87' lang='lat' dir='ltr'><strong>Cor-</strong></span> 
     </span>
    </p>
   </div>
   <div class='ocr_carea' id='block_1_11' title="bbox 478 1334 2062 1413">
    <p class='ocr_par' dir='ltr' id='par_1_11' title="bbox 478 1334 2062 1413">
     <span class='ocr_line' id='line_1_11' title="bbox 478 1334 2062 1413; baseline -0.006 -16"><span class='ocrx_word' id='word_1_68' title='bbox 478 1343 591 1413; x_wconf 91' lang='lat' dir='ltr'><strong>rige</strong></span> <span class='ocrx_word' id='word_1_69' title='bbox 636 1343 966 1412; x_wconf 87' lang='lat' dir='ltr'><strong>iniquitatem</strong></span> <span class='ocrx_word' id='word_1_70' title='bbox 991 1339 1228 1395; x_wconf 69' lang='lat' dir='ltr'><strong>hmretici</strong></span> <span class='ocrx_word' id='word_1_71' title='bbox 1255 1338 1509 1408; x_wconf 88' lang='lat' dir='ltr'><strong>ﬁgmenti,</strong></span> <span class='ocrx_word' id='word_1_72' title='bbox 1543 1352 1610 1392; x_wconf 92' lang='lat' dir='ltr'><strong>ne</strong></span> <span class='ocrx_word' id='word_1_73' title='bbox 1653 1334 1843 1406; x_wconf 89' lang='lat' dir='ltr'><strong>perdat</strong></span> <span class='ocrx_word' id='word_1_74' title='bbox 1887 1342 1973 1398; x_wconf 89' lang='lat' dir='ltr'><strong>te;</strong></span> <span class='ocrx_word' id='word_1_75' title='bbox 2007 1340 2062 1388; x_wconf 93' lang='lat' dir='ltr'><strong>et</strong></span> 
     </span>
    </p>
   </div>
   <div class='ocr_carea' id='block_1_12' title="bbox 481 1425 2060 1504">
    <p class='ocr_par' dir='ltr' id='par_1_12' title="bbox 481 1425 2060 1504">
     <span class='ocr_line' id='line_1_12' title="bbox 481 1425 2060 1504; baseline -0.008 -15"><span class='ocrx_word' id='word_1_76' title='bbox 481 1436 591 1490; x_wconf 90' lang='lat' dir='ltr'><strong>noli</strong></span> <span class='ocrx_word' id='word_1_77' title='bbox 620 1434 893 1504; x_wconf 90' lang='lat' dir='ltr'><strong>superbire</strong></span> <span class='ocrx_word' id='word_1_78' title='bbox 921 1432 989 1487; x_wconf 92' lang='lat' dir='ltr'><strong>de</strong></span> <span class='ocrx_word' id='word_1_79' title='bbox 1014 1432 1238 1486; x_wconf 87' lang='lat' dir='ltr'><strong>veritate</strong></span> <span class='ocrx_word' id='word_1_80' title='bbox 1257 1428 1534 1486; x_wconf 89' lang='lat' dir='ltr'><strong>christiani</strong></span> <span class='ocrx_word' id='word_1_81' title='bbox 1561 1425 1913 1491; x_wconf 89' lang='lat' dir='ltr'><strong>Sacramenti,</strong></span> <span class='ocrx_word' id='word_1_82' title='bbox 1940 1437 2060 1492; x_wconf 67' lang='lat' dir='ltr'><strong>qua:</strong></span> 
     </span>
    </p>
   </div>
   <div class='ocr_carea' id='block_1_13' title="bbox 481 1516 2062 1596">
    <p class='ocr_par' dir='ltr' id='par_1_13' title="bbox 481 1516 2062 1596">
     <span class='ocr_line' id='line_1_13' title="bbox 481 1516 2062 1596; baseline -0.006 -15"><span class='ocrx_word' id='word_1_83' title='bbox 481 1527 554 1581; x_wconf 85' lang='lat' dir='ltr'><strong>ibi</strong></span> <span class='ocrx_word' id='word_1_84' title='bbox 580 1535 740 1580; x_wconf 90' lang='lat' dir='ltr'><strong>estut</strong></span> <span class='ocrx_word' id='word_1_85' title='bbox 778 1525 980 1596; x_wconf 92' lang='lat' dir='ltr'><strong>iudicet</strong></span> <span class='ocrx_word' id='word_1_86' title='bbox 1005 1533 1075 1579; x_wconf 92' lang='lat' dir='ltr'><strong>te.</strong></span> <span class='ocrx_word' id='word_1_87' title='bbox 1122 1523 1236 1593; x_wconf 90' lang='lat' dir='ltr'><strong>Ego</strong></span> <span class='ocrx_word' id='word_1_88' title='bbox 1262 1531 1441 1577; x_wconf 90' lang='lat' dir='ltr'><strong>autem</strong></span> <span class='ocrx_word' id='word_1_89' title='bbox 1470 1521 1609 1576; x_wconf 89' lang='lat' dir='ltr'><strong>absit</strong></span> <span class='ocrx_word' id='word_1_90' title='bbox 1633 1527 1690 1575; x_wconf 90' lang='lat' dir='ltr'><strong>ut</strong></span> <span class='ocrx_word' id='word_1_91' title='bbox 1719 1519 1796 1574; x_wconf 91' lang='lat' dir='ltr'><strong>sic</strong></span> <span class='ocrx_word' id='word_1_92' title='bbox 1826 1516 2062 1572; x_wconf 76' lang='lat' dir='ltr'><strong>detester</strong></span> 
     </span>
    </p>
   </div>
   <div class='ocr_carea' id='block_1_14' title="bbox 479 1611 2059 1688">
    <p class='ocr_par' dir='ltr' id='par_1_14' title="bbox 479 1611 2059 1688">
     <span class='ocr_line' id='line_1_14' title="bbox 479 1611 2059 1688; baseline -0.006 -15"><span class='ocrx_word' id='word_1_93' title='bbox 479 1618 814 1688; x_wconf 86' lang='lat' dir='ltr'><strong>iniquitatem</strong></span> <span class='ocrx_word' id='word_1_94' title='bbox 868 1625 1034 1682; x_wconf 88' lang='lat' dir='ltr'><strong>tuam,</strong></span> <span class='ocrx_word' id='word_1_95' title='bbox 1085 1624 1144 1671; x_wconf 85' lang='lat' dir='ltr'><strong>ut</strong></span> <span class='ocrx_word' id='word_1_96' title='bbox 1193 1615 1392 1670; x_wconf 89' lang='lat' dir='ltr'><strong>Christi</strong></span> <span class='ocrx_word' id='word_1_97' title='bbox 1440 1614 1696 1684; x_wconf 86' lang='lat' dir='ltr'><strong>abnegcm</strong></span> <span class='ocrx_word' id='word_1_98' title='bbox 1744 1611 2059 1678; x_wconf 85' lang='lat' dir='ltr'><strong>veritatem,</strong></span> 
     </span>
    </p>
   </div>
   <div class='ocr_carea' id='block_1_15' title="bbox 480 1702 2066 1778">
    <p class='ocr_par' dir='ltr' id='par_1_15' title="bbox 480 1702 2066 1778">
     <span class='ocr_line' id='line_1_15' title="bbox 480 1702 2066 1778; baseline -0.005 -15"><span class='ocrx_word' id='word_1_99' title='bbox 480 1723 640 1778; x_wconf 91' lang='lat' dir='ltr'><strong>quam</strong></span> <span class='ocrx_word' id='word_1_100' title='bbox 683 1710 736 1762; x_wconf 93' lang='lat' dir='ltr'><strong>in</strong></span> <span class='ocrx_word' id='word_1_101' title='bbox 767 1717 820 1763; x_wconf 88' lang='lat' dir='ltr'><strong>te</strong></span> <span class='ocrx_word' id='word_1_102' title='bbox 849 1707 1060 1763; x_wconf 90' lang='lat' dir='ltr'><strong>invenio</strong></span> <span class='ocrx_word' id='word_1_103' title='bbox 1085 1706 1150 1761; x_wconf 91' lang='lat' dir='ltr'><strong>ad</strong></span> <span class='ocrx_word' id='word_1_104' title='bbox 1189 1706 1581 1761; x_wconf 89' lang='lat' dir='ltr'><strong>damnationem</strong></span> <span class='ocrx_word' id='word_1_105' title='bbox 1623 1713 1766 1759; x_wconf 90' lang='lat' dir='ltr'><strong>tuam</strong></span> <span class='ocrx_word' id='word_1_106' title='bbox 1797 1721 1809 1755; x_wconf 90' lang='lat'><strong>:</strong></span> <span class='ocrx_word' id='word_1_107' title='bbox 1841 1702 1979 1756; x_wconf 88' lang='lat' dir='ltr'><strong>absit</strong></span> <span class='ocrx_word' id='word_1_108' title='bbox 2005 1708 2066 1756; x_wconf 89' lang='lat' dir='ltr'><strong>ut</strong></span> 
     </span>
    </p>
   </div>
   <div class='ocr_carea' id='block_1_16' title="bbox 480 1793 2061 1870">
    <p class='ocr_par' dir='ltr' id='par_1_16' title="bbox 480 1793 2061 1870">
     <span class='ocr_line' id='line_1_16' title="bbox 480 1793 2061 1870; baseline -0.006 -15"><span class='ocrx_word' id='word_1_109' title='bbox 480 1800 561 1855; x_wconf 85' lang='lat' dir='ltr'><strong>sic</strong></span> <span class='ocrx_word' id='word_1_110' title='bbox 589 1808 641 1855; x_wconf 91' lang='lat' dir='ltr'><strong>te</strong></span> <span class='ocrx_word' id='word_1_111' title='bbox 670 1800 952 1870; x_wconf 81' lang='lat' dir='ltr'><strong>corrigam,</strong></span> <span class='ocrx_word' id='word_1_112' title='bbox 983 1807 1042 1854; x_wconf 87' lang='lat' dir='ltr'><strong>ut</strong></span> <span class='ocrx_word' id='word_1_113' title='bbox 1079 1797 1208 1853; x_wconf 91' lang='lat' dir='ltr'><strong>illud</strong></span> <span class='ocrx_word' id='word_1_114' title='bbox 1250 1796 1389 1852; x_wconf 92' lang='lat' dir='ltr'><strong>unde</strong></span> <span class='ocrx_word' id='word_1_115' title='bbox 1415 1806 1468 1851; x_wconf 89' lang='lat' dir='ltr'><strong>te</strong></span> <span class='ocrx_word' id='word_1_116' title='bbox 1491 1795 1699 1866; x_wconf 89' lang='lat' dir='ltr'><strong>corrigo</strong></span> <span class='ocrx_word' id='word_1_117' title='bbox 1743 1793 2017 1849; x_wconf 90' lang='lat' dir='ltr'><strong>destruam</strong></span> <span class='ocrx_word' id='word_1_118' title='bbox 2045 1807 2061 1859; x_wconf 92' lang='lat'><strong>;</strong></span> 
     </span>
    </p>
   </div>
   <div class='ocr_carea' id='block_1_17' title="bbox 481 1882 2064 1956">
    <p class='ocr_par' dir='ltr' id='par_1_17' title="bbox 481 1882 2064 1956">
     <span class='ocr_line' id='line_1_17' title="bbox 481 1882 2064 1956; baseline -0.004 -12"><span class='ocrx_word' id='word_1_119' title='bbox 481 1889 586 1944; x_wconf 88' lang='lat' dir='ltr'><strong>nisi</strong></span> <span class='ocrx_word' id='word_1_120' title='bbox 630 1889 766 1944; x_wconf 90' lang='lat' dir='ltr'><strong>forte</strong></span> <span class='ocrx_word' id='word_1_121' title='bbox 809 1889 1086 1945; x_wconf 87' lang='lat' dir='ltr'><strong>destruere</strong></span> <span class='ocrx_word' id='word_1_122' title='bbox 1128 1887 1298 1943; x_wconf 88' lang='lat' dir='ltr'><strong>debeo</strong></span> <span class='ocrx_word' id='word_1_123' title='bbox 1345 1901 1534 1942; x_wconf 87' lang='lat' dir='ltr'><strong>verum</strong></span> <span class='ocrx_word' id='word_1_124' title='bbox 1579 1884 1720 1956; x_wconf 90' lang='lat' dir='ltr'><strong>quod</strong></span> <span class='ocrx_word' id='word_1_125' title='bbox 1764 1883 1980 1938; x_wconf 90' lang='lat' dir='ltr'><strong>invenio</strong></span> <span class='ocrx_word' id='word_1_126' title='bbox 2009 1882 2064 1938; x_wconf 92' lang='lat' dir='ltr'><strong>in</strong></span> 
     </span>
    </p>
   </div>
   <div class='ocr_carea' id='block_1_18' title="bbox 482 1973 2067 2048">
    <p class='ocr_par' dir='ltr' id='par_1_18' title="bbox 482 1973 2067 2048">
     <span class='ocr_line' id='line_1_18' title="bbox 482 1973 2067 2048; baseline -0.003 -15"><span class='ocrx_word' id='word_1_127' title='bbox 482 1981 658 2034; x_wconf 88' lang='lat' dir='ltr'><strong>anima</strong></span> <span class='ocrx_word' id='word_1_128' title='bbox 684 1979 1080 2046; x_wconf 61' lang='lat' dir='ltr'><strong>haereticorum,</strong></span> <span class='ocrx_word' id='word_1_129' title='bbox 1129 1994 1249 2033; x_wconf 92' lang='lat' dir='ltr'><strong>cum</strong></span> <span class='ocrx_word' id='word_1_130' title='bbox 1281 1977 1566 2048; x_wconf 83' lang='lat' dir='ltr'><strong>Apostolus</strong></span> <span class='ocrx_word' id='word_1_131' title='bbox 1609 1991 1718 2031; x_wconf 90' lang='lat' dir='ltr'><strong>non</strong></span> <span class='ocrx_word' id='word_1_132' title='bbox 1743 1973 2067 2032; x_wconf 76' lang='lat' dir='ltr'><strong>destruxerit</strong></span> 
     </span>
    </p>
   </div>
   <div class='ocr_carea' id='block_1_19' title="bbox 485 2069 1744 2142">
    <p class='ocr_par' dir='ltr' id='par_1_19' title="bbox 485 2069 1744 2142">
     <span class='ocr_line' id='line_1_19' title="bbox 485 2069 1744 2142; baseline -0.002 -18"><span class='ocrx_word' id='word_1_133' title='bbox 485 2071 688 2128; x_wconf 84' lang='lat' dir='ltr'><strong>verum&#39;</strong></span> <span class='ocrx_word' id='word_1_134' title='bbox 709 2071 850 2142; x_wconf 89' lang='lat' dir='ltr'><strong>quod</strong></span> <span class='ocrx_word' id='word_1_135' title='bbox 882 2071 1084 2126; x_wconf 89' lang='lat' dir='ltr'><strong>invenit</strong></span> <span class='ocrx_word' id='word_1_136' title='bbox 1109 2071 1161 2124; x_wconf 92' lang='lat' dir='ltr'><strong>in</strong></span> <span class='ocrx_word' id='word_1_137' title='bbox 1189 2069 1365 2139; x_wconf 85' lang='lat' dir='ltr'><strong>lapide</strong></span> <span class='ocrx_word' id='word_1_138' title='bbox 1392 2069 1744 2138; x_wconf 86' lang='lat' dir='ltr'><strong>Paganorum.</strong></span> 
     </span>
    </p>
   </div>
   <div class='ocr_carea' id='block_1_20' title="bbox 556 2160 2064 2231">
    <p class='ocr_par' dir='ltr' id='par_1_20' title="bbox 556 2160 2064 2231">
     <span class='ocr_line' id='line_1_20' title="bbox 556 2160 2064 2231; baseline -0.003 -11"><span class='ocrx_word' id='word_1_139' title='bbox 556 2164 612 2220; x_wconf 93' lang='lat'><strong>8.</strong></span> <span class='ocrx_word' id='word_1_140' title='bbox 661 2165 786 2220; x_wconf 91' lang='lat' dir='ltr'><strong>Plus</strong></span> <span class='ocrx_word' id='word_1_141' title='bbox 833 2172 916 2219; x_wconf 92' lang='lat' dir='ltr'><strong>est</strong></span> <span class='ocrx_word' id='word_1_142' title='bbox 960 2179 1097 2218; x_wconf 88' lang='lat' dir='ltr'><strong>unus</strong></span> <span class='ocrx_word' id='word_1_143' title='bbox 1135 2163 1295 2227; x_wconf 86' lang='lat' dir='ltr'><strong>Deus,</strong></span> <span class='ocrx_word' id='word_1_144' title='bbox 1337 2175 1495 2231; x_wconf 92' lang='lat' dir='ltr'><strong>quam</strong></span> <span class='ocrx_word' id='word_1_145' title='bbox 1545 2175 1680 2216; x_wconf 88' lang='lat' dir='ltr'><strong>unus</strong></span> <span class='ocrx_word' id='word_1_146' title='bbox 1726 2160 2064 2230; x_wconf 90' lang='lat' dir='ltr'><strong>Baptismus;</strong></span> 
     </span>
    </p>
   </div>
   <div class='ocr_carea' id='block_1_21' title="bbox 487 2252 2066 2326">
    <p class='ocr_par' dir='ltr' id='par_1_21' title="bbox 487 2252 2066 2326">
     <span class='ocr_line' id='line_1_21' title="bbox 487 2252 2066 2326; baseline -0.004 -14"><span class='ocrx_word' id='word_1_147' title='bbox 487 2272 660 2326; x_wconf 87' lang='lat' dir='ltr'><strong>neque</strong></span> <span class='ocrx_word' id='word_1_148' title='bbox 688 2257 828 2312; x_wconf 93' lang='lat' dir='ltr'><strong>enim</strong></span> <span class='ocrx_word' id='word_1_149' title='bbox 860 2257 1162 2325; x_wconf 90' lang='lat' dir='ltr'><strong>Baptismus</strong></span> <span class='ocrx_word' id='word_1_150' title='bbox 1208 2255 1348 2309; x_wconf 92' lang='lat' dir='ltr'><strong>Deus</strong></span> <span class='ocrx_word' id='word_1_151' title='bbox 1377 2263 1478 2319; x_wconf 91' lang='lat' dir='ltr'><strong>est,</strong></span> <span class='ocrx_word' id='word_1_152' title='bbox 1524 2252 1618 2306; x_wconf 90' lang='lat' dir='ltr'><strong>sed</strong></span> <span class='ocrx_word' id='word_1_153' title='bbox 1661 2252 1782 2307; x_wconf 88' lang='lat' dir='ltr'><strong>ideo</strong></span> <span class='ocrx_word' id='word_1_154' title='bbox 1817 2265 2066 2321; x_wconf 88' lang='lat' dir='ltr'><strong>magnum</strong></span> 
     </span>
    </p>
   </div>
   <div class='ocr_carea' id='block_1_22' title="bbox 485 2345 2069 2419">
    <p class='ocr_par' dir='ltr' id='par_1_22' title="bbox 485 2345 2069 2419">
     <span class='ocr_line' id='line_1_22' title="bbox 485 2345 2069 2419; baseline -0.003 -15"><span class='ocrx_word' id='word_1_155' title='bbox 485 2350 682 2419; x_wconf 85' lang='lat' dir='ltr'><strong>aliquid</strong></span> <span class='ocrx_word' id='word_1_156' title='bbox 710 2358 812 2416; x_wconf 90' lang='lat' dir='ltr'><strong>est,</strong></span> <span class='ocrx_word' id='word_1_157' title='bbox 843 2349 964 2418; x_wconf 88' lang='lat' dir='ltr'><strong>quia</strong></span> <span class='ocrx_word' id='word_1_158' title='bbox 994 2347 1392 2402; x_wconf 82' lang='lat' dir='ltr'><strong>Sacramentum</strong></span> <span class='ocrx_word' id='word_1_159' title='bbox 1418 2355 1500 2401; x_wconf 89' lang='lat' dir='ltr'><strong>est</strong></span> <span class='ocrx_word' id='word_1_160' title='bbox 1528 2345 1622 2400; x_wconf 92' lang='lat' dir='ltr'><strong>Dei</strong></span> <span class='ocrx_word' id='word_1_161' title='bbox 1644 2362 1657 2398; x_wconf 92' lang='lat'><strong>:</strong></span> <span class='ocrx_word' id='word_1_162' title='bbox 1676 2353 1732 2401; x_wconf 88' lang='lat' dir='ltr'><strong>et</strong></span> <span class='ocrx_word' id='word_1_163' title='bbox 1758 2354 1931 2399; x_wconf 87' lang='lat' dir='ltr'><strong>tamen</strong></span> <span class='ocrx_word' id='word_1_164' title='bbox 1953 2345 2069 2413; x_wconf 90' lang='lat' dir='ltr'><strong>ipse</strong></span> 
     </span>
    </p>
   </div>
   <div class='ocr_carea' id='block_1_23' title="bbox 485 2437 2068 2507">
    <p class='ocr_par' dir='ltr' id='par_1_23' title="bbox 485 2437 2068 2507">
     <span class='ocr_line' id='line_1_23' title="bbox 485 2437 2068 2507; baseline -0.004 -9"><span class='ocrx_word' id='word_1_165' title='bbox 485 2458 626 2498; x_wconf 90' lang='lat' dir='ltr'><strong>unus</strong></span> <span class='ocrx_word' id='word_1_166' title='bbox 674 2442 812 2496; x_wconf 90' lang='lat' dir='ltr'><strong>Dens</strong></span> <span class='ocrx_word' id='word_1_167' title='bbox 855 2441 1014 2496; x_wconf 92' lang='lat' dir='ltr'><strong>etiam</strong></span> <span class='ocrx_word' id='word_1_168' title='bbox 1059 2449 1208 2495; x_wconf 82' lang='lat' dir='ltr'><strong>extra</strong></span> <span class='ocrx_word' id='word_1_169' title='bbox 1255 2438 1546 2494; x_wconf 86' lang='lat' dir='ltr'><strong>Ecclesiam</strong></span> <span class='ocrx_word' id='word_1_170' title='bbox 1595 2437 1661 2493; x_wconf 92' lang='lat' dir='ltr'><strong>ab</strong></span> <span class='ocrx_word' id='word_1_171' title='bbox 1704 2437 2068 2507; x_wconf 86' lang='lat' dir='ltr'><strong>ignorantibus</strong></span> 
     </span>
    </p>
   </div>
   <div class='ocr_carea' id='block_1_24' title="bbox 485 2529 2068 2604">
    <p class='ocr_par' dir='ltr' id='par_1_24' title="bbox 485 2529 2068 2604">
     <span class='ocr_line' id='line_1_24' title="bbox 485 2529 2068 2604; baseline -0.003 -15"><span class='ocrx_word' id='word_1_172' title='bbox 485 2534 775 2590; x_wconf 89' lang='lat' dir='ltr'><strong>colebatur.</strong></span> <span class='ocrx_word' id='word_1_173' title='bbox 807 2532 896 2589; x_wconf 91' lang='lat' dir='ltr'><strong>Sic</strong></span> <span class='ocrx_word' id='word_1_174' title='bbox 923 2547 1050 2604; x_wconf 86' lang='lat' dir='ltr'><strong>ergo</strong></span> <span class='ocrx_word' id='word_1_175' title='bbox 1082 2540 1137 2586; x_wconf 90' lang='lat' dir='ltr'><strong>et</strong></span> <span class='ocrx_word' id='word_1_176' title='bbox 1180 2544 1333 2599; x_wconf 16' lang='lat' dir='ltr'><strong>unus.</strong></span> <span class='ocrx_word' id='word_1_177' title='bbox 1365 2530 1668 2600; x_wconf 89' lang='lat' dir='ltr'><strong>Baptismus</strong></span> <span class='ocrx_word' id='word_1_178' title='bbox 1707 2529 1867 2585; x_wconf 91' lang='lat' dir='ltr'><strong>etiam</strong></span> <span class='ocrx_word' id='word_1_179' title='bbox 1919 2538 2068 2584; x_wconf 84' lang='lat' dir='ltr'><strong>extra</strong></span> 
     </span>
    </p>
   </div>
   <div class='ocr_carea' id='block_1_25' title="bbox 485 2618 2069 2694">
    <p class='ocr_par' dir='ltr' id='par_1_25' title="bbox 485 2618 2069 2694">
     <span class='ocr_line' id='line_1_25' title="bbox 485 2618 2069 2694; baseline -0.004 -14"><span class='ocrx_word' id='word_1_180' title='bbox 485 2624 777 2681; x_wconf 87' lang='lat' dir='ltr'><strong>Ecclesiam</strong></span> <span class='ocrx_word' id='word_1_181' title='bbox 805 2624 872 2679; x_wconf 87' lang='lat' dir='ltr'><strong>ab</strong></span> <span class='ocrx_word' id='word_1_182' title='bbox 912 2622 1281 2694; x_wconf 81' lang='lat' dir='ltr'><strong>ignorantibus</strong></span> <span class='ocrx_word' id='word_1_183' title='bbox 1308 2621 1484 2676; x_wconf 92' lang='lat' dir='ltr'><strong>datur.</strong></span> <span class='ocrx_word' id='word_1_184' title='bbox 1516 2620 1618 2688; x_wconf 85' lang='lat' dir='ltr'><strong>Qui</strong></span> <span class='ocrx_word' id='word_1_185' title='bbox 1647 2618 1774 2676; x_wconf 91' lang='lat' dir='ltr'><strong>dicit</strong></span> <span class='ocrx_word' id='word_1_186' title='bbox 1802 2619 1917 2675; x_wconf 79' lang='lat' dir='ltr'><strong>fieri</strong></span> <span class='ocrx_word' id='word_1_187' title='bbox 1959 2633 2069 2674; x_wconf 93' lang='lat' dir='ltr'><strong>non</strong></span> 
     </span>
    </p>
   </div>
   <div class='ocr_carea' id='block_1_26' title="bbox 486 2709 2070 2786">
    <p class='ocr_par' dir='ltr' id='par_1_26' title="bbox 486 2709 2070 2786">
     <span class='ocr_line' id='line_1_26' title="bbox 486 2709 2070 2786; baseline -0.003 -16"><span class='ocrx_word' id='word_1_188' title='bbox 486 2717 725 2786; x_wconf 90' lang='lat' dir='ltr'><strong>potuisse</strong></span> <span class='ocrx_word' id='word_1_189' title='bbox 754 2725 809 2769; x_wconf 92' lang='lat' dir='ltr'><strong>ut</strong></span> <span class='ocrx_word' id='word_1_190' title='bbox 831 2729 968 2769; x_wconf 90' lang='lat' dir='ltr'><strong>unus</strong></span> <span class='ocrx_word' id='word_1_191' title='bbox 994 2714 1134 2768; x_wconf 90' lang='lat' dir='ltr'><strong>Deus</strong></span> <span class='ocrx_word' id='word_1_192' title='bbox 1162 2721 1215 2768; x_wconf 91' lang='lat' dir='ltr'><strong>et</strong></span> <span class='ocrx_word' id='word_1_193' title='bbox 1245 2726 1402 2768; x_wconf 86' lang='lat' dir='ltr'><strong>verus</strong></span> <span class='ocrx_word' id='word_1_194' title='bbox 1431 2710 1499 2765; x_wconf 91' lang='lat' dir='ltr'><strong>ab</strong></span> <span class='ocrx_word' id='word_1_195' title='bbox 1523 2709 1890 2780; x_wconf 89' lang='lat' dir='ltr'><strong>ignorantibus</strong></span> <span class='ocrx_word' id='word_1_196' title='bbox 1917 2717 2070 2766; x_wconf 82' lang='lat' dir='ltr'><strong>extra</strong></span> 
     </span>
    </p>
   </div>
   <div class='ocr_carea' id='block_1_27' title="bbox 487 2799 2071 2872">
    <p class='ocr_par' dir='ltr' id='par_1_27' title="bbox 487 2799 2071 2872">
     <span class='ocr_line' id='line_1_27' title="bbox 487 2799 2071 2872; baseline -0.005 -10"><span class='ocrx_word' id='word_1_197' title='bbox 487 2807 780 2862; x_wconf 88' lang='lat' dir='ltr'><strong>Ecclesiam</strong></span> <span class='ocrx_word' id='word_1_198' title='bbox 805 2806 1090 2870; x_wconf 90' lang='lat' dir='ltr'><strong>coleretur,</strong></span> <span class='ocrx_word' id='word_1_199' title='bbox 1121 2803 1300 2859; x_wconf 85' lang='lat' dir='ltr'><strong>videat</strong></span> <span class='ocrx_word' id='word_1_200' title='bbox 1340 2816 1448 2856; x_wconf 92' lang='lat' dir='ltr'><strong>non</strong></span> <span class='ocrx_word' id='word_1_201' title='bbox 1475 2801 1601 2872; x_wconf 93' lang='lat' dir='ltr'><strong>quid</strong></span> <span class='ocrx_word' id='word_1_202' title='bbox 1638 2800 1790 2866; x_wconf 91' lang='lat' dir='ltr'><strong>mihi,</strong></span> <span class='ocrx_word' id='word_1_203' title='bbox 1822 2800 1915 2855; x_wconf 88' lang='lat' dir='ltr'><strong>sed</strong></span> <span class='ocrx_word' id='word_1_204' title='bbox 1943 2799 2071 2869; x_wconf 91' lang='lat' dir='ltr'><strong>quid</strong></span> 
     </span>
    </p>
   </div>
   <div class='ocr_carea' id='block_1_28' title="bbox 489 2891 2071 2966">
    <p class='ocr_par' dir='ltr' id='par_1_28' title="bbox 489 2891 2071 2966">
     <span class='ocr_line' id='line_1_28' title="bbox 489 2891 2071 2966; baseline -0.005 -15"><span class='ocrx_word' id='word_1_205' title='bbox 489 2897 589 2966; x_wconf 86' lang='lat' dir='ltr'><strong>ipsi</strong></span> <span class='ocrx_word' id='word_1_206' title='bbox 631 2896 888 2966; x_wconf 86' lang='lat' dir='ltr'><strong>Apostolo</strong></span> <span class='ocrx_word' id='word_1_207' title='bbox 927 2895 1103 2948; x_wconf 91' lang='lat' dir='ltr'><strong>valeat</strong></span> <span class='ocrx_word' id='word_1_208' title='bbox 1143 2892 1466 2962; x_wconf 87' lang='lat' dir='ltr'><strong>respondere</strong></span> <span class='ocrx_word' id='word_1_209' title='bbox 1513 2891 1733 2958; x_wconf 90' lang='lat' dir='ltr'><strong>dicenti,</strong></span> <span class='ocrx_word' id='word_1_210' title='bbox 1783 2891 1942 2957; x_wconf 83' lang='lat' dir='ltr'><strong>Quem</strong></span> <span class='ocrx_word' id='word_1_211' title='bbox 1985 2906 2071 2944; x_wconf 83' lang='lat' dir='ltr'><strong>vos</strong></span> 
     </span>
    </p>
   </div>
   <div class='ocr_carea' id='block_1_29' title="bbox 487 2982 1712 3058">
    <p class='ocr_par' dir='ltr' id='par_1_29' title="bbox 487 2982 1712 3058">
     <span class='ocr_line' id='line_1_29' title="bbox 487 2982 1712 3058; baseline -0.006 -17"><span class='ocrx_word' id='word_1_212' title='bbox 487 2991 775 3058; x_wconf 88' lang='lat' dir='ltr'><strong>ignorantes</strong></span> <span class='ocrx_word' id='word_1_213' title='bbox 801 2986 984 3049; x_wconf 79' lang='lat' dir='ltr'><strong>colitis,</strong></span> <span class='ocrx_word' id='word_1_214' title='bbox 1012 2987 1143 3038; x_wconf 87' lang='lat' dir='ltr'><strong>hunc</strong></span> <span class='ocrx_word' id='word_1_215' title='bbox 1165 3000 1256 3054; x_wconf 89' lang='lat' dir='ltr'><strong>ego</strong></span> <span class='ocrx_word' id='word_1_216' title='bbox 1281 2983 1527 3037; x_wconf 78' lang='lat' dir='ltr'><strong>annuntio</strong></span> <span class='ocrx_word' id='word_1_217' title='bbox 1556 2982 1712 3036; x_wconf 83' lang='lat' dir='ltr'><strong>vobis.</strong></span> 
     </span>
    </p>
   </div>
   <div class='ocr_carea' id='block_1_30' title="bbox 559 3071 2071 3142">
    <p class='ocr_par' dir='ltr' id='par_1_30' title="bbox 559 3071 2071 3142">
     <span class='ocr_line' id='line_1_30' title="bbox 559 3071 2071 3142; baseline -0.003 -10"><span class='ocrx_word' id='word_1_218' title='bbox 559 3075 784 3132; x_wconf 77' lang='lat' dir='ltr'><strong>CAPUT</strong></span> <span class='ocrx_word' id='word_1_219' title='bbox 815 3075 903 3130; x_wconf 84' lang='lat' dir='ltr'><strong>Vl.</strong></span> <span class='ocrx_word' id='word_1_220' title='bbox 928 3104 998 3114; x_wconf 94' lang='lat'><strong><em>—</em></strong></span> <span class='ocrx_word' id='word_1_221' title='bbox 1020 3073 1377 3142; x_wconf 86' lang='lat' dir='ltr'><strong>Quamobrem</strong></span> <span class='ocrx_word' id='word_1_222' title='bbox 1405 3074 1542 3128; x_wconf 91' lang='lat' dir='ltr'><strong>sicut</strong></span> <span class='ocrx_word' id='word_1_223' title='bbox 1560 3072 1694 3127; x_wconf 90' lang='lat' dir='ltr'><strong>nihil</strong></span> <span class='ocrx_word' id='word_1_224' title='bbox 1716 3072 1794 3127; x_wconf 90' lang='lat' dir='ltr'><strong>eis</strong></span> <span class='ocrx_word' id='word_1_225' title='bbox 1822 3071 2071 3142; x_wconf 90' lang='lat' dir='ltr'><strong>proderat</strong></span> 
     </span>
    </p>
   </div>
   <div class='ocr_carea' id='block_1_31' title="bbox 489 3163 2072 3236">
    <p class='ocr_par' dir='ltr' id='par_1_31' title="bbox 489 3163 2072 3236">
     <span class='ocr_line' id='line_1_31' title="bbox 489 3163 2072 3236; baseline -0.001 -16"><span class='ocrx_word' id='word_1_226' title='bbox 489 3166 556 3222; x_wconf 92' lang='lat' dir='ltr'><strong>ad</strong></span> <span class='ocrx_word' id='word_1_227' title='bbox 582 3166 831 3231; x_wconf 87' lang='lat' dir='ltr'><strong>salutem,</strong></span> <span class='ocrx_word' id='word_1_228' title='bbox 859 3164 948 3236; x_wconf 91' lang='lat' dir='ltr'><strong>qui</strong></span> <span class='ocrx_word' id='word_1_229' title='bbox 974 3179 1157 3219; x_wconf 89' lang='lat' dir='ltr'><strong>verum</strong></span> <span class='ocrx_word' id='word_1_230' title='bbox 1189 3163 1357 3220; x_wconf 91' lang='lat' dir='ltr'><strong>Deum</strong></span> <span class='ocrx_word' id='word_1_231' title='bbox 1387 3163 1712 3235; x_wconf 89' lang='lat' dir='ltr'><strong>ignorantes,</strong></span> <span class='ocrx_word' id='word_1_232' title='bbox 1743 3178 1865 3218; x_wconf 90' lang='lat' dir='ltr'><strong>eum</strong></span> <span class='ocrx_word' id='word_1_233' title='bbox 1895 3172 2072 3219; x_wconf 89' lang='lat' dir='ltr'><strong>tamen</strong></span> 
     </span>
    </p>
   </div>
   <div class='ocr_carea' id='block_1_32' title="bbox 488 3256 2074 3327">
    <p class='ocr_par' dir='ltr' id='par_1_32' title="bbox 488 3256 2074 3327">
     <span class='ocr_line' id='line_1_32' title="bbox 488 3256 2074 3327; baseline -0.001 -13"><span class='ocrx_word' id='word_1_234' title='bbox 488 3257 766 3325; x_wconf 87' lang='lat' dir='ltr'><strong>colebant;</strong></span> <span class='ocrx_word' id='word_1_235' title='bbox 798 3259 906 3314; x_wconf 93' lang='lat' dir='ltr'><strong>imo</strong></span> <span class='ocrx_word' id='word_1_236' title='bbox 949 3265 1004 3312; x_wconf 88' lang='lat' dir='ltr'><strong>et</strong></span> <span class='ocrx_word' id='word_1_237' title='bbox 1049 3257 1235 3313; x_wconf 87' lang='lat' dir='ltr'><strong>eberat</strong></span> <span class='ocrx_word' id='word_1_238' title='bbox 1279 3256 1347 3311; x_wconf 90' lang='lat' dir='ltr'><strong>ad</strong></span> <span class='ocrx_word' id='word_1_239' title='bbox 1385 3256 1694 3327; x_wconf 89' lang='lat' dir='ltr'><strong>perniciem,</strong></span> <span class='ocrx_word' id='word_1_240' title='bbox 1740 3256 1882 3326; x_wconf 88' lang='lat' dir='ltr'><strong>quod</strong></span> <span class='ocrx_word' id='word_1_241' title='bbox 1912 3256 2074 3312; x_wconf 77' lang='lat' dir='ltr'><strong>falsos</strong></span> 
     </span>
    </p>
   </div>
   <div class='ocr_carea' id='block_1_33' title="bbox 489 3346 2077 3418">
    <p class='ocr_par' dir='ltr' id='par_1_33' title="bbox 489 3346 2077 3418">
     <span class='ocr_line' id='line_1_33' title="bbox 489 3346 2077 3418; baseline -0.003 -13"><span class='ocrx_word' id='word_1_242' title='bbox 489 3351 620 3405; x_wconf 89' lang='lat' dir='ltr'><strong>deos</strong></span> <span class='ocrx_word' id='word_1_243' title='bbox 649 3350 805 3404; x_wconf 90' lang='lat' dir='ltr'><strong>simul</strong></span> <span class='ocrx_word' id='word_1_244' title='bbox 833 3349 1070 3405; x_wconf 88' lang='lat' dir='ltr'><strong>colentes</strong></span> <span class='ocrx_word' id='word_1_245' title='bbox 1098 3347 1271 3404; x_wconf 89' lang='lat' dir='ltr'><strong>cidem</strong></span> <span class='ocrx_word' id='word_1_246' title='bbox 1294 3362 1422 3402; x_wconf 89' lang='lat' dir='ltr'><strong>vero</strong></span> <span class='ocrx_word' id='word_1_247' title='bbox 1467 3347 1578 3403; x_wconf 92' lang='lat' dir='ltr'><strong>Deo</strong></span> <span class='ocrx_word' id='word_1_248' title='bbox 1603 3346 1912 3418; x_wconf 86' lang='lat' dir='ltr'><strong>sacrilegam</strong></span> <span class='ocrx_word' id='word_1_249' title='bbox 1939 3347 2077 3417; x_wconf 92' lang='lat' dir='ltr'><strong>iniu-</strong></span> 
     </span>
    </p>
   </div>
   <div class='ocr_carea' id='block_1_34' title="bbox 489 3437 2075 3507">
    <p class='ocr_par' dir='ltr' id='par_1_34' title="bbox 489 3437 2075 3507">
     <span class='ocr_line' id='line_1_34' title="bbox 489 3437 2075 3507; baseline -0.001 -13"><span class='ocrx_word' id='word_1_250' title='bbox 489 3443 624 3495; x_wconf 89' lang='lat' dir='ltr'><strong>riam</strong></span> <span class='ocrx_word' id='word_1_251' title='bbox 654 3439 916 3495; x_wconf 89' lang='lat' dir='ltr'><strong>faciebant</strong></span> <span class='ocrx_word' id='word_1_252' title='bbox 946 3458 958 3492; x_wconf 88' lang='lat'><strong>:</strong></span> <span class='ocrx_word' id='word_1_253' title='bbox 991 3439 1068 3494; x_wconf 92' lang='lat' dir='ltr'><strong>sic</strong></span> <span class='ocrx_word' id='word_1_254' title='bbox 1110 3437 1240 3492; x_wconf 91' lang='lat' dir='ltr'><strong>nihil</strong></span> <span class='ocrx_word' id='word_1_255' title='bbox 1269 3438 1486 3507; x_wconf 82' lang='lat' dir='ltr'><strong>prodest</strong></span> <span class='ocrx_word' id='word_1_256' title='bbox 1522 3437 1787 3492; x_wconf 84' lang='lat' dir='ltr'><strong>haereticis</strong></span> <span class='ocrx_word' id='word_1_257' title='bbox 1816 3437 1884 3492; x_wconf 92' lang='lat' dir='ltr'><strong>ad</strong></span> <span class='ocrx_word' id='word_1_258' title='bbox 1926 3438 2075 3492; x_wconf 86' lang='lat' dir='ltr'><strong>salu-</strong></span> 
     </span>
    </p>
   </div>
   <div class='ocr_carea' id='block_1_35' title="bbox 491 3528 2077 3601">
    <p class='ocr_par' dir='ltr' id='par_1_35' title="bbox 491 3528 2077 3601">
     <span class='ocr_line' id='line_1_35' title="bbox 491 3528 2077 3601; baseline -0.001 -15"><span class='ocrx_word' id='word_1_259' title='bbox 491 3541 623 3596; x_wconf 89' lang='lat' dir='ltr'><strong>tem,</strong></span> <span class='ocrx_word' id='word_1_260' title='bbox 669 3531 810 3601; x_wconf 91' lang='lat' dir='ltr'><strong>quod</strong></span> <span class='ocrx_word' id='word_1_261' title='bbox 851 3541 999 3586; x_wconf 75' lang='lat' dir='ltr'><strong>extra</strong></span> <span class='ocrx_word' id='word_1_262' title='bbox 1049 3529 1347 3585; x_wconf 84' lang='lat' dir='ltr'><strong>Ecclesiam</strong></span> <span class='ocrx_word' id='word_1_263' title='bbox 1391 3543 1575 3583; x_wconf 90' lang='lat' dir='ltr'><strong>verum</strong></span> <span class='ocrx_word' id='word_1_264' title='bbox 1606 3528 1931 3599; x_wconf 92' lang='lat' dir='ltr'><strong>Baptismum</strong></span> <span class='ocrx_word' id='word_1_265' title='bbox 1978 3545 2077 3600; x_wconf 88' lang='lat' dir='ltr'><strong>per</strong></span> 
     </span>
    </p>
   </div>
   <div class='ocr_carea' id='block_1_36' title="bbox 492 3618 2075 3694">
    <p class='ocr_par' dir='ltr' id='par_1_36' title="bbox 492 3618 2075 3694">
     <span class='ocr_line' id='line_1_36' title="bbox 492 3618 2075 3694; baseline -0.001 -18"><span class='ocrx_word' id='word_1_266' title='bbox 492 3622 847 3694; x_wconf 84' lang='lat' dir='ltr'><strong>ignorantiam</strong></span> <span class='ocrx_word' id='word_1_267' title='bbox 877 3630 931 3676; x_wconf 90' lang='lat' dir='ltr'><strong>ct</strong></span> <span class='ocrx_word' id='word_1_268' title='bbox 957 3620 1169 3676; x_wconf 89' lang='lat' dir='ltr'><strong>tradunt</strong></span> <span class='ocrx_word' id='word_1_269' title='bbox 1215 3628 1269 3676; x_wconf 91' lang='lat' dir='ltr'><strong>et</strong></span> <span class='ocrx_word' id='word_1_270' title='bbox 1311 3628 1530 3685; x_wconf 90' lang='lat' dir='ltr'><strong>tenent;</strong></span> <span class='ocrx_word' id='word_1_271' title='bbox 1580 3619 1688 3673; x_wconf 92' lang='lat' dir='ltr'><strong>imo</strong></span> <span class='ocrx_word' id='word_1_272' title='bbox 1716 3628 1770 3673; x_wconf 92' lang='lat' dir='ltr'><strong>et</strong></span> <span class='ocrx_word' id='word_1_273' title='bbox 1812 3618 1967 3675; x_wconf 89' lang='lat' dir='ltr'><strong>obest</strong></span> <span class='ocrx_word' id='word_1_274' title='bbox 2007 3619 2075 3675; x_wconf 92' lang='lat' dir='ltr'><strong>ad</strong></span> 
     </span>
    </p>
   </div>
   <div class='ocr_carea' id='block_1_37' title="bbox 491 3699 2077 3784">
    <p class='ocr_par' dir='ltr' id='par_1_37' title="bbox 491 3699 2077 3784">
     <span class='ocr_line' id='line_1_37' title="bbox 491 3699 2077 3784; baseline -0.001 -15"><span class='ocrx_word' id='word_1_275' title='bbox 491 3699 906 3776; x_wconf 83' lang='lat' dir='ltr'><strong>damnationem,</strong></span> <span class='ocrx_word' id='word_1_276' title='bbox 964 3712 1104 3784; x_wconf 91' lang='lat' dir='ltr'><strong>quod</strong></span> <span class='ocrx_word' id='word_1_277' title='bbox 1149 3712 1203 3768; x_wconf 94' lang='lat' dir='ltr'><strong>in</strong></span> <span class='ocrx_word' id='word_1_278' title='bbox 1251 3711 1510 3782; x_wconf 89' lang='lat' dir='ltr'><strong>sacrilega</strong></span> <span class='ocrx_word' id='word_1_279' title='bbox 1553 3711 1830 3782; x_wconf 88' lang='lat' dir='ltr'><strong>iniquitate</strong></span> <span class='ocrx_word' id='word_1_280' title='bbox 1878 3712 2077 3768; x_wconf 90' lang='lat' dir='ltr'><strong>erroris</strong></span> 
     </span>
    </p>
   </div>
   <div class='ocr_carea' id='block_1_38' title="bbox 491 3803 2078 3873">
    <p class='ocr_par' dir='ltr' id='par_1_38' title="bbox 491 3803 2078 3873">
     <span class='ocr_line' id='line_1_38' title="bbox 491 3803 2078 3873; baseline -0.002 -11"><span class='ocrx_word' id='word_1_281' title='bbox 491 3805 732 3873; x_wconf 89' lang='lat' dir='ltr'><strong>humani,</strong></span> <span class='ocrx_word' id='word_1_282' title='bbox 750 3806 908 3862; x_wconf 90' lang='lat' dir='ltr'><strong>etiam</strong></span> <span class='ocrx_word' id='word_1_283' title='bbox 934 3804 1098 3860; x_wconf 90' lang='lat' dir='ltr'><strong>divini</strong></span> <span class='ocrx_word' id='word_1_284' title='bbox 1118 3803 1468 3870; x_wconf 87' lang='lat' dir='ltr'><strong>Sacramenti,</strong></span> <span class='ocrx_word' id='word_1_285' title='bbox 1487 3817 1592 3857; x_wconf 89' lang='lat' dir='ltr'><strong>non</strong></span> <span class='ocrx_word' id='word_1_286' title='bbox 1621 3817 1716 3872; x_wconf 91' lang='lat' dir='ltr'><strong>per</strong></span> <span class='ocrx_word' id='word_1_287' title='bbox 1742 3818 1898 3873; x_wconf 91' lang='lat' dir='ltr'><strong>quam</strong></span> <span class='ocrx_word' id='word_1_288' title='bbox 1924 3819 2078 3859; x_wconf 85' lang='lat' dir='ltr'><strong>mun-</strong></span> 
     </span>
    </p>
   </div>
   <div class='ocr_carea' id='block_1_39' title="bbox 492 3893 2077 3968">
    <p class='ocr_par' dir='ltr' id='par_1_39' title="bbox 492 3893 2077 3968">
     <span class='ocr_line' id='line_1_39' title="bbox 492 3893 2077 3968; baseline -0.003 -12"><span class='ocrx_word' id='word_1_289' title='bbox 492 3899 703 3965; x_wconf 91' lang='lat' dir='ltr'><strong>dentur,</strong></span> <span class='ocrx_word' id='word_1_290' title='bbox 745 3897 840 3954; x_wconf 90' lang='lat' dir='ltr'><strong>sed</strong></span> <span class='ocrx_word' id='word_1_291' title='bbox 883 3911 979 3968; x_wconf 90' lang='lat' dir='ltr'><strong>per</strong></span> <span class='ocrx_word' id='word_1_292' title='bbox 1006 3911 1164 3968; x_wconf 90' lang='lat' dir='ltr'><strong>quam</strong></span> <span class='ocrx_word' id='word_1_293' title='bbox 1193 3895 1431 3952; x_wconf 87' lang='lat' dir='ltr'><strong>severius</strong></span> <span class='ocrx_word' id='word_1_294' title='bbox 1470 3893 1793 3964; x_wconf 89' lang='lat' dir='ltr'><strong>iudicentur,</strong></span> <span class='ocrx_word' id='word_1_295' title='bbox 1836 3893 2077 3951; x_wconf 89' lang='lat' dir='ltr'><strong>detinent</strong></span> 
     </span>
    </p>
   </div>
   <div class='ocr_carea' id='block_1_40' title="bbox 491 3985 2078 4058">
    <p class='ocr_par' dir='ltr' id='par_1_40' title="bbox 491 3985 2078 4058">
     <span class='ocr_line' id='line_1_40' title="bbox 491 3985 2078 4058; baseline -0.003 -12"><span class='ocrx_word' id='word_1_296' title='bbox 491 3989 792 4046; x_wconf 82' lang='lat' dir='ltr'><strong>veritatem.</strong></span> <span class='ocrx_word' id='word_1_297' title='bbox 821 3989 888 4043; x_wconf 88' lang='lat' dir='ltr'><strong>Et</strong></span> <span class='ocrx_word' id='word_1_298' title='bbox 912 3989 1048 4044; x_wconf 89' lang='lat' dir='ltr'><strong>sicut</strong></span> <span class='ocrx_word' id='word_1_299' title='bbox 1070 3988 1377 4058; x_wconf 83' lang='lat' dir='ltr'><strong>Apostolus,</strong></span> <span class='ocrx_word' id='word_1_300' title='bbox 1404 3985 1617 4057; x_wconf 91' lang='lat' dir='ltr'><strong>quando</strong></span> <span class='ocrx_word' id='word_1_301' title='bbox 1646 3985 1767 4042; x_wconf 90' lang='lat' dir='ltr'><strong>illos</strong></span> <span class='ocrx_word' id='word_1_302' title='bbox 1792 3986 2078 4057; x_wconf 86' lang='lat' dir='ltr'><strong>sacrilegos</strong></span> 
     </span>
    </p>
   </div>
   <div class='ocr_carea' id='block_1_41' title="bbox 490 4076 2073 4152">
    <p class='ocr_par' dir='ltr' id='par_1_41' title="bbox 490 4076 2073 4152">
     <span class='ocr_line' id='line_1_41' title="bbox 490 4076 2073 4152; baseline -0.003 -15"><span class='ocrx_word' id='word_1_303' title='bbox 490 4080 814 4152; x_wconf 88' lang='lat' dir='ltr'><strong>corrigebat,</strong></span> <span class='ocrx_word' id='word_1_304' title='bbox 851 4079 1018 4134; x_wconf 91' lang='lat' dir='ltr'><strong>Deum</strong></span> <span class='ocrx_word' id='word_1_305' title='bbox 1050 4087 1225 4134; x_wconf 91' lang='lat' dir='ltr'><strong>tamen</strong></span> <span class='ocrx_word' id='word_1_306' title='bbox 1254 4092 1458 4144; x_wconf 90' lang='lat' dir='ltr'><strong>verum,</strong></span> <span class='ocrx_word' id='word_1_307' title='bbox 1485 4076 1574 4146; x_wconf 91' lang='lat' dir='ltr'><strong>qui</strong></span> <span class='ocrx_word' id='word_1_308' title='bbox 1604 4085 1754 4133; x_wconf 87' lang='lat' dir='ltr'><strong>extra</strong></span> <span class='ocrx_word' id='word_1_309' title='bbox 1783 4077 2073 4132; x_wconf 90' lang='lat' dir='ltr'><strong>Ecclesiam</strong></span> 
     </span>
    </p>
   </div>
   <div class='ocr_carea' id='block_1_42' title="bbox 492 4167 2076 4241">
    <p class='ocr_par' dir='ltr' id='par_1_42' title="bbox 492 4167 2076 4241">
     <span class='ocr_line' id='line_1_42' title="bbox 492 4167 2076 4241; baseline -0.003 -15"><span class='ocrx_word' id='word_1_310' title='bbox 492 4171 562 4227; x_wconf 85' lang='lat' dir='ltr'><strong>ab</strong></span> <span class='ocrx_word' id='word_1_311' title='bbox 579 4173 658 4226; x_wconf 90' lang='lat' dir='ltr'><strong>eis</strong></span> <span class='ocrx_word' id='word_1_312' title='bbox 679 4169 1044 4241; x_wconf 89' lang='lat' dir='ltr'><strong>ignorantibus</strong></span> <span class='ocrx_word' id='word_1_313' title='bbox 1059 4168 1352 4235; x_wconf 90' lang='lat' dir='ltr'><strong>colebatur,</strong></span> <span class='ocrx_word' id='word_1_314' title='bbox 1375 4167 1698 4238; x_wconf 89' lang='lat' dir='ltr'><strong>agnoscebat</strong></span> <span class='ocrx_word' id='word_1_315' title='bbox 1722 4168 1900 4237; x_wconf 87' lang='lat' dir='ltr'><strong>potius</strong></span> <span class='ocrx_word' id='word_1_316' title='bbox 1919 4182 2076 4236; x_wconf 89' lang='lat' dir='ltr'><strong>quam</strong></span> 
     </span>
    </p>
   </div>
   <div class='ocr_carea' id='block_1_43' title="bbox 492 4257 2076 4332">
    <p class='ocr_par' dir='ltr' id='par_1_43' title="bbox 492 4257 2076 4332">
     <span class='ocr_line' id='line_1_43' title="bbox 492 4257 2076 4332; baseline -0.003 -16"><span class='ocrx_word' id='word_1_317' title='bbox 492 4261 763 4332; x_wconf 88' lang='lat' dir='ltr'><strong>negabat:</strong></span> <span class='ocrx_word' id='word_1_318' title='bbox 793 4260 871 4315; x_wconf 93' lang='lat' dir='ltr'><strong>sic</strong></span> <span class='ocrx_word' id='word_1_319' title='bbox 897 4260 1055 4316; x_wconf 89' lang='lat' dir='ltr'><strong>etiam</strong></span> <span class='ocrx_word' id='word_1_320' title='bbox 1085 4273 1183 4314; x_wconf 89' lang='lat' dir='ltr'><strong>nos</strong></span> <span class='ocrx_word' id='word_1_321' title='bbox 1231 4257 1443 4329; x_wconf 87' lang='lat' dir='ltr'><strong>quando</strong></span> <span class='ocrx_word' id='word_1_322' title='bbox 1491 4258 1862 4314; x_wconf 68' lang='lat' dir='ltr'><strong>hazreticorum</strong></span> <span class='ocrx_word' id='word_1_323' title='bbox 1906 4259 2076 4314; x_wconf 88' lang='lat' dir='ltr'><strong>sacri-</strong></span> 
     </span>
    </p>
   </div>
   <div class='ocr_carea' id='block_1_44' title="bbox 492 4348 2078 4424">
    <p class='ocr_par' dir='ltr' id='par_1_44' title="bbox 492 4348 2078 4424">
     <span class='ocr_line' id='line_1_44' title="bbox 492 4348 2078 4424; baseline -0.002 -16"><span class='ocrx_word' id='word_1_324' title='bbox 492 4353 628 4424; x_wconf 80' lang='lat' dir='ltr'><strong>legae</strong></span> <span class='ocrx_word' id='word_1_325' title='bbox 670 4350 1022 4423; x_wconf 89' lang='lat' dir='ltr'><strong>separationis</strong></span> <span class='ocrx_word' id='word_1_326' title='bbox 1063 4363 1274 4405; x_wconf 89' lang='lat' dir='ltr'><strong>errores</strong></span> <span class='ocrx_word' id='word_1_327' title='bbox 1323 4349 1636 4418; x_wconf 90' lang='lat' dir='ltr'><strong>corrigimus</strong></span> <span class='ocrx_word' id='word_1_328' title='bbox 1665 4351 1706 4417; x_wconf 73' lang='grc' dir='ltr'><strong>ί,</strong></span> <span class='ocrx_word' id='word_1_329' title='bbox 1745 4348 2078 4419; x_wconf 87' lang='lat' dir='ltr'><strong>Baptismum</strong></span> 
     </span>
    </p>
   </div>
   <div class='ocr_carea' id='block_1_45' title="bbox 493 4439 2081 4512">
    <p class='ocr_par' dir='ltr' id='par_1_45' title="bbox 493 4439 2081 4512">
     <span class='ocr_line' id='line_1_45' title="bbox 493 4439 2081 4512; baseline -0.003 -12"><span class='ocrx_word' id='word_1_330' title='bbox 493 4453 674 4500; x_wconf 88' lang='lat' dir='ltr'><strong>tamen</strong></span> <span class='ocrx_word' id='word_1_331' title='bbox 715 4457 925 4510; x_wconf 91' lang='lat' dir='ltr'><strong>verum,</strong></span> <span class='ocrx_word' id='word_1_332' title='bbox 968 4454 1126 4512; x_wconf 90' lang='lat' dir='ltr'><strong>quem</strong></span> <span class='ocrx_word' id='word_1_333' title='bbox 1164 4454 1260 4510; x_wconf 91' lang='lat' dir='ltr'><strong>per</strong></span> <span class='ocrx_word' id='word_1_334' title='bbox 1301 4440 1651 4509; x_wconf 88' lang='lat' dir='ltr'><strong>ignorantiam</strong></span> <span class='ocrx_word' id='word_1_335' title='bbox 1693 4447 1843 4495; x_wconf 81' lang='lat' dir='ltr'><strong>extra</strong></span> <span class='ocrx_word' id='word_1_336' title='bbox 1890 4439 2081 4496; x_wconf 87' lang='lat' dir='ltr'><strong>Eccle-</strong></span> 
     </span>
    </p>
   </div>
   <div class='ocr_carea' id='block_1_46' title="bbox 495 4531 2078 4602">
    <p class='ocr_par' dir='ltr' id='par_1_46' title="bbox 495 4531 2078 4602">
     <span class='ocr_line' id='line_1_46' title="bbox 495 4531 2078 4602; baseline -0.003 -10"><span class='ocrx_word' id='word_1_337' title='bbox 495 4537 629 4592; x_wconf 86' lang='lat' dir='ltr'><strong>siam</strong></span> <span class='ocrx_word' id='word_1_338' title='bbox 659 4533 896 4600; x_wconf 87' lang='lat' dir='ltr'><strong>tradunt,</strong></span> <span class='ocrx_word' id='word_1_339' title='bbox 944 4532 1126 4602; x_wconf 87' lang='lat' dir='ltr'><strong>utique</strong></span> <span class='ocrx_word' id='word_1_340' title='bbox 1174 4544 1483 4602; x_wconf 88' lang='lat' dir='ltr'><strong>agnoscere,</strong></span> <span class='ocrx_word' id='word_1_341' title='bbox 1532 4545 1636 4586; x_wconf 92' lang='lat' dir='ltr'><strong>non</strong></span> <span class='ocrx_word' id='word_1_342' title='bbox 1671 4544 1866 4600; x_wconf 87' lang='lat' dir='ltr'><strong>negare</strong></span> <span class='ocrx_word' id='word_1_343' title='bbox 1911 4531 2078 4589; x_wconf 88' lang='lat' dir='ltr'><strong>debe-</strong></span> 
     </span>
    </p>
   </div>
   <div class='ocr_carea' id='block_1_47' title="bbox 495 4642 636 4687">
    <p class='ocr_par' dir='ltr' id='par_1_47' title="bbox 495 4642 636 4687">
     <span class='ocr_line' id='line_1_47' title="bbox 495 4642 636 4687; baseline -0.014 -5"><span class='ocrx_word' id='word_1_344' title='bbox 495 4642 636 4687; x_wconf 75' lang='lat' dir='ltr'><strong>mus.</strong></span> 
     </span>
    </p>
   </div>
   <div class='ocr_carea' id='block_1_48' title="bbox 572 4715 2077 4786">
    <p class='ocr_par' dir='ltr' id='par_1_48' title="bbox 572 4715 2077 4786">
     <span class='ocr_line' id='line_1_48' title="bbox 572 4715 2077 4786; baseline -0.001 -12"><span class='ocrx_word' id='word_1_345' title='bbox 572 4717 798 4776; x_wconf 83' lang='lat' dir='ltr'><strong>CAPUT</strong></span> <span class='ocrx_word' id='word_1_346' title='bbox 839 4717 950 4774; x_wconf 72' lang='grc' dir='ltr'><strong>γη.</strong></span> <span class='ocrx_word' id='word_1_347' title='bbox 979 4747 1050 4758; x_wconf 90' lang='grc'><strong><em>-</em></strong></span> <span class='ocrx_word' id='word_1_348' title='bbox 1075 4716 1129 4772; x_wconf 91' lang='lat'><strong>9.</strong></span> <span class='ocrx_word' id='word_1_349' title='bbox 1161 4715 1267 4784; x_wconf 88' lang='lat' dir='ltr'><strong>Sed</strong></span> <span class='ocrx_word' id='word_1_350' title='bbox 1295 4715 1513 4782; x_wconf 88' lang='lat' dir='ltr'><strong>Paulus,</strong></span> <span class='ocrx_word' id='word_1_351' title='bbox 1554 4715 1817 4786; x_wconf 88' lang='lat' dir='ltr'><strong>inquiunt,</strong></span> <span class='ocrx_word' id='word_1_352' title='bbox 1847 4732 1960 4772; x_wconf 92' lang='lat' dir='ltr'><strong>cum</strong></span> <span class='ocrx_word' id='word_1_353' title='bbox 1989 4734 2077 4772; x_wconf 82' lang='lat' dir='ltr'><strong>ve-</strong></span> 
     </span>
    </p>
   </div>
   <div class='ocr_carea' id='block_1_49' title="bbox 498 4807 2078 4880">
    <p class='ocr_par' dir='ltr' id='par_1_49' title="bbox 498 4807 2078 4880">
     <span class='ocr_line' id='line_1_49' title="bbox 498 4807 2078 4880; baseline -0.001 -15"><span class='ocrx_word' id='word_1_354' title='bbox 498 4811 652 4865; x_wconf 86' lang='lat' dir='ltr'><strong>nisset</strong></span> <span class='ocrx_word' id='word_1_355' title='bbox 679 4809 957 4880; x_wconf 83' lang='lat' dir='ltr'><strong>Ephesum,</strong></span> <span class='ocrx_word' id='word_1_356' title='bbox 984 4807 1228 4879; x_wconf 90' lang='lat' dir='ltr'><strong>quosdam</strong></span> <span class='ocrx_word' id='word_1_357' title='bbox 1251 4809 1338 4878; x_wconf 86' lang='lat' dir='ltr'><strong>qui</strong></span> <span class='ocrx_word' id='word_1_358' title='bbox 1353 4824 1406 4862; x_wconf 90' lang='lat' dir='ltr'><strong>se</strong></span> <span class='ocrx_word' id='word_1_359' title='bbox 1425 4807 1654 4861; x_wconf 75' lang='lat' dir='ltr'><strong>dicebant</strong></span> <span class='ocrx_word' id='word_1_360' title='bbox 1673 4807 1889 4864; x_wconf 80' lang='lat' dir='ltr'><strong>Joannis</strong></span> <span class='ocrx_word' id='word_1_361' title='bbox 1914 4810 2078 4879; x_wconf 88' lang='lat' dir='ltr'><strong>bapti-</strong></span> 
     </span>
    </p>
   </div>
   <div class='ocr_carea' id='block_1_50' title="bbox 496 4897 2076 4970">
    <p class='ocr_par' dir='ltr' id='par_1_50' title="bbox 496 4897 2076 4970">
     <span class='ocr_line' id='line_1_50' title="bbox 496 4897 2076 4970; baseline 0 -15"><span class='ocrx_word' id='word_1_362' title='bbox 496 4909 657 4955; x_wconf 87' lang='lat' dir='ltr'><strong>smate</strong></span> <span class='ocrx_word' id='word_1_363' title='bbox 685 4899 979 4970; x_wconf 79' lang='lat' dir='ltr'><strong>baptizatos,</strong></span> <span class='ocrx_word' id='word_1_364' title='bbox 1011 4898 1254 4968; x_wconf 77' lang='lat' dir='ltr'><strong>baptizari</strong></span> <span class='ocrx_word' id='word_1_365' title='bbox 1271 4899 1425 4970; x_wconf 85' lang='lat' dir='ltr'><strong>jussit</strong></span> <span class='ocrx_word' id='word_1_366' title='bbox 1451 4898 1503 4951; x_wconf 92' lang='lat' dir='ltr'><strong>in</strong></span> <span class='ocrx_word' id='word_1_367' title='bbox 1532 4897 1730 4952; x_wconf 84' lang='lat' dir='ltr'><strong>Christo</strong></span> <span class='ocrx_word' id='word_1_368' title='bbox 1773 4899 1914 4969; x_wconf 78' lang='lat' dir='ltr'><strong>(Act.</strong></span> <span class='ocrx_word' id='word_1_369' title='bbox 1945 4917 2036 4955; x_wconf 79' lang='lat' dir='ltr'><strong>xix</strong></span> <span class='ocrx_word' id='word_1_370' title='bbox 2060 4941 2076 4967; x_wconf 94' lang='lat'><strong>,</strong></span> 
     </span>
    </p>
   </div>
   <div class='ocr_carea' id='block_1_51' title="bbox 497 4985 2079 5062">
    <p class='ocr_par' dir='ltr' id='par_1_51' title="bbox 497 4985 2079 5062">
     <span class='ocr_line' id='line_1_51' title="bbox 497 4985 2079 5062; baseline 0.001 -16"><span class='ocrx_word' id='word_1_371' title='bbox 497 4991 635 5062; x_wconf 79' lang='grc'><strong>1-5).</strong></span> <span class='ocrx_word' id='word_1_372' title='bbox 665 4990 914 5061; x_wconf 83' lang='lat' dir='ltr'><strong>Quisquis</strong></span> <span class='ocrx_word' id='word_1_373' title='bbox 934 4989 1035 5044; x_wconf 91' lang='lat' dir='ltr'><strong>hoc</strong></span> <span class='ocrx_word' id='word_1_374' title='bbox 1059 4989 1303 5058; x_wconf 82' lang='lat' dir='ltr'><strong>exemplo</strong></span> <span class='ocrx_word' id='word_1_375' title='bbox 1326 4987 1695 5044; x_wconf 90' lang='lat' dir='ltr'><strong>schismaticos</strong></span> <span class='ocrx_word' id='word_1_376' title='bbox 1715 4985 1770 5044; x_wconf 80' lang='lat' dir='ltr'><strong>et</strong></span> <span class='ocrx_word' id='word_1_377' title='bbox 1799 4989 2079 5048; x_wconf 87' lang='lat' dir='ltr'><strong>haereticos</strong></span> 
     </span>
    </p>
   </div>
   <div class='ocr_carea' id='block_1_52' title="bbox 498 5078 2079 5152">
    <p class='ocr_par' dir='ltr' id='par_1_52' title="bbox 498 5078 2079 5152">
     <span class='ocr_line' id='line_1_52' title="bbox 498 5078 2079 5152; baseline 0.001 -16"><span class='ocrx_word' id='word_1_378' title='bbox 498 5081 844 5152; x_wconf 84' lang='lat' dir='ltr'><strong>baptizandos</strong></span> <span class='ocrx_word' id='word_1_379' title='bbox 881 5088 1050 5151; x_wconf 86' lang='lat' dir='ltr'><strong>putat,</strong></span> <span class='ocrx_word' id='word_1_380' title='bbox 1081 5079 1270 5135; x_wconf 89' lang='lat' dir='ltr'><strong>audeat</strong></span> <span class='ocrx_word' id='word_1_381' title='bbox 1316 5078 1516 5146; x_wconf 90' lang='lat' dir='ltr'><strong>dicere,</strong></span> <span class='ocrx_word' id='word_1_382' title='bbox 1564 5079 1608 5133; x_wconf 87' lang='lat' dir='ltr'><strong>si</strong></span> <span class='ocrx_word' id='word_1_383' title='bbox 1636 5088 1830 5150; x_wconf 90' lang='lat' dir='ltr'><strong>potest,</strong></span> <span class='ocrx_word' id='word_1_384' title='bbox 1863 5081 2079 5137; x_wconf 66' lang='lat' dir='ltr'><strong>haereti-</strong></span> 
     </span>
    </p>
   </div>
   <div class='ocr_carea' id='block_1_53' title="bbox 499 5170 2078 5230">
    <p class='ocr_par' dir='ltr' id='par_1_53' title="bbox 499 5170 2078 5230">
     <span class='ocr_line' id='line_1_53' title="bbox 499 5170 2078 5230; baseline 0.001 -1"><span class='ocrx_word' id='word_1_385' title='bbox 499 5189 621 5229; x_wconf 90' lang='lat' dir='ltr'><strong>cum</strong></span> <span class='ocrx_word' id='word_1_386' title='bbox 648 5173 731 5229; x_wconf 89' lang='lat' dir='ltr'><strong>vel</strong></span> <span class='ocrx_word' id='word_1_387' title='bbox 756 5172 1150 5228; x_wconf 76' lang='lat' dir='ltr'><strong>scliismaticum</strong></span> <span class='ocrx_word' id='word_1_388' title='bbox 1177 5171 1433 5228; x_wconf 86' lang='lat' dir='ltr'><strong>Joannem</strong></span> <span class='ocrx_word' id='word_1_389' title='bbox 1477 5170 1661 5227; x_wconf 91' lang='lat' dir='ltr'><strong>fuisse.</strong></span> <span class='ocrx_word' id='word_1_390' title='bbox 1713 5171 1826 5228; x_wconf 87' lang='lat' dir='ltr'><strong>lioc</strong></span> <span class='ocrx_word' id='word_1_391' title='bbox 1853 5174 1900 5228; x_wconf 92' lang='lat' dir='ltr'><strong>si</strong></span> <span class='ocrx_word' id='word_1_392' title='bbox 1929 5173 2078 5230; x_wconf 82' lang='lat' dir='ltr'><strong>nefas</strong></span> 
     </span>
    </p>
   </div>
   <div class='ocr_carea' id='block_1_54' title="bbox 500 5260 2076 5341">
    <p class='ocr_par' dir='ltr' id='par_1_54' title="bbox 500 5260 2076 5341">
     <span class='ocr_line' id='line_1_54' title="bbox 500 5260 2076 5341; baseline 0 -22"><span class='ocrx_word' id='word_1_393' title='bbox 500 5275 582 5321; x_wconf 85' lang='lat' dir='ltr'><strong>cst</strong></span> <span class='ocrx_word' id='word_1_394' title='bbox 607 5264 821 5331; x_wconf 87' lang='lat' dir='ltr'><strong>dicere;</strong></span> <span class='ocrx_word' id='word_1_395' title='bbox 863 5261 1102 5341; x_wconf 85' lang='lat' dir='ltr'><strong>profecto</strong></span> <span class='ocrx_word' id='word_1_396' title='bbox 1127 5261 1231 5317; x_wconf 90' lang='lat' dir='ltr'><strong>illis</strong></span> <span class='ocrx_word' id='word_1_397' title='bbox 1260 5260 1563 5316; x_wconf 90' lang='lat' dir='ltr'><strong>hominibus</strong></span> <span class='ocrx_word' id='word_1_398' title='bbox 1592 5261 1735 5331; x_wconf 88' lang='lat' dir='ltr'><strong>quod</strong></span> <span class='ocrx_word' id='word_1_399' title='bbox 1764 5262 1951 5319; x_wconf 89' lang='lat' dir='ltr'><strong>deerat</strong></span> <span class='ocrx_word' id='word_1_400' title='bbox 1979 5264 2076 5319; x_wconf 87' lang='lat' dir='ltr'><strong>da-</strong></span> 
     </span>
    </p>
   </div>
   <div class='ocr_carea' id='block_1_55' title="bbox 500 5351 2080 5425">
    <p class='ocr_par' dir='ltr' id='par_1_55' title="bbox 500 5351 2080 5425">
     <span class='ocr_line' id='line_1_55' title="bbox 500 5351 2080 5425; baseline 0 -13"><span class='ocrx_word' id='word_1_401' title='bbox 500 5366 613 5412; x_wconf 87' lang='lat' dir='ltr'><strong>tum</strong></span> <span class='ocrx_word' id='word_1_402' title='bbox 639 5365 742 5423; x_wconf 92' lang='lat' dir='ltr'><strong>est,</strong></span> <span class='ocrx_word' id='word_1_403' title='bbox 785 5371 893 5410; x_wconf 88' lang='lat' dir='ltr'><strong>non</strong></span> <span class='ocrx_word' id='word_1_404' title='bbox 922 5352 1064 5425; x_wconf 89' lang='lat' dir='ltr'><strong>quod</strong></span> <span class='ocrx_word' id='word_1_405' title='bbox 1093 5354 1264 5406; x_wconf 89' lang='lat' dir='ltr'><strong>inerat</strong></span> <span class='ocrx_word' id='word_1_406' title='bbox 1288 5351 1642 5421; x_wconf 87' lang='lat' dir='ltr'><strong>improbatum</strong></span> <span class='ocrx_word' id='word_1_407' title='bbox 1673 5369 1686 5406; x_wconf 89' lang='lat'><strong>:</strong></span> <span class='ocrx_word' id='word_1_408' title='bbox 1719 5353 1831 5409; x_wconf 87' lang='lat' dir='ltr'><strong>sive</strong></span> <span class='ocrx_word' id='word_1_409' title='bbox 1871 5357 2080 5412; x_wconf 90' lang='lat' dir='ltr'><strong>mentiti</strong></span> 
     </span>
    </p>
   </div>
   <div class='ocr_carea' id='block_1_56' title="bbox 501 5442 2079 5515">
    <p class='ocr_par' dir='ltr' id='par_1_56' title="bbox 501 5442 2079 5515">
     <span class='ocr_line' id='line_1_56' title="bbox 501 5442 2079 5515; baseline 0 -13"><span class='ocrx_word' id='word_1_410' title='bbox 501 5448 698 5504; x_wconf 89' lang='lat' dir='ltr'><strong>fuerint</strong></span> <span class='ocrx_word' id='word_1_411' title='bbox 739 5463 797 5501; x_wconf 85' lang='lat' dir='ltr'><strong>se</strong></span> <span class='ocrx_word' id='word_1_412' title='bbox 823 5446 1017 5502; x_wconf 89' lang='lat' dir='ltr'><strong>habere</strong></span> <span class='ocrx_word' id='word_1_413' title='bbox 1045 5444 1362 5515; x_wconf 89' lang='lat' dir='ltr'><strong>baptismum</strong></span> <span class='ocrx_word' id='word_1_414' title='bbox 1390 5442 1632 5508; x_wconf 83' lang='lat' dir='ltr'><strong>Joannis,</strong></span> <span class='ocrx_word' id='word_1_415' title='bbox 1663 5443 1800 5499; x_wconf 90' lang='lat' dir='ltr'><strong>sicut</strong></span> <span class='ocrx_word' id='word_1_416' title='bbox 1836 5447 2079 5502; x_wconf 91' lang='lat' dir='ltr'><strong>nonnulli</strong></span> 
     </span>
    </p>
   </div>
   <div class='ocr_carea' id='block_1_57' title="bbox 501 5533 2080 5646">
    <p class='ocr_par' dir='ltr' id='par_1_57' title="bbox 501 5533 2080 5646">
     <span class='ocr_line' id='line_1_57' title="bbox 501 5533 2080 5646; baseline 0.003 -56"><span class='ocrx_word' id='word_1_417' title='bbox 501 5539 865 5602; x_wconf 79' lang='lat' dir='ltr'><strong>arbitrantur;</strong></span> <span class='ocrx_word' id='word_1_418' title='bbox 910 5537 1022 5591; x_wconf 90' lang='lat' dir='ltr'><strong>sive</strong></span> <span class='ocrx_word' id='word_1_419' title='bbox 1063 5535 1185 5606; x_wconf 92' lang='lat' dir='ltr'><strong>quia</strong></span> <span class='ocrx_word' id='word_1_420' title='bbox 1223 5535 1519 5605; x_wconf 89' lang='lat' dir='ltr'><strong>baptismus</strong></span> <span class='ocrx_word' id='word_1_421' title='bbox 1546 5533 1764 5590; x_wconf 87' lang='lat' dir='ltr'><strong>Joannis</strong></span> <span class='ocrx_word' id='word_1_422' title='bbox 1812 5552 1919 5592; x_wconf 89' lang='lat' dir='ltr'><strong>non</strong></span> <span class='ocrx_word' id='word_1_423' title='bbox 1963 5548 2080 5646; x_wconf 59' lang='lat' dir='ltr'><strong>erat‘</strong></span> 
     </span>
    </p>
   </div>
   <div class='ocr_carea' id='block_1_58' title="bbox 538 5691 2082 5766">
    <p class='ocr_par' dir='ltr' id='par_1_58' title="bbox 538 5691 2082 5766">
     <span class='ocr_line' id='line_1_58' title="bbox 538 5691 2082 5766; baseline 0.004 -25"><span class='ocrx_word' id='word_1_424' title='bbox 538 5753 550 5764; x_wconf 43' lang='lat'><em>.</em></span> <span class='ocrx_word' id='word_1_425' title='bbox 564 5693 582 5723; x_wconf 76' lang='grc' dir='ltr'>ί</span> <span class='ocrx_word' id='word_1_426' title='bbox 609 5693 806 5766; x_wconf 72' lang='lat' dir='ltr'><strong>Aliquqt_</strong></span> <span class='ocrx_word' id='word_1_427' title='bbox 826 5701 952 5753; x_wconf 73' lang='lat' dir='ltr'><strong>Mss,</strong></span> <span class='ocrx_word' id='word_1_428' title='bbox 983 5691 1242 5766; x_wconf 74' lang='lat' dir='ltr'><strong>sacrilegas</strong></span> <span class='ocrx_word' id='word_1_429' title='bbox 1274 5693 1594 5766; x_wconf 69' lang='lat' dir='ltr'><strong>septu‘atianes</strong></span> <span class='ocrx_word' id='word_1_430' title='bbox 1632 5694 1692 5766; x_wconf 52' lang='lat' dir='ltr'><strong>a-b</strong></span> <span class='ocrx_word' id='word_1_431' title='bbox 1727 5707 1893 5746; x_wconf 87' lang='lat' dir='ltr'><strong>errore</strong></span> <span class='ocrx_word' id='word_1_432' title='bbox 1935 5695 2082 5766; x_wconf 61' lang='lat' dir='ltr'><strong>corni-</strong></span> 
     </span>
    </p>
   </div>
   <div class='ocr_carea' id='block_1_59' title="bbox 497 5749 2073 5884">
    <p class='ocr_par' dir='ltr' id='par_1_59' title="bbox 497 5749 2073 5884">
     <span class='ocr_line' id='line_1_59' title="bbox 497 5749 2073 5884; baseline 0.008 -82"><span class='ocrx_word' id='word_1_433' title='bbox 693 5749 913 5819; x_wconf 69' lang='lat' dir='ltr'><strong>Quidam,</strong></span> <span class='ocrx_word' id='word_1_434' title='bbox 937 5749 1196 5821; x_wconf 71' lang='lat' dir='ltr'><strong>sacrilegiis</strong></span> <span class='ocrx_word' id='word_1_435' title='bbox 1240 5749 1564 5820; x_wconf 80' lang='lat' dir='ltr'><strong>separationes</strong></span> <span class='ocrx_word' id='word_1_436' title='bbox 1606 5749 1889 5822; x_wconf 62' lang='lat' dir='ltr'><strong>cﬁoresque</strong></span> <span class='ocrx_word' id='word_1_437' title='bbox 1920 5759 2073 5814; x_wconf 85' lang='lat' dir='ltr'><strong>corri-</strong></span> 
     </span>
    </p>
   </div>
   <div class='ocr_carea' id='block_1_60' title="bbox 1141 378 3106 457">
    <p class='ocr_par' dir='ltr' id='par_1_60' title="bbox 1141 378 3106 457">
     <span class='ocr_line' id='line_1_60' title="bbox 1141 378 3106 457; baseline -0.002 -7"><span class='ocrx_word' id='word_1_438' title='bbox 1141 389 1229 450; x_wconf 88' lang='lat' dir='ltr'><strong>DE</strong></span> <span class='ocrx_word' id='word_1_439' title='bbox 1268 391 1468 450; x_wconf 85' lang='lat' dir='ltr'><strong>UNICO</strong></span> <span class='ocrx_word' id='word_1_440' title='bbox 1505 386 1840 446; x_wconf 78' lang='lat' dir='ltr'><strong>BAPTISMO</strong></span> <span class='ocrx_word' id='word_1_441' title='bbox 1875 378 2147 443; x_wconf 80' lang='lat' dir='ltr'><strong>CONTRA</strong></span> <span class='ocrx_word' id='word_1_442' title='bbox 2187 382 2620 457; x_wconf 80' lang='lat' dir='ltr'><strong>PETILIANUM,</strong></span> <span class='ocrx_word' id='word_1_443' title='bbox 2659 387 2718 446; x_wconf 87' lang='lat' dir='ltr'><strong>S.</strong></span> <span class='ocrx_word' id='word_1_444' title='bbox 2747 384 3106 446; x_wconf 83' lang='lat' dir='ltr'><strong>AUGUSTINI</strong></span> 
     </span>
    </p>
   </div>
   <div class='ocr_carea' id='block_1_61' title="bbox 2163 504 3745 580">
    <p class='ocr_par' dir='ltr' id='par_1_61' title="bbox 2163 504 3745 580">
     <span class='ocr_line' id='line_1_61' title="bbox 2163 504 3745 580; baseline 0.011 -23"><span class='ocrx_word' id='word_1_445' title='bbox 2163 504 2461 574; x_wconf 87' lang='lat' dir='ltr'><strong>Baptismus</strong></span> <span class='ocrx_word' id='word_1_446' title='bbox 2486 505 2703 574; x_wconf 91' lang='lat' dir='ltr'><strong>Christi,</strong></span> <span class='ocrx_word' id='word_1_447' title='bbox 2734 507 2828 563; x_wconf 87' lang='lat' dir='ltr'><strong>sed</strong></span> <span class='ocrx_word' id='word_1_448' title='bbox 2855 514 3030 564; x_wconf 89' lang='lat' dir='ltr'><strong>tamen</strong></span> <span class='ocrx_word' id='word_1_449' title='bbox 3060 508 3294 566; x_wconf 88' lang='lat' dir='ltr'><strong>militans</strong></span> <span class='ocrx_word' id='word_1_450' title='bbox 3315 508 3554 580; x_wconf 89' lang='lat' dir='ltr'><strong>Christo,</strong></span> <span class='ocrx_word' id='word_1_451' title='bbox 3603 515 3745 575; x_wconf 88' lang='lat' dir='ltr'><strong>sicut</strong></span> 
     </span>
    </p>
   </div>
   <div class='ocr_carea' id='block_1_62' title="bbox 2161 598 3745 677">
    <p class='ocr_par' dir='ltr' id='par_1_62' title="bbox 2161 598 3745 677">
     <span class='ocr_line' id='line_1_62' title="bbox 2161 598 3745 677; baseline 0.006 -24"><span class='ocrx_word' id='word_1_452' title='bbox 2161 598 2316 668; x_wconf 89' lang='lat' dir='ltr'><strong>Legis</strong></span> <span class='ocrx_word' id='word_1_453' title='bbox 2338 609 2516 662; x_wconf 84' lang='lat' dir='ltr'><strong>vetera</strong></span> <span class='ocrx_word' id='word_1_454' title='bbox 2541 608 2869 656; x_wconf 86' lang='lat' dir='ltr'><strong>sacramenta</strong></span> <span class='ocrx_word' id='word_1_455' title='bbox 2893 602 3242 671; x_wconf 61' lang='lat' dir='ltr'><strong>praecursorio</strong></span> <span class='ocrx_word' id='word_1_456' title='bbox 3269 603 3497 673; x_wconf 89' lang='lat' dir='ltr'><strong>quodam</strong></span> <span class='ocrx_word' id='word_1_457' title='bbox 3524 613 3582 660; x_wconf 89' lang='lat' dir='ltr'><strong>et</strong></span> <span class='ocrx_word' id='word_1_458' title='bbox 3605 623 3745 677; x_wconf 74' lang='lat' dir='ltr'><strong>pra:-</strong></span> 
     </span>
    </p>
   </div>
   <div class='ocr_carea' id='block_1_63' title="bbox 2162 690 3742 767">
    <p class='ocr_par' dir='ltr' id='par_1_63' title="bbox 2162 690 3742 767">
     <span class='ocr_line' id='line_1_63' title="bbox 2162 690 3742 767; baseline 0.008 -23"><span class='ocrx_word' id='word_1_459' title='bbox 2162 690 2469 760; x_wconf 86' lang='lat' dir='ltr'><strong>liguratorio</strong></span> <span class='ocrx_word' id='word_1_460' title='bbox 2495 691 2844 762; x_wconf 83' lang='lat' dir='ltr'><strong>fungebantur</strong></span> <span class='ocrx_word' id='word_1_461' title='bbox 2867 693 3063 752; x_wconf 83' lang='lat' dir='ltr'><strong>ofﬁcio.</strong></span> <span class='ocrx_word' id='word_1_462' title='bbox 3098 694 3160 750; x_wconf 89' lang='lat' dir='ltr'><strong>Si</strong></span> <span class='ocrx_word' id='word_1_463' title='bbox 3183 705 3294 767; x_wconf 90' lang='lat' dir='ltr'><strong>post</strong></span> <span class='ocrx_word' id='word_1_464' title='bbox 3321 697 3577 754; x_wconf 83' lang='lat' dir='ltr'><strong>Joannem</strong></span> <span class='ocrx_word' id='word_1_465' title='bbox 3604 703 3742 755; x_wconf 63' lang='lat' dir='ltr'><strong>amio</strong></span> 
     </span>
    </p>
   </div>
   <div class='ocr_carea' id='block_1_64' title="bbox 2163 784 3746 866">
    <p class='ocr_par' dir='ltr' id='par_1_64' title="bbox 2163 784 3746 866">
     <span class='ocr_line' id='line_1_64' title="bbox 2163 784 3746 866; baseline 0.009 -31"><span class='ocrx_word' id='word_1_466' title='bbox 2163 798 2276 835; x_wconf 90' lang='lat' dir='ltr'><strong>cum</strong></span> <span class='ocrx_word' id='word_1_467' title='bbox 2295 784 2466 852; x_wconf 84' lang='lat' dir='ltr'><strong>sponsi</strong></span> <span class='ocrx_word' id='word_1_468' title='bbox 2490 784 2798 854; x_wconf 76' lang='lat' dir='ltr'><strong>baptizatum</strong></span> <span class='ocrx_word' id='word_1_469' title='bbox 2823 796 2914 853; x_wconf 90' lang='lat' dir='ltr'><strong>est,</strong></span> <span class='ocrx_word' id='word_1_470' title='bbox 2942 787 3204 857; x_wconf 87' lang='lat' dir='ltr'><strong>inquiunt,</strong></span> <span class='ocrx_word' id='word_1_471' title='bbox 3230 798 3414 859; x_wconf 74' lang='lat' dir='ltr'><strong>querito</strong></span> <span class='ocrx_word' id='word_1_472' title='bbox 3435 793 3601 863; x_wconf 84' lang='lat' dir='ltr'><strong>magis</strong></span> <span class='ocrx_word' id='word_1_473' title='bbox 3632 807 3746 866; x_wconf 85' lang='lat' dir='ltr'><strong>post</strong></span> 
     </span>
    </p>
   </div>
   <div class='ocr_carea' id='block_1_65' title="bbox 2164 876 3744 956">
    <p class='ocr_par' dir='ltr' id='par_1_65' title="bbox 2164 876 3744 956">
     <span class='ocr_line' id='line_1_65' title="bbox 2164 876 3744 956; baseline 0.009 -27"><span class='ocrx_word' id='word_1_474' title='bbox 2164 876 2452 931; x_wconf 82' lang='lat' dir='ltr'><strong>htereticum</strong></span> <span class='ocrx_word' id='word_1_475' title='bbox 2493 877 2851 947; x_wconf 77' lang='lat' dir='ltr'><strong>baptizandum</strong></span> <span class='ocrx_word' id='word_1_476' title='bbox 2891 890 2963 934; x_wconf 88' lang='lat' dir='ltr'><strong>est</strong></span> <span class='ocrx_word' id='word_1_477' title='bbox 2985 881 3010 933; x_wconf 68' lang='lat'><strong>.9</strong></span> <span class='ocrx_word' id='word_1_478' title='bbox 3039 880 3220 937; x_wconf 86' lang='lat' dir='ltr'><strong>Potest</strong></span> <span class='ocrx_word' id='word_1_479' title='bbox 3244 883 3378 939; x_wconf 83' lang='lat' dir='ltr'><strong>alius</strong></span> <span class='ocrx_word' id='word_1_480' title='bbox 3404 884 3552 940; x_wconf 83' lang='lat' dir='ltr'><strong>velut</strong></span> <span class='ocrx_word' id='word_1_481' title='bbox 3597 886 3744 956; x_wconf 81' lang='lat' dir='ltr'><strong>iusta</strong></span> 
     </span>
    </p>
   </div>
   <div class='ocr_carea' id='block_1_66' title="bbox 2163 968 3746 1048">
    <p class='ocr_par' dir='ltr' id='par_1_66' title="bbox 2163 968 3746 1048">
     <span class='ocr_line' id='line_1_66' title="bbox 2163 968 3746 1048; baseline 0.006 -24"><span class='ocrx_word' id='word_1_482' title='bbox 2163 968 2408 1025; x_wconf 86' lang='lat' dir='ltr'><strong>similiter</strong></span> <span class='ocrx_word' id='word_1_483' title='bbox 2455 969 2812 1041; x_wconf 88' lang='lat' dir='ltr'><strong>indignatione</strong></span> <span class='ocrx_word' id='word_1_484' title='bbox 2860 981 3159 1029; x_wconf 91' lang='lat' dir='ltr'><strong>commotus</strong></span> <span class='ocrx_word' id='word_1_485' title='bbox 3221 974 3400 1031; x_wconf 89' lang='lat' dir='ltr'><strong>dicere</strong></span> <span class='ocrx_word' id='word_1_486' title='bbox 3448 995 3463 1031; x_wconf 93' lang='lat'><strong>:</strong></span> <span class='ocrx_word' id='word_1_487' title='bbox 3509 978 3569 1033; x_wconf 92' lang='lat' dir='ltr'><strong>Si</strong></span> <span class='ocrx_word' id='word_1_488' title='bbox 3622 989 3746 1048; x_wconf 85' lang='lat' dir='ltr'><strong>post.</strong></span> 
     </span>
    </p>
   </div>
   <div class='ocr_carea' id='block_1_67' title="bbox 2164 1058 3744 1136">
    <p class='ocr_par' dir='ltr' id='par_1_67' title="bbox 2164 1058 3744 1136">
     <span class='ocr_line' id='line_1_67' title="bbox 2164 1058 3744 1136; baseline 0.006 -22"><span class='ocrx_word' id='word_1_489' title='bbox 2164 1058 2419 1116; x_wconf 89' lang='lat' dir='ltr'><strong>Joannem</strong></span> <span class='ocrx_word' id='word_1_490' title='bbox 2452 1059 2770 1130; x_wconf 88' lang='lat' dir='ltr'><strong>baptizatum</strong></span> <span class='ocrx_word' id='word_1_491' title='bbox 2798 1071 2901 1130; x_wconf 89' lang='lat' dir='ltr'><strong>est,</strong></span> <span class='ocrx_word' id='word_1_492' title='bbox 2929 1064 3018 1133; x_wconf 92' lang='lat' dir='ltr'><strong>qui</strong></span> <span class='ocrx_word' id='word_1_493' title='bbox 3063 1064 3243 1120; x_wconf 90' lang='lat' dir='ltr'><strong>vinum</strong></span> <span class='ocrx_word' id='word_1_494' title='bbox 3275 1067 3486 1136; x_wconf 89' lang='lat' dir='ltr'><strong>penitus</strong></span> <span class='ocrx_word' id='word_1_495' title='bbox 3516 1083 3626 1123; x_wconf 91' lang='lat' dir='ltr'><strong>non</strong></span> <span class='ocrx_word' id='word_1_496' title='bbox 3655 1069 3744 1124; x_wconf 78' lang='lat' dir='ltr'><strong>bi-</strong></span> 
     </span>
    </p>
   </div>
   <div class='ocr_carea' id='block_1_68' title="bbox 2166 1147 3747 1227">
    <p class='ocr_par' dir='ltr' id='par_1_68' title="bbox 2166 1147 3747 1227">
     <span class='ocr_line' id='line_1_68' title="bbox 2166 1147 3747 1227; baseline 0.007 -25"><span class='ocrx_word' id='word_1_497' title='bbox 2166 1147 2343 1213; x_wconf 89' lang='lat' dir='ltr'><strong>bebat,</strong></span> <span class='ocrx_word' id='word_1_498' title='bbox 2393 1158 2592 1220; x_wconf 87' lang='lat' dir='ltr'><strong>quanto</strong></span> <span class='ocrx_word' id='word_1_499' title='bbox 2634 1159 2756 1221; x_wconf 90' lang='lat' dir='ltr'><strong>post</strong></span> <span class='ocrx_word' id='word_1_500' title='bbox 2801 1152 3071 1208; x_wconf 90' lang='lat' dir='ltr'><strong>ebriosum</strong></span> <span class='ocrx_word' id='word_1_501' title='bbox 3122 1154 3314 1224; x_wconf 91' lang='lat' dir='ltr'><strong>iustius</strong></span> <span class='ocrx_word' id='word_1_502' title='bbox 3361 1156 3747 1227; x_wconf 88' lang='lat' dir='ltr'><strong>baptizandum</strong></span> 
     </span>
    </p>
   </div>
   <div class='ocr_carea' id='block_1_69' title="bbox 2166 1242 3740 1319">
    <p class='ocr_par' dir='ltr' id='par_1_69' title="bbox 2166 1242 3740 1319">
     <span class='ocr_line' id='line_1_69' title="bbox 2166 1242 3740 1319; baseline 0.005 -22"><span class='ocrx_word' id='word_1_503' title='bbox 2166 1243 2288 1297; x_wconf 89' lang='lat' dir='ltr'><strong>est?</strong></span> <span class='ocrx_word' id='word_1_504' title='bbox 2314 1242 2426 1298; x_wconf 86' lang='lat' dir='ltr'><strong>lloc</strong></span> <span class='ocrx_word' id='word_1_505' title='bbox 2451 1257 2576 1314; x_wconf 89' lang='lat' dir='ltr'><strong>ergo</strong></span> <span class='ocrx_word' id='word_1_506' title='bbox 2600 1243 2686 1299; x_wconf 90' lang='lat' dir='ltr'><strong>isti</strong></span> <span class='ocrx_word' id='word_1_507' title='bbox 2713 1244 2926 1312; x_wconf 85' lang='lat' dir='ltr'><strong>faciant,</strong></span> <span class='ocrx_word' id='word_1_508' title='bbox 2957 1247 3002 1300; x_wconf 91' lang='lat' dir='ltr'><strong>si</strong></span> <span class='ocrx_word' id='word_1_509' title='bbox 3027 1256 3249 1316; x_wconf 89' lang='lat' dir='ltr'><strong>possunt</strong></span> <span class='ocrx_word' id='word_1_510' title='bbox 3277 1265 3291 1300; x_wconf 89' lang='lat'><strong>:</strong></span> <span class='ocrx_word' id='word_1_511' title='bbox 3318 1247 3592 1318; x_wconf 86' lang='lat' dir='ltr'><strong>baptizent</strong></span> <span class='ocrx_word' id='word_1_512' title='bbox 3621 1260 3740 1319; x_wconf 87' lang='lat' dir='ltr'><strong>post</strong></span> 
     </span>
    </p>
   </div>
   <div class='ocr_carea' id='block_1_70' title="bbox 2166 1333 3738 1410">
    <p class='ocr_par' dir='ltr' id='par_1_70' title="bbox 2166 1333 3738 1410">
     <span class='ocr_line' id='line_1_70' title="bbox 2166 1333 3738 1410; baseline 0.005 -23"><span class='ocrx_word' id='word_1_513' title='bbox 2166 1333 2404 1389; x_wconf 90' lang='lat' dir='ltr'><strong>ebriosos</strong></span> <span class='ocrx_word' id='word_1_514' title='bbox 2432 1349 2577 1402; x_wconf 92' lang='lat' dir='ltr'><strong>suos,</strong></span> <span class='ocrx_word' id='word_1_515' title='bbox 2607 1335 2651 1389; x_wconf 95' lang='lat' dir='ltr'><strong>si</strong></span> <span class='ocrx_word' id='word_1_516' title='bbox 2678 1345 2797 1406; x_wconf 91' lang='lat' dir='ltr'><strong>post</strong></span> <span class='ocrx_word' id='word_1_517' title='bbox 2818 1336 3076 1393; x_wconf 81' lang='lat' dir='ltr'><strong>Joannem</strong></span> <span class='ocrx_word' id='word_1_518' title='bbox 3115 1339 3349 1394; x_wconf 89' lang='lat' dir='ltr'><strong>sobrium</strong></span> <span class='ocrx_word' id='word_1_519' title='bbox 3377 1341 3620 1410; x_wconf 82' lang='lat' dir='ltr'><strong>Apostoli</strong></span> <span class='ocrx_word' id='word_1_520' title='bbox 3646 1343 3738 1396; x_wconf 85' lang='lat' dir='ltr'><strong>ba-</strong></span> 
     </span>
    </p>
   </div>
   <div class='ocr_carea' id='block_1_71' title="bbox 2168 1426 3740 1502">
    <p class='ocr_par' dir='ltr' id='par_1_71' title="bbox 2168 1426 3740 1502">
     <span class='ocr_line' id='line_1_71' title="bbox 2168 1426 3740 1502; baseline 0.006 -23"><span class='ocrx_word' id='word_1_521' title='bbox 2168 1426 2512 1495; x_wconf 89' lang='lat' dir='ltr'><strong>ptizaverunt.</strong></span> <span class='ocrx_word' id='word_1_522' title='bbox 2544 1426 2679 1494; x_wconf 90' lang='lat' dir='ltr'><strong>Quid</strong></span> <span class='ocrx_word' id='word_1_523' title='bbox 2705 1427 2791 1483; x_wconf 91' lang='lat' dir='ltr'><strong>hie</strong></span> <span class='ocrx_word' id='word_1_524' title='bbox 2834 1429 3191 1499; x_wconf 89' lang='lat' dir='ltr'><strong>respondeant</strong></span> <span class='ocrx_word' id='word_1_525' title='bbox 3222 1433 3260 1498; x_wconf 76' lang='grc' dir='ltr'><strong>ι,</strong></span> <span class='ocrx_word' id='word_1_526' title='bbox 3305 1431 3406 1486; x_wconf 91' lang='lat' dir='ltr'><strong>nisi</strong></span> <span class='ocrx_word' id='word_1_527' title='bbox 3454 1442 3740 1502; x_wconf 80' lang='lat' dir='ltr'><strong>propterea</strong></span> 
     </span>
    </p>
   </div>
   <div class='ocr_carea' id='block_1_72' title="bbox 2167 1519 3741 1592">
    <p class='ocr_par' dir='ltr' id='par_1_72' title="bbox 2167 1519 3741 1592">
     <span class='ocr_line' id='line_1_72' title="bbox 2167 1519 3741 1592; baseline 0.004 -21"><span class='ocrx_word' id='word_1_528' title='bbox 2167 1530 2226 1574; x_wconf 91' lang='lat' dir='ltr'><strong>se</strong></span> <span class='ocrx_word' id='word_1_529' title='bbox 2249 1526 2365 1588; x_wconf 90' lang='lat' dir='ltr'><strong>post</strong></span> <span class='ocrx_word' id='word_1_530' title='bbox 2388 1519 2516 1574; x_wconf 92' lang='lat' dir='ltr'><strong>istos</strong></span> <span class='ocrx_word' id='word_1_531' title='bbox 2541 1532 2645 1573; x_wconf 91' lang='lat' dir='ltr'><strong>non</strong></span> <span class='ocrx_word' id='word_1_532' title='bbox 2672 1519 2957 1590; x_wconf 86' lang='lat' dir='ltr'><strong>baptizare,</strong></span> <span class='ocrx_word' id='word_1_533' title='bbox 2989 1521 3112 1592; x_wconf 86' lang='lat' dir='ltr'><strong>quia</strong></span> <span class='ocrx_word' id='word_1_534' title='bbox 3137 1536 3231 1591; x_wconf 91' lang='lat' dir='ltr'><strong>per</strong></span> <span class='ocrx_word' id='word_1_535' title='bbox 3250 1535 3343 1577; x_wconf 91' lang='lat' dir='ltr'><strong>eos</strong></span> <span class='ocrx_word' id='word_1_536' title='bbox 3370 1521 3462 1592; x_wconf 89' lang='lat' dir='ltr'><strong>qui</strong></span> <span class='ocrx_word' id='word_1_537' title='bbox 3487 1522 3741 1592; x_wconf 88' lang='lat' dir='ltr'><strong>baptizati</strong></span> 
     </span>
    </p>
   </div>
   <div class='ocr_carea' id='block_1_73' title="bbox 2166 1610 3746 1684">
    <p class='ocr_par' dir='ltr' id='par_1_73' title="bbox 2166 1610 3746 1684">
     <span class='ocr_line' id='line_1_73' title="bbox 2166 1610 3746 1684; baseline 0.005 -22"><span class='ocrx_word' id='word_1_538' title='bbox 2166 1618 2310 1674; x_wconf 87' lang='lat' dir='ltr'><strong>sunt,</strong></span> <span class='ocrx_word' id='word_1_539' title='bbox 2334 1624 2437 1664; x_wconf 92' lang='lat' dir='ltr'><strong>non</strong></span> <span class='ocrx_word' id='word_1_540' title='bbox 2455 1623 2659 1677; x_wconf 92' lang='lat' dir='ltr'><strong>eorum,</strong></span> <span class='ocrx_word' id='word_1_541' title='bbox 2682 1611 2776 1667; x_wconf 86' lang='lat' dir='ltr'><strong>sed</strong></span> <span class='ocrx_word' id='word_1_542' title='bbox 2795 1610 2992 1668; x_wconf 89' lang='lat' dir='ltr'><strong>Christi</strong></span> <span class='ocrx_word' id='word_1_543' title='bbox 3011 1612 3337 1681; x_wconf 84' lang='lat' dir='ltr'><strong>Baptismum</strong></span> <span class='ocrx_word' id='word_1_544' title='bbox 3357 1615 3746 1684; x_wconf 68' lang='lat' dir='ltr'><strong>perceperunt?</strong></span> 
     </span>
    </p>
   </div>
   <div class='ocr_carea' id='block_1_74' title="bbox 2167 1699 3747 1776">
    <p class='ocr_par' dir='ltr' id='par_1_74' title="bbox 2167 1699 3747 1776">
     <span class='ocr_line' id='line_1_74' title="bbox 2167 1699 3747 1776; baseline 0.004 -22"><span class='ocrx_word' id='word_1_545' title='bbox 2167 1699 2398 1756; x_wconf 88' lang='lat' dir='ltr'><strong>Credant</strong></span> <span class='ocrx_word' id='word_1_546' title='bbox 2425 1703 2466 1767; x_wconf 77' lang='lat'><strong>’,</strong></span> <span class='ocrx_word' id='word_1_547' title='bbox 2498 1716 2616 1758; x_wconf 90' lang='lat' dir='ltr'><strong>esse</strong></span> <span class='ocrx_word' id='word_1_548' title='bbox 2641 1718 2769 1774; x_wconf 86' lang='lat' dir='ltr'><strong>ergo</strong></span> <span class='ocrx_word' id='word_1_549' title='bbox 2796 1712 3075 1774; x_wconf 91' lang='lat' dir='ltr'><strong>propterea</strong></span> <span class='ocrx_word' id='word_1_550' title='bbox 3101 1713 3223 1775; x_wconf 91' lang='lat' dir='ltr'><strong>post</strong></span> <span class='ocrx_word' id='word_1_551' title='bbox 3261 1705 3521 1760; x_wconf 86' lang='lat' dir='ltr'><strong>Joannem</strong></span> <span class='ocrx_word' id='word_1_552' title='bbox 3567 1705 3747 1776; x_wconf 84' lang='lat' dir='ltr'><strong>bapti-</strong></span> 
     </span>
    </p>
   </div>
   <div class='ocr_carea' id='block_1_75' title="bbox 2169 1794 3751 1866">
    <p class='ocr_par' dir='ltr' id='par_1_75' title="bbox 2169 1794 3751 1866">
     <span class='ocr_line' id='line_1_75' title="bbox 2169 1794 3751 1866; baseline 0.004 -20"><span class='ocrx_word' id='word_1_553' title='bbox 2169 1800 2362 1860; x_wconf 84' lang='lat' dir='ltr'><strong>zatum,</strong></span> <span class='ocrx_word' id='word_1_554' title='bbox 2396 1794 2518 1864; x_wconf 86' lang='lat' dir='ltr'><strong>quia</strong></span> <span class='ocrx_word' id='word_1_555' title='bbox 2539 1795 2626 1850; x_wconf 87' lang='lat' dir='ltr'><strong>vel</strong></span> <span class='ocrx_word' id='word_1_556' title='bbox 2656 1795 2854 1850; x_wconf 92' lang='lat' dir='ltr'><strong>nullum</strong></span> <span class='ocrx_word' id='word_1_557' title='bbox 2884 1796 2962 1850; x_wconf 91' lang='lat' dir='ltr'><strong>illi</strong></span> <span class='ocrx_word' id='word_1_558' title='bbox 3003 1797 3324 1866; x_wconf 90' lang='lat' dir='ltr'><strong>baptismum</strong></span> <span class='ocrx_word' id='word_1_559' title='bbox 3349 1796 3640 1863; x_wconf 86' lang='lat' dir='ltr'><strong>habebant,</strong></span> <span class='ocrx_word' id='word_1_560' title='bbox 3665 1797 3751 1852; x_wconf 86' lang='lat' dir='ltr'><strong>vel</strong></span> 
     </span>
    </p>
   </div>
   <div class='ocr_carea' id='block_1_76' title="bbox 2169 1884 3292 1957">
    <p class='ocr_par' dir='ltr' id='par_1_76' title="bbox 2169 1884 3292 1957">
     <span class='ocr_line' id='line_1_76' title="bbox 2169 1884 3292 1957; baseline 0.004 -17"><span class='ocrx_word' id='word_1_561' title='bbox 2169 1884 2365 1941; x_wconf 87' lang='lat' dir='ltr'><strong>Christi</strong></span> <span class='ocrx_word' id='word_1_562' title='bbox 2393 1886 2719 1957; x_wconf 90' lang='lat' dir='ltr'><strong>Baptismum</strong></span> <span class='ocrx_word' id='word_1_563' title='bbox 2743 1888 2978 1944; x_wconf 91' lang='lat' dir='ltr'><strong>nondum</strong></span> <span class='ocrx_word' id='word_1_564' title='bbox 3007 1889 3292 1944; x_wconf 85' lang='lat' dir='ltr'><strong>habebant.</strong></span> 
     </span>
    </p>
   </div>
   <div class='ocr_carea' id='block_1_77' title="bbox 2241 1977 3745 2052">
    <p class='ocr_par' dir='ltr' id='par_1_77' title="bbox 2241 1977 3745 2052">
     <span class='ocr_line' id='line_1_77' title="bbox 2241 1977 3745 2052; baseline 0.004 -20"><span class='ocrx_word' id='word_1_565' title='bbox 2241 1977 2328 2033; x_wconf 81' lang='grc'><strong>10.</strong></span> <span class='ocrx_word' id='word_1_566' title='bbox 2367 1977 2480 2033; x_wconf 81' lang='lat' dir='ltr'><strong>Hoc</strong></span> <span class='ocrx_word' id='word_1_567' title='bbox 2501 1978 2715 2049; x_wconf 91' lang='lat' dir='ltr'><strong>quidem</strong></span> <span class='ocrx_word' id='word_1_568' title='bbox 2739 1980 2898 2034; x_wconf 91' lang='lat' dir='ltr'><strong>etiam</strong></span> <span class='ocrx_word' id='word_1_569' title='bbox 2925 1981 3038 2051; x_wconf 90' lang='lat' dir='ltr'><strong>ipse</strong></span> <span class='ocrx_word' id='word_1_570' title='bbox 3063 1981 3184 2047; x_wconf 89' lang='lat' dir='ltr'><strong>sibi,</strong></span> <span class='ocrx_word' id='word_1_571' title='bbox 3215 1981 3301 2036; x_wconf 93' lang='lat' dir='ltr'><strong>cui</strong></span> <span class='ocrx_word' id='word_1_572' title='bbox 3330 1982 3745 2052; x_wconf 89' lang='lat' dir='ltr'><strong>respondemus,</strong></span> 
     </span>
    </p>
   </div>
   <div class='ocr_carea' id='block_1_78' title="bbox 2170 2069 3756 2142">
    <p class='ocr_par' dir='ltr' id='par_1_78' title="bbox 2170 2069 3756 2142">
     <span class='ocr_line' id='line_1_78' title="bbox 2170 2069 3756 2142; baseline 0.003 -16"><span class='ocrx_word' id='word_1_573' title='bbox 2170 2069 2438 2140; x_wconf 87' lang='lat' dir='ltr'><strong>opposuit,</strong></span> <span class='ocrx_word' id='word_1_574' title='bbox 2469 2073 2874 2142; x_wconf 90' lang='lat' dir='ltr'><strong>oppositumque</strong></span> <span class='ocrx_word' id='word_1_575' title='bbox 2913 2087 3019 2128; x_wconf 92' lang='lat' dir='ltr'><strong>non</strong></span> <span class='ocrx_word' id='word_1_576' title='bbox 3064 2073 3240 2128; x_wconf 86' lang='lat' dir='ltr'><strong>solvit.</strong></span> <span class='ocrx_word' id='word_1_577' title='bbox 3270 2075 3359 2128; x_wconf 90' lang='lat' dir='ltr'><strong>Ait</strong></span> <span class='ocrx_word' id='word_1_578' title='bbox 3396 2076 3542 2130; x_wconf 89' lang='lat' dir='ltr'><strong>enim</strong></span> <span class='ocrx_word' id='word_1_579' title='bbox 3575 2094 3588 2128; x_wconf 92' lang='lat'><strong>:</strong></span> <span class='ocrx_word' id='word_1_580' title='bbox 3619 2076 3756 2132; x_wconf 85' lang='lat' dir='ltr'><strong>Dicit</strong></span> 
     </span>
    </p>
   </div>
   <div class='ocr_carea' id='block_1_79' title="bbox 2172 2161 3751 2236">
    <p class='ocr_par' dir='ltr' id='par_1_79' title="bbox 2172 2161 3751 2236">
     <span class='ocr_line' id='line_1_79' title="bbox 2172 2161 3751 2236; baseline 0.003 -20"><span class='ocrx_word' id='word_1_581' title='bbox 2172 2163 2382 2232; x_wconf 82' lang='lat' dir='ltr'><strong>forsitan</strong></span> <span class='ocrx_word' id='word_1_582' title='bbox 2407 2161 2608 2232; x_wconf 84' lang='lat' dir='ltr'><strong>aliquis,</strong></span> <span class='ocrx_word' id='word_1_583' title='bbox 2637 2162 2740 2216; x_wconf 88' lang='lat' dir='ltr'><strong>Sed</strong></span> <span class='ocrx_word' id='word_1_584' title='bbox 2762 2163 2814 2216; x_wconf 87' lang='lat' dir='ltr'><strong>hi</strong></span> <span class='ocrx_word' id='word_1_585' title='bbox 2850 2179 2974 2233; x_wconf 85' lang='lat' dir='ltr'><strong>quos</strong></span> <span class='ocrx_word' id='word_1_586' title='bbox 3001 2161 3200 2218; x_wconf 85' lang='lat' dir='ltr'><strong>Paulus</strong></span> <span class='ocrx_word' id='word_1_587' title='bbox 3224 2165 3406 2218; x_wconf 82' lang='lat' dir='ltr'><strong>iterum</strong></span> <span class='ocrx_word' id='word_1_588' title='bbox 3435 2167 3751 2236; x_wconf 77' lang='lat' dir='ltr'><strong>baptizavit,</strong></span> 
     </span>
    </p>
   </div>
   <div class='ocr_carea' id='block_1_80' title="bbox 2173 2254 3759 2328">
    <p class='ocr_par' dir='ltr' id='par_1_80' title="bbox 2173 2254 3759 2328">
     <span class='ocr_line' id='line_1_80' title="bbox 2173 2254 3759 2328; baseline 0.003 -19"><span class='ocrx_word' id='word_1_589' title='bbox 2173 2255 2416 2325; x_wconf 90' lang='lat' dir='ltr'><strong>baptismo</strong></span> <span class='ocrx_word' id='word_1_590' title='bbox 2461 2254 2677 2309; x_wconf 91' lang='lat' dir='ltr'><strong>Joannis</strong></span> <span class='ocrx_word' id='word_1_591' title='bbox 2723 2255 2879 2309; x_wconf 92' lang='lat' dir='ltr'><strong>abluti</strong></span> <span class='ocrx_word' id='word_1_592' title='bbox 2924 2261 3144 2326; x_wconf 81' lang='lat' dir='ltr'><strong>fuerant,</strong></span> <span class='ocrx_word' id='word_1_593' title='bbox 3187 2273 3289 2311; x_wconf 92' lang='lat' dir='ltr'><strong>non</strong></span> <span class='ocrx_word' id='word_1_594' title='bbox 3334 2255 3599 2328; x_wconf 86' lang='lat' dir='ltr'><strong>Baptismo</strong></span> <span class='ocrx_word' id='word_1_595' title='bbox 3627 2257 3759 2314; x_wconf 77' lang='lat' dir='ltr'><strong>Jesu</strong></span> 
     </span>
    </p>
   </div>
   <div class='ocr_carea' id='block_1_81' title="bbox 2171 2344 3758 2417">
    <p class='ocr_par' dir='ltr' id='par_1_81' title="bbox 2171 2344 3758 2417">
     <span class='ocr_line' id='line_1_81' title="bbox 2171 2344 3758 2417; baseline 0.003 -18"><span class='ocrx_word' id='word_1_596' title='bbox 2171 2344 2378 2411; x_wconf 83' lang='lat' dir='ltr'><strong>Christi,</strong></span> <span class='ocrx_word' id='word_1_597' title='bbox 2423 2345 2557 2400; x_wconf 89' lang='lat' dir='ltr'><strong>unde</strong></span> <span class='ocrx_word' id='word_1_598' title='bbox 2582 2347 2882 2416; x_wconf 77' lang='lat' dir='ltr'><strong>rebaptizari</strong></span> <span class='ocrx_word' id='word_1_599' title='bbox 2923 2346 3038 2400; x_wconf 86' lang='lat' dir='ltr'><strong>dico</strong></span> <span class='ocrx_word' id='word_1_600' title='bbox 3067 2363 3168 2401; x_wconf 89' lang='lat' dir='ltr'><strong>non</strong></span> <span class='ocrx_word' id='word_1_601' title='bbox 3195 2355 3446 2417; x_wconf 84' lang='lat' dir='ltr'><strong>oportere,</strong></span> <span class='ocrx_word' id='word_1_602' title='bbox 3477 2365 3605 2415; x_wconf 88' lang='lat' dir='ltr'><strong>quos</strong></span> <span class='ocrx_word' id='word_1_603' title='bbox 3632 2365 3758 2403; x_wconf 83' lang='lat' dir='ltr'><strong>con-</strong></span> 
     </span>
    </p>
   </div>
   <div class='ocr_carea' id='block_1_82' title="bbox 2171 2437 3760 2508">
    <p class='ocr_par' dir='ltr' id='par_1_82' title="bbox 2171 2437 3760 2508">
     <span class='ocr_line' id='line_1_82' title="bbox 2171 2437 3760 2508; baseline 0.003 -18"><span class='ocrx_word' id='word_1_604' title='bbox 2171 2444 2271 2490; x_wconf 88' lang='lat' dir='ltr'><strong>stat</strong></span> <span class='ocrx_word' id='word_1_605' title='bbox 2294 2451 2396 2491; x_wconf 85' lang='lat' dir='ltr'><strong>esse</strong></span> <span class='ocrx_word' id='word_1_606' title='bbox 2416 2452 2448 2489; x_wconf 94' lang='lat' dir='ltr'><strong>a</strong></span> <span class='ocrx_word' id='word_1_607' title='bbox 2471 2437 2793 2492; x_wconf 89' lang='lat' dir='ltr'><strong>traditoribus</strong></span> <span class='ocrx_word' id='word_1_608' title='bbox 2818 2447 2985 2491; x_wconf 89' lang='lat' dir='ltr'><strong>tamen</strong></span> <span class='ocrx_word' id='word_1_609' title='bbox 3012 2438 3066 2492; x_wconf 90' lang='lat' dir='ltr'><strong>in</strong></span> <span class='ocrx_word' id='word_1_610' title='bbox 3094 2437 3280 2493; x_wconf 87' lang='lat' dir='ltr'><strong>Christi</strong></span> <span class='ocrx_word' id='word_1_611' title='bbox 3302 2440 3502 2492; x_wconf 86' lang='lat' dir='ltr'><strong>nomine</strong></span> <span class='ocrx_word' id='word_1_612' title='bbox 3526 2441 3760 2508; x_wconf 81' lang='lat' dir='ltr'><strong>baptiza-</strong></span> 
     </span>
    </p>
   </div>
   <div class='ocr_carea' id='block_1_83' title="bbox 2173 2528 3763 2603">
    <p class='ocr_par' dir='ltr' id='par_1_83' title="bbox 2173 2528 3763 2603">
     <span class='ocr_line' id='line_1_83' title="bbox 2173 2528 3763 2603; baseline 0.004 -22"><span class='ocrx_word' id='word_1_613' title='bbox 2173 2537 2269 2581; x_wconf 87' lang='lat' dir='ltr'><strong>tos.</strong></span> <span class='ocrx_word' id='word_1_614' title='bbox 2297 2528 2408 2582; x_wconf 84' lang='lat' dir='ltr'><strong>l-loe</strong></span> <span class='ocrx_word' id='word_1_615' title='bbox 2432 2528 2533 2584; x_wconf 89' lang='lat' dir='ltr'><strong>sibi</strong></span> <span class='ocrx_word' id='word_1_616' title='bbox 2566 2544 2685 2583; x_wconf 92' lang='lat' dir='ltr'><strong>cum</strong></span> <span class='ocrx_word' id='word_1_617' title='bbox 2716 2529 2828 2599; x_wconf 90' lang='lat' dir='ltr'><strong>ipse</strong></span> <span class='ocrx_word' id='word_1_618' title='bbox 2854 2531 3228 2600; x_wconf 90' lang='lat' dir='ltr'><strong>proposuisset</strong></span> <span class='ocrx_word' id='word_1_619' title='bbox 3259 2531 3472 2588; x_wconf 91' lang='lat' dir='ltr'><strong>attende</strong></span> <span class='ocrx_word' id='word_1_620' title='bbox 3497 2533 3763 2603; x_wconf 85' lang='lat' dir='ltr'><strong>quemad-</strong></span> 
     </span>
    </p>
   </div>
   <div class='ocr_carea' id='block_1_84' title="bbox 2173 2617 3758 2693">
    <p class='ocr_par' dir='ltr' id='par_1_84' title="bbox 2173 2617 3758 2693">
     <span class='ocr_line' id='line_1_84' title="bbox 2173 2617 3758 2693; baseline 0.003 -20"><span class='ocrx_word' id='word_1_621' title='bbox 2173 2618 2390 2674; x_wconf 90' lang='lat' dir='ltr'><strong>modum</strong></span> <span class='ocrx_word' id='word_1_622' title='bbox 2419 2617 2612 2674; x_wconf 89' lang='lat' dir='ltr'><strong>frustra</strong></span> <span class='ocrx_word' id='word_1_623' title='bbox 2643 2619 2971 2690; x_wconf 90' lang='lat' dir='ltr'><strong>respondere</strong></span> <span class='ocrx_word' id='word_1_624' title='bbox 2999 2631 3220 2677; x_wconf 79' lang='lat' dir='ltr'><strong>conatus</strong></span> <span class='ocrx_word' id='word_1_625' title='bbox 3244 2622 3334 2677; x_wconf 90' lang='lat' dir='ltr'><strong>sit.</strong></span> <span class='ocrx_word' id='word_1_626' title='bbox 3367 2621 3526 2687; x_wconf 85' lang='lat' dir='ltr'><strong>Huic,</strong></span> <span class='ocrx_word' id='word_1_627' title='bbox 3562 2624 3758 2693; x_wconf 84' lang='lat' dir='ltr'><strong>inquit,</strong></span> 
     </span>
    </p>
   </div>
   <div class='ocr_carea' id='block_1_85' title="bbox 2172 2709 3762 2784">
    <p class='ocr_par' dir='ltr' id='par_1_85' title="bbox 2172 2709 3762 2784">
     <span class='ocr_line' id='line_1_85' title="bbox 2172 2709 3762 2784; baseline 0.003 -21"><span class='ocrx_word' id='word_1_628' title='bbox 2172 2711 2247 2766; x_wconf 88' lang='lat' dir='ltr'><strong>rei</strong></span> <span class='ocrx_word' id='word_1_629' title='bbox 2266 2709 2515 2765; x_wconf 86' lang='lat' dir='ltr'><strong>Dominus</strong></span> <span class='ocrx_word' id='word_1_630' title='bbox 2535 2711 2684 2765; x_wconf 89' lang='lat' dir='ltr'><strong>Jesus</strong></span> <span class='ocrx_word' id='word_1_631' title='bbox 2719 2711 2946 2768; x_wconf 86' lang='lat' dir='ltr'><strong>Christus</strong></span> <span class='ocrx_word' id='word_1_632' title='bbox 2965 2714 3221 2784; x_wconf 85' lang='lat' dir='ltr'><strong>respondit</strong></span> <span class='ocrx_word' id='word_1_633' title='bbox 3248 2715 3327 2769; x_wconf 87' lang='lat' dir='ltr'><strong>his</strong></span> <span class='ocrx_word' id='word_1_634' title='bbox 3370 2716 3556 2782; x_wconf 77' lang='lat' dir='ltr'><strong>verbis,</strong></span> <span class='ocrx_word' id='word_1_635' title='bbox 3586 2734 3607 2768; x_wconf 71' lang='grc' dir='ltr'><strong><em>ι</em></strong></span> <span class='ocrx_word' id='word_1_636' title='bbox 3656 2716 3762 2784; x_wconf 86' lang='lat' dir='ltr'><strong>Qui</strong></span> 
     </span>
    </p>
   </div>
   <div class='ocr_carea' id='block_1_86' title="bbox 2174 2803 3766 2878">
    <p class='ocr_par' dir='ltr' id='par_1_86' title="bbox 2174 2803 3766 2878">
     <span class='ocr_line' id='line_1_86' title="bbox 2174 2803 3766 2878; baseline 0.004 -23"><span class='ocrx_word' id='word_1_637' title='bbox 2174 2818 2368 2856; x_wconf 87' lang='lat' dir='ltr'><strong>mecum</strong></span> <span class='ocrx_word' id='word_1_638' title='bbox 2393 2817 2493 2856; x_wconf 87' lang='lat' dir='ltr'><strong>non</strong></span> <span class='ocrx_word' id='word_1_639' title='bbox 2517 2803 2729 2872; x_wconf 82' lang='lat' dir='ltr'><strong>colligit,</strong></span> <span class='ocrx_word' id='word_1_640' title='bbox 2753 2803 2998 2875; x_wconf 89' lang='lat' dir='ltr'><strong>dispergit</strong></span> <span class='ocrx_word' id='word_1_641' title='bbox 3028 2823 3047 2856; x_wconf 75' lang='grc' dir='ltr'><strong><em>ι</em></strong></span> <span class='ocrx_word' id='word_1_642' title='bbox 3079 2804 3288 2876; x_wconf 78' lang='lat' dir='ltr'><strong>(Matth.</strong></span> <span class='ocrx_word' id='word_1_643' title='bbox 3318 2823 3414 2873; x_wconf 83' lang='lat' dir='ltr'><strong>xu,</strong></span> <span class='ocrx_word' id='word_1_644' title='bbox 3441 2807 3535 2878; x_wconf 77' lang='lat'><strong>30)</strong></span> <span class='ocrx_word' id='word_1_645' title='bbox 3559 2824 3574 2873; x_wconf 88' lang='lat'><strong>;</strong></span> <span class='ocrx_word' id='word_1_646' title='bbox 3605 2816 3654 2861; x_wconf 87' lang='lat' dir='ltr'><strong>et</strong></span> <span class='ocrx_word' id='word_1_647' title='bbox 3672 2808 3766 2862; x_wconf 85' lang='lat' dir='ltr'><strong>ite-</strong></span> 
     </span>
    </p>
   </div>
   <div class='ocr_carea' id='block_1_87' title="bbox 2176 2883 3763 2965">
    <p class='ocr_par' dir='ltr' id='par_1_87' title="bbox 2176 2883 3763 2965">
     <span class='ocr_line' id='line_1_87' title="bbox 2176 2883 3763 2965; baseline 0.004 -18"><span class='ocrx_word' id='word_1_648' title='bbox 2176 2910 2309 2960; x_wconf 90' lang='lat' dir='ltr'><strong>rum,</strong></span> <span class='ocrx_word' id='word_1_649' title='bbox 2343 2912 2362 2946; x_wconf 75' lang='grc' dir='ltr'>ι</span> <span class='ocrx_word' id='word_1_650' title='bbox 2380 2893 2498 2949; x_wconf 87' lang='lat' dir='ltr'><strong>Non</strong></span> <span class='ocrx_word' id='word_1_651' title='bbox 2523 2895 2685 2949; x_wconf 89' lang='lat' dir='ltr'><strong>omnis</strong></span> <span class='ocrx_word' id='word_1_652' title='bbox 2707 2896 2792 2964; x_wconf 89' lang='lat' dir='ltr'><strong>qui</strong></span> <span class='ocrx_word' id='word_1_653' title='bbox 2819 2896 2938 2950; x_wconf 89' lang='lat' dir='ltr'><strong>dicit</strong></span> <span class='ocrx_word' id='word_1_654' title='bbox 2965 2897 3108 2961; x_wconf 84' lang='lat' dir='ltr'><strong>mihi,</strong></span> <span class='ocrx_word' id='word_1_655' title='bbox 3133 2883 3372 2965; x_wconf 75' lang='lat' dir='ltr'><strong>Domine,</strong></span> <span class='ocrx_word' id='word_1_656' title='bbox 3404 2897 3644 2965; x_wconf 85' lang='lat' dir='ltr'><strong>Domine,</strong></span> <span class='ocrx_word' id='word_1_657' title='bbox 3679 2899 3763 2953; x_wconf 87' lang='lat' dir='ltr'><strong>in-</strong></span> 
     </span>
    </p>
   </div>
   <div class='ocr_carea' id='block_1_88' title="bbox 2177 2985 3763 3057">
    <p class='ocr_par' dir='ltr' id='par_1_88' title="bbox 2177 2985 3763 3057">
     <span class='ocr_line' id='line_1_88' title="bbox 2177 2985 3763 3057; baseline 0.001 -18"><span class='ocrx_word' id='word_1_658' title='bbox 2177 2985 2325 3040; x_wconf 88' lang='lat' dir='ltr'><strong>trabit</strong></span> <span class='ocrx_word' id='word_1_659' title='bbox 2360 2987 2413 3040; x_wconf 90' lang='lat' dir='ltr'><strong>in</strong></span> <span class='ocrx_word' id='word_1_660' title='bbox 2440 3003 2648 3057; x_wconf 89' lang='lat' dir='ltr'><strong>regnum</strong></span> <span class='ocrx_word' id='word_1_661' title='bbox 2675 2987 2930 3042; x_wconf 66' lang='lat' dir='ltr'><strong>calorum.</strong></span> <span class='ocrx_word' id='word_1_662' title='bbox 2969 2987 3126 3042; x_wconf 76' lang='lat' dir='ltr'><strong>Multi</strong></span> <span class='ocrx_word' id='word_1_663' title='bbox 3151 2988 3284 3042; x_wconf 90' lang='lat' dir='ltr'><strong>enim</strong></span> <span class='ocrx_word' id='word_1_664' title='bbox 3327 2988 3493 3042; x_wconf 89' lang='lat' dir='ltr'><strong>dicent</strong></span> <span class='ocrx_word' id='word_1_665' title='bbox 3533 2990 3667 3042; x_wconf 83' lang='lat' dir='ltr'><strong>mihi</strong></span> <span class='ocrx_word' id='word_1_666' title='bbox 3710 2989 3763 3042; x_wconf 88' lang='lat' dir='ltr'><strong>in</strong></span> 
     </span>
    </p>
   </div>
   <div class='ocr_carea' id='block_1_89' title="bbox 2175 3076 3763 3149">
    <p class='ocr_par' dir='ltr' id='par_1_89' title="bbox 2175 3076 3763 3149">
     <span class='ocr_line' id='line_1_89' title="bbox 2175 3076 3763 3149; baseline 0.002 -19"><span class='ocrx_word' id='word_1_667' title='bbox 2175 3076 2268 3130; x_wconf 86' lang='lat' dir='ltr'><strong>illa</strong></span> <span class='ocrx_word' id='word_1_668' title='bbox 2294 3077 2395 3143; x_wconf 87' lang='lat' dir='ltr'><strong>die,</strong></span> <span class='ocrx_word' id='word_1_669' title='bbox 2426 3076 2658 3144; x_wconf 89' lang='lat' dir='ltr'><strong>Domine,</strong></span> <span class='ocrx_word' id='word_1_670' title='bbox 2705 3077 2939 3144; x_wconf 87' lang='lat' dir='ltr'><strong>Domine,</strong></span> <span class='ocrx_word' id='word_1_671' title='bbox 2984 3094 3149 3132; x_wconf 90' lang='lat' dir='ltr'><strong>nonne</strong></span> <span class='ocrx_word' id='word_1_672' title='bbox 3175 3079 3230 3132; x_wconf 90' lang='lat' dir='ltr'><strong>in</strong></span> <span class='ocrx_word' id='word_1_673' title='bbox 3275 3079 3476 3132; x_wconf 87' lang='lat' dir='ltr'><strong>nomine</strong></span> <span class='ocrx_word' id='word_1_674' title='bbox 3517 3089 3606 3132; x_wconf 87' lang='lat' dir='ltr'><strong>tuo</strong></span> <span class='ocrx_word' id='word_1_675' title='bbox 3638 3095 3763 3149; x_wconf 83' lang='lat' dir='ltr'><strong>pro-</strong></span> 
     </span>
    </p>
   </div>
   <div class='ocr_carea' id='block_1_90' title="bbox 2177 3168 3764 3239">
    <p class='ocr_par' dir='ltr' id='par_1_90' title="bbox 2177 3168 3764 3239">
     <span class='ocr_line' id='line_1_90' title="bbox 2177 3168 3764 3239; baseline 0.001 -19"><span class='ocrx_word' id='word_1_676' title='bbox 2177 3168 2508 3238; x_wconf 76' lang='lat' dir='ltr'><strong>phetavimus,</strong></span> <span class='ocrx_word' id='word_1_677' title='bbox 2535 3177 2583 3222; x_wconf 89' lang='lat' dir='ltr'><strong>et</strong></span> <span class='ocrx_word' id='word_1_678' title='bbox 2614 3169 2669 3222; x_wconf 89' lang='lat' dir='ltr'><strong>in</strong></span> <span class='ocrx_word' id='word_1_679' title='bbox 2696 3169 2895 3222; x_wconf 90' lang='lat' dir='ltr'><strong>nomine</strong></span> <span class='ocrx_word' id='word_1_680' title='bbox 2933 3176 3019 3223; x_wconf 90' lang='lat' dir='ltr'><strong>tuo</strong></span> <span class='ocrx_word' id='word_1_681' title='bbox 3043 3169 3291 3223; x_wconf 78' lang='lat' dir='ltr'><strong>dtemonia</strong></span> <span class='ocrx_word' id='word_1_682' title='bbox 3318 3170 3578 3239; x_wconf 86' lang='lat' dir='ltr'><strong>ejecimus,</strong></span> <span class='ocrx_word' id='word_1_683' title='bbox 3619 3178 3671 3222; x_wconf 90' lang='lat' dir='ltr'><strong>et</strong></span> <span class='ocrx_word' id='word_1_684' title='bbox 3710 3171 3764 3223; x_wconf 91' lang='lat' dir='ltr'><strong>in</strong></span> 
     </span>
    </p>
   </div>
   <div class='ocr_carea' id='block_1_91' title="bbox 2177 3259 3766 3330">
    <p class='ocr_par' dir='ltr' id='par_1_91' title="bbox 2177 3259 3766 3330">
     <span class='ocr_line' id='line_1_91' title="bbox 2177 3259 3766 3330; baseline 0.001 -18"><span class='ocrx_word' id='word_1_685' title='bbox 2177 3259 2376 3313; x_wconf 89' lang='lat' dir='ltr'><strong>nomine</strong></span> <span class='ocrx_word' id='word_1_686' title='bbox 2418 3267 2504 3312; x_wconf 91' lang='lat' dir='ltr'><strong>tuo</strong></span> <span class='ocrx_word' id='word_1_687' title='bbox 2540 3259 2742 3313; x_wconf 86' lang='lat' dir='ltr'><strong>virtutes</strong></span> <span class='ocrx_word' id='word_1_688' title='bbox 2792 3260 2976 3314; x_wconf 90' lang='lat' dir='ltr'><strong>multas</strong></span> <span class='ocrx_word' id='word_1_689' title='bbox 3017 3259 3272 3330; x_wconf 77' lang='lat' dir='ltr'><strong>fecimus?</strong></span> <span class='ocrx_word' id='word_1_690' title='bbox 3316 3259 3382 3313; x_wconf 90' lang='lat' dir='ltr'><strong>Et</strong></span> <span class='ocrx_word' id='word_1_691' title='bbox 3424 3267 3542 3313; x_wconf 88' lang='lat' dir='ltr'><strong>tunc</strong></span> <span class='ocrx_word' id='word_1_692' title='bbox 3590 3259 3766 3314; x_wconf 86' lang='lat' dir='ltr'><strong>dicam</strong></span> 
     </span>
    </p>
   </div>
   <div class='ocr_carea' id='block_1_92' title="bbox 2177 3348 3757 3422">
    <p class='ocr_par' dir='ltr' id='par_1_92' title="bbox 2177 3348 3757 3422">
     <span class='ocr_line' id='line_1_92' title="bbox 2177 3348 3757 3422; baseline -0.001 -18"><span class='ocrx_word' id='word_1_693' title='bbox 2177 3349 2299 3417; x_wconf 89' lang='lat' dir='ltr'><strong>illis,</strong></span> <span class='ocrx_word' id='word_1_694' title='bbox 2325 3348 2446 3403; x_wconf 88' lang='lat' dir='ltr'><strong>Non</strong></span> <span class='ocrx_word' id='word_1_695' title='bbox 2469 3351 2584 3404; x_wconf 89' lang='lat' dir='ltr'><strong>novi</strong></span> <span class='ocrx_word' id='word_1_696' title='bbox 2599 3365 2683 3404; x_wconf 84' lang='lat' dir='ltr'><strong>vos</strong></span> <span class='ocrx_word' id='word_1_697' title='bbox 2704 3365 2724 3414; x_wconf 89' lang='lat'><strong>;</strong></span> <span class='ocrx_word' id='word_1_698' title='bbox 2752 3351 2964 3404; x_wconf 87' lang='lat' dir='ltr'><strong>recedite</strong></span> <span class='ocrx_word' id='word_1_699' title='bbox 2989 3367 3022 3404; x_wconf 93' lang='lat' dir='ltr'><strong>a</strong></span> <span class='ocrx_word' id='word_1_700' title='bbox 3045 3367 3143 3418; x_wconf 91' lang='lat' dir='ltr'><strong>me,</strong></span> <span class='ocrx_word' id='word_1_701' title='bbox 3165 3351 3383 3422; x_wconf 89' lang='lat' dir='ltr'><strong>operarii</strong></span> <span class='ocrx_word' id='word_1_702' title='bbox 3418 3351 3707 3421; x_wconf 88' lang='lat' dir='ltr'><strong>iniquitatis</strong></span> <span class='ocrx_word' id='word_1_703' title='bbox 3738 3369 3757 3402; x_wconf 74' lang='grc' dir='ltr'><strong>ο</strong></span> 
     </span>
    </p>
   </div>
   <div class='ocr_carea' id='block_1_93' title="bbox 2181 3442 3764 3515">
    <p class='ocr_par' dir='ltr' id='par_1_93' title="bbox 2181 3442 3764 3515">
     <span class='ocr_line' id='line_1_93' title="bbox 2181 3442 3764 3515; baseline 0 -19"><span class='ocrx_word' id='word_1_704' title='bbox 2181 3442 2292 3514; x_wconf 88' lang='lat' dir='ltr'><strong>(Id.</strong></span> <span class='ocrx_word' id='word_1_705' title='bbox 2322 3457 2412 3510; x_wconf 85' lang='lat' dir='ltr'><strong>vn,</strong></span> <span class='ocrx_word' id='word_1_706' title='bbox 2433 3442 2641 3514; x_wconf 72' lang='lat'><strong>21-23).</strong></span> <span class='ocrx_word' id='word_1_707' title='bbox 2671 3442 2959 3499; x_wconf 86' lang='lat' dir='ltr'><strong>Perdidisse</strong></span> <span class='ocrx_word' id='word_1_708' title='bbox 2982 3444 3136 3515; x_wconf 87' lang='lat' dir='ltr'><strong>igitur</strong></span> <span class='ocrx_word' id='word_1_709' title='bbox 3160 3445 3347 3514; x_wconf 80' lang='lat' dir='ltr'><strong>falsum</strong></span> <span class='ocrx_word' id='word_1_710' title='bbox 3373 3459 3498 3514; x_wconf 86' lang='lat' dir='ltr'><strong>opus</strong></span> <span class='ocrx_word' id='word_1_711' title='bbox 3527 3460 3631 3497; x_wconf 89' lang='lat' dir='ltr'><strong>non</strong></span> <span class='ocrx_word' id='word_1_712' title='bbox 3659 3444 3764 3497; x_wconf 81' lang='lat' dir='ltr'><strong>du-</strong></span> 
     </span>
    </p>
   </div>
   <div class='ocr_carea' id='block_1_94' title="bbox 2181 3533 3768 3605">
    <p class='ocr_par' dir='ltr' id='par_1_94' title="bbox 2181 3533 3768 3605">
     <span class='ocr_line' id='line_1_94' title="bbox 2181 3533 3768 3605; baseline 0 -17"><span class='ocrx_word' id='word_1_713' title='bbox 2181 3534 2314 3588; x_wconf 89' lang='lat' dir='ltr'><strong>bium</strong></span> <span class='ocrx_word' id='word_1_714' title='bbox 2339 3543 2430 3600; x_wconf 84' lang='lat' dir='ltr'><strong>est,</strong></span> <span class='ocrx_word' id='word_1_715' title='bbox 2472 3535 2558 3605; x_wconf 87' lang='lat' dir='ltr'><strong>qui</strong></span> <span class='ocrx_word' id='word_1_716' title='bbox 2583 3536 2776 3589; x_wconf 90' lang='lat' dir='ltr'><strong>tametsi</strong></span> <span class='ocrx_word' id='word_1_717' title='bbox 2802 3537 2856 3588; x_wconf 92' lang='lat' dir='ltr'><strong>in</strong></span> <span class='ocrx_word' id='word_1_718' title='bbox 2897 3535 3096 3588; x_wconf 88' lang='lat' dir='ltr'><strong>nomine</strong></span> <span class='ocrx_word' id='word_1_719' title='bbox 3117 3533 3244 3589; x_wconf 87' lang='lat' dir='ltr'><strong>Jesu</strong></span> <span class='ocrx_word' id='word_1_720' title='bbox 3271 3533 3496 3602; x_wconf 73' lang='lat' dir='ltr'><strong>Christi,</strong></span> <span class='ocrx_word' id='word_1_721' title='bbox 3525 3535 3768 3604; x_wconf 85' lang='lat' dir='ltr'><strong>sacrilegi</strong></span> 
     </span>
    </p>
   </div>
   <div class='ocr_carea' id='block_1_95' title="bbox 2181 3623 3768 3695">
    <p class='ocr_par' dir='ltr' id='par_1_95' title="bbox 2181 3623 3768 3695">
     <span class='ocr_line' id='line_1_95' title="bbox 2181 3623 3768 3695; baseline 0 -17"><span class='ocrx_word' id='word_1_722' title='bbox 2181 3634 2345 3678; x_wconf 88' lang='lat' dir='ltr'><strong>tamen</strong></span> <span class='ocrx_word' id='word_1_723' title='bbox 2368 3626 2481 3678; x_wconf 90' lang='lat' dir='ltr'><strong>ausi</strong></span> <span class='ocrx_word' id='word_1_724' title='bbox 2511 3635 2626 3679; x_wconf 91' lang='lat' dir='ltr'><strong>sunt</strong></span> <span class='ocrx_word' id='word_1_725' title='bbox 2651 3627 2869 3695; x_wconf 87' lang='lat' dir='ltr'><strong>operari.</strong></span> <span class='ocrx_word' id='word_1_726' title='bbox 2909 3623 3078 3680; x_wconf 86' lang='lat' dir='ltr'><strong>Velint</strong></span> <span class='ocrx_word' id='word_1_727' title='bbox 3101 3625 3281 3692; x_wconf 85' lang='lat' dir='ltr'><strong>nolint,</strong></span> <span class='ocrx_word' id='word_1_728' title='bbox 3314 3625 3526 3695; x_wconf 88' lang='lat' dir='ltr'><strong>proinde</strong></span> <span class='ocrx_word' id='word_1_729' title='bbox 3546 3625 3768 3678; x_wconf 80' lang='lat' dir='ltr'><strong>tradito-</strong></span> 
     </span>
    </p>
   </div>
   <div class='ocr_carea' id='block_1_96' title="bbox 2180 3714 3765 3786">
    <p class='ocr_par' dir='ltr' id='par_1_96' title="bbox 2180 3714 3765 3786">
     <span class='ocr_line' id='line_1_96' title="bbox 2180 3714 3765 3786; baseline 0 -18"><span class='ocrx_word' id='word_1_730' title='bbox 2180 3731 2259 3770; x_wconf 90' lang='lat' dir='ltr'><strong>res</strong></span> <span class='ocrx_word' id='word_1_731' title='bbox 2300 3715 2556 3786; x_wconf 80' lang='lat' dir='ltr'><strong>sacrilegis</strong></span> <span class='ocrx_word' id='word_1_732' title='bbox 2604 3715 2947 3770; x_wconf 84' lang='lat' dir='ltr'><strong>Sacramentis</strong></span> <span class='ocrx_word' id='word_1_733' title='bbox 2987 3714 3242 3770; x_wconf 83' lang='lat' dir='ltr'><strong>Christum</strong></span> <span class='ocrx_word' id='word_1_734' title='bbox 3271 3718 3430 3785; x_wconf 92' lang='lat' dir='ltr'><strong>magis</strong></span> <span class='ocrx_word' id='word_1_735' title='bbox 3474 3715 3765 3782; x_wconf 75' lang='lat' dir='ltr'><strong>oﬂ&#39;endunt.</strong></span> 
     </span>
    </p>
   </div>
   <div class='ocr_carea' id='block_1_97' title="bbox 2185 3806 3764 3877">
    <p class='ocr_par' dir='ltr' id='par_1_97' title="bbox 2185 3806 3764 3877">
     <span class='ocr_line' id='line_1_97' title="bbox 2185 3806 3764 3877; baseline 0 -17"><span class='ocrx_word' id='word_1_736' title='bbox 2185 3806 2285 3874; x_wconf 83' lang='lat' dir='ltr'><strong>Qui</strong></span> <span class='ocrx_word' id='word_1_737' title='bbox 2304 3807 2347 3860; x_wconf 90' lang='lat' dir='ltr'><strong>si</strong></span> <span class='ocrx_word' id='word_1_738' title='bbox 2363 3815 2408 3860; x_wconf 89' lang='lat' dir='ltr'><strong>et</strong></span> <span class='ocrx_word' id='word_1_739' title='bbox 2421 3806 2583 3860; x_wconf 88' lang='lat' dir='ltr'><strong>dicere</strong></span> <span class='ocrx_word' id='word_1_740' title='bbox 2607 3809 2842 3874; x_wconf 86' lang='lat' dir='ltr'><strong>audeant,</strong></span> <span class='ocrx_word' id='word_1_741' title='bbox 2866 3806 2922 3860; x_wconf 80' lang='grc'><strong>(1</strong></span> <span class='ocrx_word' id='word_1_742' title='bbox 2930 3824 2960 3861; x_wconf 91' lang='lat' dir='ltr'><strong>n</strong></span> <span class='ocrx_word' id='word_1_743' title='bbox 2974 3807 3172 3862; x_wconf 91' lang='lat' dir='ltr'><strong>nomine</strong></span> <span class='ocrx_word' id='word_1_744' title='bbox 3187 3816 3271 3862; x_wconf 89' lang='lat' dir='ltr'><strong>tuo</strong></span> <span class='ocrx_word' id='word_1_745' title='bbox 3283 3808 3697 3877; x_wconf 76' lang='lat' dir='ltr'><strong>praphetauimus</strong></span> <span class='ocrx_word' id='word_1_746' title='bbox 3716 3823 3764 3862; x_wconf 72' lang='grc' dir='ltr'><strong><em>ει</em></strong></span> 
     </span>
    </p>
   </div>
   <div class='ocr_carea' id='block_1_98' title="bbox 2181 3899 3772 3969">
    <p class='ocr_par' dir='ltr' id='par_1_98' title="bbox 2181 3899 3772 3969">
     <span class='ocr_line' id='line_1_98' title="bbox 2181 3899 3772 3969; baseline -0.001 -15"><span class='ocrx_word' id='word_1_747' title='bbox 2181 3900 2308 3956; x_wconf 85' lang='lat' dir='ltr'><strong>dicet</strong></span> <span class='ocrx_word' id='word_1_748' title='bbox 2330 3899 2435 3954; x_wconf 89' lang='lat' dir='ltr'><strong>illis</strong></span> <span class='ocrx_word' id='word_1_749' title='bbox 2459 3909 2514 3953; x_wconf 90' lang='lat' dir='ltr'><strong>ut</strong></span> <span class='ocrx_word' id='word_1_750' title='bbox 2534 3900 2744 3966; x_wconf 65' lang='lat' dir='ltr'><strong>caneris,</strong></span> <span class='ocrx_word' id='word_1_751' title='bbox 2757 3918 2774 3951; x_wconf 79' lang='grc' dir='ltr'>ι</span> <span class='ocrx_word' id='word_1_752' title='bbox 2787 3899 3020 3955; x_wconf 80' lang='lat' dir='ltr'><strong>Recedite</strong></span> <span class='ocrx_word' id='word_1_753' title='bbox 3034 3916 3066 3953; x_wconf 91' lang='lat' dir='ltr'><strong>a</strong></span> <span class='ocrx_word' id='word_1_754' title='bbox 3086 3915 3184 3963; x_wconf 88' lang='lat' dir='ltr'><strong>me,</strong></span> <span class='ocrx_word' id='word_1_755' title='bbox 3202 3899 3420 3969; x_wconf 85' lang='lat' dir='ltr'><strong>operarii</strong></span> <span class='ocrx_word' id='word_1_756' title='bbox 3449 3899 3772 3968; x_wconf 85' lang='lat' dir='ltr'><strong>iniquitatis;</strong></span> 
     </span>
    </p>
   </div>
   <div class='ocr_carea' id='block_1_99' title="bbox 2180 3990 3772 4061">
    <p class='ocr_par' dir='ltr' id='par_1_99' title="bbox 2180 3990 3772 4061">
     <span class='ocr_line' id='line_1_99' title="bbox 2180 3990 3772 4061; baseline -0.003 -13"><span class='ocrx_word' id='word_1_757' title='bbox 2180 4010 2282 4048; x_wconf 90' lang='lat' dir='ltr'><strong>non</strong></span> <span class='ocrx_word' id='word_1_758' title='bbox 2307 3993 2422 4047; x_wconf 80' lang='lat' dir='ltr'><strong>novi</strong></span> <span class='ocrx_word' id='word_1_759' title='bbox 2449 4008 2588 4046; x_wconf 69' lang='lat' dir='ltr'><strong>vos.»</strong></span> <span class='ocrx_word' id='word_1_760' title='bbox 2629 3992 2782 4047; x_wconf 85' lang='lat' dir='ltr'><strong>Recte</strong></span> <span class='ocrx_word' id='word_1_761' title='bbox 2805 3993 2907 4046; x_wconf 87' lang='lat' dir='ltr'><strong>illis</strong></span> <span class='ocrx_word' id='word_1_762' title='bbox 2933 3993 3026 4047; x_wconf 86' lang='lat' dir='ltr'><strong>hoc</strong></span> <span class='ocrx_word' id='word_1_763' title='bbox 3055 3992 3203 4057; x_wconf 87' lang='lat' dir='ltr'><strong>dicet,</strong></span> <span class='ocrx_word' id='word_1_764' title='bbox 3235 3992 3471 4061; x_wconf 91' lang='lat' dir='ltr'><strong>quoniam</strong></span> <span class='ocrx_word' id='word_1_765' title='bbox 3487 3990 3696 4060; x_wconf 86' lang='lat' dir='ltr'><strong>quidem</strong></span> <span class='ocrx_word' id='word_1_766' title='bbox 3718 3992 3772 4044; x_wconf 86' lang='lat' dir='ltr'><strong>in</strong></span> 
     </span>
    </p>
   </div>
   <div class='ocr_carea' id='block_1_100' title="bbox 2180 4080 3773 4154">
    <p class='ocr_par' dir='ltr' id='par_1_100' title="bbox 2180 4080 3773 4154">
     <span class='ocr_line' id='line_1_100' title="bbox 2180 4080 3773 4154; baseline -0.003 -17"><span class='ocrx_word' id='word_1_767' title='bbox 2180 4083 2400 4154; x_wconf 90' lang='lat' dir='ltr'><strong>indignis</strong></span> <span class='ocrx_word' id='word_1_768' title='bbox 2423 4098 2525 4136; x_wconf 90' lang='lat' dir='ltr'><strong>non</strong></span> <span class='ocrx_word' id='word_1_769' title='bbox 2554 4081 2820 4135; x_wconf 85' lang='lat' dir='ltr'><strong>dissimiles</strong></span> <span class='ocrx_word' id='word_1_770' title='bbox 2846 4097 3014 4136; x_wconf 68' lang='lat' dir='ltr'><strong>causae</strong></span> <span class='ocrx_word' id='word_1_771' title='bbox 3037 4090 3172 4147; x_wconf 89' lang='lat' dir='ltr'><strong>sunt,</strong></span> <span class='ocrx_word' id='word_1_772' title='bbox 3203 4081 3478 4150; x_wconf 84' lang='lat' dir='ltr'><strong>baptizare,</strong></span> <span class='ocrx_word' id='word_1_773' title='bbox 3509 4080 3773 4132; x_wconf 75' lang='lat' dir='ltr'><strong>daemonia</strong></span> 
     </span>
    </p>
   </div>
   <div class='ocr_carea' id='block_1_101' title="bbox 2182 4169 3770 4244">
    <p class='ocr_par' dir='ltr' id='par_1_101' title="bbox 2182 4169 3770 4244">
     <span class='ocr_line' id='line_1_101' title="bbox 2182 4169 3770 4244; baseline -0.003 -15"><span class='ocrx_word' id='word_1_774' title='bbox 2182 4175 2386 4244; x_wconf 83' lang='lat' dir='ltr'><strong>pellere,</strong></span> <span class='ocrx_word' id='word_1_775' title='bbox 2413 4181 2712 4242; x_wconf 73' lang='lat' dir='ltr'><strong>cwterasque</strong></span> <span class='ocrx_word' id='word_1_776' title='bbox 2734 4171 2984 4226; x_wconf 89' lang='lat' dir='ltr'><strong>mirabiles</strong></span> <span class='ocrx_word' id='word_1_777' title='bbox 3009 4171 3184 4242; x_wconf 78' lang='lat' dir='ltr'><strong>fecisse</strong></span> <span class='ocrx_word' id='word_1_778' title='bbox 3202 4171 3424 4224; x_wconf 82' lang='lat' dir='ltr'><strong>virtutes.</strong></span> <span class='ocrx_word' id='word_1_779' title='bbox 3446 4169 3580 4224; x_wconf 78' lang='lat' dir='ltr'><strong>Vide</strong></span> <span class='ocrx_word' id='word_1_780' title='bbox 3602 4185 3770 4239; x_wconf 88' lang='lat' dir='ltr'><strong>quam</strong></span> 
     </span>
    </p>
   </div>
   <div class='ocr_carea' id='block_1_102' title="bbox 2181 4261 3768 4333">
    <p class='ocr_par' dir='ltr' id='par_1_102' title="bbox 2181 4261 3768 4333">
     <span class='ocr_line' id='line_1_102' title="bbox 2181 4261 3768 4333; baseline -0.003 -12"><span class='ocrx_word' id='word_1_781' title='bbox 2181 4265 2345 4320; x_wconf 90' lang='lat' dir='ltr'><strong>multa</strong></span> <span class='ocrx_word' id='word_1_782' title='bbox 2371 4263 2524 4332; x_wconf 90' lang='lat' dir='ltr'><strong>dixit,</strong></span> <span class='ocrx_word' id='word_1_783' title='bbox 2549 4272 2605 4319; x_wconf 91' lang='lat' dir='ltr'><strong>et</strong></span> <span class='ocrx_word' id='word_1_784' title='bbox 2641 4262 2783 4333; x_wconf 92' lang='lat' dir='ltr'><strong>quod</strong></span> <span class='ocrx_word' id='word_1_785' title='bbox 2827 4262 2930 4317; x_wconf 92' lang='lat' dir='ltr'><strong>sibi</strong></span> <span class='ocrx_word' id='word_1_786' title='bbox 2957 4276 3022 4317; x_wconf 85' lang='lat' dir='ltr'><strong>ex</strong></span> <span class='ocrx_word' id='word_1_787' title='bbox 3051 4262 3276 4317; x_wconf 86' lang='lat' dir='ltr'><strong>adverso</strong></span> <span class='ocrx_word' id='word_1_788' title='bbox 3319 4261 3618 4331; x_wconf 90' lang='lat' dir='ltr'><strong>proposuit,</strong></span> <span class='ocrx_word' id='word_1_789' title='bbox 3655 4262 3768 4316; x_wconf 85' lang='lat' dir='ltr'><strong>sol-</strong></span> 
     </span>
    </p>
   </div>
   <div class='ocr_carea' id='block_1_103' title="bbox 2182 4349 3772 4426">
    <p class='ocr_par' dir='ltr' id='par_1_103' title="bbox 2182 4349 3772 4426">
     <span class='ocr_line' id='line_1_103' title="bbox 2182 4349 3772 4426; baseline -0.004 -12"><span class='ocrx_word' id='word_1_790' title='bbox 2182 4373 2307 4415; x_wconf 89' lang='lat' dir='ltr'><strong>vere</strong></span> <span class='ocrx_word' id='word_1_791' title='bbox 2330 4358 2548 4414; x_wconf 90' lang='lat' dir='ltr'><strong>omnino</strong></span> <span class='ocrx_word' id='word_1_792' title='bbox 2584 4369 2692 4411; x_wconf 90' lang='lat' dir='ltr'><strong>non</strong></span> <span class='ocrx_word' id='word_1_793' title='bbox 2721 4354 2891 4426; x_wconf 90' lang='lat' dir='ltr'><strong>potuit</strong></span> <span class='ocrx_word' id='word_1_794' title='bbox 2918 4371 2932 4409; x_wconf 91' lang='lat'><strong>:</strong></span> <span class='ocrx_word' id='word_1_795' title='bbox 2957 4368 3056 4410; x_wconf 91' lang='lat' dir='ltr'><strong>nec</strong></span> <span class='ocrx_word' id='word_1_796' title='bbox 3082 4353 3253 4409; x_wconf 90' lang='lat' dir='ltr'><strong>solum</strong></span> <span class='ocrx_word' id='word_1_797' title='bbox 3282 4352 3386 4408; x_wconf 88' lang='lat' dir='ltr'><strong>hoc</strong></span> <span class='ocrx_word' id='word_1_798' title='bbox 3408 4352 3451 4418; x_wconf 87' lang='grc'><strong>³,</strong></span> <span class='ocrx_word' id='word_1_799' title='bbox 3479 4349 3574 4407; x_wconf 90' lang='lat' dir='ltr'><strong>sed</strong></span> <span class='ocrx_word' id='word_1_800' title='bbox 3600 4353 3772 4408; x_wconf 89' lang='lat' dir='ltr'><strong>etiam</strong></span> 
     </span>
    </p>
   </div>
   <div class='ocr_carea' id='block_1_104' title="bbox 2182 4445 3775 4521">
    <p class='ocr_par' dir='ltr' id='par_1_104' title="bbox 2182 4445 3775 4521">
     <span class='ocr_line' id='line_1_104' title="bbox 2182 4445 3775 4521; baseline -0.004 -14"><span class='ocrx_word' id='word_1_801' title='bbox 2182 4465 2282 4507; x_wconf 89' lang='lat' dir='ltr'><strong>nos</strong></span> <span class='ocrx_word' id='word_1_802' title='bbox 2311 4451 2454 4521; x_wconf 91' lang='lat' dir='ltr'><strong>ipsos</strong></span> <span class='ocrx_word' id='word_1_803' title='bbox 2497 4463 2614 4519; x_wconf 61' lang='lat' dir='ltr'><strong>quae</strong></span> <span class='ocrx_word' id='word_1_804' title='bbox 2641 4447 2895 4504; x_wconf 88' lang='lat' dir='ltr'><strong>adversus</strong></span> <span class='ocrx_word' id='word_1_805' title='bbox 2937 4460 3032 4503; x_wconf 87' lang='lat' dir='ltr'><strong>eos</strong></span> <span class='ocrx_word' id='word_1_806' title='bbox 3075 4446 3252 4502; x_wconf 91' lang='lat' dir='ltr'><strong>dicere</strong></span> <span class='ocrx_word' id='word_1_807' title='bbox 3300 4446 3644 4510; x_wconf 90' lang='lat' dir='ltr'><strong>deberemus,</strong></span> <span class='ocrx_word' id='word_1_808' title='bbox 3675 4445 3775 4500; x_wconf 86' lang='lat' dir='ltr'><strong>ad-</strong></span> 
     </span>
    </p>
   </div>
   <div class='ocr_carea' id='block_1_105' title="bbox 2182 4535 3771 4611">
    <p class='ocr_par' dir='ltr' id='par_1_105' title="bbox 2182 4535 3771 4611">
     <span class='ocr_line' id='line_1_105' title="bbox 2182 4535 3771 4611; baseline -0.004 -12"><span class='ocrx_word' id='word_1_809' title='bbox 2182 4542 2410 4598; x_wconf 88' lang='lat' dir='ltr'><strong>monuit.</strong></span> <span class='ocrx_word' id='word_1_810' title='bbox 2438 4540 2620 4611; x_wconf 85' lang='lat' dir='ltr'><strong>Neque</strong></span> <span class='ocrx_word' id='word_1_811' title='bbox 2643 4540 2788 4597; x_wconf 91' lang='lat' dir='ltr'><strong>enim</strong></span> <span class='ocrx_word' id='word_1_812' title='bbox 2813 4546 3016 4594; x_wconf 90' lang='lat' dir='ltr'><strong>tantum</strong></span> <span class='ocrx_word' id='word_1_813' title='bbox 3062 4537 3194 4592; x_wconf 90' lang='lat' dir='ltr'><strong>nihil</strong></span> <span class='ocrx_word' id='word_1_814' title='bbox 3222 4551 3342 4593; x_wconf 87' lang='lat' dir='ltr'><strong>eum</strong></span> <span class='ocrx_word' id='word_1_815' title='bbox 3371 4536 3625 4606; x_wconf 90' lang='lat' dir='ltr'><strong>adiuvant</strong></span> <span class='ocrx_word' id='word_1_816' title='bbox 3650 4535 3771 4592; x_wconf 80' lang='lat' dir='ltr'><strong>haec</strong></span> 
     </span>
    </p>
   </div>
   <div class='ocr_carea' id='block_1_106' title="bbox 2185 4631 3768 4703">
    <p class='ocr_par' dir='ltr' id='par_1_106' title="bbox 2185 4631 3768 4703">
     <span class='ocr_line' id='line_1_106' title="bbox 2185 4631 3768 4703; baseline -0.003 -14"><span class='ocrx_word' id='word_1_817' title='bbox 2185 4633 2486 4703; x_wconf 84' lang='lat' dir='ltr'><strong>evangelica</strong></span> <span class='ocrx_word' id='word_1_818' title='bbox 2512 4632 2832 4700; x_wconf 86' lang='lat' dir='ltr'><strong>testimonia,</strong></span> <span class='ocrx_word' id='word_1_819' title='bbox 2860 4631 2954 4688; x_wconf 90' lang='lat' dir='ltr'><strong>sed</strong></span> <span class='ocrx_word' id='word_1_820' title='bbox 2983 4631 3140 4688; x_wconf 88' lang='lat' dir='ltr'><strong>etiam</strong></span> <span class='ocrx_word' id='word_1_821' title='bbox 3172 4644 3344 4687; x_wconf 58' lang='lat' dir='ltr'><strong>causa:</strong></span> <span class='ocrx_word' id='word_1_822' title='bbox 3369 4638 3568 4686; x_wconf 57' lang='lat' dir='ltr'><strong>nostrae</strong></span> <span class='ocrx_word' id='word_1_823' title='bbox 3601 4631 3768 4699; x_wconf 87' lang='lat' dir='ltr'><strong>plurt-</strong></span> 
     </span>
    </p>
   </div>
   <div class='ocr_carea' id='block_1_107' title="bbox 2184 4725 2732 4795">
    <p class='ocr_par' dir='ltr' id='par_1_107' title="bbox 2184 4725 2732 4795">
     <span class='ocr_line' id='line_1_107' title="bbox 2184 4725 2732 4795; baseline -0.007 -13"><span class='ocrx_word' id='word_1_824' title='bbox 2184 4741 2330 4782; x_wconf 91' lang='lat' dir='ltr'><strong>mum</strong></span> <span class='ocrx_word' id='word_1_825' title='bbox 2359 4725 2732 4795; x_wconf 78' lang='lat' dir='ltr'><strong>sull‘ragantur.</strong></span> 
     </span>
    </p>
   </div>
   <div class='ocr_carea' id='block_1_108' title="bbox 2186 4815 3770 4890">
    <p class='ocr_par' dir='ltr' id='par_1_108' title="bbox 2186 4815 3770 4890">
     <span class='ocr_line' id='line_1_108' title="bbox 2186 4815 3770 4890; baseline 0.001 -18"><span class='ocrx_word' id='word_1_826' title='bbox 2186 4885 2190 4890; x_wconf 18' lang='grc' dir='ltr'>ν</span> <span class='ocrx_word' id='word_1_827' title='bbox 2255 4819 2343 4872; x_wconf 81' lang='lat' dir='ltr'><strong>ll.</strong></span> <span class='ocrx_word' id='word_1_828' title='bbox 2374 4817 2448 4872; x_wconf 92' lang='lat' dir='ltr'><strong>De</strong></span> <span class='ocrx_word' id='word_1_829' title='bbox 2467 4816 2730 4886; x_wconf 89' lang='lat' dir='ltr'><strong>baptismo</strong></span> <span class='ocrx_word' id='word_1_830' title='bbox 2747 4815 2968 4872; x_wconf 84' lang='lat' dir='ltr'><strong>Joannis</strong></span> <span class='ocrx_word' id='word_1_831' title='bbox 2987 4815 3262 4888; x_wconf 88' lang='lat' dir='ltr'><strong>agebatur,</strong></span> <span class='ocrx_word' id='word_1_832' title='bbox 3291 4829 3322 4870; x_wconf 89' lang='lat' dir='ltr'><strong>a</strong></span> <span class='ocrx_word' id='word_1_833' title='bbox 3345 4829 3451 4886; x_wconf 89' lang='lat' dir='ltr'><strong>quo</strong></span> <span class='ocrx_word' id='word_1_834' title='bbox 3471 4815 3770 4886; x_wconf 84' lang='lat' dir='ltr'><strong>baptizatos</strong></span> 
     </span>
    </p>
   </div>
   <div class='ocr_carea' id='block_1_109' title="bbox 2185 4906 3770 4981">
    <p class='ocr_par' dir='ltr' id='par_1_109' title="bbox 2185 4906 3770 4981">
     <span class='ocr_line' id='line_1_109' title="bbox 2185 4906 3770 4981; baseline -0.002 -16"><span class='ocrx_word' id='word_1_835' title='bbox 2185 4909 2439 4981; x_wconf 89' lang='lat' dir='ltr'><strong>quosdam</strong></span> <span class='ocrx_word' id='word_1_836' title='bbox 2471 4908 2515 4963; x_wconf 92' lang='lat' dir='ltr'><strong>si</strong></span> <span class='ocrx_word' id='word_1_837' title='bbox 2552 4908 2834 4977; x_wconf 87' lang='lat' dir='ltr'><strong>baptizavit</strong></span> <span class='ocrx_word' id='word_1_838' title='bbox 2857 4907 3166 4978; x_wconf 82' lang='lat' dir='ltr'><strong>Apostolus,</strong></span> <span class='ocrx_word' id='word_1_839' title='bbox 3196 4921 3304 4962; x_wconf 93' lang='lat' dir='ltr'><strong>non</strong></span> <span class='ocrx_word' id='word_1_840' title='bbox 3331 4907 3513 4977; x_wconf 89' lang='lat' dir='ltr'><strong>utique</strong></span> <span class='ocrx_word' id='word_1_841' title='bbox 3539 4906 3770 4962; x_wconf 88' lang='lat' dir='ltr'><strong>Joannis</strong></span> 
     </span>
    </p>
   </div>
   <div class='ocr_carea' id='block_1_110' title="bbox 2185 4997 3773 5070">
    <p class='ocr_par' dir='ltr' id='par_1_110' title="bbox 2185 4997 3773 5070">
     <span class='ocr_line' id='line_1_110' title="bbox 2185 4997 3773 5070; baseline -0.002 -14"><span class='ocrx_word' id='word_1_842' title='bbox 2185 5001 2500 5070; x_wconf 91' lang='lat' dir='ltr'><strong>baptismum</strong></span> <span class='ocrx_word' id='word_1_843' title='bbox 2549 5000 2865 5055; x_wconf 89' lang='lat' dir='ltr'><strong>habentibus</strong></span> <span class='ocrx_word' id='word_1_844' title='bbox 2926 4998 3117 5054; x_wconf 88' lang='lat' dir='ltr'><strong>iterum</strong></span> <span class='ocrx_word' id='word_1_845' title='bbox 3165 4997 3385 5052; x_wconf 91' lang='lat' dir='ltr'><strong>Joannis</strong></span> <span class='ocrx_word' id='word_1_846' title='bbox 3437 4997 3773 5066; x_wconf 88' lang='lat' dir='ltr'><strong>baptismum</strong></span> 
     </span>
    </p>
   </div>
   <div class='ocr_carea' id='block_1_111' title="bbox 2187 5087 3773 5159">
    <p class='ocr_par' dir='ltr' id='par_1_111' title="bbox 2187 5087 3773 5159">
     <span class='ocr_line' id='line_1_111' title="bbox 2187 5087 3773 5159; baseline -0.003 -12"><span class='ocrx_word' id='word_1_847' title='bbox 2187 5091 2350 5159; x_wconf 89' lang='lat' dir='ltr'><strong>dedit,</strong></span> <span class='ocrx_word' id='word_1_848' title='bbox 2382 5091 2474 5145; x_wconf 90' lang='lat' dir='ltr'><strong>sed</strong></span> <span class='ocrx_word' id='word_1_849' title='bbox 2501 5089 2697 5144; x_wconf 90' lang='lat' dir='ltr'><strong>Christi</strong></span> <span class='ocrx_word' id='word_1_850' title='bbox 2724 5089 3052 5158; x_wconf 84' lang='lat' dir='ltr'><strong>Baptismum</strong></span> <span class='ocrx_word' id='word_1_851' title='bbox 3081 5103 3186 5143; x_wconf 92' lang='lat' dir='ltr'><strong>non</strong></span> <span class='ocrx_word' id='word_1_852' title='bbox 3216 5087 3474 5142; x_wconf 90' lang='lat' dir='ltr'><strong>habentes</strong></span> <span class='ocrx_word' id='word_1_853' title='bbox 3503 5087 3773 5156; x_wconf 87' lang='lat' dir='ltr'><strong>baptizari</strong></span> 
     </span>
    </p>
   </div>
   <div class='ocr_carea' id='block_1_112' title="bbox 2181 5176 3775 5252">
    <p class='ocr_par' dir='ltr' id='par_1_112' title="bbox 2181 5176 3775 5252">
     <span class='ocr_line' id='line_1_112' title="bbox 2181 5176 3775 5252; baseline -0.002 -15"><span class='ocrx_word' id='word_1_854' title='bbox 2181 5181 2339 5252; x_wconf 88' lang='lat' dir='ltr'><strong>iussit</strong></span> <span class='ocrx_word' id='word_1_855' title='bbox 2362 5183 2413 5237; x_wconf 94' lang='lat' dir='ltr'><strong>in</strong></span> <span class='ocrx_word' id='word_1_856' title='bbox 2439 5181 2651 5236; x_wconf 89' lang='lat' dir='ltr'><strong>Christo</strong></span> <span class='ocrx_word' id='word_1_857' title='bbox 2679 5197 2695 5235; x_wconf 91' lang='lat'><strong>:</strong></span> <span class='ocrx_word' id='word_1_858' title='bbox 2723 5194 2784 5234; x_wconf 90' lang='lat' dir='ltr'><strong>ac</strong></span> <span class='ocrx_word' id='word_1_859' title='bbox 2812 5194 2905 5249; x_wconf 90' lang='lat' dir='ltr'><strong>per</strong></span> <span class='ocrx_word' id='word_1_860' title='bbox 2948 5179 3049 5234; x_wconf 91' lang='lat' dir='ltr'><strong>hoc</strong></span> <span class='ocrx_word' id='word_1_861' title='bbox 3079 5187 3322 5234; x_wconf 87' lang='lat' dir='ltr'><strong>neutrum</strong></span> <span class='ocrx_word' id='word_1_862' title='bbox 3353 5178 3637 5240; x_wconf 80' lang='lat' dir='ltr'><strong>destruxit,</strong></span> <span class='ocrx_word' id='word_1_863' title='bbox 3674 5176 3775 5234; x_wconf 89' lang='lat' dir='ltr'><strong>sed</strong></span> 
     </span>
    </p>
   </div>
   <div class='ocr_carea' id='block_1_113' title="bbox 2186 5267 3772 5344">
    <p class='ocr_par' dir='ltr' id='par_1_113' title="bbox 2186 5267 3772 5344">
     <span class='ocr_line' id='line_1_113' title="bbox 2186 5267 3772 5344; baseline -0.006 -15"><span class='ocrx_word' id='word_1_864' title='bbox 2186 5283 2466 5344; x_wconf 87' lang='lat' dir='ltr'><strong>utrumque</strong></span> <span class='ocrx_word' id='word_1_865' title='bbox 2493 5271 2749 5328; x_wconf 90' lang='lat' dir='ltr'><strong>distinxit.</strong></span> <span class='ocrx_word' id='word_1_866' title='bbox 2781 5271 2892 5326; x_wconf 83' lang='lat' dir='ltr'><strong>Hoc</strong></span> <span class='ocrx_word' id='word_1_867' title='bbox 2920 5269 3078 5326; x_wconf 87' lang='lat' dir='ltr'><strong>etiam</strong></span> <span class='ocrx_word' id='word_1_868' title='bbox 3111 5270 3211 5325; x_wconf 91' lang='lat' dir='ltr'><strong>iste</strong></span> <span class='ocrx_word' id='word_1_869' title='bbox 3238 5277 3424 5324; x_wconf 91' lang='lat' dir='ltr'><strong>contra</strong></span> <span class='ocrx_word' id='word_1_870' title='bbox 3461 5283 3621 5338; x_wconf 85' lang='lat' dir='ltr'><strong>quem</strong></span> <span class='ocrx_word' id='word_1_871' title='bbox 3651 5267 3772 5322; x_wconf 86' lang='lat' dir='ltr'><strong>dis-</strong></span> 
     </span>
    </p>
   </div>
   <div class='ocr_carea' id='block_1_114' title="bbox 2186 5347 3778 5432">
    <p class='ocr_par' dir='ltr' id='par_1_114' title="bbox 2186 5347 3778 5432">
     <span class='ocr_line' id='line_1_114' title="bbox 2186 5347 3778 5432; baseline -0.007 -11"><span class='ocrx_word' id='word_1_872' title='bbox 2186 5365 2432 5430; x_wconf 87' lang='lat' dir='ltr'><strong>serimus,</strong></span> <span class='ocrx_word' id='word_1_873' title='bbox 2455 5362 2605 5432; x_wconf 90' lang='lat' dir='ltr'><strong>vidit,</strong></span> <span class='ocrx_word' id='word_1_874' title='bbox 2631 5363 2721 5430; x_wconf 91' lang='lat' dir='ltr'><strong>qui</strong></span> <span class='ocrx_word' id='word_1_875' title='bbox 2749 5347 3000 5418; x_wconf 20' lang='lat' dir='ltr'><strong>cum&#39;sibi</strong></span> <span class='ocrx_word' id='word_1_876' title='bbox 3028 5361 3169 5416; x_wconf 92' lang='lat' dir='ltr'><strong>velut</strong></span> <span class='ocrx_word' id='word_1_877' title='bbox 3197 5375 3262 5416; x_wconf 81' lang='lat' dir='ltr'><strong>ex</strong></span> <span class='ocrx_word' id='word_1_878' title='bbox 3286 5360 3579 5414; x_wconf 89' lang='lat' dir='ltr'><strong>adversarii</strong></span> <span class='ocrx_word' id='word_1_879' title='bbox 3606 5358 3778 5427; x_wconf 85' lang='lat' dir='ltr'><strong>parti-</strong></span> 
     </span>
    </p>
   </div>
   <div class='ocr_carea' id='block_1_115' title="bbox 2187 5450 3774 5524">
    <p class='ocr_par' dir='ltr' id='par_1_115' title="bbox 2187 5450 3774 5524">
     <span class='ocr_line' id='line_1_115' title="bbox 2187 5450 3774 5524; baseline -0.004 -14"><span class='ocrx_word' id='word_1_880' title='bbox 2187 5455 2284 5511; x_wconf 91' lang='lat' dir='ltr'><strong>bus</strong></span> <span class='ocrx_word' id='word_1_881' title='bbox 2332 5451 2798 5524; x_wconf 79' lang='lat' dir='ltr'><strong>ohiecissetzquia</strong></span> <span class='ocrx_word' id='word_1_882' title='bbox 2838 5460 2884 5506; x_wconf 90' lang='lat' dir='ltr'><strong>et</strong></span> <span class='ocrx_word' id='word_1_883' title='bbox 2928 5450 2984 5505; x_wconf 91' lang='lat' dir='ltr'><strong>hi</strong></span> <span class='ocrx_word' id='word_1_884' title='bbox 3031 5465 3167 5522; x_wconf 90' lang='lat' dir='ltr'><strong>quos</strong></span> <span class='ocrx_word' id='word_1_885' title='bbox 3215 5451 3482 5504; x_wconf 87' lang='lat' dir='ltr'><strong>traditores</strong></span> <span class='ocrx_word' id='word_1_886' title='bbox 3528 5457 3774 5515; x_wconf 89' lang='lat' dir='ltr'><strong>vocant,</strong></span> 
     </span>
    </p>
   </div>
   <div class='ocr_carea' id='block_1_116' title="bbox 2186 5571 3778 5698">
    <p class='ocr_par' dir='ltr' id='par_1_116' title="bbox 2186 5571 3778 5698">
     <span class='ocr_line' id='line_1_116' title="bbox 2186 5571 3778 5698; baseline -0.005 -16"><span class='ocrx_word' id='word_1_887' title='bbox 2186 5571 2200 5618; x_wconf 60' lang='grc' dir='ltr'><em>Ι</em></span> <span class='ocrx_word' id='word_1_888' title='bbox 2249 5637 2266 5668; x_wconf 78' lang='grc' dir='ltr'>ι</span> <span class='ocrx_word' id='word_1_889' title='bbox 2288 5641 2389 5698; x_wconf 72' lang='lat' dir='ltr'><strong>Am.</strong></span> <span class='ocrx_word' id='word_1_890' title='bbox 2437 5639 2487 5683; x_wconf 90' lang='lat' dir='ltr'><strong>et</strong></span> <span class='ocrx_word' id='word_1_891' title='bbox 2528 5639 2658 5693; x_wconf 66' lang='lat' dir='ltr'><strong>Mss,</strong></span> <span class='ocrx_word' id='word_1_892' title='bbox 2681 5629 2804 5690; x_wconf 83' lang='lat' dir='ltr'><strong>Quid</strong></span> <span class='ocrx_word' id='word_1_893' title='bbox 2835 5629 2946 5682; x_wconf 87' lang='lat' dir='ltr'><strong>hinc</strong></span> <span class='ocrx_word' id='word_1_894' title='bbox 2989 5629 3338 5693; x_wconf 84' lang='lat' dir='ltr'><strong>respondeant;</strong></span> <span class='ocrx_word' id='word_1_895' title='bbox 3361 5629 3459 5689; x_wconf 87' lang='lat' dir='ltr'><strong>vel,</strong></span> <span class='ocrx_word' id='word_1_896' title='bbox 3487 5627 3610 5690; x_wconf 82' lang='lat' dir='ltr'><strong>Quid</strong></span> <span class='ocrx_word' id='word_1_897' title='bbox 3649 5625 3778 5698; x_wconf 61' lang='lat' dir='ltr'><strong>hinc</strong></span> 
     </span>
    </p>
   </div>
   <div class='ocr_carea' id='block_1_117' title="bbox 2185 5696 3259 5830">
    <p class='ocr_par' dir='ltr' id='par_1_117' title="bbox 2185 5696 3259 5830">
     <span class='ocr_line' id='line_1_117' title="bbox 2185 5696 2484 5759; baseline -0.007 -12"><span class='ocrx_word' id='word_1_898' title='bbox 2185 5696 2484 5759; x_wconf 80' lang='lat' dir='ltr'><strong>respondent.</strong></span> 
     </span>
     <span class='ocr_line' id='line_1_118' title="bbox 2249 5753 3259 5830; baseline 0 0"><span class='ocrx_word' id='word_1_899' title='bbox 2249 5758 2428 5830; x_wconf 66' lang='grc' dir='ltr'><strong>ξιῖλιῖιῑν</strong></span> <span class='ocrx_word' id='word_1_900' title='bbox 2451 5755 2680 5830; x_wconf 58' lang='lat' dir='ltr'><strong>cretum-</strong></span> <span class='ocrx_word' id='word_1_901' title='bbox 2707 5753 3259 5830; x_wconf 52' lang='grc' dir='ltr'><strong>υθιίιμεμεερρτςιξειηις</strong></span> 
     </span>
    </p>
   </div>
   <div class='ocr_carea' id='block_1_118' title="bbox 2252 5814 3302 5888">
    <p class='ocr_par' dir='ltr' id='par_1_118' title="bbox 2252 5814 3302 5888">
     <span class='ocr_line' id='line_1_119' title="bbox 2252 5814 3302 5888; baseline 0.002 -18"><span class='ocrx_word' id='word_1_902' title='bbox 2252 5821 2273 5858; x_wconf 75' lang='grc'>³</span> <span class='ocrx_word' id='word_1_903' title='bbox 2295 5814 2489 5880; x_wconf 80' lang='lat' dir='ltr'><strong>Quidam</strong></span> <span class='ocrx_word' id='word_1_904' title='bbox 2509 5825 2635 5880; x_wconf 69' lang='lat' dir='ltr'><strong>uss,</strong></span> <span class='ocrx_word' id='word_1_905' title='bbox 2661 5830 2748 5874; x_wconf 84' lang='lat' dir='ltr'><strong>nec</strong></span> <span class='ocrx_word' id='word_1_906' title='bbox 2770 5816 2920 5888; x_wconf 78' lang='lat' dir='ltr'><strong>solum</strong></span> <span class='ocrx_word' id='word_1_907' title='bbox 2936 5827 3027 5868; x_wconf 89' lang='lat' dir='ltr'><strong>non</strong></span> <span class='ocrx_word' id='word_1_908' title='bbox 3044 5814 3174 5868; x_wconf 85' lang='lat' dir='ltr'><strong>solvit</strong></span> <span class='ocrx_word' id='word_1_909' title='bbox 3197 5814 3302 5872; x_wconf 77' lang='lat' dir='ltr'><strong>hoc.</strong></span> 
     </span>
    </p>
   </div>
  </div>
