  <div class='ocr_page' id='page_1' title='image "/cluster/home/n/w/nwhite01/storage/ocr_20150623/43/hvd.32044012717385/306.png"; bbox 0 0 4010 6472; ppageno 0'>
   <div class='ocr_carea' id='block_1_1' title="bbox 232 352 1804 424">
    <p class='ocr_par' dir='ltr' id='par_1_1' title="bbox 232 352 1804 424">
     <span class='ocr_line' id='line_1_1' title="bbox 232 352 1804 424; baseline -0.008 -1"><span class='ocrx_word' id='word_1_1' title='bbox 232 364 326 424; x_wconf 70' lang='grc' dir='ltr'><strong>σοι</strong></span> <span class='ocrx_word' id='word_1_2' title='bbox 1628 352 1804 411; x_wconf 72' lang='grc' dir='ltr'><strong>ιιιιιςι</strong></span> 
     </span>
    </p>
   </div>
   <div class='ocr_carea' id='block_1_2' title="bbox 1915 352 2073 424">
    <p class='ocr_par' dir='ltr' id='par_1_2' title="bbox 1917 356 2073 416">
     <span class='ocr_line' id='line_1_2' title="bbox 1917 356 2073 416; baseline 0 -2"><span class='ocrx_word' id='word_1_3' title='bbox 1917 356 2073 416; x_wconf 86' lang='lat' dir='ltr'><strong>NUS.</strong></span> 
     </span>
    </p>
   </div>
   <div class='ocr_carea' id='block_1_3' title="bbox 229 469 1800 549">
    <p class='ocr_par' dir='ltr' id='par_1_3' title="bbox 229 469 1800 549">
     <span class='ocr_line' id='line_1_3' title="bbox 229 469 1800 549; baseline -0.008 -14"><span class='ocrx_word' id='word_1_4' title='bbox 229 478 489 549; x_wconf 84' lang='lat' dir='ltr'><strong>Baptismo</strong></span> <span class='ocrx_word' id='word_1_5' title='bbox 532 474 738 543; x_wconf 75' lang='lat' dir='ltr'><strong>Christi,</strong></span> <span class='ocrx_word' id='word_1_6' title='bbox 770 490 871 530; x_wconf 89' lang='lat' dir='ltr'><strong>non</strong></span> <span class='ocrx_word' id='word_1_7' title='bbox 897 472 1130 539; x_wconf 75' lang='lat' dir='ltr'><strong>Joannis,</strong></span> <span class='ocrx_word' id='word_1_8' title='bbox 1164 471 1421 543; x_wconf 82' lang='lat' dir='ltr'><strong>baptizant</strong></span> <span class='ocrx_word' id='word_1_9' title='bbox 1467 478 1512 525; x_wconf 89' lang='lat' dir='ltr'><strong>et</strong></span> <span class='ocrx_word' id='word_1_10' title='bbox 1543 469 1800 539; x_wconf 76' lang='lat' dir='ltr'><strong>baptizan-</strong></span> 
     </span>
    </p>
   </div>
   <div class='ocr_carea' id='block_1_4' title="bbox 229 559 1809 637">
    <p class='ocr_par' dir='ltr' id='par_1_4' title="bbox 229 559 1809 637">
     <span class='ocr_line' id='line_1_4' title="bbox 229 559 1809 637; baseline -0.006 -14"><span class='ocrx_word' id='word_1_11' title='bbox 229 581 309 624; x_wconf 87' lang='lat' dir='ltr'><strong>tur</strong></span> <span class='ocrx_word' id='word_1_12' title='bbox 329 587 348 635; x_wconf 88' lang='lat'><strong>;</strong></span> <span class='ocrx_word' id='word_1_13' title='bbox 372 579 420 623; x_wconf 89' lang='lat' dir='ltr'><strong>et</strong></span> <span class='ocrx_word' id='word_1_14' title='bbox 444 568 557 623; x_wconf 85' lang='lat' dir='ltr'><strong>ideo</strong></span> <span class='ocrx_word' id='word_1_15' title='bbox 580 576 688 637; x_wconf 88' lang='lat' dir='ltr'><strong>post</strong></span> <span class='ocrx_word' id='word_1_16' title='bbox 708 581 791 620; x_wconf 87' lang='lat' dir='ltr'><strong>eos</strong></span> <span class='ocrx_word' id='word_1_17' title='bbox 812 563 1123 635; x_wconf 86' lang='lat' dir='ltr'><strong>Baptismum</strong></span> <span class='ocrx_word' id='word_1_18' title='bbox 1145 581 1235 618; x_wconf 84' lang='lat' dir='ltr'><strong>nec</strong></span> <span class='ocrx_word' id='word_1_19' title='bbox 1257 562 1495 625; x_wconf 78' lang='lat' dir='ltr'><strong>rescindi,</strong></span> <span class='ocrx_word' id='word_1_20' title='bbox 1523 577 1613 614; x_wconf 89' lang='lat' dir='ltr'><strong>nec</strong></span> <span class='ocrx_word' id='word_1_21' title='bbox 1634 559 1809 613; x_wconf 89' lang='lat' dir='ltr'><strong>iterari</strong></span> 
     </span>
    </p>
   </div>
   <div class='ocr_carea' id='block_1_5' title="bbox 227 653 1801 731">
    <p class='ocr_par' dir='ltr' id='par_1_5' title="bbox 227 653 1801 731">
     <span class='ocr_line' id='line_1_5' title="bbox 227 653 1801 731; baseline -0.007 -14"><span class='ocrx_word' id='word_1_22' title='bbox 227 671 455 731; x_wconf 77' lang='lat' dir='ltr'><strong>oportere</strong></span> <span class='ocrx_word' id='word_1_23' title='bbox 483 676 502 715; x_wconf 91' lang='lat'><strong><em>:</em></strong></span> <span class='ocrx_word' id='word_1_24' title='bbox 534 661 655 715; x_wconf 86' lang='lat' dir='ltr'><strong>huic</strong></span> <span class='ocrx_word' id='word_1_25' title='bbox 678 659 958 729; x_wconf 72' lang='lat' dir='ltr'><strong>qumstioni</strong></span> <span class='ocrx_word' id='word_1_26' title='bbox 983 658 1110 712; x_wconf 92' lang='lat' dir='ltr'><strong>dicit</strong></span> <span class='ocrx_word' id='word_1_27' title='bbox 1146 655 1487 725; x_wconf 85' lang='lat' dir='ltr'><strong>respondisse</strong></span> <span class='ocrx_word' id='word_1_28' title='bbox 1510 653 1801 721; x_wconf 79' lang='lat' dir='ltr'><strong>Christum,</strong></span> 
     </span>
    </p>
   </div>
   <div class='ocr_carea' id='block_1_6' title="bbox 224 745 1807 819">
    <p class='ocr_par' dir='ltr' id='par_1_6' title="bbox 224 745 1807 819">
     <span class='ocr_line' id='line_1_6' title="bbox 224 745 1807 819; baseline -0.004 -12"><span class='ocrx_word' id='word_1_29' title='bbox 224 769 341 808; x_wconf 83' lang='lat' dir='ltr'><strong>cum</strong></span> <span class='ocrx_word' id='word_1_30' title='bbox 374 754 469 818; x_wconf 85' lang='lat' dir='ltr'><strong>ait,</strong></span> <span class='ocrx_word' id='word_1_31' title='bbox 502 751 604 817; x_wconf 84' lang='lat' dir='ltr'><strong>Qui</strong></span> <span class='ocrx_word' id='word_1_32' title='bbox 626 767 818 804; x_wconf 87' lang='lat' dir='ltr'><strong>mecum</strong></span> <span class='ocrx_word' id='word_1_33' title='bbox 843 767 941 804; x_wconf 88' lang='lat' dir='ltr'><strong>non</strong></span> <span class='ocrx_word' id='word_1_34' title='bbox 970 750 1176 819; x_wconf 76' lang='lat' dir='ltr'><strong>colligit,</strong></span> <span class='ocrx_word' id='word_1_35' title='bbox 1207 748 1401 817; x_wconf 88' lang='lat' dir='ltr'><strong>spargit</strong></span> <span class='ocrx_word' id='word_1_36' title='bbox 1432 765 1446 801; x_wconf 95' lang='lat'>:</span> <span class='ocrx_word' id='word_1_37' title='bbox 1472 745 1623 817; x_wconf 88' lang='lat' dir='ltr'><strong>quasi</strong></span> <span class='ocrx_word' id='word_1_38' title='bbox 1649 745 1807 800; x_wconf 82' lang='lat' dir='ltr'><strong>dixe-</strong></span> 
     </span>
    </p>
   </div>
   <div class='ocr_carea' id='block_1_7' title="bbox 221 838 1806 913">
    <p class='ocr_par' dir='ltr' id='par_1_7' title="bbox 221 838 1806 913">
     <span class='ocr_line' id='line_1_7' title="bbox 221 838 1806 913; baseline -0.003 -16"><span class='ocrx_word' id='word_1_39' title='bbox 221 846 289 897; x_wconf 87' lang='lat' dir='ltr'><strong>rit</strong></span> <span class='ocrx_word' id='word_1_40' title='bbox 315 845 579 910; x_wconf 81' lang='lat' dir='ltr'><strong>Christus,</strong></span> <span class='ocrx_word' id='word_1_41' title='bbox 608 842 666 898; x_wconf 89' lang='lat' dir='ltr'><strong>lu</strong></span> <span class='ocrx_word' id='word_1_42' title='bbox 692 844 769 899; x_wconf 91' lang='lat' dir='ltr'><strong>eis</strong></span> <span class='ocrx_word' id='word_1_43' title='bbox 799 843 888 913; x_wconf 87' lang='lat' dir='ltr'><strong>qui</strong></span> <span class='ocrx_word' id='word_1_44' title='bbox 932 856 1141 897; x_wconf 89' lang='lat' dir='ltr'><strong>mecum</strong></span> <span class='ocrx_word' id='word_1_45' title='bbox 1190 855 1294 895; x_wconf 91' lang='lat' dir='ltr'><strong>non</strong></span> <span class='ocrx_word' id='word_1_46' title='bbox 1324 839 1598 909; x_wconf 88' lang='lat' dir='ltr'><strong>colligunt,</strong></span> <span class='ocrx_word' id='word_1_47' title='bbox 1644 838 1806 893; x_wconf 90' lang='lat' dir='ltr'><strong>etiam</strong></span> 
     </span>
    </p>
   </div>
   <div class='ocr_carea' id='block_1_8' title="bbox 219 933 1802 1009">
    <p class='ocr_par' dir='ltr' id='par_1_8' title="bbox 219 933 1802 1009">
     <span class='ocr_line' id='line_1_8' title="bbox 219 933 1802 1009; baseline -0.005 -16"><span class='ocrx_word' id='word_1_48' title='bbox 219 939 360 1007; x_wconf 90' lang='lat' dir='ltr'><strong>quod</strong></span> <span class='ocrx_word' id='word_1_49' title='bbox 392 954 575 994; x_wconf 88' lang='lat' dir='ltr'><strong>verum</strong></span> <span class='ocrx_word' id='word_1_50' title='bbox 603 947 656 994; x_wconf 88' lang='lat' dir='ltr'><strong>et</strong></span> <span class='ocrx_word' id='word_1_51' title='bbox 680 938 820 1009; x_wconf 91' lang='lat' dir='ltr'><strong>quod</strong></span> <span class='ocrx_word' id='word_1_52' title='bbox 847 952 1023 993; x_wconf 90' lang='lat' dir='ltr'><strong>meum</strong></span> <span class='ocrx_word' id='word_1_53' title='bbox 1052 937 1322 991; x_wconf 89' lang='lat' dir='ltr'><strong>inventum</strong></span> <span class='ocrx_word' id='word_1_54' title='bbox 1350 933 1528 999; x_wconf 90' lang='lat' dir='ltr'><strong>fuerit,</strong></span> <span class='ocrx_word' id='word_1_55' title='bbox 1558 942 1802 1004; x_wconf 88' lang='lat' dir='ltr'><strong>negetur,</strong></span> 
     </span>
    </p>
   </div>
   <div class='ocr_carea' id='block_1_9' title="bbox 216 1025 1805 1096">
    <p class='ocr_par' dir='ltr' id='par_1_9' title="bbox 216 1025 1805 1096">
     <span class='ocr_line' id='line_1_9' title="bbox 216 1025 1805 1096; baseline -0.003 -13"><span class='ocrx_word' id='word_1_56' title='bbox 216 1029 554 1095; x_wconf 76' lang='lat' dir='ltr'><strong>exsuﬂletur,</strong></span> <span class='ocrx_word' id='word_1_57' title='bbox 586 1029 909 1085; x_wconf 85' lang='lat' dir='ltr'><strong>destruatur.</strong></span> <span class='ocrx_word' id='word_1_58' title='bbox 941 1029 1027 1082; x_wconf 82' lang='lat' dir='ltr'><strong>Ait</strong></span> <span class='ocrx_word' id='word_1_59' title='bbox 1069 1027 1228 1083; x_wconf 90' lang='lat' dir='ltr'><strong>etiam</strong></span> <span class='ocrx_word' id='word_1_60' title='bbox 1271 1026 1586 1096; x_wconf 83' lang='lat' dir='ltr'><strong>quibusdam</strong></span> <span class='ocrx_word' id='word_1_61' title='bbox 1617 1025 1805 1079; x_wconf 89' lang='lat' dir='ltr'><strong>dicen-</strong></span> 
     </span>
    </p>
   </div>
   <div class='ocr_carea' id='block_1_10' title="bbox 216 1120 1802 1190">
    <p class='ocr_par' dir='ltr' id='par_1_10' title="bbox 216 1120 1802 1190">
     <span class='ocr_line' id='line_1_10' title="bbox 216 1120 1802 1190; baseline -0.001 -17"><span class='ocrx_word' id='word_1_62' title='bbox 216 1120 379 1187; x_wconf 84' lang='lat' dir='ltr'><strong>tibus,</strong></span> <span class='ocrx_word' id='word_1_63' title='bbox 414 1121 648 1186; x_wconf 85' lang='lat' dir='ltr'><strong>Domine,</strong></span> <span class='ocrx_word' id='word_1_64' title='bbox 680 1121 915 1186; x_wconf 85' lang='lat' dir='ltr'><strong>Domine,</strong></span> <span class='ocrx_word' id='word_1_65' title='bbox 948 1123 1001 1175; x_wconf 90' lang='lat' dir='ltr'><strong>in</strong></span> <span class='ocrx_word' id='word_1_66' title='bbox 1034 1121 1235 1175; x_wconf 81' lang='lat' dir='ltr'><strong>nomine</strong></span> <span class='ocrx_word' id='word_1_67' title='bbox 1262 1128 1346 1174; x_wconf 89' lang='lat' dir='ltr'><strong>tuo</strong></span> <span class='ocrx_word' id='word_1_68' title='bbox 1373 1120 1802 1190; x_wconf 79' lang='lat' dir='ltr'><strong>prophetavitnus,</strong></span> 
     </span>
    </p>
   </div>
   <div class='ocr_carea' id='block_1_11' title="bbox 215 1211 1806 1282">
    <p class='ocr_par' dir='ltr' id='par_1_11' title="bbox 215 1211 1806 1282">
     <span class='ocr_line' id='line_1_11' title="bbox 215 1211 1806 1282; baseline 0.001 -21"><span class='ocrx_word' id='word_1_69' title='bbox 215 1212 339 1263; x_wconf 88' lang='lat' dir='ltr'><strong>etin</strong></span> <span class='ocrx_word' id='word_1_70' title='bbox 369 1212 571 1265; x_wconf 85' lang='lat' dir='ltr'><strong>nomine</strong></span> <span class='ocrx_word' id='word_1_71' title='bbox 596 1220 679 1264; x_wconf 90' lang='lat' dir='ltr'><strong>tuo</strong></span> <span class='ocrx_word' id='word_1_72' title='bbox 720 1211 968 1265; x_wconf 64' lang='lat' dir='ltr'><strong>da’ntonia</strong></span> <span class='ocrx_word' id='word_1_73' title='bbox 1006 1212 1259 1282; x_wconf 85' lang='lat' dir='ltr'><strong>ejecimus,</strong></span> <span class='ocrx_word' id='word_1_74' title='bbox 1292 1220 1337 1265; x_wconf 90' lang='lat' dir='ltr'><strong>et</strong></span> <span class='ocrx_word' id='word_1_75' title='bbox 1380 1211 1435 1263; x_wconf 90' lang='lat' dir='ltr'><strong>in</strong></span> <span class='ocrx_word' id='word_1_76' title='bbox 1478 1211 1677 1263; x_wconf 87' lang='lat' dir='ltr'><strong>nomine</strong></span> <span class='ocrx_word' id='word_1_77' title='bbox 1721 1218 1806 1263; x_wconf 88' lang='lat' dir='ltr'><strong>tuo</strong></span> 
     </span>
    </p>
   </div>
   <div class='ocr_carea' id='block_1_12' title="bbox 214 1300 1806 1373">
    <p class='ocr_par' dir='ltr' id='par_1_12' title="bbox 214 1300 1806 1373">
     <span class='ocr_line' id='line_1_12' title="bbox 214 1300 1806 1373; baseline 0 -21"><span class='ocrx_word' id='word_1_78' title='bbox 214 1300 423 1354; x_wconf 78' lang='lat' dir='ltr'><strong>virtutes</strong></span> <span class='ocrx_word' id='word_1_79' title='bbox 449 1303 631 1355; x_wconf 86' lang='lat' dir='ltr'><strong>multas</strong></span> <span class='ocrx_word' id='word_1_80' title='bbox 662 1303 911 1373; x_wconf 87' lang='lat' dir='ltr'><strong>fecimus;</strong></span> <span class='ocrx_word' id='word_1_81' title='bbox 951 1316 1073 1357; x_wconf 90' lang='lat' dir='ltr'><strong>eum</strong></span> <span class='ocrx_word' id='word_1_82' title='bbox 1111 1314 1511 1372; x_wconf 88' lang='lat' dir='ltr'><strong>responsurum,</strong></span> <span class='ocrx_word' id='word_1_83' title='bbox 1545 1300 1666 1355; x_wconf 87' lang='lat' dir='ltr'><strong>Non</strong></span> <span class='ocrx_word' id='word_1_84' title='bbox 1692 1300 1806 1354; x_wconf 88' lang='lat' dir='ltr'><strong>novi</strong></span> 
     </span>
    </p>
   </div>
   <div class='ocr_carea' id='block_1_13' title="bbox 214 1392 1806 1463">
    <p class='ocr_par' dir='ltr' id='par_1_13' title="bbox 214 1392 1806 1463">
     <span class='ocr_line' id='line_1_13' title="bbox 214 1392 1806 1463; baseline 0.002 -20"><span class='ocrx_word' id='word_1_85' title='bbox 214 1405 298 1444; x_wconf 70' lang='lat' dir='ltr'><strong>ros</strong></span> <span class='ocrx_word' id='word_1_86' title='bbox 322 1408 342 1455; x_wconf 87' lang='lat'><strong>;</strong></span> <span class='ocrx_word' id='word_1_87' title='bbox 366 1392 584 1446; x_wconf 84' lang='lat' dir='ltr'><strong>recedite</strong></span> <span class='ocrx_word' id='word_1_88' title='bbox 607 1408 639 1444; x_wconf 88' lang='lat' dir='ltr'><strong>a</strong></span> <span class='ocrx_word' id='word_1_89' title='bbox 666 1409 765 1458; x_wconf 88' lang='lat' dir='ltr'><strong>me,</strong></span> <span class='ocrx_word' id='word_1_90' title='bbox 809 1394 895 1463; x_wconf 87' lang='lat' dir='ltr'><strong>qui</strong></span> <span class='ocrx_word' id='word_1_91' title='bbox 940 1394 1219 1462; x_wconf 86' lang='lat' dir='ltr'><strong>operamini</strong></span> <span class='ocrx_word' id='word_1_92' title='bbox 1258 1394 1590 1463; x_wconf 85' lang='lat' dir='ltr'><strong>iniquitatem.</strong></span> <span class='ocrx_word' id='word_1_93' title='bbox 1640 1393 1806 1447; x_wconf 86' lang='lat' dir='ltr'><strong>Num-</strong></span> 
     </span>
    </p>
   </div>
   <div class='ocr_carea' id='block_1_14' title="bbox 213 1483 1803 1556">
    <p class='ocr_par' dir='ltr' id='par_1_14' title="bbox 213 1483 1803 1556">
     <span class='ocr_line' id='line_1_14' title="bbox 213 1483 1803 1556; baseline 0.002 -20"><span class='ocrx_word' id='word_1_94' title='bbox 213 1483 341 1552; x_wconf 89' lang='lat' dir='ltr'><strong>quid</strong></span> <span class='ocrx_word' id='word_1_95' title='bbox 382 1484 542 1538; x_wconf 90' lang='lat' dir='ltr'><strong>etiam</strong></span> <span class='ocrx_word' id='word_1_96' title='bbox 587 1484 675 1539; x_wconf 90' lang='lat' dir='ltr'><strong>hic</strong></span> <span class='ocrx_word' id='word_1_97' title='bbox 717 1485 871 1551; x_wconf 83' lang='lat' dir='ltr'><strong>dixit,</strong></span> <span class='ocrx_word' id='word_1_98' title='bbox 923 1485 1147 1555; x_wconf 86' lang='lat' dir='ltr'><strong>Propter</strong></span> <span class='ocrx_word' id='word_1_99' title='bbox 1192 1485 1524 1556; x_wconf 84' lang='lat' dir='ltr'><strong>iniquitatem</strong></span> <span class='ocrx_word' id='word_1_100' title='bbox 1569 1494 1803 1540; x_wconf 89' lang='lat' dir='ltr'><strong>vestram</strong></span> 
     </span>
    </p>
   </div>
   <div class='ocr_carea' id='block_1_15' title="bbox 212 1575 1805 1646">
    <p class='ocr_par' dir='ltr' id='par_1_15' title="bbox 212 1575 1805 1646">
     <span class='ocr_line' id='line_1_15' title="bbox 212 1575 1805 1646; baseline 0.003 -19"><span class='ocrx_word' id='word_1_101' title='bbox 212 1575 423 1643; x_wconf 84' lang='lat' dir='ltr'><strong>negabo</strong></span> <span class='ocrx_word' id='word_1_102' title='bbox 465 1577 621 1630; x_wconf 91' lang='lat' dir='ltr'><strong>etiam</strong></span> <span class='ocrx_word' id='word_1_103' title='bbox 669 1577 946 1631; x_wconf 81' lang='lat' dir='ltr'><strong>veritatem</strong></span> <span class='ocrx_word' id='word_1_104' title='bbox 998 1592 1171 1631; x_wconf 89' lang='lat' dir='ltr'><strong>meam</strong></span> <span class='ocrx_word' id='word_1_105' title='bbox 1219 1578 1269 1631; x_wconf 92' lang='lat' dir='ltr'><strong>in</strong></span> <span class='ocrx_word' id='word_1_106' title='bbox 1299 1587 1476 1632; x_wconf 86' lang='lat' dir='ltr'><strong>vestra</strong></span> <span class='ocrx_word' id='word_1_107' title='bbox 1526 1576 1805 1646; x_wconf 86' lang='lat' dir='ltr'><strong>iniquitate</strong></span> 
     </span>
    </p>
   </div>
   <div class='ocr_carea' id='block_1_16' title="bbox 212 1665 1805 1737">
    <p class='ocr_par' dir='ltr' id='par_1_16' title="bbox 212 1665 1805 1737">
     <span class='ocr_line' id='line_1_16' title="bbox 212 1665 1805 1737; baseline 0.002 -18"><span class='ocrx_word' id='word_1_108' title='bbox 212 1665 525 1721; x_wconf 90' lang='lat' dir='ltr'><strong>detentam?</strong></span> <span class='ocrx_word' id='word_1_109' title='bbox 553 1666 736 1737; x_wconf 89' lang='lat' dir='ltr'><strong>Neque</strong></span> <span class='ocrx_word' id='word_1_110' title='bbox 779 1668 921 1722; x_wconf 90' lang='lat' dir='ltr'><strong>enim</strong></span> <span class='ocrx_word' id='word_1_111' title='bbox 964 1667 1019 1721; x_wconf 91' lang='lat' dir='ltr'><strong>in</strong></span> <span class='ocrx_word' id='word_1_112' title='bbox 1047 1683 1267 1737; x_wconf 84' lang='lat' dir='ltr'><strong>regnum</strong></span> <span class='ocrx_word' id='word_1_113' title='bbox 1299 1683 1453 1723; x_wconf 92' lang='lat' dir='ltr'><strong>suum</strong></span> <span class='ocrx_word' id='word_1_114' title='bbox 1494 1676 1805 1736; x_wconf 87' lang='lat' dir='ltr'><strong>recepturus</strong></span> 
     </span>
    </p>
   </div>
   <div class='ocr_carea' id='block_1_17' title="bbox 211 1757 1801 1829">
    <p class='ocr_par' dir='ltr' id='par_1_17' title="bbox 211 1757 1801 1829">
     <span class='ocr_line' id='line_1_17' title="bbox 211 1757 1801 1829; baseline 0.001 -18"><span class='ocrx_word' id='word_1_115' title='bbox 211 1764 294 1811; x_wconf 88' lang='lat' dir='ltr'><strong>est</strong></span> <span class='ocrx_word' id='word_1_116' title='bbox 320 1770 532 1821; x_wconf 90' lang='lat' dir='ltr'><strong>omnes,</strong></span> <span class='ocrx_word' id='word_1_117' title='bbox 578 1757 632 1811; x_wconf 91' lang='lat' dir='ltr'><strong>in</strong></span> <span class='ocrx_word' id='word_1_118' title='bbox 660 1758 852 1827; x_wconf 88' lang='lat' dir='ltr'><strong>quibus</strong></span> <span class='ocrx_word' id='word_1_119' title='bbox 897 1759 1163 1814; x_wconf 81' lang='lat' dir='ltr'><strong>invenerit</strong></span> <span class='ocrx_word' id='word_1_120' title='bbox 1207 1759 1436 1829; x_wconf 85' lang='lat' dir='ltr'><strong>aliquam</strong></span> <span class='ocrx_word' id='word_1_121' title='bbox 1478 1761 1801 1825; x_wconf 85' lang='lat' dir='ltr'><strong>veritatem;</strong></span> 
     </span>
    </p>
   </div>
   <div class='ocr_carea' id='block_1_18' title="bbox 212 1845 1799 1921">
    <p class='ocr_par' dir='ltr' id='par_1_18' title="bbox 212 1845 1799 1921">
     <span class='ocr_line' id='line_1_18' title="bbox 212 1845 1799 1921; baseline 0.003 -22"><span class='ocrx_word' id='word_1_122' title='bbox 212 1845 305 1900; x_wconf 86' lang='lat' dir='ltr'><strong>sed</strong></span> <span class='ocrx_word' id='word_1_123' title='bbox 329 1847 383 1900; x_wconf 92' lang='lat' dir='ltr'><strong>in</strong></span> <span class='ocrx_word' id='word_1_124' title='bbox 406 1847 600 1915; x_wconf 88' lang='lat' dir='ltr'><strong>quibus</strong></span> <span class='ocrx_word' id='word_1_125' title='bbox 625 1849 889 1904; x_wconf 83' lang='lat' dir='ltr'><strong>invenerit</strong></span> <span class='ocrx_word' id='word_1_126' title='bbox 915 1851 1123 1904; x_wconf 85' lang='lat' dir='ltr'><strong>veritati</strong></span> <span class='ocrx_word' id='word_1_127' title='bbox 1151 1865 1440 1921; x_wconf 87' lang='lat' dir='ltr'><strong>congruam</strong></span> <span class='ocrx_word' id='word_1_128' title='bbox 1464 1851 1799 1906; x_wconf 85' lang='lat' dir='ltr'><strong>charitatem:</strong></span> 
     </span>
    </p>
   </div>
   <div class='ocr_carea' id='block_1_19' title="bbox 212 1937 1803 2010">
    <p class='ocr_par' dir='ltr' id='par_1_19' title="bbox 212 1937 1803 2010">
     <span class='ocr_line' id='line_1_19' title="bbox 212 1937 1803 2010; baseline 0.004 -20"><span class='ocrx_word' id='word_1_129' title='bbox 212 1952 328 2005; x_wconf 75' lang='lat' dir='ltr'><strong>qute</strong></span> <span class='ocrx_word' id='word_1_130' title='bbox 360 1937 405 1991; x_wconf 87' lang='lat' dir='ltr'><strong>si</strong></span> <span class='ocrx_word' id='word_1_131' title='bbox 438 1937 683 2005; x_wconf 85' lang='lat' dir='ltr'><strong>defuerit,</strong></span> <span class='ocrx_word' id='word_1_132' title='bbox 715 1939 963 2008; x_wconf 87' lang='lat' dir='ltr'><strong>iniquitas</strong></span> <span class='ocrx_word' id='word_1_133' title='bbox 1006 1941 1125 1995; x_wconf 90' lang='lat' dir='ltr'><strong>erit.</strong></span> <span class='ocrx_word' id='word_1_134' title='bbox 1156 1942 1210 1995; x_wconf 94' lang='lat' dir='ltr'><strong>In</strong></span> <span class='ocrx_word' id='word_1_135' title='bbox 1237 1957 1338 2010; x_wconf 89' lang='lat' dir='ltr'><strong>qua</strong></span> <span class='ocrx_word' id='word_1_136' title='bbox 1371 1953 1547 1997; x_wconf 90' lang='lat' dir='ltr'><strong>tamen</strong></span> <span class='ocrx_word' id='word_1_137' title='bbox 1588 1943 1803 1997; x_wconf 90' lang='lat' dir='ltr'><strong>detenta</strong></span> 
     </span>
    </p>
   </div>
   <div class='ocr_carea' id='block_1_20' title="bbox 210 2028 1804 2103">
    <p class='ocr_par' dir='ltr' id='par_1_20' title="bbox 210 2028 1804 2103">
     <span class='ocr_line' id='line_1_20' title="bbox 210 2028 1804 2103; baseline 0.007 -25"><span class='ocrx_word' id='word_1_138' title='bbox 210 2028 409 2082; x_wconf 86' lang='lat' dir='ltr'><strong>veritas</strong></span> <span class='ocrx_word' id='word_1_139' title='bbox 438 2028 679 2098; x_wconf 85' lang='lat' dir='ltr'><strong>neganda</strong></span> <span class='ocrx_word' id='word_1_140' title='bbox 711 2045 817 2083; x_wconf 91' lang='lat' dir='ltr'><strong>non</strong></span> <span class='ocrx_word' id='word_1_141' title='bbox 843 2040 946 2097; x_wconf 90' lang='lat' dir='ltr'><strong>est,</strong></span> <span class='ocrx_word' id='word_1_142' title='bbox 979 2031 1073 2086; x_wconf 90' lang='lat' dir='ltr'><strong>sed</strong></span> <span class='ocrx_word' id='word_1_143' title='bbox 1104 2032 1215 2101; x_wconf 87' lang='lat' dir='ltr'><strong>ipsa</strong></span> <span class='ocrx_word' id='word_1_144' title='bbox 1259 2033 1511 2103; x_wconf 85' lang='lat' dir='ltr'><strong>iniquitas</strong></span> <span class='ocrx_word' id='word_1_145' title='bbox 1558 2049 1663 2088; x_wconf 90' lang='lat' dir='ltr'><strong>non</strong></span> <span class='ocrx_word' id='word_1_146' title='bbox 1710 2034 1804 2089; x_wconf 87' lang='lat' dir='ltr'><strong>de-</strong></span> 
     </span>
    </p>
   </div>
   <div class='ocr_carea' id='block_1_21' title="bbox 211 2104 1804 2194">
    <p class='ocr_par' dir='ltr' id='par_1_21' title="bbox 211 2104 1804 2194">
     <span class='ocr_line' id='line_1_21' title="bbox 211 2104 1804 2194; baseline 0.006 -23"><span class='ocrx_word' id='word_1_147' title='bbox 211 2126 413 2173; x_wconf 89' lang='lat' dir='ltr'><strong>structa</strong></span> <span class='ocrx_word' id='word_1_148' title='bbox 460 2120 683 2175; x_wconf 83' lang='lat' dir='ltr'><strong>veritate</strong></span> <span class='ocrx_word' id='word_1_149' title='bbox 723 2121 1023 2176; x_wconf 87' lang='lat' dir='ltr'><strong>damnanda</strong></span> <span class='ocrx_word' id='word_1_150' title='bbox 1064 2131 1167 2178; x_wconf 91' lang='lat' dir='ltr'><strong>est.</strong></span> <span class='ocrx_word' id='word_1_151' title='bbox 1220 2122 1370 2179; x_wconf 88' lang='lat' dir='ltr'><strong>Unde</strong></span> <span class='ocrx_word' id='word_1_152' title='bbox 1420 2104 1473 2179; x_wconf 51' lang='lat' dir='ltr'><strong>c&#39;t</strong></span> <span class='ocrx_word' id='word_1_153' title='bbox 1518 2127 1804 2194; x_wconf 79' lang='lat' dir='ltr'><strong>Apostolus</strong></span> 
     </span>
    </p>
   </div>
   <div class='ocr_carea' id='block_1_22' title="bbox 211 2206 1805 2270">
    <p class='ocr_par' dir='ltr' id='par_1_22' title="bbox 211 2206 1805 2270">
     <span class='ocr_line' id='line_1_22' title="bbox 211 2206 1805 2270; baseline 0.006 -9"><span class='ocrx_word' id='word_1_154' title='bbox 211 2206 338 2262; x_wconf 87' lang='lat' dir='ltr'><strong>dicit</strong></span> <span class='ocrx_word' id='word_1_155' title='bbox 372 2225 387 2261; x_wconf 90' lang='lat'><strong>:</strong></span> <span class='ocrx_word' id='word_1_156' title='bbox 424 2206 493 2261; x_wconf 87' lang='lat' dir='ltr'><strong>Et</strong></span> <span class='ocrx_word' id='word_1_157' title='bbox 518 2210 561 2262; x_wconf 88' lang='lat' dir='ltr'><strong>si</strong></span> <span class='ocrx_word' id='word_1_158' title='bbox 589 2211 744 2264; x_wconf 81' lang='lat' dir='ltr'><strong>sciero</strong></span> <span class='ocrx_word' id='word_1_159' title='bbox 772 2213 943 2265; x_wconf 86' lang='lat' dir='ltr'><strong>omnia</strong></span> <span class='ocrx_word' id='word_1_160' title='bbox 968 2212 1302 2267; x_wconf 84' lang='lat' dir='ltr'><strong>Sacramenta</strong></span> <span class='ocrx_word' id='word_1_161' title='bbox 1328 2223 1373 2267; x_wconf 90' lang='lat' dir='ltr'><strong>et</strong></span> <span class='ocrx_word' id='word_1_162' title='bbox 1399 2231 1595 2268; x_wconf 88' lang='lat' dir='ltr'><strong>omnem</strong></span> <span class='ocrx_word' id='word_1_163' title='bbox 1641 2218 1805 2270; x_wconf 80' lang='lat' dir='ltr'><strong>scien-</strong></span> 
     </span>
    </p>
   </div>
   <div class='ocr_carea' id='block_1_23' title="bbox 212 2302 1797 2377">
    <p class='ocr_par' dir='ltr' id='par_1_23' title="bbox 212 2302 1797 2377">
     <span class='ocr_line' id='line_1_23' title="bbox 212 2302 1797 2377; baseline 0.005 -24"><span class='ocrx_word' id='word_1_164' title='bbox 212 2303 355 2369; x_wconf 87' lang='lat' dir='ltr'><strong>tiam,</strong></span> <span class='ocrx_word' id='word_1_165' title='bbox 380 2309 426 2355; x_wconf 87' lang='lat' dir='ltr'><strong>et</strong></span> <span class='ocrx_word' id='word_1_166' title='bbox 455 2303 500 2356; x_wconf 87' lang='lat' dir='ltr'><strong>si</strong></span> <span class='ocrx_word' id='word_1_167' title='bbox 528 2302 747 2358; x_wconf 79' lang='lat' dir='ltr'><strong>habuero</strong></span> <span class='ocrx_word' id='word_1_168' title='bbox 777 2322 972 2359; x_wconf 91' lang='lat' dir='ltr'><strong>omnem</strong></span> <span class='ocrx_word' id='word_1_169' title='bbox 995 2307 1311 2376; x_wconf 86' lang='lat' dir='ltr'><strong>praphetiam</strong></span> <span class='ocrx_word' id='word_1_170' title='bbox 1334 2317 1381 2362; x_wconf 87' lang='lat' dir='ltr'><strong>et</strong></span> <span class='ocrx_word' id='word_1_171' title='bbox 1402 2325 1599 2361; x_wconf 88' lang='lat' dir='ltr'><strong>onmem</strong></span> <span class='ocrx_word' id='word_1_172' title='bbox 1627 2310 1797 2377; x_wconf 82' lang='lat' dir='ltr'><strong>ﬁdem,</strong></span> 
     </span>
    </p>
   </div>
   <div class='ocr_carea' id='block_1_24' title="bbox 211 2400 1801 2472">
    <p class='ocr_par' dir='ltr' id='par_1_24' title="bbox 211 2400 1801 2472">
     <span class='ocr_line' id='line_1_24' title="bbox 211 2400 1801 2472; baseline 0.004 -21"><span class='ocrx_word' id='word_1_173' title='bbox 211 2400 281 2451; x_wconf 91' lang='lat' dir='ltr'><strong>ita</strong></span> <span class='ocrx_word' id='word_1_174' title='bbox 307 2409 360 2453; x_wconf 88' lang='lat' dir='ltr'><strong>ut</strong></span> <span class='ocrx_word' id='word_1_175' title='bbox 388 2410 579 2455; x_wconf 84' lang='lat' dir='ltr'><strong>montes</strong></span> <span class='ocrx_word' id='word_1_176' title='bbox 607 2403 924 2472; x_wconf 82' lang='lat' dir='ltr'><strong>transferam,</strong></span> <span class='ocrx_word' id='word_1_177' title='bbox 950 2404 1241 2457; x_wconf 89' lang='lat' dir='ltr'><strong>charitatem</strong></span> <span class='ocrx_word' id='word_1_178' title='bbox 1260 2415 1427 2459; x_wconf 85' lang='lat' dir='ltr'><strong>autem</strong></span> <span class='ocrx_word' id='word_1_179' title='bbox 1449 2422 1547 2459; x_wconf 90' lang='lat' dir='ltr'><strong>non</strong></span> <span class='ocrx_word' id='word_1_180' title='bbox 1570 2406 1801 2470; x_wconf 84' lang='lat' dir='ltr'><strong>habeam,</strong></span> 
     </span>
    </p>
   </div>
   <div class='ocr_carea' id='block_1_25' title="bbox 213 2492 1803 2567">
    <p class='ocr_par' dir='ltr' id='par_1_25' title="bbox 213 2492 1803 2567">
     <span class='ocr_line' id='line_1_25' title="bbox 213 2492 1803 2567; baseline 0.006 -23"><span class='ocrx_word' id='word_1_181' title='bbox 213 2492 342 2546; x_wconf 84' lang='lat' dir='ltr'><strong>nihil</strong></span> <span class='ocrx_word' id='word_1_182' title='bbox 366 2510 479 2547; x_wconf 84' lang='lat' dir='ltr'><strong>sum</strong></span> <span class='ocrx_word' id='word_1_183' title='bbox 508 2495 548 2565; x_wconf 93' lang='lat' dir='ltr'><strong>(I</strong></span> <span class='ocrx_word' id='word_1_184' title='bbox 577 2494 695 2549; x_wconf 84' lang='lat' dir='ltr'><strong>Cor.</strong></span> <span class='ocrx_word' id='word_1_185' title='bbox 723 2512 838 2562; x_wconf 81' lang='lat' dir='ltr'><strong>xm,</strong></span> <span class='ocrx_word' id='word_1_186' title='bbox 864 2496 944 2567; x_wconf 69' lang='lat'><strong>2).</strong></span> <span class='ocrx_word' id='word_1_187' title='bbox 987 2496 1061 2551; x_wconf 88' lang='lat' dir='ltr'><strong>Se</strong></span> <span class='ocrx_word' id='word_1_188' title='bbox 1086 2497 1218 2551; x_wconf 85' lang='lat' dir='ltr'><strong>dixit</strong></span> <span class='ocrx_word' id='word_1_189' title='bbox 1246 2497 1377 2552; x_wconf 84' lang='lat' dir='ltr'><strong>nihil</strong></span> <span class='ocrx_word' id='word_1_190' title='bbox 1424 2513 1559 2563; x_wconf 88' lang='lat' dir='ltr'><strong>esse,</strong></span> <span class='ocrx_word' id='word_1_191' title='bbox 1596 2500 1639 2553; x_wconf 86' lang='lat' dir='ltr'><strong>si</strong></span> <span class='ocrx_word' id='word_1_192' title='bbox 1671 2500 1803 2553; x_wconf 88' lang='lat' dir='ltr'><strong>cha-</strong></span> 
     </span>
    </p>
   </div>
   <div class='ocr_carea' id='block_1_26' title="bbox 214 2584 1806 2653">
    <p class='ocr_par' dir='ltr' id='par_1_26' title="bbox 214 2584 1806 2653">
     <span class='ocr_line' id='line_1_26' title="bbox 214 2584 1806 2653; baseline 0.005 -16"><span class='ocrx_word' id='word_1_193' title='bbox 214 2584 426 2639; x_wconf 89' lang='lat' dir='ltr'><strong>ritatem</strong></span> <span class='ocrx_word' id='word_1_194' title='bbox 470 2600 576 2639; x_wconf 92' lang='lat' dir='ltr'><strong>non</strong></span> <span class='ocrx_word' id='word_1_195' title='bbox 606 2587 815 2653; x_wconf 89' lang='lat' dir='ltr'><strong>habeat,</strong></span> <span class='ocrx_word' id='word_1_196' title='bbox 859 2602 962 2642; x_wconf 90' lang='lat' dir='ltr'><strong>non</strong></span> <span class='ocrx_word' id='word_1_197' title='bbox 994 2598 1326 2644; x_wconf 88' lang='lat' dir='ltr'><strong>sacramenta</strong></span> <span class='ocrx_word' id='word_1_198' title='bbox 1356 2598 1407 2644; x_wconf 91' lang='lat' dir='ltr'><strong>et</strong></span> <span class='ocrx_word' id='word_1_199' title='bbox 1434 2590 1708 2644; x_wconf 85' lang='lat' dir='ltr'><strong>scientiam</strong></span> <span class='ocrx_word' id='word_1_200' title='bbox 1751 2600 1806 2645; x_wconf 88' lang='lat' dir='ltr'><strong>et</strong></span> 
     </span>
    </p>
   </div>
   <div class='ocr_carea' id='block_1_27' title="bbox 216 2678 1805 2752">
    <p class='ocr_par' dir='ltr' id='par_1_27' title="bbox 216 2678 1805 2752">
     <span class='ocr_line' id='line_1_27' title="bbox 216 2678 1805 2752; baseline 0.004 -22"><span class='ocrx_word' id='word_1_201' title='bbox 216 2678 552 2747; x_wconf 85' lang='lat' dir='ltr'><strong>prophetiam</strong></span> <span class='ocrx_word' id='word_1_202' title='bbox 582 2688 635 2734; x_wconf 84' lang='lat' dir='ltr'><strong>et</strong></span> <span class='ocrx_word' id='word_1_203' title='bbox 667 2680 840 2735; x_wconf 86' lang='lat' dir='ltr'><strong>Iidem.</strong></span> <span class='ocrx_word' id='word_1_204' title='bbox 873 2681 967 2735; x_wconf 90' lang='lat' dir='ltr'><strong>Illa</strong></span> <span class='ocrx_word' id='word_1_205' title='bbox 995 2682 1137 2735; x_wconf 90' lang='lat' dir='ltr'><strong>enim</strong></span> <span class='ocrx_word' id='word_1_206' title='bbox 1184 2697 1374 2752; x_wconf 86' lang='lat' dir='ltr'><strong>magna</strong></span> <span class='ocrx_word' id='word_1_207' title='bbox 1404 2692 1547 2747; x_wconf 90' lang='lat' dir='ltr'><strong>sunt,</strong></span> <span class='ocrx_word' id='word_1_208' title='bbox 1597 2682 1805 2737; x_wconf 89' lang='lat' dir='ltr'><strong>etiamsi</strong></span> 
     </span>
    </p>
   </div>
   <div class='ocr_carea' id='block_1_28' title="bbox 214 2770 1805 2842">
    <p class='ocr_par' dir='ltr' id='par_1_28' title="bbox 214 2770 1805 2842">
     <span class='ocr_line' id='line_1_28' title="bbox 214 2770 1805 2842; baseline 0.003 -19"><span class='ocrx_word' id='word_1_209' title='bbox 214 2770 305 2825; x_wconf 93' lang='lat' dir='ltr'><strong>ille</strong></span> <span class='ocrx_word' id='word_1_210' title='bbox 334 2771 464 2824; x_wconf 90' lang='lat' dir='ltr'><strong>nihil</strong></span> <span class='ocrx_word' id='word_1_211' title='bbox 493 2771 581 2838; x_wconf 89' lang='lat' dir='ltr'><strong>sit,</strong></span> <span class='ocrx_word' id='word_1_212' title='bbox 616 2773 704 2842; x_wconf 91' lang='lat' dir='ltr'><strong>qui</strong></span> <span class='ocrx_word' id='word_1_213' title='bbox 730 2788 790 2827; x_wconf 90' lang='lat' dir='ltr'><strong>ea</strong></span> <span class='ocrx_word' id='word_1_214' title='bbox 819 2774 934 2828; x_wconf 91' lang='lat' dir='ltr'><strong>sine</strong></span> <span class='ocrx_word' id='word_1_215' title='bbox 963 2773 1221 2829; x_wconf 87' lang='lat' dir='ltr'><strong>charitate</strong></span> <span class='ocrx_word' id='word_1_216' title='bbox 1245 2773 1509 2838; x_wconf 88' lang='lat' dir='ltr'><strong>habuerit,</strong></span> <span class='ocrx_word' id='word_1_217' title='bbox 1540 2783 1595 2829; x_wconf 90' lang='lat' dir='ltr'><strong>et</strong></span> <span class='ocrx_word' id='word_1_218' title='bbox 1620 2788 1805 2829; x_wconf 92' lang='lat' dir='ltr'><strong>eorum</strong></span> 
     </span>
    </p>
   </div>
   <div class='ocr_carea' id='block_1_29' title="bbox 214 2863 1807 2935">
    <p class='ocr_par' dir='ltr' id='par_1_29' title="bbox 214 2863 1807 2935">
     <span class='ocr_line' id='line_1_29' title="bbox 214 2863 1807 2935; baseline 0.003 -19"><span class='ocrx_word' id='word_1_219' title='bbox 214 2863 495 2918; x_wconf 79' lang='lat' dir='ltr'><strong>veritatem</strong></span> <span class='ocrx_word' id='word_1_220' title='bbox 522 2867 575 2918; x_wconf 89' lang='lat' dir='ltr'><strong>in</strong></span> <span class='ocrx_word' id='word_1_221' title='bbox 605 2879 698 2918; x_wconf 91' lang='lat' dir='ltr'><strong>sua</strong></span> <span class='ocrx_word' id='word_1_222' title='bbox 731 2866 1006 2935; x_wconf 86' lang='lat' dir='ltr'><strong>iniquitate</strong></span> <span class='ocrx_word' id='word_1_223' title='bbox 1035 2866 1338 2921; x_wconf 87' lang='lat' dir='ltr'><strong>detinuerit.</strong></span> <span class='ocrx_word' id='word_1_224' title='bbox 1363 2866 1474 2920; x_wconf 84' lang='lat' dir='ltr'><strong>Hoc</strong></span> <span class='ocrx_word' id='word_1_225' title='bbox 1500 2875 1554 2920; x_wconf 90' lang='lat' dir='ltr'><strong>et</strong></span> <span class='ocrx_word' id='word_1_226' title='bbox 1574 2881 1671 2920; x_wconf 92' lang='lat' dir='ltr'><strong>nos</strong></span> <span class='ocrx_word' id='word_1_227' title='bbox 1694 2867 1807 2921; x_wconf 88' lang='lat' dir='ltr'><strong>istis</strong></span> 
     </span>
    </p>
   </div>
   <div class='ocr_carea' id='block_1_30' title="bbox 217 2954 1805 3027">
    <p class='ocr_par' dir='ltr' id='par_1_30' title="bbox 217 2954 1805 3027">
     <span class='ocr_line' id='line_1_30' title="bbox 217 2954 1805 3027; baseline 0.003 -20"><span class='ocrx_word' id='word_1_228' title='bbox 217 2954 487 3011; x_wconf 62' lang='lat' dir='ltr'><strong>haereticis</strong></span> <span class='ocrx_word' id='word_1_229' title='bbox 510 2956 736 3012; x_wconf 89' lang='lat' dir='ltr'><strong>dicimus</strong></span> <span class='ocrx_word' id='word_1_230' title='bbox 770 2976 783 3011; x_wconf 87' lang='lat'><strong>:</strong></span> <span class='ocrx_word' id='word_1_231' title='bbox 814 2957 928 3011; x_wconf 88' lang='grc' dir='ltr'><strong>Νοιι</strong></span> <span class='ocrx_word' id='word_1_232' title='bbox 960 2957 1282 3013; x_wconf 87' lang='lat' dir='ltr'><strong>destruimus</strong></span> <span class='ocrx_word' id='word_1_233' title='bbox 1310 2958 1591 3013; x_wconf 89' lang='lat' dir='ltr'><strong>veritatem</strong></span> <span class='ocrx_word' id='word_1_234' title='bbox 1621 2957 1805 3027; x_wconf 85' lang='lat' dir='ltr'><strong>Bapti-</strong></span> 
     </span>
    </p>
   </div>
   <div class='ocr_carea' id='block_1_31' title="bbox 216 3049 1806 3120">
    <p class='ocr_par' dir='ltr' id='par_1_31' title="bbox 216 3049 1806 3120">
     <span class='ocr_line' id='line_1_31' title="bbox 216 3049 1806 3120; baseline 0.004 -20"><span class='ocrx_word' id='word_1_235' title='bbox 216 3049 421 3114; x_wconf 88' lang='lat' dir='ltr'><strong>smatis,</strong></span> <span class='ocrx_word' id='word_1_236' title='bbox 456 3064 614 3118; x_wconf 88' lang='lat' dir='ltr'><strong>quam</strong></span> <span class='ocrx_word' id='word_1_237' title='bbox 648 3050 698 3104; x_wconf 91' lang='lat' dir='ltr'><strong>in</strong></span> <span class='ocrx_word' id='word_1_238' title='bbox 727 3058 903 3105; x_wconf 87' lang='lat' dir='ltr'><strong>vestra</strong></span> <span class='ocrx_word' id='word_1_239' title='bbox 934 3051 1209 3120; x_wconf 89' lang='lat' dir='ltr'><strong>iniquitate</strong></span> <span class='ocrx_word' id='word_1_240' title='bbox 1238 3050 1526 3116; x_wconf 88' lang='lat' dir='ltr'><strong>detinetis;</strong></span> <span class='ocrx_word' id='word_1_241' title='bbox 1560 3051 1653 3106; x_wconf 91' lang='lat' dir='ltr'><strong>sed</strong></span> <span class='ocrx_word' id='word_1_242' title='bbox 1684 3066 1806 3106; x_wconf 89' lang='lat' dir='ltr'><strong>cum</strong></span> 
     </span>
    </p>
   </div>
   <div class='ocr_carea' id='block_1_32' title="bbox 216 3138 1807 3210">
    <p class='ocr_par' dir='ltr' id='par_1_32' title="bbox 216 3138 1807 3210">
     <span class='ocr_line' id='line_1_32' title="bbox 216 3138 1807 3210; baseline 0.004 -21"><span class='ocrx_word' id='word_1_243' title='bbox 216 3152 309 3191; x_wconf 88' lang='lat' dir='ltr'><strong>vos</strong></span> <span class='ocrx_word' id='word_1_244' title='bbox 336 3138 674 3210; x_wconf 81' lang='lat' dir='ltr'><strong>corrigimus,</strong></span> <span class='ocrx_word' id='word_1_245' title='bbox 706 3139 852 3194; x_wconf 90' lang='lat' dir='ltr'><strong>illam</strong></span> <span class='ocrx_word' id='word_1_246' title='bbox 881 3140 1206 3195; x_wconf 89' lang='lat' dir='ltr'><strong>destruimus</strong></span> <span class='ocrx_word' id='word_1_247' title='bbox 1248 3149 1303 3196; x_wconf 90' lang='lat' dir='ltr'><strong>et</strong></span> <span class='ocrx_word' id='word_1_248' title='bbox 1327 3140 1635 3207; x_wconf 87' lang='lat' dir='ltr'><strong>evertimus,</strong></span> <span class='ocrx_word' id='word_1_249' title='bbox 1667 3139 1807 3196; x_wconf 88' lang='lat' dir='ltr'><strong>hanc</strong></span> 
     </span>
    </p>
   </div>
   <div class='ocr_carea' id='block_1_33' title="bbox 214 3230 1806 3302">
    <p class='ocr_par' dir='ltr' id='par_1_33' title="bbox 214 3230 1806 3302">
     <span class='ocr_line' id='line_1_33' title="bbox 214 3230 1806 3302; baseline 0.001 -17"><span class='ocrx_word' id='word_1_250' title='bbox 214 3236 394 3286; x_wconf 83' lang='lat' dir='ltr'><strong>autem</strong></span> <span class='ocrx_word' id='word_1_251' title='bbox 434 3230 771 3300; x_wconf 87' lang='lat' dir='ltr'><strong>agnoscimus</strong></span> <span class='ocrx_word' id='word_1_252' title='bbox 814 3239 868 3287; x_wconf 91' lang='lat' dir='ltr'><strong>et</strong></span> <span class='ocrx_word' id='word_1_253' title='bbox 916 3239 1179 3286; x_wconf 91' lang='lat' dir='ltr'><strong>tenemus.</strong></span> <span class='ocrx_word' id='word_1_254' title='bbox 1225 3231 1367 3285; x_wconf 90' lang='lat' dir='ltr'><strong>Nihil</strong></span> <span class='ocrx_word' id='word_1_255' title='bbox 1411 3232 1591 3302; x_wconf 87' lang='lat' dir='ltr'><strong>itaque</strong></span> <span class='ocrx_word' id='word_1_256' title='bbox 1645 3232 1806 3287; x_wconf 89' lang='lat' dir='ltr'><strong>istum</strong></span> 
     </span>
    </p>
   </div>
   <div class='ocr_carea' id='block_1_34' title="bbox 218 3320 1341 3391">
    <p class='ocr_par' dir='ltr' id='par_1_34' title="bbox 218 3320 1341 3391">
     <span class='ocr_line' id='line_1_34' title="bbox 218 3320 1341 3391; baseline 0 -16"><span class='ocrx_word' id='word_1_257' title='bbox 218 3320 477 3391; x_wconf 85' lang='lat' dir='ltr'><strong>adjuvant</strong></span> <span class='ocrx_word' id='word_1_258' title='bbox 504 3321 650 3390; x_wconf 90' lang='lat' dir='ltr'><strong>plura</strong></span> <span class='ocrx_word' id='word_1_259' title='bbox 681 3322 983 3391; x_wconf 87' lang='lat' dir='ltr'><strong>evangelica</strong></span> <span class='ocrx_word' id='word_1_260' title='bbox 1015 3322 1341 3378; x_wconf 87' lang='lat' dir='ltr'><strong>testimonia.</strong></span> 
     </span>
    </p>
   </div>
   <div class='ocr_carea' id='block_1_35' title="bbox 290 3410 1807 3483">
    <p class='ocr_par' dir='ltr' id='par_1_35' title="bbox 290 3410 1807 3483">
     <span class='ocr_line' id='line_1_35' title="bbox 290 3410 1807 3483; baseline 0.004 -20"><span class='ocrx_word' id='word_1_261' title='bbox 290 3410 380 3464; x_wconf 73' lang='grc'><strong>12.</strong></span> <span class='ocrx_word' id='word_1_262' title='bbox 414 3411 867 3478; x_wconf 80' lang='lat' dir='ltr'><strong>Quemadmodum</strong></span> <span class='ocrx_word' id='word_1_263' title='bbox 912 3422 1088 3466; x_wconf 89' lang='lat' dir='ltr'><strong>autem</strong></span> <span class='ocrx_word' id='word_1_264' title='bbox 1132 3412 1286 3467; x_wconf 90' lang='lat' dir='ltr'><strong>nobis</strong></span> <span class='ocrx_word' id='word_1_265' title='bbox 1315 3413 1474 3467; x_wconf 86' lang='lat' dir='ltr'><strong>etiam</strong></span> <span class='ocrx_word' id='word_1_266' title='bbox 1516 3413 1807 3483; x_wconf 89' lang='lat' dir='ltr'><strong>plurimum</strong></span> 
     </span>
    </p>
   </div>
   <div class='ocr_carea' id='block_1_36' title="bbox 217 3500 1802 3573">
    <p class='ocr_par' dir='ltr' id='par_1_36' title="bbox 217 3500 1802 3573">
     <span class='ocr_line' id='line_1_36' title="bbox 217 3500 1802 3573; baseline 0.002 -19"><span class='ocrx_word' id='word_1_267' title='bbox 217 3500 605 3570; x_wconf 84' lang='lat' dir='ltr'><strong>sull‘ragcutur,</strong></span> <span class='ocrx_word' id='word_1_268' title='bbox 635 3502 871 3557; x_wconf 86' lang='lat' dir='ltr'><strong>adverte.</strong></span> <span class='ocrx_word' id='word_1_269' title='bbox 905 3503 1043 3557; x_wconf 87' lang='lat' dir='ltr'><strong>Ecce</strong></span> <span class='ocrx_word' id='word_1_270' title='bbox 1072 3503 1184 3572; x_wconf 90' lang='lat' dir='ltr'><strong>ipsa</strong></span> <span class='ocrx_word' id='word_1_271' title='bbox 1222 3504 1381 3558; x_wconf 88' lang='lat' dir='ltr'><strong>verba</strong></span> <span class='ocrx_word' id='word_1_272' title='bbox 1425 3504 1540 3573; x_wconf 89' lang='lat' dir='ltr'><strong>ejus</strong></span> <span class='ocrx_word' id='word_1_273' title='bbox 1568 3505 1802 3560; x_wconf 90' lang='lat' dir='ltr'><strong>attende.</strong></span> 
     </span>
    </p>
   </div>
   <div class='ocr_carea' id='block_1_37' title="bbox 217 3590 1809 3666">
    <p class='ocr_par' dir='ltr' id='par_1_37' title="bbox 217 3590 1809 3666">
     <span class='ocr_line' id='line_1_37' title="bbox 217 3590 1809 3666; baseline 0.004 -22"><span class='ocrx_word' id='word_1_274' title='bbox 217 3590 549 3659; x_wconf 82' lang='lat' dir='ltr'><strong>Perdidisse,</strong></span> <span class='ocrx_word' id='word_1_275' title='bbox 596 3594 800 3663; x_wconf 89' lang='lat' dir='ltr'><strong>inquit,</strong></span> <span class='ocrx_word' id='word_1_276' title='bbox 833 3594 1019 3664; x_wconf 86' lang='lat' dir='ltr'><strong>falsum</strong></span> <span class='ocrx_word' id='word_1_277' title='bbox 1060 3611 1184 3665; x_wconf 81' lang='lat' dir='ltr'><strong>Opus</strong></span> <span class='ocrx_word' id='word_1_278' title='bbox 1214 3612 1316 3649; x_wconf 88' lang='lat' dir='ltr'><strong>non</strong></span> <span class='ocrx_word' id='word_1_279' title='bbox 1346 3596 1554 3649; x_wconf 83' lang='lat' dir='ltr'><strong>dubiant</strong></span> <span class='ocrx_word' id='word_1_280' title='bbox 1583 3606 1688 3663; x_wconf 88' lang='lat' dir='ltr'><strong>est,</strong></span> <span class='ocrx_word' id='word_1_281' title='bbox 1721 3597 1809 3666; x_wconf 89' lang='lat' dir='ltr'><strong>qui</strong></span> 
     </span>
    </p>
   </div>
   <div class='ocr_carea' id='block_1_38' title="bbox 216 3682 1808 3758">
    <p class='ocr_par' dir='ltr' id='par_1_38' title="bbox 216 3682 1808 3758">
     <span class='ocr_line' id='line_1_38' title="bbox 216 3682 1808 3758; baseline 0.004 -24"><span class='ocrx_word' id='word_1_282' title='bbox 216 3682 415 3737; x_wconf 86' lang='lat' dir='ltr'><strong>tametsi</strong></span> <span class='ocrx_word' id='word_1_283' title='bbox 456 3683 509 3736; x_wconf 89' lang='lat' dir='ltr'><strong>in</strong></span> <span class='ocrx_word' id='word_1_284' title='bbox 554 3685 754 3739; x_wconf 87' lang='lat' dir='ltr'><strong>nomine</strong></span> <span class='ocrx_word' id='word_1_285' title='bbox 790 3684 914 3738; x_wconf 80' lang='lat' dir='ltr'><strong>Jesu</strong></span> <span class='ocrx_word' id='word_1_286' title='bbox 955 3686 1170 3753; x_wconf 88' lang='lat' dir='ltr'><strong>Christi,</strong></span> <span class='ocrx_word' id='word_1_287' title='bbox 1210 3688 1439 3758; x_wconf 83' lang='lat' dir='ltr'><strong>sacrilegi</strong></span> <span class='ocrx_word' id='word_1_288' title='bbox 1486 3697 1649 3742; x_wconf 87' lang='lat' dir='ltr'><strong>tamen</strong></span> <span class='ocrx_word' id='word_1_289' title='bbox 1695 3688 1808 3742; x_wconf 86' lang='lat' dir='ltr'><strong>ausi</strong></span> 
     </span>
    </p>
   </div>
   <div class='ocr_carea' id='block_1_39' title="bbox 213 3775 1807 3850">
    <p class='ocr_par' dir='ltr' id='par_1_39' title="bbox 213 3775 1807 3850">
     <span class='ocr_line' id='line_1_39' title="bbox 213 3775 1807 3850; baseline 0.004 -23"><span class='ocrx_word' id='word_1_290' title='bbox 213 3783 331 3828; x_wconf 87' lang='lat' dir='ltr'><strong>sunt</strong></span> <span class='ocrx_word' id='word_1_291' title='bbox 362 3776 585 3846; x_wconf 88' lang='lat' dir='ltr'><strong>operari.</strong></span> <span class='ocrx_word' id='word_1_292' title='bbox 619 3775 730 3831; x_wconf 82' lang='lat' dir='ltr'><strong>Hoc</strong></span> <span class='ocrx_word' id='word_1_293' title='bbox 771 3778 991 3832; x_wconf 91' lang='lat' dir='ltr'><strong>omnino</strong></span> <span class='ocrx_word' id='word_1_294' title='bbox 1020 3794 1204 3833; x_wconf 86' lang='lat' dir='ltr'><strong>verum</strong></span> <span class='ocrx_word' id='word_1_295' title='bbox 1252 3787 1369 3847; x_wconf 92' lang='lat' dir='ltr'><strong>est,</strong></span> <span class='ocrx_word' id='word_1_296' title='bbox 1417 3781 1665 3849; x_wconf 91' lang='lat' dir='ltr'><strong>quoniam</strong></span> <span class='ocrx_word' id='word_1_297' title='bbox 1716 3779 1807 3850; x_wconf 91' lang='lat' dir='ltr'><strong>qui</strong></span> 
     </span>
    </p>
   </div>
   <div class='ocr_carea' id='block_1_40' title="bbox 215 3862 1804 3938">
    <p class='ocr_par' dir='ltr' id='par_1_40' title="bbox 215 3862 1804 3938">
     <span class='ocr_line' id='line_1_40' title="bbox 215 3862 1804 3938; baseline 0.003 -20"><span class='ocrx_word' id='word_1_298' title='bbox 215 3865 462 3936; x_wconf 81' lang='lat' dir='ltr'><strong>sacrilegi</strong></span> <span class='ocrx_word' id='word_1_299' title='bbox 496 3866 548 3919; x_wconf 88' lang='lat' dir='ltr'><strong>in</strong></span> <span class='ocrx_word' id='word_1_300' title='bbox 587 3868 800 3921; x_wconf 89' lang='lat' dir='ltr'><strong>nomine</strong></span> <span class='ocrx_word' id='word_1_301' title='bbox 838 3868 966 3922; x_wconf 85' lang='lat' dir='ltr'><strong>Jesu</strong></span> <span class='ocrx_word' id='word_1_302' title='bbox 1004 3868 1201 3923; x_wconf 88' lang='lat' dir='ltr'><strong>Christi</strong></span> <span class='ocrx_word' id='word_1_303' title='bbox 1242 3869 1355 3923; x_wconf 91' lang='lat' dir='ltr'><strong>ausi</strong></span> <span class='ocrx_word' id='word_1_304' title='bbox 1396 3879 1518 3923; x_wconf 88' lang='lat' dir='ltr'><strong>sunt</strong></span> <span class='ocrx_word' id='word_1_305' title='bbox 1557 3862 1804 3938; x_wconf 86' lang='lat' dir='ltr'><strong>operari,</strong></span> 
     </span>
    </p>
   </div>
   <div class='ocr_carea' id='block_1_41' title="bbox 214 3959 1806 4032">
    <p class='ocr_par' dir='ltr' id='par_1_41' title="bbox 214 3959 1806 4032">
     <span class='ocr_line' id='line_1_41' title="bbox 214 3959 1806 4032; baseline 0.004 -21"><span class='ocrx_word' id='word_1_306' title='bbox 214 3959 405 4014; x_wconf 90' lang='lat' dir='ltr'><strong>falsum</strong></span> <span class='ocrx_word' id='word_1_307' title='bbox 434 3974 568 4029; x_wconf 90' lang='lat' dir='ltr'><strong>opus</strong></span> <span class='ocrx_word' id='word_1_308' title='bbox 598 3963 867 4030; x_wconf 89' lang='lat' dir='ltr'><strong>proprium</strong></span> <span class='ocrx_word' id='word_1_309' title='bbox 893 3961 1257 4032; x_wconf 87' lang='lat' dir='ltr'><strong>perdiderunt.</strong></span> <span class='ocrx_word' id='word_1_310' title='bbox 1287 3961 1552 4032; x_wconf 84' lang='lat' dir='ltr'><strong>Numquid</strong></span> <span class='ocrx_word' id='word_1_311' title='bbox 1577 3963 1695 4017; x_wconf 89' lang='lat' dir='ltr'><strong>ideo</strong></span> <span class='ocrx_word' id='word_1_312' title='bbox 1722 3972 1806 4017; x_wconf 88' lang='lat' dir='ltr'><strong>ta-</strong></span> 
     </span>
    </p>
   </div>
   <div class='ocr_carea' id='block_1_42' title="bbox 214 4052 1807 4125">
    <p class='ocr_par' dir='ltr' id='par_1_42' title="bbox 214 4052 1807 4125">
     <span class='ocr_line' id='line_1_42' title="bbox 214 4052 1807 4125; baseline 0.003 -19"><span class='ocrx_word' id='word_1_313' title='bbox 214 4066 338 4106; x_wconf 91' lang='lat' dir='ltr'><strong>men</strong></span> <span class='ocrx_word' id='word_1_314' title='bbox 366 4066 562 4106; x_wconf 89' lang='lat' dir='ltr'><strong>nomen</strong></span> <span class='ocrx_word' id='word_1_315' title='bbox 594 4052 763 4121; x_wconf 92' lang='lat' dir='ltr'><strong>ipsum</strong></span> <span class='ocrx_word' id='word_1_316' title='bbox 791 4054 916 4109; x_wconf 89' lang='lat' dir='ltr'><strong>Jesu</strong></span> <span class='ocrx_word' id='word_1_317' title='bbox 944 4052 1138 4109; x_wconf 89' lang='lat' dir='ltr'><strong>Christi</strong></span> <span class='ocrx_word' id='word_1_318' title='bbox 1162 4055 1475 4125; x_wconf 88' lang='lat' dir='ltr'><strong>sacrilegum</strong></span> <span class='ocrx_word' id='word_1_319' title='bbox 1504 4064 1618 4119; x_wconf 87' lang='lat' dir='ltr'><strong>est,</strong></span> <span class='ocrx_word' id='word_1_320' title='bbox 1646 4056 1807 4111; x_wconf 88' lang='lat' dir='ltr'><strong>etiam</strong></span> 
     </span>
    </p>
   </div>
   <div class='ocr_carea' id='block_1_43' title="bbox 213 4142 1809 4215">
    <p class='ocr_par' dir='ltr' id='par_1_43' title="bbox 213 4142 1809 4215">
     <span class='ocr_line' id='line_1_43' title="bbox 213 4142 1809 4215; baseline 0.004 -19"><span class='ocrx_word' id='word_1_321' title='bbox 213 4156 335 4197; x_wconf 89' lang='lat' dir='ltr'><strong>cum</strong></span> <span class='ocrx_word' id='word_1_322' title='bbox 370 4157 467 4211; x_wconf 90' lang='lat' dir='ltr'><strong>per</strong></span> <span class='ocrx_word' id='word_1_323' title='bbox 505 4142 655 4196; x_wconf 88' lang='lat' dir='ltr'><strong>illum</strong></span> <span class='ocrx_word' id='word_1_324' title='bbox 682 4145 925 4215; x_wconf 82' lang='lat' dir='ltr'><strong>sacrilegi</strong></span> <span class='ocrx_word' id='word_1_325' title='bbox 952 4145 1148 4215; x_wconf 89' lang='lat' dir='ltr'><strong>aliquid</strong></span> <span class='ocrx_word' id='word_1_326' title='bbox 1192 4146 1518 4214; x_wconf 87' lang='lat' dir='ltr'><strong>operantur?</strong></span> <span class='ocrx_word' id='word_1_327' title='bbox 1550 4146 1679 4213; x_wconf 86' lang='lat' dir='ltr'><strong>Quis</strong></span> <span class='ocrx_word' id='word_1_328' title='bbox 1708 4147 1809 4202; x_wconf 94' lang='lat' dir='ltr'><strong>hoc</strong></span> 
     </span>
    </p>
   </div>
   <div class='ocr_carea' id='block_1_44' title="bbox 214 4234 1809 4309">
    <p class='ocr_par' dir='ltr' id='par_1_44' title="bbox 214 4234 1809 4309">
     <span class='ocr_line' id='line_1_44' title="bbox 214 4234 1809 4309; baseline 0.003 -21"><span class='ocrx_word' id='word_1_329' title='bbox 214 4235 413 4290; x_wconf 86' lang='lat' dir='ltr'><strong>audeat</strong></span> <span class='ocrx_word' id='word_1_330' title='bbox 436 4234 523 4290; x_wconf 88' lang='lat' dir='ltr'><strong>vel</strong></span> <span class='ocrx_word' id='word_1_331' title='bbox 551 4235 981 4292; x_wconf 91' lang='lat' dir='ltr'><strong>dementissimus</strong></span> <span class='ocrx_word' id='word_1_332' title='bbox 1023 4237 1239 4293; x_wconf 87' lang='lat' dir='ltr'><strong>dicere?</strong></span> <span class='ocrx_word' id='word_1_333' title='bbox 1268 4240 1385 4309; x_wconf 91' lang='lat' dir='ltr'><strong>quis</strong></span> <span class='ocrx_word' id='word_1_334' title='bbox 1406 4238 1515 4308; x_wconf 91' lang='lat' dir='ltr'><strong>jam</strong></span> <span class='ocrx_word' id='word_1_335' title='bbox 1547 4240 1647 4292; x_wconf 91' lang='lat' dir='ltr'><strong>isto</strong></span> <span class='ocrx_word' id='word_1_336' title='bbox 1677 4248 1809 4292; x_wconf 90' lang='lat' dir='ltr'><strong>tem-</strong></span> 
     </span>
    </p>
   </div>
   <div class='ocr_carea' id='block_1_45' title="bbox 213 4327 1810 4400">
    <p class='ocr_par' dir='ltr' id='par_1_45' title="bbox 213 4327 1810 4400">
     <span class='ocr_line' id='line_1_45' title="bbox 213 4327 1810 4400; baseline 0.003 -19"><span class='ocrx_word' id='word_1_337' title='bbox 213 4341 346 4397; x_wconf 89' lang='lat' dir='ltr'><strong>pore</strong></span> <span class='ocrx_word' id='word_1_338' title='bbox 372 4327 459 4381; x_wconf 88' lang='lat' dir='ltr'><strong>vel</strong></span> <span class='ocrx_word' id='word_1_339' title='bbox 489 4342 723 4397; x_wconf 83' lang='lat' dir='ltr'><strong>paganus</strong></span> <span class='ocrx_word' id='word_1_340' title='bbox 761 4328 953 4384; x_wconf 88' lang='lat' dir='ltr'><strong>audeat</strong></span> <span class='ocrx_word' id='word_1_341' title='bbox 978 4328 1287 4385; x_wconf 82' lang='lat' dir='ltr'><strong>affirmare?</strong></span> <span class='ocrx_word' id='word_1_342' title='bbox 1311 4329 1464 4385; x_wconf 91' lang='lat' dir='ltr'><strong>Unde</strong></span> <span class='ocrx_word' id='word_1_343' title='bbox 1493 4339 1545 4385; x_wconf 90' lang='lat' dir='ltr'><strong>et</strong></span> <span class='ocrx_word' id='word_1_344' title='bbox 1577 4330 1689 4400; x_wconf 91' lang='lat' dir='ltr'><strong>ipse</strong></span> <span class='ocrx_word' id='word_1_345' title='bbox 1720 4328 1810 4385; x_wconf 89' lang='lat' dir='ltr'><strong>Je-</strong></span> 
     </span>
    </p>
   </div>
   <div class='ocr_carea' id='block_1_46' title="bbox 213 4418 1805 4490">
    <p class='ocr_par' dir='ltr' id='par_1_46' title="bbox 213 4418 1805 4490">
     <span class='ocr_line' id='line_1_46' title="bbox 213 4418 1805 4490; baseline 0.004 -19"><span class='ocrx_word' id='word_1_346' title='bbox 213 4432 306 4472; x_wconf 89' lang='lat' dir='ltr'><strong>sus</strong></span> <span class='ocrx_word' id='word_1_347' title='bbox 341 4418 592 4473; x_wconf 86' lang='lat' dir='ltr'><strong>Christus</strong></span> <span class='ocrx_word' id='word_1_348' title='bbox 628 4434 748 4474; x_wconf 89' lang='lat' dir='ltr'><strong>cum</strong></span> <span class='ocrx_word' id='word_1_349' title='bbox 776 4420 1052 4476; x_wconf 89' lang='lat' dir='ltr'><strong>verissime</strong></span> <span class='ocrx_word' id='word_1_350' title='bbox 1089 4421 1321 4490; x_wconf 79' lang='lat' dir='ltr'><strong>dixerit,</strong></span> <span class='ocrx_word' id='word_1_351' title='bbox 1354 4420 1452 4488; x_wconf 84' lang='lat' dir='ltr'><strong>Qui</strong></span> <span class='ocrx_word' id='word_1_352' title='bbox 1479 4438 1672 4476; x_wconf 80' lang='lat' dir='ltr'><strong>mecum</strong></span> <span class='ocrx_word' id='word_1_353' title='bbox 1704 4439 1805 4477; x_wconf 88' lang='lat' dir='ltr'><strong>non</strong></span> 
     </span>
    </p>
   </div>
   <div class='ocr_carea' id='block_1_47' title="bbox 212 4512 1804 4586">
    <p class='ocr_par' dir='ltr' id='par_1_47' title="bbox 212 4512 1804 4586">
     <span class='ocr_line' id='line_1_47' title="bbox 212 4512 1804 4586; baseline 0.004 -22"><span class='ocrx_word' id='word_1_354' title='bbox 212 4512 445 4583; x_wconf 84' lang='lat' dir='ltr'><strong>colligit,</strong></span> <span class='ocrx_word' id='word_1_355' title='bbox 485 4513 721 4584; x_wconf 87' lang='lat' dir='ltr'><strong>spargit:</strong></span> <span class='ocrx_word' id='word_1_356' title='bbox 750 4522 928 4569; x_wconf 89' lang='lat' dir='ltr'><strong>tamen</strong></span> <span class='ocrx_word' id='word_1_357' title='bbox 972 4530 1090 4569; x_wconf 90' lang='lat' dir='ltr'><strong>cum</strong></span> <span class='ocrx_word' id='word_1_358' title='bbox 1136 4516 1185 4570; x_wconf 90' lang='lat' dir='ltr'><strong>ei</strong></span> <span class='ocrx_word' id='word_1_359' title='bbox 1229 4515 1472 4586; x_wconf 88' lang='lat' dir='ltr'><strong>discipuli</strong></span> <span class='ocrx_word' id='word_1_360' title='bbox 1501 4514 1804 4585; x_wconf 80' lang='lat' dir='ltr'><strong>dixissent,</strong></span> 
     </span>
    </p>
   </div>
   <div class='ocr_carea' id='block_1_48' title="bbox 212 4604 1807 4678">
    <p class='ocr_par' dir='ltr' id='par_1_48' title="bbox 212 4604 1807 4678">
     <span class='ocr_line' id='line_1_48' title="bbox 212 4604 1807 4678; baseline 0.004 -21"><span class='ocrx_word' id='word_1_361' title='bbox 212 4604 502 4674; x_wconf 87' lang='lat' dir='ltr'><strong>quemdam</strong></span> <span class='ocrx_word' id='word_1_362' title='bbox 528 4620 588 4660; x_wconf 90' lang='lat' dir='ltr'><strong>se</strong></span> <span class='ocrx_word' id='word_1_363' title='bbox 626 4606 892 4662; x_wconf 89' lang='lat' dir='ltr'><strong>invenisse</strong></span> <span class='ocrx_word' id='word_1_364' title='bbox 911 4649 925 4673; x_wconf 94' lang='lat'><strong>,</strong></span> <span class='ocrx_word' id='word_1_365' title='bbox 968 4608 1056 4678; x_wconf 91' lang='lat' dir='ltr'><strong>qui</strong></span> <span class='ocrx_word' id='word_1_366' title='bbox 1086 4607 1139 4661; x_wconf 92' lang='lat' dir='ltr'><strong>in</strong></span> <span class='ocrx_word' id='word_1_367' title='bbox 1166 4608 1380 4663; x_wconf 89' lang='lat' dir='ltr'><strong>nomine</strong></span> <span class='ocrx_word' id='word_1_368' title='bbox 1407 4608 1522 4678; x_wconf 90' lang='lat' dir='ltr'><strong>ejus</strong></span> <span class='ocrx_word' id='word_1_369' title='bbox 1547 4606 1807 4663; x_wconf 71' lang='lat' dir='ltr'><strong>dmmonia</strong></span> 
     </span>
    </p>
   </div>
   <div class='ocr_carea' id='block_1_49' title="bbox 212 4695 1806 4767">
    <p class='ocr_par' dir='ltr' id='par_1_49' title="bbox 212 4695 1806 4767">
     <span class='ocr_line' id='line_1_49' title="bbox 212 4695 1806 4767; baseline 0.003 -18"><span class='ocrx_word' id='word_1_370' title='bbox 212 4695 436 4763; x_wconf 88' lang='lat' dir='ltr'><strong>ejiceret</strong></span> <span class='ocrx_word' id='word_1_371' title='bbox 456 4736 471 4762; x_wconf 92' lang='lat'><strong>,</strong></span> <span class='ocrx_word' id='word_1_372' title='bbox 498 4704 552 4750; x_wconf 90' lang='lat' dir='ltr'><strong>et</strong></span> <span class='ocrx_word' id='word_1_373' title='bbox 581 4696 912 4767; x_wconf 87' lang='lat' dir='ltr'><strong>prohibuisse</strong></span> <span class='ocrx_word' id='word_1_374' title='bbox 932 4739 945 4762; x_wconf 94' lang='lat'><strong>,</strong></span> <span class='ocrx_word' id='word_1_375' title='bbox 978 4699 1100 4767; x_wconf 90' lang='lat' dir='ltr'><strong>quia</strong></span> <span class='ocrx_word' id='word_1_376' title='bbox 1126 4713 1247 4753; x_wconf 92' lang='lat' dir='ltr'><strong>cum</strong></span> <span class='ocrx_word' id='word_1_377' title='bbox 1280 4699 1359 4755; x_wconf 91' lang='lat' dir='ltr'><strong>eis</strong></span> <span class='ocrx_word' id='word_1_378' title='bbox 1390 4699 1671 4754; x_wconf 90' lang='lat' dir='ltr'><strong>Dominum</strong></span> <span class='ocrx_word' id='word_1_379' title='bbox 1701 4714 1806 4755; x_wconf 93' lang='lat' dir='ltr'><strong>nou</strong></span> 
     </span>
    </p>
   </div>
   <div class='ocr_carea' id='block_1_50' title="bbox 214 4786 1804 4861">
    <p class='ocr_par' dir='ltr' id='par_1_50' title="bbox 214 4786 1804 4861">
     <span class='ocr_line' id='line_1_50' title="bbox 214 4786 1804 4861; baseline 0.003 -20"><span class='ocrx_word' id='word_1_380' title='bbox 214 4786 561 4858; x_wconf 85' lang='lat' dir='ltr'><strong>sequebatur;</strong></span> <span class='ocrx_word' id='word_1_381' title='bbox 585 4788 651 4843; x_wconf 90' lang='lat' dir='ltr'><strong>ad</strong></span> <span class='ocrx_word' id='word_1_382' title='bbox 676 4789 777 4844; x_wconf 92' lang='lat' dir='ltr'><strong>hoc</strong></span> <span class='ocrx_word' id='word_1_383' title='bbox 804 4790 1097 4859; x_wconf 87' lang='lat' dir='ltr'><strong>respondit,</strong></span> <span class='ocrx_word' id='word_1_384' title='bbox 1132 4790 1309 4846; x_wconf 86' lang='lat' dir='ltr'><strong>Nolite</strong></span> <span class='ocrx_word' id='word_1_385' title='bbox 1331 4792 1592 4861; x_wconf 81' lang='lat' dir='ltr'><strong>prohibere</strong></span> <span class='ocrx_word' id='word_1_386' title='bbox 1619 4809 1637 4846; x_wconf 91' lang='lat'><strong><em>:</em></strong></span> <span class='ocrx_word' id='word_1_387' title='bbox 1659 4807 1804 4847; x_wconf 87' lang='lat' dir='ltr'><strong>nemo</strong></span> 
     </span>
    </p>
   </div>
   <div class='ocr_carea' id='block_1_51' title="bbox 214 4880 1807 4954">
    <p class='ocr_par' dir='ltr' id='par_1_51' title="bbox 214 4880 1807 4954">
     <span class='ocr_line' id='line_1_51' title="bbox 214 4880 1807 4954; baseline 0.004 -23"><span class='ocrx_word' id='word_1_388' title='bbox 214 4880 347 4932; x_wconf 83' lang='lat' dir='ltr'><strong>enim</strong></span> <span class='ocrx_word' id='word_1_389' title='bbox 376 4880 587 4933; x_wconf 83' lang='lat' dir='ltr'><strong>virtutes</strong></span> <span class='ocrx_word' id='word_1_390' title='bbox 618 4883 738 4951; x_wconf 81' lang='lat' dir='ltr'><strong>facit</strong></span> <span class='ocrx_word' id='word_1_391' title='bbox 765 4882 817 4934; x_wconf 89' lang='lat' dir='ltr'><strong>in</strong></span> <span class='ocrx_word' id='word_1_392' title='bbox 850 4883 1049 4936; x_wconf 90' lang='lat' dir='ltr'><strong>nomine</strong></span> <span class='ocrx_word' id='word_1_393' title='bbox 1076 4898 1212 4947; x_wconf 89' lang='lat' dir='ltr'><strong>meo,</strong></span> <span class='ocrx_word' id='word_1_394' title='bbox 1250 4891 1297 4935; x_wconf 85' lang='lat' dir='ltr'><strong>et</strong></span> <span class='ocrx_word' id='word_1_395' title='bbox 1322 4892 1482 4953; x_wconf 77' lang='lat' dir='ltr'><strong>potest</strong></span> <span class='ocrx_word' id='word_1_396' title='bbox 1516 4885 1647 4938; x_wconf 89' lang='lat' dir='ltr'><strong>male</strong></span> <span class='ocrx_word' id='word_1_397' title='bbox 1672 4886 1807 4954; x_wconf 86' lang='lat' dir='ltr'><strong>loqui</strong></span> 
     </span>
    </p>
   </div>
   <div class='ocr_carea' id='block_1_52' title="bbox 213 4970 1807 5045">
    <p class='ocr_par' dir='ltr' id='par_1_52' title="bbox 213 4970 1807 5045">
     <span class='ocr_line' id='line_1_52' title="bbox 213 4970 1807 5045; baseline 0.004 -21"><span class='ocrx_word' id='word_1_398' title='bbox 213 4971 275 5024; x_wconf 83' lang='lat' dir='ltr'><strong>de</strong></span> <span class='ocrx_word' id='word_1_399' title='bbox 312 4986 395 5024; x_wconf 88' lang='lat' dir='ltr'><strong>me</strong></span> <span class='ocrx_word' id='word_1_400' title='bbox 425 4970 613 5040; x_wconf 78' lang='lat' dir='ltr'><strong>(Marc.</strong></span> <span class='ocrx_word' id='word_1_401' title='bbox 645 4989 699 5027; x_wconf 82' lang='lat' dir='ltr'><strong>Ix</strong></span> <span class='ocrx_word' id='word_1_402' title='bbox 719 5013 734 5039; x_wconf 88' lang='lat'><strong>,</strong></span> <span class='ocrx_word' id='word_1_403' title='bbox 767 4973 855 5041; x_wconf 79' lang='lat'><strong>57,</strong></span> <span class='ocrx_word' id='word_1_404' title='bbox 889 4974 1001 5043; x_wconf 80' lang='grc'><strong>58).</strong></span> <span class='ocrx_word' id='word_1_405' title='bbox 1036 4974 1091 5027; x_wconf 87' lang='lat' dir='ltr'><strong>In</strong></span> <span class='ocrx_word' id='word_1_406' title='bbox 1118 4974 1220 5028; x_wconf 87' lang='lat' dir='ltr'><strong>hoc</strong></span> <span class='ocrx_word' id='word_1_407' title='bbox 1246 4974 1428 5043; x_wconf 89' lang='lat' dir='ltr'><strong>utique</strong></span> <span class='ocrx_word' id='word_1_408' title='bbox 1459 4976 1670 5045; x_wconf 88' lang='lat' dir='ltr'><strong>propria</strong></span> <span class='ocrx_word' id='word_1_409' title='bbox 1703 4977 1807 5030; x_wconf 91' lang='lat' dir='ltr'><strong>iui-</strong></span> 
     </span>
    </p>
   </div>
   <div class='ocr_carea' id='block_1_53' title="bbox 211 5066 1805 5137">
    <p class='ocr_par' dir='ltr' id='par_1_53' title="bbox 211 5066 1805 5137">
     <span class='ocr_line' id='line_1_53' title="bbox 211 5066 1805 5137; baseline 0.005 -20"><span class='ocrx_word' id='word_1_410' title='bbox 211 5066 392 5133; x_wconf 90' lang='lat' dir='ltr'><strong>quitas</strong></span> <span class='ocrx_word' id='word_1_411' title='bbox 416 5072 529 5117; x_wconf 90' lang='lat' dir='ltr'><strong>erat</strong></span> <span class='ocrx_word' id='word_1_412' title='bbox 548 5107 562 5130; x_wconf 93' lang='lat'><strong>,</strong></span> <span class='ocrx_word' id='word_1_413' title='bbox 594 5067 717 5135; x_wconf 87' lang='lat' dir='ltr'><strong>quia</strong></span> <span class='ocrx_word' id='word_1_414' title='bbox 745 5082 849 5120; x_wconf 89' lang='lat' dir='ltr'><strong>non</strong></span> <span class='ocrx_word' id='word_1_415' title='bbox 878 5080 999 5121; x_wconf 92' lang='lat' dir='ltr'><strong>cum</strong></span> <span class='ocrx_word' id='word_1_416' title='bbox 1028 5066 1253 5121; x_wconf 91' lang='lat' dir='ltr'><strong>Domino</strong></span> <span class='ocrx_word' id='word_1_417' title='bbox 1279 5067 1593 5137; x_wconf 88' lang='lat' dir='ltr'><strong>colligebat,</strong></span> <span class='ocrx_word' id='word_1_418' title='bbox 1628 5084 1726 5124; x_wconf 89' lang='lat' dir='ltr'><strong>nec</strong></span> <span class='ocrx_word' id='word_1_419' title='bbox 1753 5070 1805 5125; x_wconf 92' lang='lat' dir='ltr'><strong>in</strong></span> 
     </span>
    </p>
   </div>
   <div class='ocr_carea' id='block_1_54' title="bbox 210 5159 1806 5233">
    <p class='ocr_par' dir='ltr' id='par_1_54' title="bbox 210 5159 1806 5233">
     <span class='ocr_line' id='line_1_54' title="bbox 210 5159 1806 5233; baseline 0.004 -21"><span class='ocrx_word' id='word_1_420' title='bbox 210 5161 331 5227; x_wconf 88' lang='lat' dir='ltr'><strong>ejus</strong></span> <span class='ocrx_word' id='word_1_421' title='bbox 366 5159 544 5228; x_wconf 83' lang='lat' dir='ltr'><strong>gregis</strong></span> <span class='ocrx_word' id='word_1_422' title='bbox 574 5160 775 5215; x_wconf 91' lang='lat' dir='ltr'><strong>unitate</strong></span> <span class='ocrx_word' id='word_1_423' title='bbox 803 5170 1070 5230; x_wconf 89' lang='lat' dir='ltr'><strong>pastorem</strong></span> <span class='ocrx_word' id='word_1_424' title='bbox 1100 5176 1217 5215; x_wconf 91' lang='lat' dir='ltr'><strong>cum</strong></span> <span class='ocrx_word' id='word_1_425' title='bbox 1242 5161 1517 5231; x_wconf 88' lang='lat' dir='ltr'><strong>discipulis</strong></span> <span class='ocrx_word' id='word_1_426' title='bbox 1544 5163 1806 5233; x_wconf 88' lang='lat' dir='ltr'><strong>sequeba-</strong></span> 
     </span>
    </p>
   </div>
   <div class='ocr_carea' id='block_1_55' title="bbox 209 5249 1803 5319">
    <p class='ocr_par' dir='ltr' id='par_1_55' title="bbox 209 5249 1803 5319">
     <span class='ocr_line' id='line_1_55' title="bbox 209 5249 1803 5319; baseline 0.004 -17"><span class='ocrx_word' id='word_1_427' title='bbox 209 5257 336 5302; x_wconf 88' lang='lat' dir='ltr'><strong>tur:</strong></span> <span class='ocrx_word' id='word_1_428' title='bbox 372 5249 426 5302; x_wconf 91' lang='lat' dir='ltr'><strong>in</strong></span> <span class='ocrx_word' id='word_1_429' title='bbox 455 5264 556 5317; x_wconf 88' lang='lat' dir='ltr'><strong>qua</strong></span> <span class='ocrx_word' id='word_1_430' title='bbox 601 5250 877 5319; x_wconf 89' lang='lat' dir='ltr'><strong>iniquitate</strong></span> <span class='ocrx_word' id='word_1_431' title='bbox 918 5266 1009 5305; x_wconf 90' lang='lat' dir='ltr'><strong>sua</strong></span> <span class='ocrx_word' id='word_1_432' title='bbox 1039 5252 1317 5307; x_wconf 88' lang='lat' dir='ltr'><strong>veritatem</strong></span> <span class='ocrx_word' id='word_1_433' title='bbox 1358 5252 1627 5309; x_wconf 89' lang='lat' dir='ltr'><strong>detinebat</strong></span> <span class='ocrx_word' id='word_1_434' title='bbox 1669 5254 1803 5309; x_wconf 88' lang='lat' dir='ltr'><strong>alic-</strong></span> 
     </span>
    </p>
   </div>
   <div class='ocr_carea' id='block_1_56' title="bbox 209 5339 1801 5414">
    <p class='ocr_par' dir='ltr' id='par_1_56' title="bbox 209 5339 1801 5414">
     <span class='ocr_line' id='line_1_56' title="bbox 209 5339 1801 5414; baseline 0.005 -22"><span class='ocrx_word' id='word_1_435' title='bbox 209 5354 360 5404; x_wconf 80' lang='lat' dir='ltr'><strong>nam,</strong></span> <span class='ocrx_word' id='word_1_436' title='bbox 390 5339 533 5409; x_wconf 90' lang='lat' dir='ltr'><strong>quod</strong></span> <span class='ocrx_word' id='word_1_437' title='bbox 557 5342 609 5395; x_wconf 91' lang='lat' dir='ltr'><strong>in</strong></span> <span class='ocrx_word' id='word_1_438' title='bbox 640 5341 856 5397; x_wconf 90' lang='lat' dir='ltr'><strong>nomine</strong></span> <span class='ocrx_word' id='word_1_439' title='bbox 882 5341 1007 5397; x_wconf 83' lang='lat' dir='ltr'><strong>Jesu</strong></span> <span class='ocrx_word' id='word_1_440' title='bbox 1029 5340 1223 5396; x_wconf 89' lang='lat' dir='ltr'><strong>Christi</strong></span> <span class='ocrx_word' id='word_1_441' title='bbox 1244 5343 1493 5411; x_wconf 87' lang='lat' dir='ltr'><strong>ejiciebat</strong></span> <span class='ocrx_word' id='word_1_442' title='bbox 1516 5344 1801 5414; x_wconf 83' lang='lat' dir='ltr'><strong>daemonia,</strong></span> 
     </span>
    </p>
   </div>
   <div class='ocr_carea' id='block_1_57' title="bbox 206 5431 1803 5508">
    <p class='ocr_par' dir='ltr' id='par_1_57' title="bbox 206 5431 1803 5508">
     <span class='ocr_line' id='line_1_57' title="bbox 206 5431 1803 5508; baseline 0.004 -23"><span class='ocrx_word' id='word_1_443' title='bbox 206 5440 262 5486; x_wconf 89' lang='lat' dir='ltr'><strong>et</strong></span> <span class='ocrx_word' id='word_1_444' title='bbox 287 5432 359 5486; x_wconf 88' lang='lat' dir='ltr'><strong>de</strong></span> <span class='ocrx_word' id='word_1_445' title='bbox 384 5431 479 5486; x_wconf 91' lang='lat' dir='ltr'><strong>illo</strong></span> <span class='ocrx_word' id='word_1_446' title='bbox 507 5433 645 5488; x_wconf 91' lang='lat' dir='ltr'><strong>male</strong></span> <span class='ocrx_word' id='word_1_447' title='bbox 666 5448 770 5488; x_wconf 91' lang='lat' dir='ltr'><strong>non</strong></span> <span class='ocrx_word' id='word_1_448' title='bbox 798 5433 1129 5503; x_wconf 89' lang='lat' dir='ltr'><strong>loquebatur.</strong></span> <span class='ocrx_word' id='word_1_449' title='bbox 1158 5434 1326 5504; x_wconf 84' lang='lat' dir='ltr'><strong>Hujus</strong></span> <span class='ocrx_word' id='word_1_450' title='bbox 1353 5436 1527 5506; x_wconf 90' lang='lat' dir='ltr'><strong>itaque</strong></span> <span class='ocrx_word' id='word_1_451' title='bbox 1551 5438 1803 5508; x_wconf 88' lang='lat' dir='ltr'><strong>iniquita-</strong></span> 
     </span>
    </p>
   </div>
   <div class='ocr_carea' id='block_1_58' title="bbox 205 5523 1803 5593">
    <p class='ocr_par' dir='ltr' id='par_1_58' title="bbox 205 5523 1803 5593">
     <span class='ocr_line' id='line_1_58' title="bbox 205 5523 1803 5593; baseline 0.002 -15"><span class='ocrx_word' id='word_1_452' title='bbox 205 5531 320 5578; x_wconf 86' lang='lat' dir='ltr'><strong>tem</strong></span> <span class='ocrx_word' id='word_1_453' title='bbox 352 5523 459 5577; x_wconf 89' lang='lat' dir='ltr'><strong>illis</strong></span> <span class='ocrx_word' id='word_1_454' title='bbox 484 5523 664 5578; x_wconf 91' lang='lat' dir='ltr'><strong>vcrbis</strong></span> <span class='ocrx_word' id='word_1_455' title='bbox 686 5525 941 5578; x_wconf 91' lang='lat' dir='ltr'><strong>Dominus</strong></span> <span class='ocrx_word' id='word_1_456' title='bbox 969 5524 1205 5593; x_wconf 87' lang='lat' dir='ltr'><strong>damnat,</strong></span> <span class='ocrx_word' id='word_1_457' title='bbox 1239 5525 1327 5579; x_wconf 88' lang='lat' dir='ltr'><strong>ubi</strong></span> <span class='ocrx_word' id='word_1_458' title='bbox 1359 5527 1449 5589; x_wconf 87' lang='lat' dir='ltr'><strong>ait,</strong></span> <span class='ocrx_word' id='word_1_459' title='bbox 1486 5528 1585 5593; x_wconf 82' lang='lat' dir='ltr'><strong>Qui</strong></span> <span class='ocrx_word' id='word_1_460' title='bbox 1612 5545 1803 5582; x_wconf 85' lang='lat' dir='ltr'><strong>mecum</strong></span> 
     </span>
    </p>
   </div>
   <div class='ocr_carea' id='block_1_59' title="bbox 205 5616 1803 5689">
    <p class='ocr_par' dir='ltr' id='par_1_59' title="bbox 205 5616 1803 5689">
     <span class='ocr_line' id='line_1_59' title="bbox 205 5616 1803 5689; baseline 0.003 -19"><span class='ocrx_word' id='word_1_461' title='bbox 205 5633 310 5670; x_wconf 90' lang='lat' dir='ltr'><strong>non</strong></span> <span class='ocrx_word' id='word_1_462' title='bbox 352 5616 579 5687; x_wconf 89' lang='lat' dir='ltr'><strong>colligit,</strong></span> <span class='ocrx_word' id='word_1_463' title='bbox 627 5618 817 5689; x_wconf 83' lang='lat' dir='ltr'><strong>spargit</strong></span> <span class='ocrx_word' id='word_1_464' title='bbox 852 5634 871 5670; x_wconf 87' lang='lat'><strong><em>:</em></strong></span> <span class='ocrx_word' id='word_1_465' title='bbox 897 5617 1175 5671; x_wconf 88' lang='lat' dir='ltr'><strong>veritatem</strong></span> <span class='ocrx_word' id='word_1_466' title='bbox 1207 5632 1353 5671; x_wconf 91' lang='lat' dir='ltr'><strong>suam</strong></span> <span class='ocrx_word' id='word_1_467' title='bbox 1402 5628 1575 5673; x_wconf 88' lang='lat' dir='ltr'><strong>tamen</strong></span> <span class='ocrx_word' id='word_1_468' title='bbox 1622 5620 1671 5673; x_wconf 92' lang='lat' dir='ltr'><strong>in</strong></span> <span class='ocrx_word' id='word_1_469' title='bbox 1714 5621 1803 5675; x_wconf 90' lang='lat' dir='ltr'><strong>illo</strong></span> 
     </span>
    </p>
   </div>
   <div class='ocr_carea' id='block_1_60' title="bbox 203 5708 1801 5779">
    <p class='ocr_par' dir='ltr' id='par_1_60' title="bbox 203 5708 1801 5779">
     <span class='ocr_line' id='line_1_60' title="bbox 203 5708 1801 5779; baseline 0.001 -14"><span class='ocrx_word' id='word_1_470' title='bbox 203 5724 315 5765; x_wconf 87' lang='lat' dir='ltr'><strong>non</strong></span> <span class='ocrx_word' id='word_1_471' title='bbox 342 5718 521 5778; x_wconf 85' lang='lat' dir='ltr'><strong>negat,</strong></span> <span class='ocrx_word' id='word_1_472' title='bbox 552 5723 648 5763; x_wconf 89' lang='lat' dir='ltr'><strong>nec</strong></span> <span class='ocrx_word' id='word_1_473' title='bbox 678 5709 961 5779; x_wconf 88' lang='lat' dir='ltr'><strong>improbat,</strong></span> <span class='ocrx_word' id='word_1_474' title='bbox 986 5725 1105 5764; x_wconf 82' lang='lat' dir='ltr'><strong>cum</strong></span> <span class='ocrx_word' id='word_1_475' title='bbox 1126 5708 1274 5774; x_wconf 84' lang='lat' dir='ltr'><strong>dicit,</strong></span> <span class='ocrx_word' id='word_1_476' title='bbox 1305 5708 1479 5763; x_wconf 85' lang='lat' dir='ltr'><strong>Nolite</strong></span> <span class='ocrx_word' id='word_1_477' title='bbox 1504 5713 1801 5779; x_wconf 77' lang='lat' dir='ltr'><strong>prohibere:</strong></span> 
     </span>
    </p>
   </div>
   <div class='ocr_carea' id='block_1_61' title="bbox 200 5802 1797 5879">
    <p class='ocr_par' dir='ltr' id='par_1_61' title="bbox 200 5802 1797 5879">
     <span class='ocr_line' id='line_1_61' title="bbox 200 5802 1797 5879; baseline 0.004 -21"><span class='ocrx_word' id='word_1_478' title='bbox 200 5819 360 5862; x_wconf 66' lang='lat' dir='ltr'><strong>nemo</strong></span> <span class='ocrx_word' id='word_1_479' title='bbox 390 5802 520 5858; x_wconf 85' lang='lat' dir='ltr'><strong>enim</strong></span> <span class='ocrx_word' id='word_1_480' title='bbox 550 5802 751 5858; x_wconf 84' lang='lat' dir='ltr'><strong>virtutes</strong></span> <span class='ocrx_word' id='word_1_481' title='bbox 780 5803 903 5879; x_wconf 79' lang='lat' dir='ltr'><strong>facit</strong></span> <span class='ocrx_word' id='word_1_482' title='bbox 922 5804 974 5863; x_wconf 88' lang='lat' dir='ltr'><strong>in</strong></span> <span class='ocrx_word' id='word_1_483' title='bbox 1002 5805 1203 5862; x_wconf 83' lang='lat' dir='ltr'><strong>nomine</strong></span> <span class='ocrx_word' id='word_1_484' title='bbox 1229 5819 1366 5875; x_wconf 87' lang='lat' dir='ltr'><strong>meo,</strong></span> <span class='ocrx_word' id='word_1_485' title='bbox 1397 5812 1444 5861; x_wconf 82' lang='lat' dir='ltr'><strong>et</strong></span> <span class='ocrx_word' id='word_1_486' title='bbox 1481 5812 1639 5877; x_wconf 78' lang='lat' dir='ltr'><strong>potest</strong></span> <span class='ocrx_word' id='word_1_487' title='bbox 1668 5808 1797 5866; x_wconf 84' lang='lat' dir='ltr'><strong>male</strong></span> 
     </span>
    </p>
   </div>
   <div class='ocr_carea' id='block_1_62' title="bbox 3392 368 3499 430">
    <p class='ocr_par' dir='ltr' id='par_1_62' title="bbox 3392 368 3499 430">
     <span class='ocr_line' id='line_1_62' title="bbox 3392 368 3499 430; baseline 0 0"><span class='ocrx_word' id='word_1_488' title='bbox 3392 368 3499 430; x_wconf 70' lang='lat'><strong>602</strong></span> 
     </span>
    </p>
   </div>
   <div class='ocr_carea' id='block_1_63' title="bbox 1913 473 3498 552">
    <p class='ocr_par' dir='ltr' id='par_1_63' title="bbox 1913 473 3498 552">
     <span class='ocr_line' id='line_1_63' title="bbox 1913 473 3498 552; baseline 0.007 -27"><span class='ocrx_word' id='word_1_489' title='bbox 1913 473 2047 541; x_wconf 85' lang='lat' dir='ltr'><strong>loqui</strong></span> <span class='ocrx_word' id='word_1_490' title='bbox 2076 473 2139 527; x_wconf 87' lang='lat' dir='ltr'><strong>de</strong></span> <span class='ocrx_word' id='word_1_491' title='bbox 2178 488 2274 529; x_wconf 90' lang='lat' dir='ltr'><strong>me.</strong></span> <span class='ocrx_word' id='word_1_492' title='bbox 2329 473 2442 532; x_wconf 83' lang='lat' dir='ltr'><strong>Hoc</strong></span> <span class='ocrx_word' id='word_1_493' title='bbox 2495 475 2823 534; x_wconf 88' lang='lat' dir='ltr'><strong>dominicum</strong></span> <span class='ocrx_word' id='word_1_494' title='bbox 2868 479 3169 552; x_wconf 82' lang='lat' dir='ltr'><strong>exemplum</strong></span> <span class='ocrx_word' id='word_1_495' title='bbox 3217 490 3498 552; x_wconf 88' lang='lat' dir='ltr'><strong>sequentes</strong></span> 
     </span>
    </p>
   </div>
   <div class='ocr_carea' id='block_1_64' title="bbox 1913 562 3501 640">
    <p class='ocr_par' dir='ltr' id='par_1_64' title="bbox 1913 562 3501 640">
     <span class='ocr_line' id='line_1_64' title="bbox 1913 562 3501 640; baseline 0.006 -24"><span class='ocrx_word' id='word_1_496' title='bbox 1913 562 2070 617; x_wconf 90' lang='lat' dir='ltr'><strong>etiam</strong></span> <span class='ocrx_word' id='word_1_497' title='bbox 2102 579 2200 620; x_wconf 89' lang='lat' dir='ltr'><strong>nos</strong></span> <span class='ocrx_word' id='word_1_498' title='bbox 2230 581 2325 635; x_wconf 90' lang='lat' dir='ltr'><strong>pro</strong></span> <span class='ocrx_word' id='word_1_499' title='bbox 2345 568 2548 623; x_wconf 91' lang='lat' dir='ltr'><strong>viribus</strong></span> <span class='ocrx_word' id='word_1_500' title='bbox 2574 569 2792 635; x_wconf 90' lang='lat' dir='ltr'><strong>nostris,</strong></span> <span class='ocrx_word' id='word_1_501' title='bbox 2823 569 3080 640; x_wconf 89' lang='lat' dir='ltr'><strong>Baptismi</strong></span> <span class='ocrx_word' id='word_1_502' title='bbox 3100 572 3415 637; x_wconf 84' lang='lat' dir='ltr'><strong>veritatem,</strong></span> <span class='ocrx_word' id='word_1_503' title='bbox 3444 580 3501 626; x_wconf 89' lang='lat' dir='ltr'><strong>et</strong></span> 
     </span>
    </p>
   </div>
   <div class='ocr_carea' id='block_1_65' title="bbox 1912 652 3493 731">
    <p class='ocr_par' dir='ltr' id='par_1_65' title="bbox 1912 652 3493 731">
     <span class='ocr_line' id='line_1_65' title="bbox 1912 652 3493 731; baseline 0.006 -25"><span class='ocrx_word' id='word_1_504' title='bbox 1912 652 2168 724; x_wconf 89' lang='lat' dir='ltr'><strong>quidquid</strong></span> <span class='ocrx_word' id='word_1_505' title='bbox 2205 658 2347 712; x_wconf 92' lang='lat' dir='ltr'><strong>aliud</strong></span> <span class='ocrx_word' id='word_1_506' title='bbox 2379 673 2568 713; x_wconf 90' lang='lat' dir='ltr'><strong>verum</strong></span> <span class='ocrx_word' id='word_1_507' title='bbox 2609 659 2844 715; x_wconf 62' lang='lat' dir='ltr'><strong>hmrctici</strong></span> <span class='ocrx_word' id='word_1_508' title='bbox 2884 668 3100 729; x_wconf 91' lang='lat' dir='ltr'><strong>tenent,</strong></span> <span class='ocrx_word' id='word_1_509' title='bbox 3147 675 3343 731; x_wconf 89' lang='lat' dir='ltr'><strong>negare</strong></span> <span class='ocrx_word' id='word_1_510' title='bbox 3387 675 3493 717; x_wconf 90' lang='lat' dir='ltr'><strong>non</strong></span> 
     </span>
    </p>
   </div>
   <div class='ocr_carea' id='block_1_66' title="bbox 1911 749 3493 818">
    <p class='ocr_par' dir='ltr' id='par_1_66' title="bbox 1911 749 3493 818">
     <span class='ocr_line' id='line_1_66' title="bbox 1911 749 3493 818; baseline 0.006 -18"><span class='ocrx_word' id='word_1_511' title='bbox 1911 760 2195 815; x_wconf 89' lang='lat' dir='ltr'><strong>possumus</strong></span> <span class='ocrx_word' id='word_1_512' title='bbox 2217 788 2232 814; x_wconf 91' lang='lat'><strong>,</strong></span> <span class='ocrx_word' id='word_1_513' title='bbox 2279 749 2579 818; x_wconf 90' lang='lat' dir='ltr'><strong>improbare</strong></span> <span class='ocrx_word' id='word_1_514' title='bbox 2616 765 2681 805; x_wconf 90' lang='lat' dir='ltr'><strong>ae</strong></span> <span class='ocrx_word' id='word_1_515' title='bbox 2724 751 3001 807; x_wconf 89' lang='lat' dir='ltr'><strong>destruere</strong></span> <span class='ocrx_word' id='word_1_516' title='bbox 3028 768 3134 808; x_wconf 91' lang='lat' dir='ltr'><strong>non</strong></span> <span class='ocrx_word' id='word_1_517' title='bbox 3187 753 3445 809; x_wconf 89' lang='lat' dir='ltr'><strong>audemus</strong></span> <span class='ocrx_word' id='word_1_518' title='bbox 3477 771 3493 809; x_wconf 90' lang='lat'>:</span> 
     </span>
    </p>
   </div>
   <div class='ocr_carea' id='block_1_67' title="bbox 1911 839 3494 915">
    <p class='ocr_par' dir='ltr' id='par_1_67' title="bbox 1911 839 3494 915">
     <span class='ocr_line' id='line_1_67' title="bbox 1911 839 3494 915; baseline 0.004 -22"><span class='ocrx_word' id='word_1_519' title='bbox 1911 839 2145 908; x_wconf 86' lang='lat' dir='ltr'><strong>ipsorum</strong></span> <span class='ocrx_word' id='word_1_520' title='bbox 2174 850 2351 897; x_wconf 90' lang='lat' dir='ltr'><strong>autem</strong></span> <span class='ocrx_word' id='word_1_521' title='bbox 2400 843 2768 913; x_wconf 84' lang='lat' dir='ltr'><strong>iniquitatem,</strong></span> <span class='ocrx_word' id='word_1_522' title='bbox 2814 861 2917 915; x_wconf 86' lang='lat' dir='ltr'><strong>qua</strong></span> <span class='ocrx_word' id='word_1_523' title='bbox 2963 860 3081 901; x_wconf 90' lang='lat' dir='ltr'><strong>cum</strong></span> <span class='ocrx_word' id='word_1_524' title='bbox 3131 845 3345 900; x_wconf 88' lang='lat' dir='ltr'><strong>Christo</strong></span> <span class='ocrx_word' id='word_1_525' title='bbox 3389 861 3494 901; x_wconf 91' lang='lat' dir='ltr'><strong>non</strong></span> 
     </span>
    </p>
   </div>
   <div class='ocr_carea' id='block_1_68' title="bbox 1912 932 3496 1005">
    <p class='ocr_par' dir='ltr' id='par_1_68' title="bbox 1912 932 3496 1005">
     <span class='ocr_line' id='line_1_68' title="bbox 1912 932 3496 1005; baseline 0.004 -21"><span class='ocrx_word' id='word_1_526' title='bbox 1912 932 2183 1002; x_wconf 88' lang='lat' dir='ltr'><strong>colligunt,</strong></span> <span class='ocrx_word' id='word_1_527' title='bbox 2212 934 2304 988; x_wconf 86' lang='lat' dir='ltr'><strong>sed</strong></span> <span class='ocrx_word' id='word_1_528' title='bbox 2332 945 2604 1005; x_wconf 89' lang='lat' dir='ltr'><strong>spargunt,</strong></span> <span class='ocrx_word' id='word_1_529' title='bbox 2632 936 2824 991; x_wconf 90' lang='lat' dir='ltr'><strong>merito</strong></span> <span class='ocrx_word' id='word_1_530' title='bbox 2846 935 3174 993; x_wconf 84' lang='lat' dir='ltr'><strong>detestamur</strong></span> <span class='ocrx_word' id='word_1_531' title='bbox 3192 978 3207 1005; x_wconf 96' lang='lat'><strong>,</strong></span> <span class='ocrx_word' id='word_1_532' title='bbox 3243 944 3297 991; x_wconf 89' lang='lat' dir='ltr'><strong>et</strong></span> <span class='ocrx_word' id='word_1_533' title='bbox 3322 936 3496 990; x_wconf 88' lang='lat' dir='ltr'><strong>invio-</strong></span> 
     </span>
    </p>
   </div>
   <div class='ocr_carea' id='block_1_69' title="bbox 1912 1025 3494 1100">
    <p class='ocr_par' dir='ltr' id='par_1_69' title="bbox 1912 1025 3494 1100">
     <span class='ocr_line' id='line_1_69' title="bbox 1912 1025 3494 1100; baseline 0.004 -21"><span class='ocrx_word' id='word_1_534' title='bbox 1912 1025 2016 1079; x_wconf 92' lang='lat' dir='ltr'><strong>lata</strong></span> <span class='ocrx_word' id='word_1_535' title='bbox 2040 1042 2158 1096; x_wconf 81' lang='lat' dir='ltr'><strong>quae</strong></span> <span class='ocrx_word' id='word_1_536' title='bbox 2184 1027 2237 1081; x_wconf 90' lang='lat' dir='ltr'><strong>in</strong></span> <span class='ocrx_word' id='word_1_537' title='bbox 2276 1027 2353 1082; x_wconf 90' lang='lat' dir='ltr'><strong>eis</strong></span> <span class='ocrx_word' id='word_1_538' title='bbox 2390 1038 2472 1083; x_wconf 91' lang='lat' dir='ltr'><strong>est</strong></span> <span class='ocrx_word' id='word_1_539' title='bbox 2498 1030 2719 1085; x_wconf 85' lang='lat' dir='ltr'><strong>veritate</strong></span> <span class='ocrx_word' id='word_1_540' title='bbox 2755 1030 3099 1098; x_wconf 88' lang='lat' dir='ltr'><strong>damnamus,</strong></span> <span class='ocrx_word' id='word_1_541' title='bbox 3129 1029 3213 1085; x_wconf 93' lang='lat' dir='ltr'><strong>vel</strong></span> <span class='ocrx_word' id='word_1_542' title='bbox 3241 1037 3494 1100; x_wconf 88' lang='lat' dir='ltr'><strong>quantum</strong></span> 
     </span>
    </p>
   </div>
   <div class='ocr_carea' id='block_1_70' title="bbox 1911 1118 2553 1176">
    <p class='ocr_par' dir='ltr' id='par_1_70' title="bbox 1911 1118 2553 1176">
     <span class='ocr_line' id='line_1_70' title="bbox 1911 1118 2553 1176; baseline 0.005 -3"><span class='ocrx_word' id='word_1_543' title='bbox 1911 1118 2134 1173; x_wconf 90' lang='lat' dir='ltr'><strong>sinimur</strong></span> <span class='ocrx_word' id='word_1_544' title='bbox 2162 1118 2553 1176; x_wconf 80' lang='lat' dir='ltr'><strong>emendamus.</strong></span> 
     </span>
    </p>
   </div>
   <div class='ocr_carea' id='block_1_71' title="bbox 1981 1209 3496 1286">
    <p class='ocr_par' dir='ltr' id='par_1_71' title="bbox 1981 1209 3496 1286">
     <span class='ocr_line' id='line_1_71' title="bbox 1981 1209 3496 1286; baseline 0.003 -21"><span class='ocrx_word' id='word_1_545' title='bbox 1981 1209 2207 1266; x_wconf 85' lang='lat' dir='ltr'><strong>CAPUT</strong></span> <span class='ocrx_word' id='word_1_546' title='bbox 2238 1211 2372 1266; x_wconf 80' lang='lat' dir='ltr'><strong>VIII.</strong></span> <span class='ocrx_word' id='word_1_547' title='bbox 2399 1242 2470 1252; x_wconf 90' lang='lat'><strong>—</strong></span> <span class='ocrx_word' id='word_1_548' title='bbox 2493 1214 2579 1268; x_wconf 79' lang='lat' dir='ltr'><strong>I5.</strong></span> <span class='ocrx_word' id='word_1_549' title='bbox 2606 1214 2872 1284; x_wconf 86' lang='lat' dir='ltr'><strong>Respiciat</strong></span> <span class='ocrx_word' id='word_1_550' title='bbox 2898 1230 3027 1286; x_wconf 85' lang='lat' dir='ltr'><strong>ergo</strong></span> <span class='ocrx_word' id='word_1_551' title='bbox 3053 1214 3155 1270; x_wconf 89' lang='lat' dir='ltr'><strong>iste</strong></span> <span class='ocrx_word' id='word_1_552' title='bbox 3183 1228 3287 1285; x_wconf 91' lang='lat' dir='ltr'><strong>quo</strong></span> <span class='ocrx_word' id='word_1_553' title='bbox 3311 1229 3496 1271; x_wconf 87' lang='lat' dir='ltr'><strong>errore</strong></span> 
     </span>
    </p>
   </div>
   <div class='ocr_carea' id='block_1_72' title="bbox 1912 1300 3497 1375">
    <p class='ocr_par' dir='ltr' id='par_1_72' title="bbox 1912 1300 3497 1375">
     <span class='ocr_line' id='line_1_72' title="bbox 1912 1300 3497 1375; baseline 0.001 -20"><span class='ocrx_word' id='word_1_554' title='bbox 1912 1300 2123 1369; x_wconf 85' lang='lat' dir='ltr'><strong>dixerit,</strong></span> <span class='ocrx_word' id='word_1_555' title='bbox 2154 1303 2291 1372; x_wconf 90' lang='lat' dir='ltr'><strong>quod</strong></span> <span class='ocrx_word' id='word_1_556' title='bbox 2323 1312 2536 1359; x_wconf 90' lang='lat' dir='ltr'><strong>secutus</strong></span> <span class='ocrx_word' id='word_1_557' title='bbox 2561 1304 2801 1374; x_wconf 86' lang='lat' dir='ltr'><strong>adjunxit</strong></span> <span class='ocrx_word' id='word_1_558' title='bbox 2829 1323 2842 1357; x_wconf 88' lang='lat'><strong>:</strong></span> <span class='ocrx_word' id='word_1_559' title='bbox 2882 1305 3045 1359; x_wconf 88' lang='lat' dir='ltr'><strong>Velint</strong></span> <span class='ocrx_word' id='word_1_560' title='bbox 3070 1306 3253 1371; x_wconf 86' lang='lat' dir='ltr'><strong>nolint,</strong></span> <span class='ocrx_word' id='word_1_561' title='bbox 3282 1305 3497 1375; x_wconf 82' lang='lat' dir='ltr'><strong>proinde</strong></span> 
     </span>
    </p>
   </div>
   <div class='ocr_carea' id='block_1_73' title="bbox 1912 1394 3499 1466">
    <p class='ocr_par' dir='ltr' id='par_1_73' title="bbox 1912 1394 3499 1466">
     <span class='ocr_line' id='line_1_73' title="bbox 1912 1394 3499 1466; baseline 0.003 -21"><span class='ocrx_word' id='word_1_562' title='bbox 1912 1394 2176 1447; x_wconf 82' lang='lat' dir='ltr'><strong>traditores</strong></span> <span class='ocrx_word' id='word_1_563' title='bbox 2218 1396 2473 1465; x_wconf 75' lang='lat' dir='ltr'><strong>sacrilegis</strong></span> <span class='ocrx_word' id='word_1_564' title='bbox 2524 1395 2869 1450; x_wconf 87' lang='lat' dir='ltr'><strong>Sacramentis</strong></span> <span class='ocrx_word' id='word_1_565' title='bbox 2912 1395 3169 1451; x_wconf 76' lang='lat' dir='ltr'><strong>Christum</strong></span> <span class='ocrx_word' id='word_1_566' title='bbox 3211 1396 3373 1466; x_wconf 88' lang='lat' dir='ltr'><strong>magis</strong></span> <span class='ocrx_word' id='word_1_567' title='bbox 3416 1396 3499 1464; x_wconf 81' lang='lat' dir='ltr'><strong>of-</strong></span> 
     </span>
    </p>
   </div>
   <div class='ocr_carea' id='block_1_74' title="bbox 1910 1484 3494 1557">
    <p class='ocr_par' dir='ltr' id='par_1_74' title="bbox 1910 1484 3494 1557">
     <span class='ocr_line' id='line_1_74' title="bbox 1910 1484 3494 1557; baseline 0.002 -20"><span class='ocrx_word' id='word_1_568' title='bbox 1910 1484 2141 1553; x_wconf 89' lang='lat' dir='ltr'><strong>fendunt.</strong></span> <span class='ocrx_word' id='word_1_569' title='bbox 2171 1485 2289 1539; x_wconf 84' lang='lat' dir='ltr'><strong>Alia</strong></span> <span class='ocrx_word' id='word_1_570' title='bbox 2328 1494 2407 1539; x_wconf 90' lang='lat' dir='ltr'><strong>est</strong></span> <span class='ocrx_word' id='word_1_571' title='bbox 2431 1488 2625 1555; x_wconf 90' lang='lat' dir='ltr'><strong>quippe</strong></span> <span class='ocrx_word' id='word_1_572' title='bbox 2654 1487 2923 1540; x_wconf 88' lang='lat' dir='ltr'><strong>temeritas</strong></span> <span class='ocrx_word' id='word_1_573' title='bbox 2961 1496 3017 1542; x_wconf 89' lang='lat' dir='ltr'><strong>et</strong></span> <span class='ocrx_word' id='word_1_574' title='bbox 3041 1496 3327 1557; x_wconf 89' lang='lat' dir='ltr'><strong>utcumque</strong></span> <span class='ocrx_word' id='word_1_575' title='bbox 3357 1486 3494 1541; x_wconf 84' lang='lat' dir='ltr'><strong>tole-</strong></span> 
     </span>
    </p>
   </div>
   <div class='ocr_carea' id='block_1_75' title="bbox 1910 1574 3492 1648">
    <p class='ocr_par' dir='ltr' id='par_1_75' title="bbox 1910 1574 3492 1648">
     <span class='ocr_line' id='line_1_75' title="bbox 1910 1574 3492 1648; baseline 0.003 -20"><span class='ocrx_word' id='word_1_576' title='bbox 1910 1574 2121 1643; x_wconf 88' lang='lat' dir='ltr'><strong>rabilis,</strong></span> <span class='ocrx_word' id='word_1_577' title='bbox 2151 1577 2289 1645; x_wconf 91' lang='lat' dir='ltr'><strong>quod</strong></span> <span class='ocrx_word' id='word_1_578' title='bbox 2313 1576 2595 1632; x_wconf 90' lang='lat' dir='ltr'><strong>traditores</strong></span> <span class='ocrx_word' id='word_1_579' title='bbox 2624 1578 2752 1633; x_wconf 90' lang='lat' dir='ltr'><strong>dicit</strong></span> <span class='ocrx_word' id='word_1_580' title='bbox 2774 1578 3016 1633; x_wconf 89' lang='lat' dir='ltr'><strong>homines</strong></span> <span class='ocrx_word' id='word_1_581' title='bbox 3040 1619 3053 1644; x_wconf 96' lang='lat'><strong>,</strong></span> <span class='ocrx_word' id='word_1_582' title='bbox 3082 1594 3216 1648; x_wconf 90' lang='lat' dir='ltr'><strong>quos</strong></span> <span class='ocrx_word' id='word_1_583' title='bbox 3237 1592 3355 1634; x_wconf 88' lang='lat' dir='ltr'><strong>esse</strong></span> <span class='ocrx_word' id='word_1_584' title='bbox 3386 1592 3492 1633; x_wconf 89' lang='lat' dir='ltr'><strong>non</strong></span> 
     </span>
    </p>
   </div>
   <div class='ocr_carea' id='block_1_76' title="bbox 1911 1666 3498 1740">
    <p class='ocr_par' dir='ltr' id='par_1_76' title="bbox 1911 1666 3498 1740">
     <span class='ocr_line' id='line_1_76' title="bbox 1911 1666 3498 1740; baseline 0.003 -21"><span class='ocrx_word' id='word_1_585' title='bbox 1911 1666 2098 1734; x_wconf 88' lang='lat' dir='ltr'><strong>probat</strong></span> <span class='ocrx_word' id='word_1_586' title='bbox 2130 1684 2142 1720; x_wconf 87' lang='lat'><strong>:</strong></span> <span class='ocrx_word' id='word_1_587' title='bbox 2174 1668 2299 1721; x_wconf 90' lang='lat' dir='ltr'><strong>illud</strong></span> <span class='ocrx_word' id='word_1_588' title='bbox 2331 1677 2506 1723; x_wconf 90' lang='lat' dir='ltr'><strong>autem</strong></span> <span class='ocrx_word' id='word_1_589' title='bbox 2539 1669 2659 1740; x_wconf 90' lang='lat' dir='ltr'><strong>quis</strong></span> <span class='ocrx_word' id='word_1_590' title='bbox 2696 1670 2868 1735; x_wconf 90' lang='lat' dir='ltr'><strong>ferat,</strong></span> <span class='ocrx_word' id='word_1_591' title='bbox 2904 1669 3045 1739; x_wconf 91' lang='lat' dir='ltr'><strong>quod</strong></span> <span class='ocrx_word' id='word_1_592' title='bbox 3083 1669 3337 1738; x_wconf 87' lang='lat' dir='ltr'><strong>sacrilega</strong></span> <span class='ocrx_word' id='word_1_593' title='bbox 3368 1668 3498 1724; x_wconf 89' lang='lat' dir='ltr'><strong>dicit</strong></span> 
     </span>
    </p>
   </div>
   <div class='ocr_carea' id='block_1_77' title="bbox 1909 1757 3494 1828">
    <p class='ocr_par' dir='ltr' id='par_1_77' title="bbox 1909 1757 3494 1828">
     <span class='ocr_line' id='line_1_77' title="bbox 1909 1757 3494 1828; baseline 0.001 -15"><span class='ocrx_word' id='word_1_594' title='bbox 1909 1757 2247 1813; x_wconf 86' lang='lat' dir='ltr'><strong>Sacramenta</strong></span> <span class='ocrx_word' id='word_1_595' title='bbox 2274 1760 2491 1827; x_wconf 89' lang='lat' dir='ltr'><strong>Christi,</strong></span> <span class='ocrx_word' id='word_1_596' title='bbox 2517 1761 2724 1815; x_wconf 89' lang='lat' dir='ltr'><strong>etiamsi</strong></span> <span class='ocrx_word' id='word_1_597' title='bbox 2752 1776 2880 1816; x_wconf 86' lang='lat' dir='ltr'><strong>vere</strong></span> <span class='ocrx_word' id='word_1_598' title='bbox 2899 1802 2913 1828; x_wconf 95' lang='lat'><strong>,</strong></span> <span class='ocrx_word' id='word_1_599' title='bbox 2941 1765 3079 1817; x_wconf 90' lang='lat' dir='ltr'><strong>sicut</strong></span> <span class='ocrx_word' id='word_1_600' title='bbox 3109 1760 3459 1815; x_wconf 89' lang='lat' dir='ltr'><strong>calumniatur</strong></span> <span class='ocrx_word' id='word_1_601' title='bbox 3478 1800 3494 1827; x_wconf 93' lang='lat'><strong>,</strong></span> 
     </span>
    </p>
   </div>
   <div class='ocr_carea' id='block_1_78' title="bbox 1909 1849 3497 1922">
    <p class='ocr_par' dir='ltr' id='par_1_78' title="bbox 1909 1849 3497 1922">
     <span class='ocr_line' id='line_1_78' title="bbox 1909 1849 3497 1922; baseline 0.003 -21"><span class='ocrx_word' id='word_1_602' title='bbox 1909 1863 1939 1901; x_wconf 93' lang='lat' dir='ltr'><strong>a</strong></span> <span class='ocrx_word' id='word_1_603' title='bbox 1969 1849 2311 1904; x_wconf 90' lang='lat' dir='ltr'><strong>traditoribus</strong></span> <span class='ocrx_word' id='word_1_604' title='bbox 2342 1851 2694 1918; x_wconf 89' lang='lat' dir='ltr'><strong>haberentur,</strong></span> <span class='ocrx_word' id='word_1_605' title='bbox 2736 1867 2855 1922; x_wconf 64' lang='lat' dir='ltr'><strong>qua:</strong></span> <span class='ocrx_word' id='word_1_606' title='bbox 2896 1852 2947 1906; x_wconf 90' lang='lat' dir='ltr'><strong>in</strong></span> <span class='ocrx_word' id='word_1_607' title='bbox 2980 1852 3195 1907; x_wconf 90' lang='lat' dir='ltr'><strong>nomine</strong></span> <span class='ocrx_word' id='word_1_608' title='bbox 3236 1852 3409 1907; x_wconf 80' lang='lat' dir='ltr'><strong>Patris</strong></span> <span class='ocrx_word' id='word_1_609' title='bbox 3440 1860 3497 1905; x_wconf 89' lang='lat' dir='ltr'><strong>ct</strong></span> 
     </span>
    </p>
   </div>
   <div class='ocr_carea' id='block_1_79' title="bbox 1909 1940 3497 2015">
    <p class='ocr_par' dir='ltr' id='par_1_79' title="bbox 1909 1940 3497 2015">
     <span class='ocr_line' id='line_1_79' title="bbox 1909 1940 3497 2015; baseline 0.003 -22"><span class='ocrx_word' id='word_1_610' title='bbox 1909 1940 2028 1995; x_wconf 90' lang='lat' dir='ltr'><strong>Filii</strong></span> <span class='ocrx_word' id='word_1_611' title='bbox 2067 1951 2119 1995; x_wconf 92' lang='lat' dir='ltr'><strong>ct</strong></span> <span class='ocrx_word' id='word_1_612' title='bbox 2156 1941 2383 2010; x_wconf 90' lang='lat' dir='ltr'><strong>Spiritus</strong></span> <span class='ocrx_word' id='word_1_613' title='bbox 2423 1946 2591 1998; x_wconf 87' lang='lat' dir='ltr'><strong>sancti</strong></span> <span class='ocrx_word' id='word_1_614' title='bbox 2634 1945 2740 1999; x_wconf 90' lang='lat' dir='ltr'><strong>ritu</strong></span> <span class='ocrx_word' id='word_1_615' title='bbox 2784 1945 3087 2015; x_wconf 88' lang='lat' dir='ltr'><strong>evangelico</strong></span> <span class='ocrx_word' id='word_1_616' title='bbox 3116 1945 3497 2000; x_wconf 85' lang='lat' dir='ltr'><strong>celebrantur?</strong></span> 
     </span>
    </p>
   </div>
   <div class='ocr_carea' id='block_1_80' title="bbox 1909 2032 3497 2104">
    <p class='ocr_par' dir='ltr' id='par_1_80' title="bbox 1909 2032 3497 2104">
     <span class='ocr_line' id='line_1_80' title="bbox 1909 2032 3497 2104; baseline 0.002 -18"><span class='ocrx_word' id='word_1_617' title='bbox 1909 2032 2007 2087; x_wconf 85' lang='lat' dir='ltr'><strong>llic</strong></span> <span class='ocrx_word' id='word_1_618' title='bbox 2034 2032 2257 2087; x_wconf 85' lang='lat' dir='ltr'><strong>fortasse</strong></span> <span class='ocrx_word' id='word_1_619' title='bbox 2286 2034 2462 2099; x_wconf 89' lang='lat' dir='ltr'><strong>dicat,</strong></span> <span class='ocrx_word' id='word_1_620' title='bbox 2502 2036 2609 2104; x_wconf 89' lang='lat' dir='ltr'><strong>jam</strong></span> <span class='ocrx_word' id='word_1_621' title='bbox 2653 2049 2758 2089; x_wconf 90' lang='lat' dir='ltr'><strong>non</strong></span> <span class='ocrx_word' id='word_1_622' title='bbox 2788 2050 2907 2090; x_wconf 90' lang='lat' dir='ltr'><strong>esse</strong></span> <span class='ocrx_word' id='word_1_623' title='bbox 2934 2035 3133 2091; x_wconf 89' lang='lat' dir='ltr'><strong>Christi</strong></span> <span class='ocrx_word' id='word_1_624' title='bbox 3180 2036 3497 2090; x_wconf 84' lang='lat' dir='ltr'><strong>Sacramen-</strong></span> 
     </span>
    </p>
   </div>
   <div class='ocr_carea' id='block_1_81' title="bbox 1912 2123 3496 2194">
    <p class='ocr_par' dir='ltr' id='par_1_81' title="bbox 1912 2123 3496 2194">
     <span class='ocr_line' id='line_1_81' title="bbox 1912 2123 3496 2194; baseline 0.003 -18"><span class='ocrx_word' id='word_1_625' title='bbox 1912 2130 2022 2176; x_wconf 91' lang='lat' dir='ltr'><strong>tum</strong></span> <span class='ocrx_word' id='word_1_626' title='bbox 2059 2123 2200 2192; x_wconf 86' lang='lat' dir='ltr'><strong>quod</strong></span> <span class='ocrx_word' id='word_1_627' title='bbox 2231 2138 2261 2177; x_wconf 88' lang='lat' dir='ltr'><strong>a</strong></span> <span class='ocrx_word' id='word_1_628' title='bbox 2301 2124 2573 2193; x_wconf 89' lang='lat' dir='ltr'><strong>sacrilegis</strong></span> <span class='ocrx_word' id='word_1_629' title='bbox 2618 2123 2789 2177; x_wconf 89' lang='lat' dir='ltr'><strong>datur.</strong></span> <span class='ocrx_word' id='word_1_630' title='bbox 2819 2125 2924 2178; x_wconf 91' lang='lat' dir='ltr'><strong>Cur</strong></span> <span class='ocrx_word' id='word_1_631' title='bbox 2948 2139 3053 2178; x_wconf 90' lang='lat' dir='ltr'><strong>non</strong></span> <span class='ocrx_word' id='word_1_632' title='bbox 3083 2138 3210 2194; x_wconf 86' lang='lat' dir='ltr'><strong>ergo</strong></span> <span class='ocrx_word' id='word_1_633' title='bbox 3236 2124 3365 2178; x_wconf 89' lang='lat' dir='ltr'><strong>dicit</strong></span> <span class='ocrx_word' id='word_1_634' title='bbox 3390 2138 3496 2180; x_wconf 90' lang='lat' dir='ltr'><strong>non</strong></span> 
     </span>
    </p>
   </div>
   <div class='ocr_carea' id='block_1_82' title="bbox 1910 2212 3497 2285">
    <p class='ocr_par' dir='ltr' id='par_1_82' title="bbox 1910 2212 3497 2285">
     <span class='ocr_line' id='line_1_82' title="bbox 1910 2212 3497 2285; baseline -0.002 -17"><span class='ocrx_word' id='word_1_635' title='bbox 1910 2228 2029 2269; x_wconf 89' lang='lat' dir='ltr'><strong>esse</strong></span> <span class='ocrx_word' id='word_1_636' title='bbox 2054 2215 2213 2269; x_wconf 89' lang='lat' dir='ltr'><strong>etiam</strong></span> <span class='ocrx_word' id='word_1_637' title='bbox 2242 2229 2434 2269; x_wconf 92' lang='lat' dir='ltr'><strong>nomen</strong></span> <span class='ocrx_word' id='word_1_638' title='bbox 2458 2212 2686 2279; x_wconf 90' lang='lat' dir='ltr'><strong>Christi,</strong></span> <span class='ocrx_word' id='word_1_639' title='bbox 2726 2214 2866 2285; x_wconf 91' lang='lat' dir='ltr'><strong>quod</strong></span> <span class='ocrx_word' id='word_1_640' title='bbox 2894 2230 2923 2269; x_wconf 89' lang='lat' dir='ltr'><strong>a</strong></span> <span class='ocrx_word' id='word_1_641' title='bbox 2968 2215 3238 2285; x_wconf 89' lang='lat' dir='ltr'><strong>sacrilegis</strong></span> <span class='ocrx_word' id='word_1_642' title='bbox 3263 2212 3497 2269; x_wconf 89' lang='lat' dir='ltr'><strong>dicitur?</strong></span> 
     </span>
    </p>
   </div>
   <div class='ocr_carea' id='block_1_83' title="bbox 1909 2306 3501 2373">
    <p class='ocr_par' dir='ltr' id='par_1_83' title="bbox 1909 2306 3501 2373">
     <span class='ocr_line' id='line_1_83' title="bbox 1909 2306 3501 2373; baseline 0.001 -15"><span class='ocrx_word' id='word_1_643' title='bbox 1909 2306 2059 2373; x_wconf 85' lang='lat' dir='ltr'><strong>Quod</strong></span> <span class='ocrx_word' id='word_1_644' title='bbox 2099 2307 2317 2361; x_wconf 89' lang='lat' dir='ltr'><strong>omnino</strong></span> <span class='ocrx_word' id='word_1_645' title='bbox 2347 2322 2452 2360; x_wconf 88' lang='lat' dir='ltr'><strong>non</strong></span> <span class='ocrx_word' id='word_1_646' title='bbox 2492 2321 2652 2361; x_wconf 89' lang='lat' dir='ltr'><strong>ausus</strong></span> <span class='ocrx_word' id='word_1_647' title='bbox 2681 2316 2762 2360; x_wconf 91' lang='lat' dir='ltr'><strong>est</strong></span> <span class='ocrx_word' id='word_1_648' title='bbox 2791 2308 2989 2361; x_wconf 90' lang='lat' dir='ltr'><strong>dicere.</strong></span> <span class='ocrx_word' id='word_1_649' title='bbox 3022 2308 3109 2361; x_wconf 86' lang='lat' dir='ltr'><strong>Ait</strong></span> <span class='ocrx_word' id='word_1_650' title='bbox 3136 2308 3277 2362; x_wconf 89' lang='lat' dir='ltr'><strong>enim</strong></span> <span class='ocrx_word' id='word_1_651' title='bbox 3311 2324 3324 2360; x_wconf 90' lang='lat'><strong>:</strong></span> <span class='ocrx_word' id='word_1_652' title='bbox 3362 2307 3501 2361; x_wconf 85' lang='lat' dir='ltr'><strong>Per-</strong></span> 
     </span>
    </p>
   </div>
   <div class='ocr_carea' id='block_1_84' title="bbox 1911 2399 3501 2469">
    <p class='ocr_par' dir='ltr' id='par_1_84' title="bbox 1911 2399 3501 2469">
     <span class='ocr_line' id='line_1_84' title="bbox 1911 2399 3501 2469; baseline 0.001 -18"><span class='ocrx_word' id='word_1_653' title='bbox 1911 2399 2096 2453; x_wconf 74' lang='lat' dir='ltr'><strong>dirlisse</strong></span> <span class='ocrx_word' id='word_1_654' title='bbox 2133 2400 2288 2469; x_wconf 83' lang='lat' dir='ltr'><strong>igitur</strong></span> <span class='ocrx_word' id='word_1_655' title='bbox 2315 2400 2498 2469; x_wconf 86' lang='lat' dir='ltr'><strong>falsum</strong></span> <span class='ocrx_word' id='word_1_656' title='bbox 2527 2415 2656 2469; x_wconf 86' lang='lat' dir='ltr'><strong>opus</strong></span> <span class='ocrx_word' id='word_1_657' title='bbox 2696 2415 2797 2452; x_wconf 90' lang='lat' dir='ltr'><strong>non</strong></span> <span class='ocrx_word' id='word_1_658' title='bbox 2826 2399 3031 2452; x_wconf 82' lang='lat' dir='ltr'><strong>dubiant</strong></span> <span class='ocrx_word' id='word_1_659' title='bbox 3058 2409 3131 2452; x_wconf 89' lang='lat' dir='ltr'><strong>est</strong></span> <span class='ocrx_word' id='word_1_660' title='bbox 3150 2441 3164 2466; x_wconf 94' lang='lat'><strong>,</strong></span> <span class='ocrx_word' id='word_1_661' title='bbox 3193 2400 3279 2469; x_wconf 86' lang='lat' dir='ltr'><strong>qui</strong></span> <span class='ocrx_word' id='word_1_662' title='bbox 3306 2400 3501 2453; x_wconf 84' lang='lat' dir='ltr'><strong>tametsi</strong></span> 
     </span>
    </p>
   </div>
   <div class='ocr_carea' id='block_1_85' title="bbox 1909 2489 3497 2561">
    <p class='ocr_par' dir='ltr' id='par_1_85' title="bbox 1909 2489 3497 2561">
     <span class='ocr_line' id='line_1_85' title="bbox 1909 2489 3497 2561; baseline 0.001 -18"><span class='ocrx_word' id='word_1_663' title='bbox 1909 2491 1961 2543; x_wconf 89' lang='lat' dir='ltr'><strong>in</strong></span> <span class='ocrx_word' id='word_1_664' title='bbox 2001 2492 2202 2545; x_wconf 86' lang='lat' dir='ltr'><strong>nomine</strong></span> <span class='ocrx_word' id='word_1_665' title='bbox 2229 2490 2352 2545; x_wconf 85' lang='lat' dir='ltr'><strong>Jesu</strong></span> <span class='ocrx_word' id='word_1_666' title='bbox 2375 2489 2599 2558; x_wconf 90' lang='lat' dir='ltr'><strong>Christi,</strong></span> <span class='ocrx_word' id='word_1_667' title='bbox 2628 2491 2860 2561; x_wconf 81' lang='lat' dir='ltr'><strong>sacrilegi</strong></span> <span class='ocrx_word' id='word_1_668' title='bbox 2891 2502 3057 2545; x_wconf 88' lang='lat' dir='ltr'><strong>tamen</strong></span> <span class='ocrx_word' id='word_1_669' title='bbox 3086 2492 3197 2544; x_wconf 85' lang='lat' dir='ltr'><strong>ausi</strong></span> <span class='ocrx_word' id='word_1_670' title='bbox 3236 2502 3351 2545; x_wconf 84' lang='lat' dir='ltr'><strong>sunt</strong></span> <span class='ocrx_word' id='word_1_671' title='bbox 3379 2508 3497 2561; x_wconf 82' lang='lat' dir='ltr'><strong>Ope-</strong></span> 
     </span>
    </p>
   </div>
   <div class='ocr_carea' id='block_1_86' title="bbox 1910 2580 3496 2651">
    <p class='ocr_par' dir='ltr' id='par_1_86' title="bbox 1910 2580 3496 2651">
     <span class='ocr_line' id='line_1_86' title="bbox 1910 2580 3496 2651; baseline 0 -16"><span class='ocrx_word' id='word_1_672' title='bbox 1910 2583 2034 2635; x_wconf 91' lang='lat' dir='ltr'><strong>rari.</strong></span> <span class='ocrx_word' id='word_1_673' title='bbox 2064 2581 2320 2648; x_wconf 82' lang='lat' dir='ltr'><strong>Tametsi,</strong></span> <span class='ocrx_word' id='word_1_674' title='bbox 2364 2582 2568 2651; x_wconf 90' lang='lat' dir='ltr'><strong>inquit,</strong></span> <span class='ocrx_word' id='word_1_675' title='bbox 2602 2583 2654 2635; x_wconf 87' lang='lat' dir='ltr'><strong>in</strong></span> <span class='ocrx_word' id='word_1_676' title='bbox 2694 2583 2895 2636; x_wconf 86' lang='lat' dir='ltr'><strong>nomine</strong></span> <span class='ocrx_word' id='word_1_677' title='bbox 2919 2580 3044 2635; x_wconf 83' lang='lat' dir='ltr'><strong>Jesu</strong></span> <span class='ocrx_word' id='word_1_678' title='bbox 3072 2581 3261 2636; x_wconf 88' lang='lat' dir='ltr'><strong>Christi</strong></span> <span class='ocrx_word' id='word_1_679' title='bbox 3289 2598 3306 2635; x_wconf 89' lang='lat'><strong><em>:</em></strong></span> <span class='ocrx_word' id='word_1_680' title='bbox 3338 2596 3496 2636; x_wconf 86' lang='lat' dir='ltr'><strong>num-</strong></span> 
     </span>
    </p>
   </div>
   <div class='ocr_carea' id='block_1_87' title="bbox 1910 2672 3499 2743">
    <p class='ocr_par' dir='ltr' id='par_1_87' title="bbox 1910 2672 3499 2743">
     <span class='ocr_line' id='line_1_87' title="bbox 1910 2672 3499 2743; baseline -0.001 -16"><span class='ocrx_word' id='word_1_681' title='bbox 1910 2672 2033 2742; x_wconf 91' lang='lat' dir='ltr'><strong>quid</strong></span> <span class='ocrx_word' id='word_1_682' title='bbox 2076 2672 2207 2727; x_wconf 80' lang='lat' dir='ltr'><strong>dixit</strong></span> <span class='ocrx_word' id='word_1_683' title='bbox 2238 2686 2342 2727; x_wconf 90' lang='lat' dir='ltr'><strong>non</strong></span> <span class='ocrx_word' id='word_1_684' title='bbox 2386 2688 2506 2727; x_wconf 90' lang='lat' dir='ltr'><strong>esse</strong></span> <span class='ocrx_word' id='word_1_685' title='bbox 2535 2688 2728 2728; x_wconf 89' lang='lat' dir='ltr'><strong>nomen</strong></span> <span class='ocrx_word' id='word_1_686' title='bbox 2769 2673 2894 2728; x_wconf 88' lang='lat' dir='ltr'><strong>Jesu</strong></span> <span class='ocrx_word' id='word_1_687' title='bbox 2922 2672 3157 2727; x_wconf 88' lang='lat' dir='ltr'><strong>Christi?</strong></span> <span class='ocrx_word' id='word_1_688' title='bbox 3197 2672 3345 2728; x_wconf 86' lang='lat' dir='ltr'><strong>Sicut</strong></span> <span class='ocrx_word' id='word_1_689' title='bbox 3371 2688 3499 2743; x_wconf 85' lang='lat' dir='ltr'><strong>ergo</strong></span> 
     </span>
    </p>
   </div>
   <div class='ocr_carea' id='block_1_88' title="bbox 1911 2764 3500 2836">
    <p class='ocr_par' dir='ltr' id='par_1_88' title="bbox 1911 2764 3500 2836">
     <span class='ocr_line' id='line_1_88' title="bbox 1911 2764 3500 2836; baseline -0.001 -15"><span class='ocrx_word' id='word_1_690' title='bbox 1911 2767 2043 2823; x_wconf 90' lang='lat' dir='ltr'><strong>nihil</strong></span> <span class='ocrx_word' id='word_1_691' title='bbox 2082 2767 2301 2836; x_wconf 90' lang='lat' dir='ltr'><strong>prodest</strong></span> <span class='ocrx_word' id='word_1_692' title='bbox 2344 2766 2649 2836; x_wconf 87' lang='lat' dir='ltr'><strong>sacrilegis,</strong></span> <span class='ocrx_word' id='word_1_693' title='bbox 2695 2765 2834 2836; x_wconf 91' lang='lat' dir='ltr'><strong>quod</strong></span> <span class='ocrx_word' id='word_1_694' title='bbox 2866 2774 3155 2835; x_wconf 86' lang='lat' dir='ltr'><strong>operantur</strong></span> <span class='ocrx_word' id='word_1_695' title='bbox 3183 2764 3234 2819; x_wconf 92' lang='lat' dir='ltr'><strong>in</strong></span> <span class='ocrx_word' id='word_1_696' title='bbox 3283 2765 3500 2820; x_wconf 84' lang='lat' dir='ltr'><strong>nomine</strong></span> 
     </span>
    </p>
   </div>
   <div class='ocr_carea' id='block_1_89' title="bbox 1910 2856 3501 2928">
    <p class='ocr_par' dir='ltr' id='par_1_89' title="bbox 1910 2856 3501 2928">
     <span class='ocr_line' id='line_1_89' title="bbox 1910 2856 3501 2928; baseline -0.003 -15"><span class='ocrx_word' id='word_1_697' title='bbox 1910 2858 2035 2914; x_wconf 80' lang='lat' dir='ltr'><strong>Jesu</strong></span> <span class='ocrx_word' id='word_1_698' title='bbox 2060 2857 2280 2923; x_wconf 87' lang='lat' dir='ltr'><strong>Christi;</strong></span> <span class='ocrx_word' id='word_1_699' title='bbox 2314 2861 2389 2913; x_wconf 91' lang='lat' dir='ltr'><strong>sic</strong></span> <span class='ocrx_word' id='word_1_700' title='bbox 2419 2858 2549 2912; x_wconf 89' lang='lat' dir='ltr'><strong>nihil</strong></span> <span class='ocrx_word' id='word_1_701' title='bbox 2581 2857 2797 2928; x_wconf 86' lang='lat' dir='ltr'><strong>prodest</strong></span> <span class='ocrx_word' id='word_1_702' title='bbox 2827 2857 3094 2912; x_wconf 72' lang='lat' dir='ltr'><strong>hmreticis</strong></span> <span class='ocrx_word' id='word_1_703' title='bbox 3115 2899 3129 2925; x_wconf 97' lang='lat'><strong>,</strong></span> <span class='ocrx_word' id='word_1_704' title='bbox 3159 2856 3299 2927; x_wconf 89' lang='lat' dir='ltr'><strong>quod</strong></span> <span class='ocrx_word' id='word_1_705' title='bbox 3330 2856 3501 2925; x_wconf 86' lang='lat' dir='ltr'><strong>bapti-</strong></span> 
     </span>
    </p>
   </div>
   <div class='ocr_carea' id='block_1_90' title="bbox 1910 2946 3498 3018">
    <p class='ocr_par' dir='ltr' id='par_1_90' title="bbox 1910 2946 3498 3018">
     <span class='ocr_line' id='line_1_90' title="bbox 1910 2946 3498 3018; baseline -0.002 -15"><span class='ocrx_word' id='word_1_706' title='bbox 1910 2957 2033 3003; x_wconf 90' lang='lat' dir='ltr'><strong>zant</strong></span> <span class='ocrx_word' id='word_1_707' title='bbox 2068 2949 2149 3002; x_wconf 88' lang='lat' dir='ltr'><strong>vel</strong></span> <span class='ocrx_word' id='word_1_708' title='bbox 2191 2949 2523 3018; x_wconf 85' lang='lat' dir='ltr'><strong>baptizantur</strong></span> <span class='ocrx_word' id='word_1_709' title='bbox 2566 2949 2617 3002; x_wconf 89' lang='lat' dir='ltr'><strong>in</strong></span> <span class='ocrx_word' id='word_1_710' title='bbox 2658 2948 2930 3018; x_wconf 88' lang='lat' dir='ltr'><strong>Baptismo</strong></span> <span class='ocrx_word' id='word_1_711' title='bbox 2956 2947 3081 3002; x_wconf 86' lang='lat' dir='ltr'><strong>Jesu</strong></span> <span class='ocrx_word' id='word_1_712' title='bbox 3127 2946 3325 3003; x_wconf 81' lang='lat' dir='ltr'><strong>Christi</strong></span> <span class='ocrx_word' id='word_1_713' title='bbox 3356 2966 3368 2999; x_wconf 88' lang='lat'>:</span> <span class='ocrx_word' id='word_1_714' title='bbox 3401 2946 3498 3001; x_wconf 88' lang='lat' dir='ltr'><strong>sed</strong></span> 
     </span>
    </p>
   </div>
   <div class='ocr_carea' id='block_1_91' title="bbox 1913 3036 3502 3104">
    <p class='ocr_par' dir='ltr' id='par_1_91' title="bbox 1913 3036 3502 3104">
     <span class='ocr_line' id='line_1_91' title="bbox 1913 3036 3502 3104; baseline -0.001 -10"><span class='ocrx_word' id='word_1_715' title='bbox 1913 3048 2090 3094; x_wconf 90' lang='lat' dir='ltr'><strong>tamen</strong></span> <span class='ocrx_word' id='word_1_716' title='bbox 2120 3040 2257 3093; x_wconf 90' lang='lat' dir='ltr'><strong>sicut</strong></span> <span class='ocrx_word' id='word_1_717' title='bbox 2286 3038 2414 3092; x_wconf 90' lang='lat' dir='ltr'><strong>illud</strong></span> <span class='ocrx_word' id='word_1_718' title='bbox 2456 3052 2653 3094; x_wconf 92' lang='lat' dir='ltr'><strong>nomen</strong></span> <span class='ocrx_word' id='word_1_719' title='bbox 2676 3048 2759 3093; x_wconf 88' lang='lat' dir='ltr'><strong>est</strong></span> <span class='ocrx_word' id='word_1_720' title='bbox 2791 3036 2918 3093; x_wconf 83' lang='lat' dir='ltr'><strong>Jesu</strong></span> <span class='ocrx_word' id='word_1_721' title='bbox 2941 3036 3174 3104; x_wconf 87' lang='lat' dir='ltr'><strong>Christi,</strong></span> <span class='ocrx_word' id='word_1_722' title='bbox 3206 3037 3278 3092; x_wconf 88' lang='lat' dir='ltr'><strong>ita</strong></span> <span class='ocrx_word' id='word_1_723' title='bbox 3306 3046 3360 3093; x_wconf 85' lang='lat' dir='ltr'><strong>et</strong></span> <span class='ocrx_word' id='word_1_724' title='bbox 3400 3037 3502 3093; x_wconf 64' lang='lat' dir='ltr'><strong>ista</strong></span> 
     </span>
    </p>
   </div>
   <div class='ocr_carea' id='block_1_92' title="bbox 1912 3128 3503 3200">
    <p class='ocr_par' dir='ltr' id='par_1_92' title="bbox 1912 3128 3503 3200">
     <span class='ocr_line' id='line_1_92' title="bbox 1912 3128 3503 3200; baseline -0.001 -16"><span class='ocrx_word' id='word_1_725' title='bbox 1912 3130 2213 3200; x_wconf 89' lang='lat' dir='ltr'><strong>Baptismus</strong></span> <span class='ocrx_word' id='word_1_726' title='bbox 2233 3129 2359 3185; x_wconf 82' lang='lat' dir='ltr'><strong>Jesu</strong></span> <span class='ocrx_word' id='word_1_727' title='bbox 2384 3129 2603 3186; x_wconf 89' lang='lat' dir='ltr'><strong>Christi.</strong></span> <span class='ocrx_word' id='word_1_728' title='bbox 2640 3129 2707 3185; x_wconf 88' lang='lat' dir='ltr'><strong>Et</strong></span> <span class='ocrx_word' id='word_1_729' title='bbox 2733 3136 3018 3199; x_wconf 90' lang='lat' dir='ltr'><strong>utrumque</strong></span> <span class='ocrx_word' id='word_1_730' title='bbox 3036 3128 3426 3199; x_wconf 89' lang='lat' dir='ltr'><strong>agnoscendum</strong></span> <span class='ocrx_word' id='word_1_731' title='bbox 3448 3138 3503 3183; x_wconf 91' lang='lat' dir='ltr'><strong>et</strong></span> 
     </span>
    </p>
   </div>
   <div class='ocr_carea' id='block_1_93' title="bbox 1912 3220 3499 3292">
    <p class='ocr_par' dir='ltr' id='par_1_93' title="bbox 1912 3220 3499 3292">
     <span class='ocr_line' id='line_1_93' title="bbox 1912 3220 3499 3292; baseline -0.002 -16"><span class='ocrx_word' id='word_1_732' title='bbox 1912 3221 2345 3292; x_wconf 87' lang='lat' dir='ltr'><strong>approbandum,</strong></span> <span class='ocrx_word' id='word_1_733' title='bbox 2401 3236 2507 3276; x_wconf 90' lang='lat' dir='ltr'><strong>non</strong></span> <span class='ocrx_word' id='word_1_734' title='bbox 2537 3220 2838 3291; x_wconf 87' lang='lat' dir='ltr'><strong>negandum</strong></span> <span class='ocrx_word' id='word_1_735' title='bbox 2878 3230 2932 3275; x_wconf 90' lang='lat' dir='ltr'><strong>et</strong></span> <span class='ocrx_word' id='word_1_736' title='bbox 2969 3220 3346 3276; x_wconf 88' lang='lat' dir='ltr'><strong>destruendum</strong></span> <span class='ocrx_word' id='word_1_737' title='bbox 3378 3227 3499 3284; x_wconf 92' lang='lat' dir='ltr'><strong>est;</strong></span> 
     </span>
    </p>
   </div>
   <div class='ocr_carea' id='block_1_94' title="bbox 1913 3310 3500 3381">
    <p class='ocr_par' dir='ltr' id='par_1_94' title="bbox 1913 3310 3500 3381">
     <span class='ocr_line' id='line_1_94' title="bbox 1913 3310 3500 3381; baseline -0.004 -11"><span class='ocrx_word' id='word_1_738' title='bbox 1913 3330 1981 3370; x_wconf 92' lang='lat' dir='ltr'><strong>ne</strong></span> <span class='ocrx_word' id='word_1_739' title='bbox 2020 3316 2179 3369; x_wconf 91' lang='lat' dir='ltr'><strong>tantis</strong></span> <span class='ocrx_word' id='word_1_740' title='bbox 2224 3314 2378 3369; x_wconf 92' lang='lat' dir='ltr'><strong>donis</strong></span> <span class='ocrx_word' id='word_1_741' title='bbox 2419 3314 2511 3367; x_wconf 91' lang='lat' dir='ltr'><strong>Dei</strong></span> <span class='ocrx_word' id='word_1_742' title='bbox 2559 3312 2649 3366; x_wconf 88' lang='lat' dir='ltr'><strong>Iiat</strong></span> <span class='ocrx_word' id='word_1_743' title='bbox 2689 3312 2913 3381; x_wconf 91' lang='lat' dir='ltr'><strong>injuria,</strong></span> <span class='ocrx_word' id='word_1_744' title='bbox 2958 3326 3078 3366; x_wconf 91' lang='lat' dir='ltr'><strong>cum</strong></span> <span class='ocrx_word' id='word_1_745' title='bbox 3121 3310 3500 3380; x_wconf 87' lang='lat' dir='ltr'><strong>sacrilegorum</strong></span> 
     </span>
    </p>
   </div>
   <div class='ocr_carea' id='block_1_95' title="bbox 1913 3402 3257 3472">
    <p class='ocr_par' dir='ltr' id='par_1_95' title="bbox 1913 3402 3257 3472">
     <span class='ocr_line' id='line_1_95' title="bbox 1913 3402 3257 3472; baseline -0.002 -10"><span class='ocrx_word' id='word_1_746' title='bbox 1913 3406 2117 3462; x_wconf 91' lang='lat' dir='ltr'><strong>eisdem</strong></span> <span class='ocrx_word' id='word_1_747' title='bbox 2142 3405 2295 3459; x_wconf 92' lang='lat' dir='ltr'><strong>donis</strong></span> <span class='ocrx_word' id='word_1_748' title='bbox 2330 3404 2467 3457; x_wconf 88' lang='lat' dir='ltr'><strong>male</strong></span> <span class='ocrx_word' id='word_1_749' title='bbox 2491 3402 2750 3456; x_wconf 86' lang='lat' dir='ltr'><strong>utentium</strong></span> <span class='ocrx_word' id='word_1_750' title='bbox 2778 3402 3060 3472; x_wconf 89' lang='lat' dir='ltr'><strong>corrigitur</strong></span> <span class='ocrx_word' id='word_1_751' title='bbox 3083 3405 3209 3457; x_wconf 89' lang='lat' dir='ltr'><strong>vita.</strong></span> <span class='ocrx_word' id='word_1_752' title='bbox 3256 3456 3257 3459; x_wconf 44' lang='grc' dir='ltr'><strong>η</strong></span> 
     </span>
    </p>
   </div>
   <div class='ocr_carea' id='block_1_96' title="bbox 1985 3493 3502 3567">
    <p class='ocr_par' dir='ltr' id='par_1_96' title="bbox 1985 3493 3502 3567">
     <span class='ocr_line' id='line_1_96' title="bbox 1985 3493 3502 3567; baseline -0.003 -12"><span class='ocrx_word' id='word_1_753' title='bbox 1985 3501 2073 3555; x_wconf 70' lang='grc'><strong>14.</strong></span> <span class='ocrx_word' id='word_1_754' title='bbox 2116 3500 2206 3555; x_wconf 92' lang='lat' dir='ltr'><strong>Ille</strong></span> <span class='ocrx_word' id='word_1_755' title='bbox 2232 3498 2361 3552; x_wconf 92' lang='lat' dir='ltr'><strong>dicit</strong></span> <span class='ocrx_word' id='word_1_756' title='bbox 2399 3497 2669 3567; x_wconf 89' lang='lat' dir='ltr'><strong>sacrilegis</strong></span> <span class='ocrx_word' id='word_1_757' title='bbox 2702 3495 2966 3551; x_wconf 91' lang='lat' dir='ltr'><strong>dicturum</strong></span> <span class='ocrx_word' id='word_1_758' title='bbox 2996 3495 3277 3550; x_wconf 89' lang='lat' dir='ltr'><strong>Dominum</strong></span> <span class='ocrx_word' id='word_1_759' title='bbox 3299 3536 3313 3562; x_wconf 95' lang='lat'><strong>,</strong></span> <span class='ocrx_word' id='word_1_760' title='bbox 3344 3493 3502 3550; x_wconf 85' lang='lat' dir='ltr'><strong>Rece-</strong></span> 
     </span>
    </p>
   </div>
   <div class='ocr_carea' id='block_1_97' title="bbox 1914 3588 3501 3658">
    <p class='ocr_par' dir='ltr' id='par_1_97' title="bbox 1914 3588 3501 3658">
     <span class='ocr_line' id='line_1_97' title="bbox 1914 3588 3501 3658; baseline -0.004 -11"><span class='ocrx_word' id='word_1_761' title='bbox 1914 3594 2015 3647; x_wconf 88' lang='lat' dir='ltr'><strong>dite</strong></span> <span class='ocrx_word' id='word_1_762' title='bbox 2038 3610 2068 3646; x_wconf 88' lang='lat' dir='ltr'><strong>a</strong></span> <span class='ocrx_word' id='word_1_763' title='bbox 2100 3609 2179 3646; x_wconf 89' lang='lat' dir='ltr'><strong>me</strong></span> <span class='ocrx_word' id='word_1_764' title='bbox 2199 3633 2213 3658; x_wconf 94' lang='lat'><strong>,</strong></span> <span class='ocrx_word' id='word_1_765' title='bbox 2247 3607 2417 3644; x_wconf 90' lang='lat' dir='ltr'><strong>omnes</strong></span> <span class='ocrx_word' id='word_1_766' title='bbox 2440 3591 2524 3658; x_wconf 87' lang='lat' dir='ltr'><strong>qui</strong></span> <span class='ocrx_word' id='word_1_767' title='bbox 2553 3588 2833 3656; x_wconf 88' lang='lat' dir='ltr'><strong>operamini</strong></span> <span class='ocrx_word' id='word_1_768' title='bbox 2855 3588 3166 3657; x_wconf 86' lang='lat' dir='ltr'><strong>iniquitatem</strong></span> <span class='ocrx_word' id='word_1_769' title='bbox 3190 3629 3204 3654; x_wconf 95' lang='lat'><strong>,</strong></span> <span class='ocrx_word' id='word_1_770' title='bbox 3233 3588 3321 3657; x_wconf 91' lang='lat' dir='ltr'><strong>qui</strong></span> <span class='ocrx_word' id='word_1_771' title='bbox 3352 3596 3501 3641; x_wconf 72' lang='lat' dir='ltr'><strong>extra</strong></span> 
     </span>
    </p>
   </div>
   <div class='ocr_carea' id='block_1_98' title="bbox 1915 3678 3502 3752">
    <p class='ocr_par' dir='ltr' id='par_1_98' title="bbox 1915 3678 3502 3752">
     <span class='ocr_line' id='line_1_98' title="bbox 1915 3678 3502 3752; baseline -0.005 -12"><span class='ocrx_word' id='word_1_772' title='bbox 1915 3685 2205 3740; x_wconf 89' lang='lat' dir='ltr'><strong>Ecclesiam</strong></span> <span class='ocrx_word' id='word_1_773' title='bbox 2239 3682 2538 3752; x_wconf 87' lang='lat' dir='ltr'><strong>baptizant,</strong></span> <span class='ocrx_word' id='word_1_774' title='bbox 2568 3682 2650 3734; x_wconf 89' lang='lat' dir='ltr'><strong>vel</strong></span> <span class='ocrx_word' id='word_1_775' title='bbox 2678 3680 2940 3735; x_wconf 70' lang='lat' dir='ltr'><strong>daemonia</strong></span> <span class='ocrx_word' id='word_1_776' title='bbox 2982 3679 3230 3748; x_wconf 89' lang='lat' dir='ltr'><strong>ejiciunt,</strong></span> <span class='ocrx_word' id='word_1_777' title='bbox 3279 3678 3362 3733; x_wconf 91' lang='lat' dir='ltr'><strong>vel</strong></span> <span class='ocrx_word' id='word_1_778' title='bbox 3404 3678 3502 3733; x_wconf 85' lang='lat' dir='ltr'><strong>ali-</strong></span> 
     </span>
    </p>
   </div>
   <div class='ocr_carea' id='block_1_99' title="bbox 1913 3768 3501 3846">
    <p class='ocr_par' dir='ltr' id='par_1_99' title="bbox 1913 3768 3501 3846">
     <span class='ocr_line' id='line_1_99' title="bbox 1913 3768 3501 3846; baseline -0.005 -13"><span class='ocrx_word' id='word_1_779' title='bbox 1913 3793 2046 3846; x_wconf 89' lang='lat' dir='ltr'><strong>quas</strong></span> <span class='ocrx_word' id='word_1_780' title='bbox 2066 3768 2293 3830; x_wconf 88' lang='lat' dir='ltr'><strong>virtutes</strong></span> <span class='ocrx_word' id='word_1_781' title='bbox 2326 3776 2379 3828; x_wconf 92' lang='lat' dir='ltr'><strong>in</strong></span> <span class='ocrx_word' id='word_1_782' title='bbox 2410 3774 2624 3828; x_wconf 90' lang='lat' dir='ltr'><strong>nomine</strong></span> <span class='ocrx_word' id='word_1_783' title='bbox 2654 3772 2780 3827; x_wconf 85' lang='lat' dir='ltr'><strong>Jesu</strong></span> <span class='ocrx_word' id='word_1_784' title='bbox 2810 3772 3007 3826; x_wconf 89' lang='lat' dir='ltr'><strong>Christi</strong></span> <span class='ocrx_word' id='word_1_785' title='bbox 3042 3778 3333 3840; x_wconf 86' lang='lat' dir='ltr'><strong>operantur</strong></span> <span class='ocrx_word' id='word_1_786' title='bbox 3359 3786 3371 3822; x_wconf 91' lang='lat'>:</span> <span class='ocrx_word' id='word_1_787' title='bbox 3402 3784 3501 3825; x_wconf 92' lang='lat' dir='ltr'><strong>nos</strong></span> 
     </span>
    </p>
   </div>
   <div class='ocr_carea' id='block_1_100' title="bbox 1913 3860 3500 3932">
    <p class='ocr_par' dir='ltr' id='par_1_100' title="bbox 1913 3860 3500 3932">
     <span class='ocr_line' id='line_1_100' title="bbox 1913 3860 3500 3932; baseline -0.004 -9"><span class='ocrx_word' id='word_1_788' title='bbox 1913 3878 2087 3923; x_wconf 91' lang='lat' dir='ltr'><strong>autem</strong></span> <span class='ocrx_word' id='word_1_789' title='bbox 2117 3867 2341 3921; x_wconf 87' lang='lat' dir='ltr'><strong>dicimus</strong></span> <span class='ocrx_word' id='word_1_790' title='bbox 2363 3907 2376 3929; x_wconf 94' lang='lat'><strong>,</strong></span> <span class='ocrx_word' id='word_1_791' title='bbox 2409 3866 2516 3919; x_wconf 91' lang='lat' dir='ltr'><strong>imo</strong></span> <span class='ocrx_word' id='word_1_792' title='bbox 2542 3864 2653 3932; x_wconf 90' lang='lat' dir='ltr'><strong>ipsa</strong></span> <span class='ocrx_word' id='word_1_793' title='bbox 2686 3863 2893 3917; x_wconf 82' lang='lat' dir='ltr'><strong>Veritas</strong></span> <span class='ocrx_word' id='word_1_794' title='bbox 2917 3861 3080 3929; x_wconf 91' lang='lat' dir='ltr'><strong>dicit,</strong></span> <span class='ocrx_word' id='word_1_795' title='bbox 3122 3860 3369 3915; x_wconf 93' lang='lat' dir='ltr'><strong>omnibus</strong></span> <span class='ocrx_word' id='word_1_796' title='bbox 3397 3862 3500 3917; x_wconf 90' lang='lat' dir='ltr'><strong>hoc</strong></span> 
     </span>
    </p>
   </div>
   <div class='ocr_carea' id='block_1_101' title="bbox 1915 3952 3501 4023">
    <p class='ocr_par' dir='ltr' id='par_1_101' title="bbox 1915 3952 3501 4023">
     <span class='ocr_line' id='line_1_101' title="bbox 1915 3952 3501 4023; baseline -0.005 -10"><span class='ocrx_word' id='word_1_797' title='bbox 1915 3961 2081 4015; x_wconf 90' lang='lat' dir='ltr'><strong>Deum</strong></span> <span class='ocrx_word' id='word_1_798' title='bbox 2123 3971 2241 4013; x_wconf 89' lang='lat' dir='ltr'><strong>esse</strong></span> <span class='ocrx_word' id='word_1_799' title='bbox 2281 3957 2575 4020; x_wconf 91' lang='lat' dir='ltr'><strong>dicturum,</strong></span> <span class='ocrx_word' id='word_1_800' title='bbox 2620 3954 2713 4023; x_wconf 88' lang='lat' dir='ltr'><strong>qui</strong></span> <span class='ocrx_word' id='word_1_801' title='bbox 2758 3953 2896 4007; x_wconf 89' lang='lat' dir='ltr'><strong>intra</strong></span> <span class='ocrx_word' id='word_1_802' title='bbox 2940 3952 3051 4021; x_wconf 87' lang='lat' dir='ltr'><strong>ipsa</strong></span> <span class='ocrx_word' id='word_1_803' title='bbox 3098 3952 3318 4006; x_wconf 87' lang='lat' dir='ltr'><strong>unitatis</strong></span> <span class='ocrx_word' id='word_1_804' title='bbox 3364 3952 3501 4006; x_wconf 83' lang='lat' dir='ltr'><strong>retia</strong></span> 
     </span>
    </p>
   </div>
   <div class='ocr_carea' id='block_1_102' title="bbox 1912 4040 3500 4121">
    <p class='ocr_par' dir='ltr' id='par_1_102' title="bbox 1912 4040 3500 4121">
     <span class='ocr_line' id='line_1_102' title="bbox 1912 4040 3500 4121; baseline -0.006 -15"><span class='ocrx_word' id='word_1_805' title='bbox 1912 4052 2037 4107; x_wconf 89' lang='lat' dir='ltr'><strong>mali</strong></span> <span class='ocrx_word' id='word_1_806' title='bbox 2074 4051 2247 4121; x_wconf 89' lang='lat' dir='ltr'><strong>pisces</strong></span> <span class='ocrx_word' id='word_1_807' title='bbox 2285 4064 2404 4103; x_wconf 91' lang='lat' dir='ltr'><strong>cum</strong></span> <span class='ocrx_word' id='word_1_808' title='bbox 2434 4046 2588 4101; x_wconf 87' lang='lat' dir='ltr'><strong>bonis</strong></span> <span class='ocrx_word' id='word_1_809' title='bbox 2619 4059 2783 4115; x_wconf 89' lang='lat' dir='ltr'><strong>usque</strong></span> <span class='ocrx_word' id='word_1_810' title='bbox 2811 4043 2877 4097; x_wconf 93' lang='lat' dir='ltr'><strong>ad</strong></span> <span class='ocrx_word' id='word_1_811' title='bbox 2924 4043 3072 4097; x_wconf 91' lang='lat' dir='ltr'><strong>littus</strong></span> <span class='ocrx_word' id='word_1_812' title='bbox 3112 4050 3314 4096; x_wconf 86' lang='lat' dir='ltr'><strong>natant.</strong></span> <span class='ocrx_word' id='word_1_813' title='bbox 3358 4040 3500 4109; x_wconf 83' lang='lat' dir='ltr'><strong>Quid</strong></span> 
     </span>
    </p>
   </div>
   <div class='ocr_carea' id='block_1_103' title="bbox 1913 4132 3498 4203">
    <p class='ocr_par' dir='ltr' id='par_1_103' title="bbox 1913 4132 3498 4203">
     <span class='ocr_line' id='line_1_103' title="bbox 1913 4132 3498 4203; baseline -0.008 -5"><span class='ocrx_word' id='word_1_814' title='bbox 1913 4144 2054 4198; x_wconf 91' lang='lat' dir='ltr'><strong>enim</strong></span> <span class='ocrx_word' id='word_1_815' title='bbox 2094 4142 2176 4197; x_wconf 89' lang='lat' dir='ltr'><strong>eis</strong></span> <span class='ocrx_word' id='word_1_816' title='bbox 2205 4138 2347 4193; x_wconf 90' lang='lat' dir='ltr'><strong>aliud</strong></span> <span class='ocrx_word' id='word_1_817' title='bbox 2376 4138 2609 4203; x_wconf 87' lang='lat' dir='ltr'><strong>dicetur,</strong></span> <span class='ocrx_word' id='word_1_818' title='bbox 2642 4151 2761 4191; x_wconf 91' lang='lat' dir='ltr'><strong>eum</strong></span> <span class='ocrx_word' id='word_1_819' title='bbox 2804 4134 2857 4187; x_wconf 86' lang='lat' dir='ltr'><strong>iu</strong></span> <span class='ocrx_word' id='word_1_820' title='bbox 2884 4147 3010 4188; x_wconf 88' lang='lat' dir='ltr'><strong>vasa</strong></span> <span class='ocrx_word' id='word_1_821' title='bbox 3039 4132 3275 4188; x_wconf 85' lang='lat' dir='ltr'><strong>collectis</strong></span> <span class='ocrx_word' id='word_1_822' title='bbox 3307 4132 3498 4199; x_wconf 91' lang='lat' dir='ltr'><strong>bonis,</strong></span> 
     </span>
    </p>
   </div>
   <div class='ocr_carea' id='block_1_104' title="bbox 1913 4224 3498 4302">
    <p class='ocr_par' dir='ltr' id='par_1_104' title="bbox 1913 4224 3498 4302">
     <span class='ocr_line' id='line_1_104' title="bbox 1913 4224 3498 4302; baseline -0.007 -12"><span class='ocrx_word' id='word_1_823' title='bbox 1913 4236 1988 4290; x_wconf 92' lang='lat' dir='ltr'><strong>illi</strong></span> <span class='ocrx_word' id='word_1_824' title='bbox 2028 4234 2150 4288; x_wconf 90' lang='lat' dir='ltr'><strong>mali</strong></span> <span class='ocrx_word' id='word_1_825' title='bbox 2181 4232 2411 4302; x_wconf 89' lang='lat' dir='ltr'><strong>separati</strong></span> <span class='ocrx_word' id='word_1_826' title='bbox 2457 4230 2801 4300; x_wconf 81' lang='lat' dir='ltr'><strong>projicientur</strong></span> <span class='ocrx_word' id='word_1_827' title='bbox 2825 4269 2839 4295; x_wconf 97' lang='lat'><strong>,</strong></span> <span class='ocrx_word' id='word_1_828' title='bbox 2874 4227 3008 4293; x_wconf 90' lang='lat' dir='ltr'><strong>nisi,</strong></span> <span class='ocrx_word' id='word_1_829' title='bbox 3038 4224 3288 4281; x_wconf 53' lang='lat' dir='ltr'><strong>Recedite&#39;</strong></span> <span class='ocrx_word' id='word_1_830' title='bbox 3313 4242 3345 4279; x_wconf 89' lang='lat' dir='ltr'><strong>a</strong></span> <span class='ocrx_word' id='word_1_831' title='bbox 3383 4241 3498 4293; x_wconf 90' lang='lat' dir='ltr'><strong>me,</strong></span> 
     </span>
    </p>
   </div>
   <div class='ocr_carea' id='block_1_105' title="bbox 1913 4314 3501 4396">
    <p class='ocr_par' dir='ltr' id='par_1_105' title="bbox 1913 4314 3501 4396">
     <span class='ocr_line' id='line_1_105' title="bbox 1913 4314 3501 4396; baseline -0.006 -16"><span class='ocrx_word' id='word_1_832' title='bbox 1913 4327 2000 4395; x_wconf 90' lang='lat' dir='ltr'><strong>qui</strong></span> <span class='ocrx_word' id='word_1_833' title='bbox 2037 4324 2317 4396; x_wconf 82' lang='lat' dir='ltr'><strong>operamini</strong></span> <span class='ocrx_word' id='word_1_834' title='bbox 2354 4320 2714 4393; x_wconf 88' lang='lat' dir='ltr'><strong>iniquitatem?</strong></span> <span class='ocrx_word' id='word_1_835' title='bbox 2741 4319 2852 4374; x_wconf 89' lang='lat' dir='ltr'><strong>Nec</strong></span> <span class='ocrx_word' id='word_1_836' title='bbox 2894 4326 3068 4372; x_wconf 86' lang='lat' dir='ltr'><strong>tamen</strong></span> <span class='ocrx_word' id='word_1_837' title='bbox 3099 4316 3153 4371; x_wconf 90' lang='lat' dir='ltr'><strong>in</strong></span> <span class='ocrx_word' id='word_1_838' title='bbox 3194 4316 3272 4371; x_wconf 88' lang='lat' dir='ltr'><strong>eis</strong></span> <span class='ocrx_word' id='word_1_839' title='bbox 3300 4314 3501 4371; x_wconf 84' lang='lat' dir='ltr'><strong>Christi</strong></span> 
     </span>
    </p>
   </div>
   <div class='ocr_carea' id='block_1_106' title="bbox 1914 4408 3498 4480">
    <p class='ocr_par' dir='ltr' id='par_1_106' title="bbox 1914 4408 3498 4480">
     <span class='ocr_line' id='line_1_106' title="bbox 1914 4408 3498 4480; baseline -0.008 -6"><span class='ocrx_word' id='word_1_840' title='bbox 1914 4419 2255 4475; x_wconf 86' lang='lat' dir='ltr'><strong>Sacramenta</strong></span> <span class='ocrx_word' id='word_1_841' title='bbox 2286 4415 2642 4480; x_wconf 88' lang='lat' dir='ltr'><strong>destruimus,</strong></span> <span class='ocrx_word' id='word_1_842' title='bbox 2675 4427 2795 4468; x_wconf 91' lang='lat' dir='ltr'><strong>eum</strong></span> <span class='ocrx_word' id='word_1_843' title='bbox 2828 4410 2913 4467; x_wconf 91' lang='lat' dir='ltr'><strong>vel</strong></span> <span class='ocrx_word' id='word_1_844' title='bbox 2956 4410 3089 4466; x_wconf 88' lang='lat' dir='ltr'><strong>tales</strong></span> <span class='ocrx_word' id='word_1_845' title='bbox 3130 4408 3498 4479; x_wconf 86' lang='lat' dir='ltr'><strong>baptizantcs,</strong></span> 
     </span>
    </p>
   </div>
   <div class='ocr_carea' id='block_1_107' title="bbox 1914 4504 3502 4581">
    <p class='ocr_par' dir='ltr' id='par_1_107' title="bbox 1914 4504 3502 4581">
     <span class='ocr_line' id='line_1_107' title="bbox 1914 4504 3502 4581; baseline -0.008 -14"><span class='ocrx_word' id='word_1_846' title='bbox 1914 4513 1996 4567; x_wconf 90' lang='lat' dir='ltr'><strong>vel</strong></span> <span class='ocrx_word' id='word_1_847' title='bbox 2034 4512 2167 4567; x_wconf 89' lang='lat' dir='ltr'><strong>tales</strong></span> <span class='ocrx_word' id='word_1_848' title='bbox 2196 4511 2494 4581; x_wconf 88' lang='lat' dir='ltr'><strong>baptizatos</strong></span> <span class='ocrx_word' id='word_1_849' title='bbox 2524 4510 2660 4563; x_wconf 90' lang='lat' dir='ltr'><strong>intra</strong></span> <span class='ocrx_word' id='word_1_850' title='bbox 2702 4506 2886 4562; x_wconf 88' lang='lat' dir='ltr'><strong>eadem</strong></span> <span class='ocrx_word' id='word_1_851' title='bbox 2914 4504 3132 4559; x_wconf 87' lang='lat' dir='ltr'><strong>unitatis</strong></span> <span class='ocrx_word' id='word_1_852' title='bbox 3172 4504 3306 4558; x_wconf 86' lang='lat' dir='ltr'><strong>retia</strong></span> <span class='ocrx_word' id='word_1_853' title='bbox 3336 4517 3502 4573; x_wconf 78' lang='lat' dir='ltr'><strong>agno~</strong></span> 
     </span>
    </p>
   </div>
   <div class='ocr_carea' id='block_1_108' title="bbox 1913 4592 3500 4673">
    <p class='ocr_par' dir='ltr' id='par_1_108' title="bbox 1913 4592 3500 4673">
     <span class='ocr_line' id='line_1_108' title="bbox 1913 4592 3500 4673; baseline -0.008 -13"><span class='ocrx_word' id='word_1_854' title='bbox 1913 4606 2131 4661; x_wconf 91' lang='lat' dir='ltr'><strong>scimus.</strong></span> <span class='ocrx_word' id='word_1_855' title='bbox 2174 4602 2324 4673; x_wconf 88' lang='lat' dir='ltr'><strong>Ipsos</strong></span> <span class='ocrx_word' id='word_1_856' title='bbox 2362 4615 2570 4673; x_wconf 90' lang='lat' dir='ltr'><strong>quoque</strong></span> <span class='ocrx_word' id='word_1_857' title='bbox 2614 4614 2722 4653; x_wconf 90' lang='lat' dir='ltr'><strong>non</strong></span> <span class='ocrx_word' id='word_1_858' title='bbox 2765 4596 2996 4651; x_wconf 89' lang='lat' dir='ltr'><strong>arbitror</strong></span> <span class='ocrx_word' id='word_1_859' title='bbox 3025 4605 3131 4650; x_wconf 91' lang='lat' dir='ltr'><strong>tam</strong></span> <span class='ocrx_word' id='word_1_860' title='bbox 3163 4608 3282 4650; x_wconf 90' lang='lat' dir='ltr'><strong>esse</strong></span> <span class='ocrx_word' id='word_1_861' title='bbox 3327 4592 3500 4664; x_wconf 89' lang='lat' dir='ltr'><strong>impu-</strong></span> 
     </span>
    </p>
   </div>
   <div class='ocr_carea' id='block_1_109' title="bbox 1913 4689 3503 4765">
    <p class='ocr_par' dir='ltr' id='par_1_109' title="bbox 1913 4689 3503 4765">
     <span class='ocr_line' id='line_1_109' title="bbox 1913 4689 3503 4765; baseline -0.009 -10"><span class='ocrx_word' id='word_1_862' title='bbox 1913 4700 2099 4755; x_wconf 90' lang='lat' dir='ltr'><strong>dentes</strong></span> <span class='ocrx_word' id='word_1_863' title='bbox 2120 4740 2135 4765; x_wconf 90' lang='lat'><strong>,</strong></span> <span class='ocrx_word' id='word_1_864' title='bbox 2165 4707 2222 4753; x_wconf 90' lang='lat' dir='ltr'><strong>ut</strong></span> <span class='ocrx_word' id='word_1_865' title='bbox 2252 4697 2481 4752; x_wconf 88' lang='lat' dir='ltr'><strong>audeant</strong></span> <span class='ocrx_word' id='word_1_866' title='bbox 2508 4695 2685 4749; x_wconf 90' lang='lat' dir='ltr'><strong>dicere</strong></span> <span class='ocrx_word' id='word_1_867' title='bbox 2705 4734 2718 4758; x_wconf 95' lang='lat'><strong>,</strong></span> <span class='ocrx_word' id='word_1_868' title='bbox 2753 4700 2858 4745; x_wconf 90' lang='lat' dir='ltr'><strong>tam</strong></span> <span class='ocrx_word' id='word_1_869' title='bbox 2902 4690 3085 4745; x_wconf 89' lang='lat' dir='ltr'><strong>multis</strong></span> <span class='ocrx_word' id='word_1_870' title='bbox 3112 4689 3268 4744; x_wconf 88' lang='lat' dir='ltr'><strong>malis</strong></span> <span class='ocrx_word' id='word_1_871' title='bbox 3294 4696 3347 4743; x_wconf 92' lang='lat' dir='ltr'><strong>et</strong></span> <span class='ocrx_word' id='word_1_872' title='bbox 3386 4702 3503 4742; x_wconf 85' lang='lat' dir='ltr'><strong>sce-</strong></span> 
     </span>
    </p>
   </div>
   <div class='ocr_carea' id='block_1_110' title="bbox 1914 4780 3501 4858">
    <p class='ocr_par' dir='ltr' id='par_1_110' title="bbox 1914 4780 3501 4858">
     <span class='ocr_line' id='line_1_110' title="bbox 1914 4780 3501 4858; baseline -0.007 -13"><span class='ocrx_word' id='word_1_873' title='bbox 1914 4791 2131 4855; x_wconf 90' lang='lat' dir='ltr'><strong>leratis,</strong></span> <span class='ocrx_word' id='word_1_874' title='bbox 2161 4790 2247 4858; x_wconf 89' lang='lat' dir='ltr'><strong>qui</strong></span> <span class='ocrx_word' id='word_1_875' title='bbox 2293 4789 2343 4841; x_wconf 92' lang='lat' dir='ltr'><strong>in</strong></span> <span class='ocrx_word' id='word_1_876' title='bbox 2372 4800 2553 4841; x_wconf 90' lang='lat' dir='ltr'><strong>eorum</strong></span> <span class='ocrx_word' id='word_1_877' title='bbox 2597 4792 2745 4853; x_wconf 90' lang='lat' dir='ltr'><strong>parte</strong></span> <span class='ocrx_word' id='word_1_878' title='bbox 2774 4790 2899 4837; x_wconf 90' lang='lat' dir='ltr'><strong>sunt</strong></span> <span class='ocrx_word' id='word_1_879' title='bbox 2943 4780 3239 4836; x_wconf 81' lang='lat' dir='ltr'><strong>manifestis</strong></span> <span class='ocrx_word' id='word_1_880' title='bbox 3291 4780 3501 4849; x_wconf 85' lang='lat' dir='ltr'><strong>ﬂagitiis</strong></span> 
     </span>
    </p>
   </div>
   <div class='ocr_carea' id='block_1_111' title="bbox 1913 4870 3500 4948">
    <p class='ocr_par' dir='ltr' id='par_1_111' title="bbox 1913 4870 3500 4948">
     <span class='ocr_line' id='line_1_111' title="bbox 1913 4870 3500 4948; baseline -0.009 -10"><span class='ocrx_word' id='word_1_881' title='bbox 1913 4893 1966 4939; x_wconf 92' lang='lat' dir='ltr'><strong>et</strong></span> <span class='ocrx_word' id='word_1_882' title='bbox 2014 4880 2333 4937; x_wconf 81' lang='lat' dir='ltr'><strong>facinoribus</strong></span> <span class='ocrx_word' id='word_1_883' title='bbox 2373 4876 2563 4948; x_wconf 89' lang='lat' dir='ltr'><strong>perditi</strong></span> <span class='ocrx_word' id='word_1_884' title='bbox 2608 4884 2660 4930; x_wconf 91' lang='lat' dir='ltr'><strong>et</strong></span> <span class='ocrx_word' id='word_1_885' title='bbox 2707 4875 3000 4945; x_wconf 87' lang='lat' dir='ltr'><strong>inquinati,</strong></span> <span class='ocrx_word' id='word_1_886' title='bbox 3033 4873 3135 4928; x_wconf 89' lang='lat' dir='ltr'><strong>hoc</strong></span> <span class='ocrx_word' id='word_1_887' title='bbox 3161 4881 3276 4937; x_wconf 90' lang='lat' dir='ltr'><strong>est,</strong></span> <span class='ocrx_word' id='word_1_888' title='bbox 3324 4870 3500 4924; x_wconf 84' lang='lat' dir='ltr'><strong>avaris</strong></span> 
     </span>
    </p>
   </div>
   <div class='ocr_carea' id='block_1_112' title="bbox 1913 4963 3497 5047">
    <p class='ocr_par' dir='ltr' id='par_1_112' title="bbox 1913 4963 3497 5047">
     <span class='ocr_line' id='line_1_112' title="bbox 1913 4963 3497 5047; baseline -0.009 -16"><span class='ocrx_word' id='word_1_889' title='bbox 1913 4987 2071 5047; x_wconf 90' lang='lat' dir='ltr'><strong>atque</strong></span> <span class='ocrx_word' id='word_1_890' title='bbox 2125 4973 2466 5044; x_wconf 89' lang='lat' dir='ltr'><strong>raptoribus,</strong></span> <span class='ocrx_word' id='word_1_891' title='bbox 2532 4970 2642 5025; x_wconf 89' lang='lat' dir='ltr'><strong>sive</strong></span> <span class='ocrx_word' id='word_1_892' title='bbox 2707 4969 3023 5025; x_wconf 90' lang='lat' dir='ltr'><strong>truculentis</strong></span> <span class='ocrx_word' id='word_1_893' title='bbox 3072 4963 3497 5028; x_wconf 87' lang='lat' dir='ltr'><strong>feneratoribus,</strong></span> 
     </span>
    </p>
   </div>
   <div class='ocr_carea' id='block_1_113' title="bbox 1914 5058 3499 5127">
    <p class='ocr_par' dir='ltr' id='par_1_113' title="bbox 1914 5058 3499 5127">
     <span class='ocr_line' id='line_1_113' title="bbox 1914 5058 3499 5127; baseline -0.009 -4"><span class='ocrx_word' id='word_1_894' title='bbox 1914 5069 2025 5123; x_wconf 88' lang='lat' dir='ltr'><strong>sive</strong></span> <span class='ocrx_word' id='word_1_895' title='bbox 2068 5065 2303 5121; x_wconf 90' lang='lat' dir='ltr'><strong>cruentis</strong></span> <span class='ocrx_word' id='word_1_896' title='bbox 2339 5062 2885 5127; x_wconf 86' lang='lat' dir='ltr'><strong>circumcellionibus,</strong></span> <span class='ocrx_word' id='word_1_897' title='bbox 2929 5058 3211 5113; x_wconf 91' lang='lat' dir='ltr'><strong>Dominum</strong></span> <span class='ocrx_word' id='word_1_898' title='bbox 3247 5068 3350 5109; x_wconf 92' lang='lat' dir='ltr'><strong>non</strong></span> <span class='ocrx_word' id='word_1_899' title='bbox 3380 5066 3499 5108; x_wconf 88' lang='lat' dir='ltr'><strong>esse</strong></span> 
     </span>
    </p>
   </div>
   <div class='ocr_carea' id='block_1_114' title="bbox 1912 5146 3498 5224">
    <p class='ocr_par' dir='ltr' id='par_1_114' title="bbox 1912 5146 3498 5224">
     <span class='ocr_line' id='line_1_114' title="bbox 1912 5146 3498 5224; baseline -0.013 -8"><span class='ocrx_word' id='word_1_900' title='bbox 1912 5162 2213 5224; x_wconf 89' lang='lat' dir='ltr'><strong>dicturum,</strong></span> <span class='ocrx_word' id='word_1_901' title='bbox 2269 5157 2503 5211; x_wconf 83' lang='lat' dir='ltr'><strong>Recedite</strong></span> <span class='ocrx_word' id='word_1_902' title='bbox 2554 5172 2586 5208; x_wconf 88' lang='lat' dir='ltr'><strong>a</strong></span> <span class='ocrx_word' id='word_1_903' title='bbox 2632 5171 2739 5220; x_wconf 88' lang='lat' dir='ltr'><strong>me,</strong></span> <span class='ocrx_word' id='word_1_904' title='bbox 2795 5153 2880 5224; x_wconf 89' lang='lat' dir='ltr'><strong>qui</strong></span> <span class='ocrx_word' id='word_1_905' title='bbox 2933 5148 3209 5222; x_wconf 84' lang='lat' dir='ltr'><strong>aperantini</strong></span> <span class='ocrx_word' id='word_1_906' title='bbox 3256 5146 3498 5215; x_wconf 86' lang='lat' dir='ltr'><strong>iniquita-</strong></span> 
     </span>
    </p>
   </div>
   <div class='ocr_carea' id='block_1_115' title="bbox 1913 5238 3500 5315">
    <p class='ocr_par' dir='ltr' id='par_1_115' title="bbox 1913 5238 3500 5315">
     <span class='ocr_line' id='line_1_115' title="bbox 1913 5238 3500 5315; baseline -0.009 -8"><span class='ocrx_word' id='word_1_907' title='bbox 1913 5263 2008 5309; x_wconf 89' lang='lat' dir='ltr'><strong>tem</strong></span> <span class='ocrx_word' id='word_1_908' title='bbox 2051 5272 2068 5308; x_wconf 89' lang='lat'><strong><em>:</em></strong></span> <span class='ocrx_word' id='word_1_909' title='bbox 2111 5261 2165 5307; x_wconf 88' lang='lat' dir='ltr'><strong>et</strong></span> <span class='ocrx_word' id='word_1_910' title='bbox 2206 5260 2379 5307; x_wconf 86' lang='lat' dir='ltr'><strong>tamen</strong></span> <span class='ocrx_word' id='word_1_911' title='bbox 2432 5250 2638 5315; x_wconf 86' lang='lat' dir='ltr'><strong>sciunt,</strong></span> <span class='ocrx_word' id='word_1_912' title='bbox 2669 5247 2880 5310; x_wconf 84' lang='lat' dir='ltr'><strong>vident,</strong></span> <span class='ocrx_word' id='word_1_913' title='bbox 2934 5249 3149 5307; x_wconf 87' lang='lat' dir='ltr'><strong>tenent,</strong></span> <span class='ocrx_word' id='word_1_914' title='bbox 3196 5238 3392 5293; x_wconf 88' lang='lat' dir='ltr'><strong>multos</strong></span> <span class='ocrx_word' id='word_1_915' title='bbox 3430 5246 3500 5293; x_wconf 81' lang='lat' dir='ltr'><strong>ta-</strong></span> 
     </span>
    </p>
   </div>
   <div class='ocr_carea' id='block_1_116' title="bbox 1912 5329 3499 5415">
    <p class='ocr_par' dir='ltr' id='par_1_116' title="bbox 1912 5329 3499 5415">
     <span class='ocr_line' id='line_1_116' title="bbox 1912 5329 3499 5415; baseline -0.01 -14"><span class='ocrx_word' id='word_1_916' title='bbox 1912 5346 1990 5401; x_wconf 87' lang='lat' dir='ltr'><strong>les</strong></span> <span class='ocrx_word' id='word_1_917' title='bbox 2028 5343 2328 5415; x_wconf 86' lang='lat' dir='ltr'><strong>baptizare,</strong></span> <span class='ocrx_word' id='word_1_918' title='bbox 2362 5342 2555 5396; x_wconf 88' lang='lat' dir='ltr'><strong>multos</strong></span> <span class='ocrx_word' id='word_1_919' title='bbox 2586 5356 2614 5392; x_wconf 91' lang='lat' dir='ltr'><strong>a</strong></span> <span class='ocrx_word' id='word_1_920' title='bbox 2648 5339 2842 5392; x_wconf 89' lang='lat' dir='ltr'><strong>talibus</strong></span> <span class='ocrx_word' id='word_1_921' title='bbox 2885 5333 3173 5402; x_wconf 86' lang='lat' dir='ltr'><strong>baptizari;</strong></span> <span class='ocrx_word' id='word_1_922' title='bbox 3209 5345 3306 5383; x_wconf 89' lang='lat' dir='ltr'><strong>nec</strong></span> <span class='ocrx_word' id='word_1_923' title='bbox 3337 5331 3387 5384; x_wconf 90' lang='lat' dir='ltr'><strong>in</strong></span> <span class='ocrx_word' id='word_1_924' title='bbox 3418 5329 3499 5385; x_wconf 87' lang='lat' dir='ltr'><strong>eis</strong></span> 
     </span>
    </p>
   </div>
   <div class='ocr_carea' id='block_1_117' title="bbox 1911 5422 3499 5495">
    <p class='ocr_par' dir='ltr' id='par_1_117' title="bbox 1911 5422 3499 5495">
     <span class='ocr_line' id='line_1_117' title="bbox 1911 5422 3499 5495; baseline -0.009 -4"><span class='ocrx_word' id='word_1_925' title='bbox 1911 5438 2105 5492; x_wconf 84' lang='lat' dir='ltr'><strong>Christi</strong></span> <span class='ocrx_word' id='word_1_926' title='bbox 2134 5436 2330 5488; x_wconf 88' lang='lat' dir='ltr'><strong>violant</strong></span> <span class='ocrx_word' id='word_1_927' title='bbox 2354 5434 2775 5495; x_wconf 81' lang='lat' dir='ltr'><strong>Sacramentum,</strong></span> <span class='ocrx_word' id='word_1_928' title='bbox 2809 5428 2967 5483; x_wconf 87' lang='lat' dir='ltr'><strong>etiam</strong></span> <span class='ocrx_word' id='word_1_929' title='bbox 2998 5424 3070 5479; x_wconf 89' lang='lat' dir='ltr'><strong>illi</strong></span> <span class='ocrx_word' id='word_1_930' title='bbox 3101 5424 3290 5494; x_wconf 89' lang='lat' dir='ltr'><strong>quibus</strong></span> <span class='ocrx_word' id='word_1_931' title='bbox 3312 5422 3499 5492; x_wconf 79' lang='lat' dir='ltr'><strong>displi-</strong></span> 
     </span>
    </p>
   </div>
   <div class='ocr_carea' id='block_1_118' title="bbox 1910 5517 3494 5589">
    <p class='ocr_par' dir='ltr' id='par_1_118' title="bbox 1910 5517 3494 5589">
     <span class='ocr_line' id='line_1_118' title="bbox 1910 5517 3494 5589; baseline -0.008 -5"><span class='ocrx_word' id='word_1_932' title='bbox 1910 5539 2032 5584; x_wconf 89' lang='lat' dir='ltr'><strong>cent</strong></span> <span class='ocrx_word' id='word_1_933' title='bbox 2069 5529 2271 5585; x_wconf 86' lang='lat' dir='ltr'><strong>scclcra</strong></span> <span class='ocrx_word' id='word_1_934' title='bbox 2313 5542 2516 5582; x_wconf 90' lang='lat' dir='ltr'><strong>eorum.</strong></span> <span class='ocrx_word' id='word_1_935' title='bbox 2560 5524 2673 5578; x_wconf 85' lang='lat' dir='ltr'><strong>Non</strong></span> <span class='ocrx_word' id='word_1_936' title='bbox 2712 5522 2879 5576; x_wconf 90' lang='lat' dir='ltr'><strong>solum</strong></span> <span class='ocrx_word' id='word_1_937' title='bbox 2926 5520 3103 5589; x_wconf 87' lang='lat' dir='ltr'><strong>itaque</strong></span> <span class='ocrx_word' id='word_1_938' title='bbox 3145 5517 3277 5571; x_wconf 89' lang='lat' dir='ltr'><strong>nihil</strong></span> <span class='ocrx_word' id='word_1_939' title='bbox 3309 5525 3494 5571; x_wconf 81' lang='lat' dir='ltr'><strong>contra</strong></span> 
     </span>
    </p>
   </div>
   <div class='ocr_carea' id='block_1_119' title="bbox 1910 5609 3498 5687">
    <p class='ocr_par' dir='ltr' id='par_1_119' title="bbox 1910 5609 3498 5687">
     <span class='ocr_line' id='line_1_119' title="bbox 1910 5609 3498 5687; baseline -0.009 -10"><span class='ocrx_word' id='word_1_940' title='bbox 1910 5638 2006 5676; x_wconf 91' lang='lat' dir='ltr'><strong>nos</strong></span> <span class='ocrx_word' id='word_1_941' title='bbox 2026 5622 2177 5687; x_wconf 79' lang='lat' dir='ltr'><strong>dixit,</strong></span> <span class='ocrx_word' id='word_1_942' title='bbox 2206 5635 2325 5674; x_wconf 89' lang='lat' dir='ltr'><strong>cum</strong></span> <span class='ocrx_word' id='word_1_943' title='bbox 2350 5621 2462 5672; x_wconf 77' lang='lat' dir='ltr'><strong>haec</strong></span> <span class='ocrx_word' id='word_1_944' title='bbox 2484 5614 2783 5684; x_wconf 51' lang='lat' dir='ltr'><strong>«angelica</strong></span> <span class='ocrx_word' id='word_1_945' title='bbox 2814 5610 3116 5665; x_wconf 90' lang='lat' dir='ltr'><strong>testimonia</strong></span> <span class='ocrx_word' id='word_1_946' title='bbox 3146 5609 3382 5679; x_wconf 85' lang='lat' dir='ltr'><strong>protulit;</strong></span> <span class='ocrx_word' id='word_1_947' title='bbox 3405 5623 3498 5664; x_wconf 80' lang='lat' dir='ltr'><strong>vc-</strong></span> 
     </span>
    </p>
   </div>
   <div class='ocr_carea' id='block_1_120' title="bbox 1909 5698 3492 5779">
    <p class='ocr_par' dir='ltr' id='par_1_120' title="bbox 1909 5698 3492 5779">
     <span class='ocr_line' id='line_1_120' title="bbox 1909 5698 3492 5779; baseline -0.009 -10"><span class='ocrx_word' id='word_1_948' title='bbox 1909 5729 2024 5769; x_wconf 92' lang='lat' dir='ltr'><strong>rum</strong></span> <span class='ocrx_word' id='word_1_949' title='bbox 2050 5714 2207 5768; x_wconf 86' lang='lat' dir='ltr'><strong>etiam</strong></span> <span class='ocrx_word' id='word_1_950' title='bbox 2243 5726 2340 5764; x_wconf 85' lang='lat' dir='ltr'><strong>nos</strong></span> <span class='ocrx_word' id='word_1_951' title='bbox 2366 5708 2491 5779; x_wconf 90' lang='lat' dir='ltr'><strong>quid</strong></span> <span class='ocrx_word' id='word_1_952' title='bbox 2520 5715 2701 5762; x_wconf 89' lang='lat' dir='ltr'><strong>contra</strong></span> <span class='ocrx_word' id='word_1_953' title='bbox 2724 5718 2818 5757; x_wconf 89' lang='lat' dir='ltr'><strong>eos</strong></span> <span class='ocrx_word' id='word_1_954' title='bbox 2837 5702 3133 5758; x_wconf 85' lang='lat' dir='ltr'><strong>diceremus</strong></span> <span class='ocrx_word' id='word_1_955' title='bbox 3152 5742 3166 5768; x_wconf 96' lang='lat'><strong>,</strong></span> <span class='ocrx_word' id='word_1_956' title='bbox 3198 5698 3492 5755; x_wconf 79' lang='lat' dir='ltr'><strong>admonuit.</strong></span> 
     </span>
    </p>
   </div>
   <div class='ocr_carea' id='block_1_121' title="bbox 1980 5789 3497 5875">
    <p class='ocr_par' dir='ltr' id='par_1_121' title="bbox 1980 5789 3497 5875">
     <span class='ocr_line' id='line_1_121' title="bbox 1980 5789 3497 5875; baseline -0.006 -12"><span class='ocrx_word' id='word_1_957' title='bbox 1980 5804 2205 5864; x_wconf 83' lang='lat' dir='ltr'><strong>CAPUT</strong></span> <span class='ocrx_word' id='word_1_958' title='bbox 2236 5802 2325 5860; x_wconf 69' lang='lat' dir='ltr'><strong>IX.</strong></span> <span class='ocrx_word' id='word_1_959' title='bbox 2350 5831 2418 5842; x_wconf 95' lang='lat'><strong><em>—</em></strong></span> <span class='ocrx_word' id='word_1_960' title='bbox 2444 5800 2531 5858; x_wconf 82' lang='grc'><strong>15.</strong></span> <span class='ocrx_word' id='word_1_961' title='bbox 2558 5794 2786 5857; x_wconf 88' lang='lat' dir='ltr'><strong>Proinde</strong></span> <span class='ocrx_word' id='word_1_962' title='bbox 2806 5793 2947 5875; x_wconf 88' lang='lat' dir='ltr'><strong>quod</strong></span> <span class='ocrx_word' id='word_1_963' title='bbox 2973 5793 3210 5868; x_wconf 83' lang='lat' dir='ltr'><strong>sequitur</strong></span> <span class='ocrx_word' id='word_1_964' title='bbox 3231 5798 3286 5851; x_wconf 84' lang='lat' dir='ltr'><strong>et</strong></span> <span class='ocrx_word' id='word_1_965' title='bbox 3312 5789 3497 5855; x_wconf 80' lang='lat' dir='ltr'><strong>exsul-</strong></span> 
     </span>
    </p>
   </div>
  </div>
