4010 6472
483 445 591 502 605

486 569 606 615 tans
632 557 764 615 dicit
801 556 819 588 ¹
840 595 857 623 ,
887 551 1030 610 δοιοὶ
1069 551 1278 606 breuiter
1304 549 1629 620 quaestionem
1676 561 1694 599 :
1741 559 1866 599 vere
1906 541 2066 597 solvit

487 666 638 717 cam,
669 649 764 706 sed
804 663 902 719 pro
931 644 1085 700 nobis
1117 660 1131 698 :
1160 640 1583 712 quandoquidem
1609 636 1834 692 dicendo
1853 677 1868 701 ,
1907 635 1962 689 in
1985 635 2067 688 in-

489 743 654 813 dignis
690 759 790 796 non
816 757 922 794 esse
955 737 1222 792 dissimiles
1257 751 1466 791 causas.
1498 733 1779 803 baptizare.
1815 729 2066 784 damonis

490 834 672 903 pellere
688 873 703 897 ,
732 840 1029 899 craterasque
1054 845 1156 882 non
1181 828 1449 880 aisstmrtes
1483 825 1659 896 fecisse
1683 823 1886 876 uirtutes
1900 860 1914 884 ,
1948 819 2064 887 qui-

489 923 581 978 bus
620 922 928 988 dicentibus,
973 919 1042 975 In
1072 920 1269 974 nomine
1295 929 1381 972 tuo
1416 918 1513 972 ista
1551 917 1760 988 fecimus
1794 930 1812 969 :
1841 913 2067 968 dicturus

491 1023 597 1080 est,
628 1031 649 1066 ε
700 1013 822 1067 Non
861 1014 975 1068 noui
1003 1029 1123 1078 nos;
1145 1011 1356 1065 recedite
1377 1027 1409 1063 α
1437 1025 1540 1074 me,
1582 1008 1800 1077 operarii
1825 1005 2067 1074 iniquita-

492 1110 591 1172 tis;
634 1127 653 1160 ι
702 1103 1056 1161 ιῐιιιιιῗτθεωνίι
1094 1115 1200 1160 tam
1237 1118 1421 1158 verum
1461 1117 1579 1157 esse
1619 1099 1760 1170 quod
1801 1097 2072 1167 baptizaut

492 1199 762 1268 Baptismo
787 1199 913 1253 Jesu
938 1197 1176 1263 Christi,
1223 1197 1382 1250 etiam
1431 1194 1520 1263 qui
1565 1191 1796 1262 separati
1835 1199 1963 1245 sunt
2003 1187 2071 1242 ab

493 1289 732 1345 Ecclesia
751 1331 767 1355 ,
798 1305 955 1360 quam
985 1303 1175 1342 verum
1200 1296 1283 1341 est
1308 1285 1448 1356 quod
1489 1284 1751 1339 dzemonia
1783 1283 1984 1352 pellunt
2019 1280 2071 1333 iu

495 1381 710 1435 nomine
735 1380 860 1435 Jesu
885 1379 1079 1434 Christi
1108 1396 1123 1433 :
1148 1377 1242 1434 sed
1263 1392 1356 1432 eos
1380 1385 1663 1445 utrumque
1685 1389 1786 1429 nec
1813 1373 1878 1428 ad
1912 1373 2070 1425 vitam

496 1479 751 1525 aeternam
780 1470 1100 1540 perducere,
1133 1483 1233 1524 nec
1265 1469 1334 1523 ah
1370 1466 1585 1522 aeternis
1613 1463 1885 1534 suppliciis
1905 1462 2075 1516 vindi-

496 1557 622 1618 care
641 1564 685 1616 ².
715 1564 794 1617 Ac
833 1577 928 1631 per
954 1562 1055 1616 hoc
1087 1559 1530 1630 quemadmodum
1570 1559 1615 1613 si
1649 1558 1853 1612 veniret
1877 1555 1944 1610 ad
1971 1555 2076 1610 Ec-

498 1655 718 1711 clesiam
743 1655 1018 1724 quisquam
1046 1668 1229 1710 eorum
1250 1695 1265 1719 ,
1305 1667 1334 1706 a
1373 1652 1566 1723 quibus
1589 1651 1791 1720 expulit
1816 1647 2078 1703 dmmonia

502 1749 590 1803 ille
608 1789 623 1813 ,
647 1763 803 1818 quem
835 1747 1082 1802 viderunt
1109 1747 1352 1816 discipuli
1379 1753 1679 1814 separatum
1709 1759 1739 1796 a
1765 1756 1924 1812 grege
1952 1739 2078 1795 Jesu

501 1839 694 1895 Christi
726 1839 923 1908 pellere
949 1838 1209 1892 dmmonia
1240 1838 1292 1891 in
1322 1837 1533 1890 nomine
1559 1835 1682 1890 Jesu
1707 1831 1939 1896 Christi,
1981 1845 2079 1885 ne-

502 1945 762 2001 quaquam
803 1932 969 1986 virtus
1006 1947 1127 2000 qua:
1168 1931 1220 1984 in
1258 1931 1348 1984 illo
1378 1929 1510 1983 facta
1553 1928 1724 1982 fuerat
1759 1933 2077 1994 negaretur,

501 2023 598 2077 sed
624 2023 671 2077 ei
693 2021 834 2092 quod
857 2021 1040 2077 deerat
1065 2021 1351 2077 adderetur
1383 2037 1396 2074 :
1430 2022 1498 2073 ita
1529 2018 1764 2088 quisquis
1793 2025 1942 2072 extra
1983 2016 2082 2070 Ec-

507 2114 719 2168 clesium
761 2113 918 2168 fuerit
959 2114 1026 2168 ab
1070 2113 1332 2168 haereticis
1359 2113 1440 2166 vel
1480 2111 1861 2174 schismaticis,
1903 2119 2079 2164 tamen

506 2204 702 2260 Christi
749 2207 1069 2276 Baptismate
1110 2215 1485 2271 consecratus,
1525 2219 1646 2258 cum
1679 2202 1746 2257 ad
1787 2202 2080 2256 Ecclesium

505 2297 740 2358 venerit,
787 2311 893 2350 non
921 2303 1005 2350 est
1040 2294 1336 2365 negandum
1376 2294 1776 2348 Sacramentum
1804 2290 2040 2346 veritatis
2064 2330 2080 2356 ,

509 2400 614 2456 quo
641 2385 873 2440 imbutus
895 2397 998 2451 est;
1028 2387 1119 2441 sed
1147 2384 1441 2453 adjicienda
1471 2384 1638 2452 pietas
1663 2383 1900 2448 unitatis,
1930 2397 1959 2435 a
1981 2395 2084 2450 qua

505 2483 781 2543 separatus
801 2484 971 2539 est,et
992 2476 1106 2530 sine
1134 2489 1234 2544 qua
1264 2473 1570 2528 illudinesse
1593 2473 1663 2527 illi
1697 2481 1892 2541 posset,
1918 2471 2082 2540 prod-

506 2580 626 2621 esse
654 2582 758 2619 non
791 2575 987 2635 posset.
1039 2565 1150 2620 Hoc
1187 2565 1446 2629 facimus,
1480 2564 1580 2618 hoc
1605 2579 1633 2617 a
1658 2563 1946 2632 majoribus
1973 2571 2083 2617 tra-

505 2655 672 2711 ditum
698 2657 1020 2725 accepimus,
1053 2655 1154 2710 hoc
1181 2656 1231 2709 in
1260 2655 1520 2709 catholica
1550 2655 1807 2719 Ecclesia,
1833 2669 1950 2722 quae
1975 2662 2085 2708 toto

505 2749 636 2805 orbe
673 2749 1016 2815 diffunditur,
1046 2758 1228 2804 contra
1256 2764 1443 2804 omnes
1470 2748 1714 2802 falsitatis
1740 2747 1957 2802 nebulas
1994 2762 2086 2803 cu-

507 2842 785 2896 stodimus.
811 2841 949 2908 Quid
994 2857 1119 2910 ergo
1152 2841 1273 2895 hinc
1303 2855 1334 2894 a
1371 2839 1524 2894 nobis
1553 2839 1778 2907 amplius
1807 2837 2085 2906 disputan-

507 2931 632 2986 dum
675 2943 790 2998 est,
821 2932 1035 3002 quando
1076 2931 1192 3000 ipse
1234 2932 1465 2987 breviter
1501 2931 1657 2984 solvit
1699 2931 2083 3000 quaestionem,

507 3023 976 3078 commemorando
1001 3022 1303 3092 evangelica
1347 3022 1686 3085 testimonia,
1729 3021 1921 3089 quibus
1967 3034 2088 3087 pro—

507 3113 648 3169 fecto
673 3155 688 3179 ,
711 3115 756 3169 si
782 3114 1148 3170 contentiosus
1175 3129 1293 3168 esse
1318 3113 1513 3176 nollet,
1545 3120 1601 3167 et
1627 3127 1782 3167 suum
1811 3112 2090 3166 damnaret

508 3220 743 3262 errorem
765 3249 778 3272 ,
804 3215 858 3262 et
879 3205 1132 3275 Baptismi
1158 3213 1503 3273 cognosceret
1522 3203 1840 3258 veritatem?

579 3301 666 3355 16.
691 3299 826 3366 Quid
847 3301 1024 3370 itaque
1047 3313 1182 3368 opus
1202 3307 1283 3353 est
1303 3298 1480 3352 omnia
1502 3297 1618 3366 ejus
1637 3296 1797 3349 verba
1819 3302 2084 3360 retexere,

507 3391 697 3460 quibus
731 3400 916 3460 argute
945 3390 1045 3444 sibi
1081 3388 1292 3444 videtur
1313 3388 1527 3452 dicere,
1572 3396 1627 3441 et
1655 3387 1818 3441 multa
1850 3385 2088 3454 loquaci-

508 3491 616 3536 tate
640 3495 851 3535 versare
873 3519 890 3545 ,
921 3479 1041 3534 ideo
1066 3479 1205 3546 apud
1246 3493 1306 3533 se
1343 3492 1461 3532 esse
1489 3493 1672 3532 verum
1713 3477 2039 3544 Baptismum
2067 3515 2084 3543 ,

509 3573 629 3644 quia
659 3579 714 3627 et
749 3587 780 3626 a
809 3571 963 3627 nobis
991 3570 1330 3641 agnoscitur,
1363 3584 1468 3622 non
1495 3567 1753 3636 negatur?
1779 3566 1910 3620 Nam
1939 3565 2088 3635 quis-

508 3665 627 3734 quis
656 3665 866 3718 firmum
904 3671 961 3718 et
1010 3663 1384 3718 inconcussum
1429 3660 1693 3722 tenuerit,
1740 3657 1882 3728 quod
1922 3658 2090 3712 veris-

511 3757 642 3811 sima
682 3765 739 3812 et
777 3754 1096 3811 inviolabilis
1139 3753 1322 3823 regula
1353 3751 1592 3807 veritatis
1631 3750 1896 3815 ostendit,
1943 3749 1996 3804 id
2031 3749 2086 3804 in

506 3860 827 3916 unoquoque
849 3843 1252 3915 improbandum
1277 3842 1362 3898 vel
1395 3825 1784 3896 emendandum
1810 3838 1951 3909 quod
1985 3837 2084 3894 fal-

508 3953 626 3994 sum
645 3946 807 4008 atque
832 3937 1077 3992 vitiosum
1107 3944 1190 3992 est
1206 3977 1222 4004 ,
1245 3933 1636 4004 agnoscendum
1658 3941 1835 3986 autem
1861 3941 1915 3986 et
1935 3946 2087 3986 acce-

507 4029 761 4100 ptaudum
787 4029 930 4099 quod
958 4043 1140 4084 verum
1161 4033 1320 4097 atque
1340 4023 1542 4080 rectum
1562 4032 1666 4090 est;
1696 4022 1854 4078 simul
1880 4021 2012 4077 vidit
2034 4030 2090 4077 et

509 4123 632 4193 quid
658 4123 710 4177 in
740 4121 1129 4176 Donatistarum
1159 4119 1352 4175 hznresi
1378 4117 1726 4182 detestemur,
1751 4124 1805 4170 et
1824 4115 1947 4184 quid
1977 4114 2092 4169 vio-

508 4212 620 4268 lare
667 4212 882 4266 minime
912 4211 1220 4266 debeamus.
1253 4209 1388 4265 Cum
1415 4208 1556 4262 enim
1586 4207 1637 4260 in
1663 4219 1772 4260 suae
1799 4206 2090 4275 separatio-

509 4302 595 4357 nis
622 4302 896 4370 iniquitate
933 4301 1172 4356 detinent
1199 4299 1454 4369 Baptismi
1487 4297 1800 4363 veritatem,
1842 4295 2090 4366 iniquitas

510 4405 695 4448 eorum
725 4406 756 4445 a
785 4390 938 4444 nobis
961 4391 1203 4458 culpatur
1221 4429 1237 4454 ,
1263 4390 1459 4444 veritas
1486 4396 1664 4443 autem
1691 4387 1948 4457 Baptismi
1975 4386 2091 4442 ubi-

509 4497 614 4553 que
641 4482 945 4552 agnoseitur
967 4489 1022 4536 et
1041 4480 1309 4550 probatur.

581 4572 806 4628 CAPUT
835 4570 904 4628 Χ.
931 4599 1002 4613 ——
1023 4572 1108 4626 17.
1139 4570 1238 4637 Qui
1259 4568 1402 4624 enim
1423 4566 1551 4623 dicit
1570 4565 1948 4622 destruendum
1971 4581 2091 4622 esse

512 4661 838 4732 Baptismum
862 4659 1084 4725 Christi,
1117 4659 1330 4730 quando
1356 4659 1447 4714 illo
1476 4658 1712 4714 haeretici
1739 4658 2007 4725 baptizant
2031 4657 2086 4724 ³;

513 4769 844 4824 consequens
867 4763 951 4809 est
978 4763 1034 4808 ut
1056 4753 1200 4808 dicat
1237 4751 1534 4820 negandum
1571 4767 1690 4806 esse
1718 4750 1877 4804 etiam
1919 4750 2090 4819 ipsum

511 4845 808 4911 Christum,
837 4845 1050 4916 quando
1091 4859 1212 4900 eum
1259 4844 1530 4898 daemones
1569 4842 1911 4897 confitentur.
1956 4841 2091 4898 Hinc

511 4938 754 4998 laudatus
779 4946 859 4992 est
885 4935 1098 5002 Petrus,
1128 4934 1337 5005 quando
1366 4933 1517 5000 dixit,
1548 4931 1628 4987 Tu
1658 4949 1707 4987 es
1731 4930 1959 4987 Christus
1991 4930 2089 4986 Fi-

512 5031 610 5088 lius
639 5030 735 5084 Dei
756 5031 850 5085 viri
881 5027 1092 5100 (Matth.
1121 5043 1230 5094 xvt,
1260 5027 1346 5094 l6,
1378 5025 1465 5095 l7)
1504 5044 1517 5080 :
1548 5023 1752 5093 expulsi
1781 5023 2052 5078 daemones
2071 5061 2088 5090 ,

510 5123 614 5179 hoc
633 5122 802 5193 ipsum
823 5121 1063 5176 dicentes
1080 5159 1095 5183 ,
1120 5117 1320 5173 Scimus
1344 5118 1430 5186 qui
1453 5119 1521 5172 sis
1542 5157 1557 5182 ,
1587 5115 1751 5170 Filius
1776 5113 1869 5168 Dei
1894 5112 2087 5184 (Marc.

510 5231 550 5285 ι,
571 5216 662 5283 2i,
683 5213 796 5286 25).
819 5214 958 5284 Ergo
978 5213 1077 5268 ista
1101 5208 1370 5267 confessio
1396 5210 1550 5264 Petro
1573 5207 1863 5274 fructuosa,
1887 5207 2092 5263 daemo-

510 5307 666 5362 nibus
701 5305 1028 5375 perniciosa,
1061 5303 1114 5359 in
1141 5303 1378 5372 utrisque
1421 5309 1592 5355 tamen
1637 5316 1742 5354 non
1787 5298 1954 5368 falsa,
1996 5299 2091 5356 sed

511 5411 658 5462 vera;
686 5411 791 5450 non
816 5394 1078 5466 neganda,
1110 5394 1206 5450 sed
1236 5390 1589 5464 agnoscenda;
1621 5405 1728 5444 non
1753 5389 2086 5461 detestanda,

511 5487 605 5542 sed
633 5485 973 5556 approbanda
999 5495 1097 5540 est.
1142 5485 1236 5540 Sic
1264 5494 1316 5538 et
1353 5481 1606 5551 Baptismi
1646 5482 1842 5537 veritas
1880 5482 2033 5537 datur
2060 5497 2092 5537 a

513 5577 673 5633 rectis
699 5576 1011 5642 catholicis,
1041 5583 1290 5646 tanquam
1318 5589 1347 5627 a
1377 5573 1532 5628 Petro
1553 5571 1642 5626 illa
1669 5571 1970 5637 confessio;
1999 5571 2092 5626 da-

580 5708 597 5740 ¹
616 5707 752 5764 editi,
774 5707 900 5771 quod
940 5705 1153 5769 sequitur
1188 5703 1436 5757 exstructis
1458 5703 1613 5768 dicit;
1635 5707 1835 5766 omisso,
1871 5709 1936 5767 et,
1959 5706 2092 5770 quod

515 5779 586 5824 οι
611 5777 714 5818 Mss.
738 5771 1026 5818 restituitur.

580 5833 604 5897 ξ
624 5829 752 5892 Apud
776 5829 1016 5897 Er..l.ug_d.
1036 5835 1277 5897 ven.Lov.
1301 5829 1486 5881 additur
1508 5829 1781 5894 hlc,potest.
1846 5835 1903 5882 tt.

583 5892 606 5928 ⁸
626 5888 679 5944 ω
699 5888 1163 5954 ωεηῡαυιὶωηιατ.

1120 435 1209 493 DE
1241 432 1446 493 UNICO
1482 429 1817 488 BAPTISMO
1851 425 2124 485 CONTRA
2161 423 2595 494 PETlLlANUM,
2628 419 2685 482 S.
2725 420 3096 484 AUGUSTINI

3613 425 3740 485 -604

2169 546 2255 594 tur
2295 555 2326 594 ιι
2375 540 2638 610 perversis
2685 539 2988 606 haereticis,
3043 548 3294 609 tanquam
3340 553 3372 594 a
3413 538 3742 599 (immanibus

2167 634 2353 690 eadem
2373 635 2485 704 ipsa
2511 635 2774 690 confessio
2805 651 2819 688 :
2848 633 2968 688 illos
2995 633 3230 704 adjuvat,
3263 633 3362 688 hos
3385 633 3740 702 condemnat;

2169 724 2224 780 in
2254 726 2496 796 utrisque
2515 734 2688 780 tamen
2714 724 3052 795 agnoscendo
3073 725 3432 798 approbanda,
3463 725 3518 780 in
3544 727 3748 783 neutris

2171 816 2413 887 negando
2439 817 2700 871 violanda.
2749 817 2900 872 Unde
2941 826 2996 872 et
3037 818 3308 888 apostolus
3352 818 3586 874 Iacobus
3626 833 3747 875 cum

2171 910 2429 980 qmdam
2473 910 2842 980 redargueret,
2881 911 2971 983 qui
2999 911 3245 966 sufﬁcere
3271 911 3518 966 dicebant
3547 905 3751 966 homini

2173 997 2339 1052 solam
2364 997 2522 1052 ﬁdem
2551 998 2567 1030 ¹
2583 1038 2600 1066 ,
2623 1013 2722 1052 nec
2761 998 2811 1053 ei
2837 997 3111 1052 cbaritatis
3135 1014 3297 1069 opera
3322 999 3747 1069 conjungebant;

2173 1103 2267 1145 eos
2294 1104 2364 1144 ex
2396 1091 2493 1144 ista
2519 1089 2816 1144 daemonum
2837 1091 3234 1162 comparatione
3261 1091 3510 1156 convicit,
3542 1105 3613 1146 ne
3633 1089 3752 1146 ideo

2175 1194 2235 1236 se
2259 1180 2324 1234 ad
2366 1180 2532 1234 Deum
2562 1181 2830 1250 pertinere
2853 1181 3253 1248 existimarent,
3289 1181 3433 1253 quod
3475 1197 3663 1237 verum
3688 1183 3756 1240 de

2177 1273 2288 1327 Deo
2329 1272 2640 1339 crederent,
2671 1273 2877 1329 etiamsi
2922 1274 3061 1329 bona
3101 1289 3260 1344 opera
3299 1275 3589 1344 adjungere
3631 1275 3753 1331 fidei

2178 1377 2286 1417 non
2310 1373 2575 1417 curarent.
2607 1362 2685 1417 Tu
2725 1366 2926 1431 credis,
2971 1364 3178 1434 inquit,
3226 1366 3464 1434 quoniam
3507 1382 3638 1420 unus
3679 1374 3753 1420 est

2179 1451 2319 1507 Deus
2354 1469 2373 1508 :
2409 1453 2530 1508 bene
2564 1455 2726 1524 facis;
2764 1464 2810 1510 et
2850 1458 3100 1511 (temones
3136 1457 3374 1525 credunt,
3411 1467 3458 1512 et
3485 1458 3757 1512 contremi-

2180 1552 2324 1596 scunt
2352 1543 2553 1614 (Jacobi
2578 1561 2652 1612 ιι,
2687 1545 2799 1616 i9).
2842 1546 2950 1601 Eos
2990 1546 3148 1617 igitur
3193 1547 3284 1617 qui
3328 1547 3396 1602 dc
3424 1547 3536 1602 Deo
3574 1563 3760 1604 verum

2182 1635 2438 1702 credunt,
2470 1644 2526 1691 et
2573 1638 2709 1692 male
2751 1639 2970 1707 vivunt,
3013 1640 3346 1695 daemonibus
3390 1642 3761 1710 comparavit:

2182 1740 2290 1781 non
2321 1735 2496 1782 tamen
2525 1728 2648 1782 illud
2679 1728 2852 1798 ipsum
2881 1745 3062 1784 verum
3083 1730 3223 1800 quod
3249 1729 3318 1785 de
3347 1731 3455 1785 Deo
3487 1731 3764 1788 daemones

2184 1817 2427 1882 credunt,
2455 1828 2667 1888 propter
2688 1820 2867 1874 odium
2893 1819 3192 1875 daemonum
3215 1821 3456 1890 negando
3475 1821 3762 1879 destruxit.

2186 1907 2540 1974 Quamobrem
2571 1926 2691 1964 cum
2714 1911 2812 1965 iste
2835 1911 2967 1979 ipse,
2997 1921 3178 1965 contra
3207 1927 3364 1981 quem
3393 1913 3766 1982 disputamus,

2188 2000 2523 2068 proposuerit
2549 2001 2860 2069 Apostolum
2881 2001 3058 2055 dicere
3076 2043 3092 2068 ,
3127 2001 3272 2056 Unus
3299 2000 3456 2066 Deus,
3483 2019 3590 2055 una
3616 2003 3766 2071 ﬁdes,

2189 2107 2344 2144 unum
2370 2091 2629 2163 Baptism
2656 2092 2866 2163 (Ephes.
2899 2110 2972 2160 tv,
3003 2094 3058 2164 5)
3091 2112 3103 2146 :
3135 2109 3260 2149 ecce
3285 2095 3584 2151 invenimus
3614 2110 3768 2150 eum-

2190 2181 2310 2236 dem
2341 2183 2503 2237 Deum
2530 2192 2677 2238 extra
2703 2184 2991 2239 Ecclesiam
3012 2185 3080 2237 ab
3101 2185 3463 2253 ignorantibus
3483 2186 3613 2251 coli;
3643 2199 3772 2242 suae

2188 2272 2486 2328 invenimus
2511 2274 2753 2329 eamdem
2797 2274 2864 2329 de
2907 2289 3011 2328 uno
3058 2275 3166 2330 Deo
3210 2275 3368 2332 fidem
3398 2285 3549 2331 extra
3580 2277 3771 2332 Eccle-

2189 2365 2321 2421 siam
2345 2409 2360 2434 ,
2401 2383 2507 2423 non
2545 2369 2719 2424 solttm
2749 2369 3005 2440 quosdam
3049 2370 3292 2426 homines
3317 2410 3335 2437 ,
3377 2385 3566 2426 verum
3609 2369 3772 2425 etiam

2189 2458 2460 2516 daemones
2489 2463 2731 2516 confiteri
2757 2480 2772 2528 ;
2808 2463 2901 2517 sed
2941 2474 3161 2533 utraque
3195 2463 3263 2519 ab
3290 2463 3560 2533 Apostozis
3582 2463 3777 2517 confit»

2189 2560 2328 2604 mata
2370 2561 2450 2605 est
2499 2553 2706 2621 potius,
2763 2569 2920 2622 quam
2960 2566 3192 2623 negata:
3232 2570 3330 2610 cur
3371 2569 3477 2608 non
3526 2553 3776 2608 similiter

2190 2655 2350 2694 unum
2378 2641 2645 2710 Baptisma
2673 2644 2723 2697 in
2754 2645 2948 2714 quibus
2976 2655 3124 2700 extra
3153 2645 3440 2700 Ecclesiam
3468 2647 3775 2701 constitutis

2190 2733 2568 2800 invenerimus,
2601 2735 2980 2790 confirmamus
3003 2738 3196 2807 potius,
3218 2753 3376 2807 quam
3405 2753 3689 2806 negamus,
3722 2746 3777 2793 ut

2189 2838 2295 2878 non
2337 2839 2403 2878 ex
2432 2840 2496 2878 eo
2525 2825 2664 2895 quod
2702 2829 2752 2880 in
2794 2827 2896 2880 illis
2925 2844 3141 2896 pravqu
3174 2837 3255 2882 est
3276 2869 3291 2894 ,
3320 2828 3480 2882 etiam
3509 2828 3656 2898 quod
3696 2844 3777 2884 re-

2189 2926 2333 2971 ctum
2359 2927 2439 2972 est
2463 2917 2832 2986 depravemus;
2861 2919 2954 2974 sed
2983 2937 3048 2975 ex
3078 2937 3142 2975 eo
3170 2921 3310 2991 quod
3331 2930 3535 2976 rectum
3569 2930 3776 2990 tenent,

2189 3006 2350 3060 etiam
2383 3007 2509 3060 illud
2534 3007 2583 3060 in
2607 3023 2712 3077 quo
2732 3008 3002 3076 depravati
3030 3020 3153 3063 sunt
3173 3011 3534 3080 corrigamus?

2261 3097 2503 3153 CAPUT.
2545 3099 2640 3156 XI.
2665 3131 2738 3140 —-
2763 3101 2848 3156 l8.
2881 3101 3013 3168 Quid
3042 3113 3126 3156 est
3155 3118 3280 3172 ergo
3307 3103 3446 3172 quod
3477 3103 3646 3168 dicit,
3672 3103 3779 3157 illis

2191 3207 2294 3245 esse
2327 3207 2495 3248 verum
2534 3192 2824 3264 Baptisma,
2854 3197 2938 3248 ubi
2966 3207 3036 3250 est
3065 3211 3180 3250 uera
3206 3197 3372 3264 ﬁdes?
3402 3197 3632 3251 Prorsus
3663 3197 3779 3252 ticri

2190 3291 2364 3351 potest
2397 3291 2456 3337 ut
2491 3285 2651 3354 aliqui
2691 3301 2875 3341 verum
2915 3287 3141 3342 habeant
3181 3288 3540 3356 Baptismum,
3577 3297 3636 3344 et
3674 3305 3778 3343 non

2190 3374 2419 3430 habeant
2457 3392 2634 3432 veram
2675 3377 2870 3444 fidem;
2911 3380 3046 3434 sicut
3085 3381 3198 3434 fieri
3241 3390 3414 3450 potest
3451 3389 3510 3436 ut
3543 3379 3782 3436 habeant

2188 3479 2374 3521 verum
2405 3467 2771 3538 Evangelium,
2795 3470 2934 3539 quod
2965 3486 3069 3525 non
3100 3482 3244 3526 recte
3268 3472 3632 3541 intelligendo,
3661 3471 3782 3528 falsi

2191 3557 2391 3629 aliquid
2418 3559 2637 3614 credant
2663 3559 2731 3615 de
2761 3561 2888 3615 Deo.
2918 3560 3182 3632 Numquid
3213 3569 3429 3632 propter
3454 3563 3624 3632 ipsam
3652 3563 3780 3620 ﬁdei

2191 3646 2472 3704 falsitatem
2513 3651 2672 3706 etiam
2714 3652 3054 3722 Evangelium
3075 3695 3089 3718 ,
3116 3654 3257 3724 quod
3294 3669 3476 3709 verum
3506 3656 3650 3724 apud
3686 3669 3784 3711 eos

2193 3737 2480 3807 invenitur,
2507 3740 2878 3796 detestandum
2902 3751 2994 3798 aut
3021 3743 3406 3799 emendandum
3436 3745 3782 3814 putabimus?

2193 3827 2303 3885 Nec
2334 3830 2454 3884 illos
2479 3831 2782 3886 Corinthios
2813 3833 3062 3899 arbitror,
3090 3850 3222 3904 quos
3257 3835 3309 3889 in
3347 3835 3637 3890 schismata
3667 3835 3786 3892 dis-

2195 3921 2405 3977 siluisse
2432 3923 2722 3994 redarguit,
2753 3939 2934 3980 veram
2964 3925 3120 3980 ﬁdem
3159 3925 3424 3990 habuisse,
3459 3926 3512 3980 in
3540 3941 3608 3981 eo
3637 3925 3786 3997 quod

2193 4011 2472 4078 dicebant,
2514 4013 2624 4084 Ego
2663 4031 2774 4068 sum
2807 4013 2964 4069 Pauli
2995 4030 3013 4069 :
3047 4016 3144 4070 hoc
3179 4017 3373 4072 etenim
3414 4015 3608 4071 falsum
3643 4026 3783 4074 erat.

2193 4102 2570 4160 Verumtamen
2602 4107 2926 4176 Baptismum
2955 4107 3247 4175 habebant,
3274 4124 3337 4163 ex
3369 4109 3519 4178 cujus
3553 4110 3787 4165 veritate

2192 4205 2250 4252 ut
2288 4197 2442 4251 istam
2483 4202 2810 4268 corrigerent
2848 4198 3127 4254 falsitatem
3147 4241 3162 4266 ,
3193 4199 3261 4254 ab
3289 4215 3354 4255 eo
3390 4201 3504 4270 ipso
3530 4200 3784 4270 audiunt,

2195 4286 2457 4358 Numquid
2481 4287 2676 4344 Paulus
2697 4306 2788 4359 pro
2810 4289 2944 4345 vobis
2962 4291 3232 4360 cruciﬁxus
3255 4293 3366 4347 est?
3388 4301 3474 4345 aut
3497 4293 3552 4345 in
3577 4293 3788 4348 nomine

2193 4380 2348 4436 Pauli
2369 4383 2603 4453 baptizati
2625 4385 2742 4438 estis
2763 4383 2806 4453 (l
2828 4383 2945 4439 Cor.
2975 4399 3013 4450 ι,
3043 4383 3129 4450 12,
3155 4385 3280 4455 15)?
3301 4385 3464 4440 Erant
3485 4385 3596 4440 illic
3616 4386 3785 4441 etiam

2192 4473 2282 4543 qui
2313 4481 2551 4528 mortuos
2580 4490 2859 4545 resurgere
2885 4491 2989 4530 non
3019 4476 3320 4540 credebant,
3351 4486 3404 4532 et
3427 4478 3481 4533 in
3505 4493 3573 4534 eo
3599 4480 3788 4549 utique

2193 4580 2298 4620 non
2327 4581 2505 4621 veram
2533 4567 2778 4622 tenebant
2805 4577 2962 4638 atque
2992 4568 3257 4626 habebant
3282 4569 3440 4626 fidem
3469 4588 3484 4626 :
3512 4586 3581 4627 ex
3609 4587 3680 4628 eo
3705 4581 3788 4627 ta-

2194 4672 2314 4713 men
2336 4657 2475 4727 quod
2497 4674 2679 4713 verum
2706 4659 2970 4716 habebant
2988 4662 3031 4726 ',
3054 4662 3298 4730 quoniam
3319 4660 3614 4718 credebant
3630 4663 3789 4719 Clui-

2195 4759 2333 4806 slum
2365 4753 2739 4819 resurrexisse,
2771 4754 2822 4808 in
2852 4769 2957 4824 quo
2982 4753 3188 4810 fuerant
3215 4755 3460 4825 baptizati
3479 4797 3496 4822 ,
3523 4756 3623 4812 dat
3651 4771 3788 4828 ope-

2194 4858 2306 4898 ram
2329 4843 2615 4912 Apostolus
2635 4844 2792 4900 etiam
2816 4844 2941 4898 illud
2962 4860 3170 4911 curare,
3195 4846 3247 4900 in
3269 4861 3374 4917 quo
3393 4847 3469 4900 eis
3492 4845 3632 4901 fides
3655 4861 3787 4901 sana

2194 4951 2300 4991 non
2330 4946 2463 5004 erat,
2492 4937 2694 5000 dicens,
2725 4937 2789 4993 Si
2812 4938 2993 4991 mortui
3017 4954 3118 4992 non
3141 4946 3428 5008 resurgunt,
3451 4953 3615 5006 neque
3635 4936 3789 4994 Chri-

2194 5038 2299 5083 stus
2337 5029 2606 5082 resurrexit
2637 5027 2757 5098 (Id.
2803 5043 2906 5092 xv,
2949 5027 3054 5098 l6)
3085 5044 3099 5081 :
3129 5035 3187 5082 ut
3222 5027 3470 5098 quoniam
3508 5027 3790 5084 Chrstum

2194 5120 2551 5174 resurrexisse
2592 5117 2960 5185 crediderant,
2989 5127 3042 5173 et
3069 5118 3169 5174 hoc
3205 5118 3255 5174 in
3295 5117 3373 5174 eis
3409 5132 3604 5173 sanum
3633 5127 3788 5184 erat;

2196 5213 2322 5268 illud
2351 5215 2510 5268 etiam
2540 5223 2836 5280 sanaretur,
2862 5213 3001 5283 quod
3031 5229 3309 5284 resurgere
3333 5222 3576 5268 mortuos
3601 5227 3792 5269 errore

2196 5304 2644 5374 perniciosissimo
2683 5321 2787 5370 non
2827 5304 3130 5360 credebant.
3159 5304 3550 5372 Quamobrem,
3581 5319 3711 5359 cum
3736 5302 3792 5357 in

2196 5396 2482 5466 Scripturis
2511 5397 2705 5451 sanctis
2730 5397 3001 5452 canonicis
3027 5413 3124 5452 nec
3150 5397 3221 5451 illi
3251 5397 3524 5452 inveniant
3562 5395 3792 5450 mureti-

2196 5503 2289 5544 cos
2309 5489 2372 5543 ad
2399 5488 2691 5543 Ecclesiam
2712 5487 3026 5544 catholicam
3051 5488 3324 5542 venientes
3347 5486 3521 5541 denuo
3547 5485 3793 5554 baptiza-

2197 5588 2281 5634 tos
2300 5622 2313 5642 .
2340 5595 2440 5635 nec
2467 5595 2564 5634 nos
2591 5580 2922 5635 inveniamus
2950 5579 3002 5634 in
3029 5578 3215 5634 eodem
3243 5578 3513 5648 Baptismo
3537 5591 3710 5647 quem
3737 5575 3793 5631 in

2196 5672 2387 5728 haeresi
2416 5682 2761 5743 acceperant,
2792 5672 2955 5728 fuisse
2989 5678 3265 5742 susceptos
3296 5688 3310 5725 :
3340 5671 3394 5725 in
3421 5669 3522 5727 hac
3550 5683 3611 5724 re
3640 5668 3792 5724 dun-

2260 5828 2277 5860 ι
2304 5833 2352 5876 tn
2373 5835 2501 5887 3155.,
2526 5826 2704 5878 homini
2725 5837 2888 5877 verum
2903 5825 3069 5890 fidem.

2260 5892 2280 5922 ²
2298 5891 2417 5940 solae
2443 5880 2681 5942 editiones
2703 5898 2776 5939 Er.
2803 5899 2854 5942 et
2874 5880 3003 5956 me,
3021 5889 3148 5954 quod
3170 5898 3329 5939 veram
3366 5880 3622 5937 habebant.
