4010 6512
232 558 378 608 taxat
407 563 506 619 par
533 547 683 604 nobis
711 559 871 602 causa
895 552 1012 614 est,
1036 544 1160 616 quia
1185 557 1286 601 nec
1311 543 1388 600 illi
1413 541 1554 615 quod
1582 541 1817 610 faciunt,

230 652 289 698 ut
311 641 620 708 hereticos,
649 640 730 695 vel
755 653 892 709 quos
917 638 1194 694 haereticos
1220 644 1422 707 putant,
1449 635 1626 691 denuo
1649 633 1822 704 bapti-

231 743 376 798 zeut,
410 749 512 789 nec
537 748 636 788 nes
663 731 805 802 quod
833 731 1073 796 facimus,
1106 731 1344 784 utetiam
1371 729 1511 798 apud
1541 727 1821 782 htereticos

230 826 417 880 datum
438 824 790 894 suscipiamus
811 824 1134 892 Baptismum
1154 821 1376 889 Christi,
1396 821 1505 876 ulle
1522 831 1820 890 temporum

228 919 649 988 apostolicorum
672 933 924 988 expresse
943 916 1288 972 conﬁrmatur
1309 916 1574 984 exemplo.
1597 914 1702 970 Sed
1725 927 1822 969 nos

228 1013 562 1080 reperientes
601 1010 886 1078 Apostolus
924 1010 975 1062 in
1005 1008 1331 1079 quibuslibet
1366 1006 1666 1062 errantibus
1689 1048 1702 1072 ,
1735 1006 1820 1060 vel

227 1102 468 1174 qualibet
487 1102 758 1171 impietate
778 1101 1070 1172 sacrilegis,
1090 1101 1133 1155 si
1154 1101 1280 1170 quid
1306 1101 1412 1155 veri
1435 1108 1817 1169 cognoverunt,

227 1193 579 1250 conﬁrmasse
623 1193 796 1262 potius
833 1193 990 1261 quam
1034 1206 1288 1260 negasse;
1328 1190 1601 1244 hominum
1640 1199 1820 1244 autem

227 1301 468 1342 errorem
507 1294 562 1340 et
596 1283 920 1353 impietatem
941 1324 956 1348 ,
989 1283 1138 1337 salvo
1162 1281 1302 1352 quod
1334 1282 1386 1336 in
1416 1283 1494 1336 eis
1523 1297 1705 1336 verum
1737 1282 1819 1335 in-

227 1387 448 1432 ventura
475 1387 578 1441 est,
607 1374 919 1430 emendasse
943 1374 1055 1428 sive
1079 1373 1399 1430 damnasse:
1426 1373 1562 1429 hanc
1585 1374 1818 1442 regulam

227 1468 385 1524 etiam
415 1469 467 1522 in
491 1468 740 1536 Baptismi
764 1467 985 1521 veritate
1006 1476 1290 1528 sectamur.
1315 1474 1372 1520 ut
1391 1465 1528 1535 apud
1549 1479 1682 1535 quos
1701 1479 1819 1519 eam

225 1559 591 1616 invenerimus
635 1558 704 1612 ita
746 1565 1004 1612 retentam
1047 1567 1208 1627 atque
1251 1567 1546 1623 servatam,
1589 1558 1725 1612 sicut
1764 1557 1818 1611 in

224 1650 467 1708 Ecclesia
497 1648 755 1704 catholica
799 1648 1057 1702 retinetur
1085 1659 1242 1719 atque
1270 1658 1532 1716 servatur,
1564 1663 1671 1702 non
1700 1663 1818 1703 eam

223 1756 522 1810 negemus,
554 1754 727 1809 neque
765 1739 1134 1804 destruamus;
1168 1739 1263 1794 sed
1301 1755 1363 1794 ea
1401 1747 1649 1794 manente
1677 1739 1820 1808 quod

222 1835 477 1891 vitiosum
498 1876 514 1902 ,
543 1835 684 1906 quod
717 1851 934 1904 pravum
954 1876 970 1900 ,
1001 1834 1144 1904 quod
1179 1835 1368 1889 falsum
1409 1835 1460 1888 in
1500 1849 1820 1904 unoquoque

223 1925 410 1990 fuerit,
437 1940 706 1988 curemus,
737 1926 1086 1995 corrigamus,
1115 1925 1492 1989 emendemus;
1523 1934 1613 1978 aut
1636 1923 1684 1979 si
1711 1939 1819 1980 non

223 2032 533 2088 possumus.
565 2017 905 2084 detestatum,
933 2017 1348 2087 damnatumque
1376 2019 1623 2072 vitemus.

295 2109 387 2162 19.
422 2108 684 2174 Proinde,
713 2124 833 2162 cum
863 2124 957 2162 eos
985 2109 1336 2177 suscipimus,
1371 2125 1473 2162 non
1501 2107 1818 2178 suscipimus

221 2200 562 2269 iniquitatem
593 2216 799 2266 eorum,
829 2216 930 2269 qua
957 2215 1015 2254 se
1045 2201 1112 2254 ab
1138 2200 1370 2255 Ecclesia
1399 2201 1592 2255 Christi
1620 2184 1818 2255 direm-

221 2293 411 2363 ptiene
449 2292 706 2364 sacrilega
735 2292 1057 2354 diviserunt;
1090 2308 1192 2362 qua
1222 2293 1406 2347 orbem
1433 2293 1813 2360 christianum,

220 2384 308 2441 cui
337 2385 480 2438 Deus
505 2399 602 2454 per
627 2383 840 2454 Legem,
873 2399 965 2452 per
988 2383 1300 2454 Prophetas,
1331 2399 1424 2452 per
1449 2383 1812 2454 Evangelium,

219 2491 320 2547 per
365 2475 641 2536 Psalmes,
688 2489 779 2541 per
825 2475 1108 2544 Aposteles
1151 2485 1256 2528 tam
1303 2475 1465 2530 multa
1515 2476 1814 2530 testimonia

219 2569 510 2642 perhibet,
555 2568 895 2623 calumniosis
939 2579 994 2623 et
1043 2569 1314 2623 maledicis
1357 2569 1816 2623 criminationibus

217 2665 556 2719 insectantur
589 2677 603 2714 :
635 2675 733 2715 nec
760 2675 880 2714 eum
920 2660 1153 2730 ipsorum
1185 2676 1422 2715 errorem
1463 2662 1812 2730 suscipimus,

215 2773 326 2829 quo
359 2756 689 2828 Baptismum
719 2753 915 2810 Christi
944 2754 1102 2808 etiam
1141 2755 1277 2824 apud
1320 2754 1596 2810 hmretices
1633 2755 1815 2825 regula

216 2848 582 2904 ecclesiastica
608 2847 928 2902 custoditum
957 2845 1147 2902 nolttnt
1168 2861 1476 2915 agnoscere,
1502 2847 1698 2901 audent
1724 2847 1816 2902 de-

216 2949 464 3003 struere,
497 2956 603 2993 non
631 2939 873 2994 dubitant
906 2939 1136 3004 iterare;
1176 2939 1302 3009 quin
1337 2939 1497 2996 etiam
1517 2979 1534 3005 ,
1567 2939 1610 2992 si
1641 2954 1772 3008 quos
1792 2979 1809 3005 ,

217 3046 327 3085 non
355 3032 534 3086 solum
565 3031 728 3086 laicus
747 3073 762 3098 ,
795 3031 887 3086 sed
916 3041 969 3085 et
997 3032 1220 3087 clericos
1240 3074 1256 3094 ν
1284 3048 1382 3087 nec
1409 3031 1675 3103 quoslibet
1701 3032 1814 3089 cle-

217 3123 364 3178 ricos
383 3165 397 3189 ,
429 3139 613 3178 verum
640 3134 694 3178 et
721 3124 1061 3194 presbyteros
1087 3134 1141 3179 et
1167 3125 1444 3193 episcopos
1462 3168 1476 3191 ,
1506 3127 1604 3182 etsi
1631 3127 1683 3181 in
1713 3127 1813 3182 illis

216 3213 480 3269 Ecclesiis
509 3214 757 3284 baptizati
790 3223 932 3280 sunt,
961 3231 1092 3284 quas
1119 3217 1356 3284 Apestoli
1390 3218 1569 3272 labore
1601 3219 1814 3288 proprio

214 3303 597 3372 fundaverunt,
620 3306 663 3360 si
686 3307 864 3376 aliquo
890 3307 1046 3359 modo
1072 3307 1321 3361 seductos
1347 3308 1413 3362 ad
1439 3324 1497 3362 se
1525 3309 1814 3364 transferre

216 3397 518 3466 potuerint,
543 3396 955 3452 catechumenos
979 3396 1195 3453 faciunt.
1226 3399 1350 3454 Haec
1372 3414 1556 3453 eorum
1583 3400 1813 3455 detesta-

218 3489 350 3544 hilia
396 3490 534 3544 mala
584 3506 917 3561 nequaquam
954 3492 1271 3565 suscipimus
1299 3511 1313 3546 :
1343 3493 1772 3563 quandoquidem
1793 3534 1809 3562 ,

217 3583 322 3637 nisi
353 3582 434 3635 eis
468 3584 735 3648 correctis,
766 3583 831 3636 ad
863 3599 960 3637 nos
989 3584 1212 3638 transire
1240 3599 1344 3638 non
1378 3593 1618 3652 possunt.

286 3673 522 3730 CAPUT
550 3675 663 3730 XII.
684 3707 757 3717 —
777 3676 867 3730 20.
895 3675 1003 3730 Nec
1028 3676 1154 3730 illud
1177 3677 1292 3732 sine
1317 3677 1655 3734 distinctione
1679 3692 1817 3748 prae-

219 3764 447 3818 terimus
467 3805 483 3830 ,
517 3776 572 3820 ut
600 3768 936 3822 humiliorem
965 3775 1125 3836 agant
1163 3769 1524 3836 paenitentiam
1545 3811 1558 3834 ,
1589 3769 1676 3837 qui
1703 3770 1814 3837 jam

220 3855 410 3910 ﬁdeles
439 3855 732 3912 Ecclesium
771 3859 1085 3913 catholicam
1121 3858 1502 3924 deseruerunt,
1535 3875 1690 3928 quam
1723 3859 1815 3930 qui

217 3950 270 4003 iu
300 3949 393 4004 illa
426 3950 661 4004 nondum
693 3950 922 4006 fuerunt.
952 3950 1061 4006 Nec
1089 3951 1152 4004 ad
1183 3951 1489 4005 clericatum
1523 3951 1814 4006 admittun-

220 4053 326 4111 tur,
360 4045 476 4098 sive
505 4043 572 4097 ab
601 4044 862 4100 luereticis
895 4045 1204 4113 rebaptizati
1232 4046 1357 4109 sint,
1377 4045 1489 4100 sive
1520 4045 1665 4114 prius
1692 4059 1815 4098 sus-

217 4136 361 4206 cepti
401 4135 468 4189 ad
512 4136 628 4190 illos
674 4136 963 4204 redierint,
1019 4138 1130 4190 sive
1169 4136 1307 4206 apud
1348 4137 1465 4190 illos
1497 4138 1672 4191 clerici
1702 4137 1816 4192 sive

218 4229 342 4282 laici
374 4226 590 4282 fuerint.
619 4228 684 4282 Et
704 4228 790 4298 qui
817 4227 930 4281 haec
956 4235 1257 4282 nostrorum
1285 4227 1611 4295 negligenter
1631 4235 1812 4294 agunt,

217 4329 267 4374 et
289 4334 392 4374 eos
416 4318 551 4374 forte
576 4319 798 4374 clericos
825 4319 875 4373 in
897 4318 1167 4375 Catholica
1197 4317 1524 4384 faciunt;ch
1551 4333 1668 4372 esse
1695 4334 1818 4387 per-

217 4413 444 4465 mittunt
474 4427 487 4462 :
517 4411 759 4482 quamvis
788 4426 818 4465 a
844 4409 1267 4481 diligentioribus
1296 4407 1530 4463 fraterne
1551 4408 1674 4478 jure
1699 4409 1816 4464 cul-

217 4511 447 4571 pentur;
473 4512 646 4555 tamen
676 4518 774 4557 nec
800 4501 898 4571 ipsi
924 4503 1001 4558 cis
1021 4501 1328 4557 clericatum
1349 4500 1691 4556 deferendum
1722 4517 1819 4571 pu-

218 4601 372 4660 tant,
405 4592 508 4646 nisi
535 4606 668 4663 quos
696 4591 762 4648 ab
791 4592 896 4646 illis
923 4593 1076 4647 malis
1104 4592 1187 4648 vel
1218 4601 1477 4647 noverunt
1506 4591 1818 4648 emendatos

217 4701 378 4752 esse,
417 4685 502 4738 vel
542 4685 783 4740 credunt.
822 4685 900 4740 Ac
939 4700 1035 4754 per
1069 4685 1170 4740 hoc
1201 4684 1395 4739 frustra
1430 4684 1819 4738 calumniantur

219 4775 482 4832 Ecclesiae
502 4775 794 4841 cathelicm,
825 4777 1143 4846 quicumque
1167 4776 1232 4830 ab
1257 4777 1371 4844 ejus
1394 4777 1589 4830 unitate
1615 4775 1818 4830 nefario

219 4869 431 4924 scelere
474 4857 805 4936 separantur.
851 4866 918 4923 Ut
961 4870 1101 4922 enim
1147 4868 1324 4923 verbis
1369 4869 1608 4936 Aposteli
1651 4870 1818 4938 magis

222 4971 345 5015 utar
375 4978 388 5013 :
420 4959 688 5015 Revelatur
713 4964 791 5015 ira
823 4961 916 5015 Dei
944 4962 1005 5015 de
1033 4963 1156 5016 caelo
1183 4978 1335 5032 super
1364 4979 1558 5016 omnem
1587 4964 1820 5030 impieta-

221 5061 322 5105 lem
359 5059 406 5104 et
447 5052 744 5122 injustitiam
779 5053 1036 5106 [continuat
1063 5054 1149 5121 qui
1181 5054 1435 5106 veritatem
1471 5053 1524 5105 in
1559 5053 1822 5119 inii/uitale

221 5144 449 5197 detinent
475 5142 650 5214 (liam.
682 5159 718 5210 ι,
753 5144 867 5215 l8).
897 5144 1021 5199 [hec
1049 5144 1144 5208 ira,
1178 5143 1222 5198 si
1253 5159 1356 5198 non
1384 5159 1441 5197 se
1467 5143 1817 5208 correxerint,

223 5235 386 5289 etiam
423 5233 555 5287 istos
585 5235 878 5301 inveniet‘,
911 5235 1001 5304 qui
1035 5238 1309 5289 veritatem
1337 5233 1608 5289 christiani
1637 5233 1821 5303 Bapti-

223 5326 416 5380 smatis
450 5325 506 5380 in
544 5326 822 5397 iniquitate
857 5325 1098 5381 detinent
1139 5341 1250 5382 sua:
1289 5326 1560 5396 sacrilega:
1599 5340 1820 5397 separa-

227 5415 412 5471 tionis.

297 5506 528 5564 CAPUT
556 5506 693 5562 Xlll.
722 5538 792 5547 —
815 5507 904 5562 21.
935 5507 1168 5562 Ecclesia
1194 5522 1324 5562 vero
1351 5507 1640 5575 catholica,
1669 5525 1818 5580 quae,

227 5598 368 5654 sicut
394 5598 461 5653 de
491 5598 576 5652 illa
603 5598 913 5668 praedictum
935 5607 1041 5674 est,
1073 5615 1163 5666 per
1185 5614 1372 5652 omnes
1399 5610 1584 5670 gentes
1607 5600 1822 5669 cepiosa

228 5689 556 5746 fecunditate
584 5690 919 5759 diffunditur,
951 5691 1145 5746 nullius
1180 5692 1256 5746 sic
1294 5691 1542 5747 emendat
1569 5693 1821 5764 iniquita-

238 5828 416 5952 'Er.
464 5833 520 5881 et
555 5834 664 5882 ων.
703 5844 813 5883 cum
848 5829 1090 5882 nonnullis
1123 5833 1255 5890 Mss,
1301 5823 1417 5879 istos
1454 5822 1657 5889 im‘ustos
1695 5825 1826 5880 dwe-

1640 425 1848 482 LIBER
1883 425 2088 485 UNUS.

3410 435 3516 496 606

1927 553 2064 611 tem,
2104 553 2162 601 ut
2196 545 2250 602 in
2287 559 2354 602 eo
2391 560 2498 604 non
2537 548 2737 619 ipsius,
2777 546 2870 604 sed
2910 549 2992 605 sui
3030 548 3240 606 Domini
3277 551 3517 612 destruat

1926 638 2224 692 veritatem.
2257 638 2393 705 Quid
2429 654 2557 711 ergo
2596 642 2698 696 iste
2737 642 2887 712 quasi
2929 641 3150 698 licenter
3186 657 3250 699 ac
3289 643 3516 701 ﬁdenter

1927 733 2187 786 exclamat
2217 749 2230 785 :
2262 731 2522 802 Baptisatn’
2546 749 2768 799 securus,
2799 750 2946 802 quem
2969 744 3024 788 tu
3050 735 3326 806 sacrilegus
3350 736 3520 807 inqui-

1927 826 2059 878 nain
2075 840 2094 888 ;
2129 825 2404 893 baptisavi,
2435 826 2673 896 inquam,
2713 827 2808 895 feci
2839 827 2976 897 quod
3003 826 3116 897 fecit
3148 825 3346 882 Paulus
3384 844 3516 899 ape-

1926 917 2126 970 stolus?
2152 916 2318 986 Legat
2345 917 2433 971 ubi
2462 917 2561 971 hoc
2598 918 2784 972 fecerit
2811 917 3082 987 apostolus
3111 917 3327 972 huius.
3358 917 3516 986 Quod

1926 1009 1971 1063 si
1996 1008 2062 1063 de
2091 1009 2194 1063 illis
2219 1007 2356 1076 apud
2380 1007 2646 1078 Ephesum
2669 1009 2782 1062 vult
2807 1009 3044 1078 intelligi,
3073 1007 3263 1063 audeat
3285 1022 3412 1077 ergo
3431 1007 3516 1062 di—

1926 1115 2049 1156 cere
2073 1101 2211 1170 quod
2240 1116 2335 1156 eos
2358 1101 2592 1156 Joannes
2627 1101 2915 1171 sacrilegus
2952 1101 3324 1171 inquinaverit.
3357 1101 3511 1170 Quod

1927 1195 1969 1250 si
1999 1209 2102 1248 non
2128 1195 2287 1249 audet
2308 1195 2506 1260 dicere,
2531 1193 2781 1264 quoniam
2812 1194 3203 1263 apertissimum
3231 1192 3381 1248 nefas
3407 1202 3510 1260 est,

1925 1285 2133 1342 desinat
2164 1286 2372 1340 tandem
2407 1286 2474 1340 de
2507 1301 2565 1340 re
2606 1285 2830 1340 multum
2867 1284 3108 1341 dissimili
3140 1283 3288 1340 falsa:
3321 1284 3512 1339 simili-

1927 1375 2121 1430 tudinis
2150 1375 2372 1430 ncbulas
2396 1376 2650 1430 excitare.

1994 1465 2084 1520 22.
2111 1466 2242 1521 Nam
2271 1467 2396 1522 illud
2427 1467 2568 1537 quod
2598 1465 2836 1536 adjungit
2863 1465 2932 1522 de
2959 1467 3211 1537 episcopo
3234 1465 3514 1537 Carthagi-

1924 1563 2074 1616 ncnsi
2103 1561 2412 1630 Agrippino,
2441 1560 2508 1614 de
2533 1560 2728 1631 inclyte
2755 1568 2989 1630 martyre
3013 1559 3301 1630 Cypriane,
3330 1558 3397 1614 de
3425 1572 3514 1613 se-

1923 1652 2193 1724 ptuaginta
2225 1650 2642 1721 praecessoribus
2671 1649 2938 1721 Cypriani,
2968 1649 3090 1718 quia
3121 1649 3222 1703 hoc
3247 1649 3506 1718 fecerunt,

1924 1754 1978 1801 et
2009 1746 2117 1799 fieri
2148 1751 2518 1814 prteceperunt
2543 1742 2619 1813 (a)
2650 1761 2664 1796 :
2691 1757 2726 1796 ο
2754 1756 2912 1812 quam
2940 1741 3285 1796 detestandus
3311 1749 3394 1796 est
3417 1756 3510 1796 er-

1923 1851 2015 1892 ror
2063 1836 2363 1901 hominum,
2407 1835 2496 1905 qui
2534 1835 2796 1888 clarorum
2839 1835 3075 1888 virorum
3112 1831 3356 1902 quzedam
3401 1845 3512 1887 nou-

1921 1937 2068 1984 recte
2109 1928 2240 1981 facta
2281 1926 2612 1980 laudabiliter
2649 1941 2706 1980 se
2745 1925 2936 1980 imitari
2964 1932 3186 1995 putant,
3215 1939 3245 1977 a
3280 1935 3509 1993 quorum

1923 2021 2205 2076 virtutibus
2225 2019 2380 2072 alieni
2403 2019 2554 2071 sunt!
2584 2016 2670 2071 Sic
2695 2017 2836 2071 enim
2857 2027 2911 2070 et
2931 2015 3170 2069 nonnulli
3197 2014 3356 2069 Petro
3380 2026 3513 2083 apo-

1922 2113 2063 2170 stole
2095 2109 2392 2180 comparari
2429 2124 2486 2162 se
2521 2108 2705 2161 volunt
2725 2148 2739 2172 ,
2770 2108 2813 2160 si
2844 2107 3111 2160 Christum
3154 2106 3462 2176 negaverint
3490 2121 3507 2161 :

1921 2208 1966 2263 si
2010 2221 2136 2261 vero
2180 2206 2337 2258 etiam
2377 2201 2576 2258 Gentes
2621 2200 2902 2255 Judaizare
2941 2199 3245 2268 coegerint,
3288 2195 3510 2252 vocitari

1919 2299 2156 2371 germani
2196 2298 2311 2364 ejus
2349 2295 2616 2348 affectant.
2647 2292 2773 2348 [huc
2803 2293 2853 2346 in
2883 2291 2972 2346 ille
2999 2299 3144 2345 tante
3171 2289 3283 2344 viro
3319 2303 3511 2358 repre-

1922 2392 2198 2448 hensibilia
2233 2390 2446 2444 fuerunt
2475 2405 2489 2440 :
2518 2386 2611 2440 sed
2643 2394 2786 2438 tanta
2817 2385 3038 2439 eminuit
3066 2380 3353 2451 apostolica
3384 2394 3510 2450 gra-

1923 2488 2012 2554 tia,
2032 2494 2090 2540 ut
2110 2484 2362 2538 continuo
2383 2481 2716 2543 delerentur;
2741 2493 2838 2531 nee
2857 2479 2927 2542 ei,
2953 2491 3054 2530 non
3073 2475 3191 2529 dico
3213 2473 3450 2544 praeferri
3465 2473 3505 2540 ι,

1921 2581 2015 2636 sed
2044 2581 2229 2633 saltem
2263 2576 2428 2646 possit
2451 2573 2669 2639 arquari,
2697 2580 2787 2624 aut
2815 2570 2882 2624 de
2910 2570 3156 2641 proxime
3185 2564 3506 2636 comparari,

1920 2673 2159 2744 quisquis
2189 2679 2489 2723 uestrorum
2521 2676 2816 2734 temporum
2844 2661 3194 2722 Christianus,
3226 2665 3318 2711 aut
3345 2657 3508 2710 etiam

1920 2766 2200 2835 cpiscopus
2225 2778 2323 2814 nec
2349 2759 2617 2811 Christum
2652 2755 2938 2824 negaverit,
2974 2766 3070 2806 nec
3094 2751 3292 2805 Gentes
3321 2746 3508 2802 Judai-

1919 2873 2041 2912 zare
2067 2855 2398 2923 compulerit.
2430 2852 2517 2905 Sic
2542 2858 2596 2903 et
2631 2848 2682 2904 in
2721 2857 2954 2917 martyre
2993 2842 3376 2914 gloriesisshue
3403 2837 3510 2909 Cy-

1920 2952 2107 3022 priane
2146 2967 2158 3002 :
2201 2947 2242 2999 si
2284 2945 2421 3014 apud
2468 2942 2752 2996 hzereticos
2792 2938 2876 2990 vel
2919 2933 3286 2990 scbismatices
3325 2930 3506 2984 datum

1917 3019 2113 3100 Christi
2155 3040 2477 3107 Baptismum
2519 3033 2732 3088 nolebat
2770 3042 3090 3098 agnoscere,
3125 3023 3252 3078 dum
3290 3036 3385 3076 eos
3423 3019 3508 3073 ni-

1917 3136 2080 3194 mium
2127 3133 2511 3192 detestaretur,
2542 3138 2676 3194 quos
2716 3136 2745 3174 a
2783 3118 3042 3174 catholica
3082 3115 3316 3178 unitate,
3349 3123 3506 3181 quam

1918 3231 2142 3285 multum
2171 3222 2386 3287 dilexit,
2415 3225 2690 3290 separates
2715 3211 2963 3274 dolebat;
2994 3218 3135 3261 tanta
3174 3205 3288 3276 ejus
3319 3204 3507 3258 merita

1918 3335 2086 3389 usque
2125 3316 2189 3369 ad
2232 3310 2554 3380 triumphum
2595 3302 2834 3376 martyrii
2866 3307 3154 3389 consecuta
3181 3303 3341 3389 sunt,
3372 3301 3509 3348 utet

1917 3383 2191 3465 charitatis
2217 3420 2317 3475 qua
2347 3399 2641 3456 excellebat
2667 3393 2906 3460 Iuce,illa
2936 3385 3274 3446 obumbratie
3293 3383 3506 3453 fugare-

1919 3511 2025 3567 tur,
2053 3508 2105 3554 et
2135 3507 2191 3550 ut
2220 3505 2546 3560 sarmentum
2585 3489 2912 3543 fructuosum
2955 3484 3106 3537 ﬁeret
3145 3475 3468 3566 fructuosius
3487 3515 3505 3544 ,

1919 3597 1962 3650 si
1985 3591 2107 3664 quid
2131 3589 2356 3644 habebat
2380 3583 2729 3655 purgandum,
2748 3582 2791 3635 si
2818 3578 2961 3632 nulla
2988 3591 3047 3630 re
3071 3573 3194 3664 alia,
3216 3580 3363 3664 certe
3387 3584 3508 3664 pas:

1919 3659 2084 3740 sienis
2115 3682 2242 3734 falce
2273 3678 2452 3733 ultima
2486 3675 2776 3728 tolleretur.
2808 3668 2918 3722 Nec
2957 3681 3053 3721 nos
3087 3663 3209 3733 quia
3251 3659 3506 3728 Baptismi

1920 3775 2194 3830 veritatem
2217 3770 2372 3822 etiam
2397 3767 2448 3819 in
2475 3763 2846 3816 hmrcticorum
2875 3757 3149 3824 iniquitate
3169 3750 3506 3820 agnoscimus

1921 3867 2096 3938 potius
2119 3876 2274 3930 quam
2298 3870 2570 3926 negamus,
2595 3852 2714 3906 ideo
2736 3850 2983 3904 meliores
3001 3845 3266 3916 Cypriane
3287 3854 3469 3938 sumus
3491 3855 3504 3895 :

1920 3931 2058 4013 sicut
2084 3967 2179 4007 nec
2204 3951 2392 4014 Petro,
2423 3946 2544 4018 quia
2573 3943 2768 3997 Gentes
2805 3938 3082 3994 .ludaizare
3109 3950 3216 3990 non
3244 3931 3504 4000 cogimus.

1921 4049 2032 4106 Hoc
2059 4048 2123 4102 de
2149 4043 2438 4113 Agrippino
2467 4038 2688 4106 aliisque
2722 4032 2986 4102 episcopis
3006 4071 3020 4094 ,
3049 4029 3136 4100 qui
3169 4027 3255 4082 illa
3282 4023 3507 4079 concilia

1920 4139 2111 4196 fecisse
2140 4136 2501 4207 perhibentur,
2529 4125 2919 4196 responderim,
2944 4122 3032 4193 qui
3055 4122 3132 4176 sic
3156 4119 3362 4174 diversa
3383 4131 3509 4170 scn-

1922 4242 2122 4296 serunt,
2151 4239 2205 4284 ut
2225 4243 2343 4283 cum
2367 4227 2465 4292 eis,
2491 4231 2672 4278 contra
2698 4234 2830 4289 quos
2852 4217 2918 4272 de
2946 4217 3044 4270 hac
3068 4213 3361 4284 quaestione
3386 4224 3510 4264 sen-

1922 4329 2143 4388 tiebant,
2175 4325 2224 4377 in
2266 4321 2468 4376 unitate
2500 4315 2865 4386 persisterent,
2895 4309 2982 4363 ubi
3013 4306 3244 4361 Charitas
3271 4301 3514 4372 cooperit

1923 4418 2314 4478 multitudinem
2345 4420 2697 4484 peccatorum.
2731 4403 2822 4460 Sic
2858 4415 3086 4471 namque
3116 4395 3510 4453 ambulantibus

1923 4516 1975 4568 iu
2016 4509 2266 4566 Ecclesiae
2304 4502 2592 4566 veritate‘,
2632 4499 2687 4552 in
2726 4510 2884 4568 quam
2925 4497 3308 4564 pervenerant,
3341 4486 3514 4556 potuit

1924 4609 2084 4671 Deus,
2114 4605 2249 4658 sicut
2273 4596 2564 4669 Apostolus
2587 4591 2734 4656 dicit,
2765 4598 2818 4643 et
2843 4589 2946 4642 illis
2975 4583 3216 4640 revelare
3241 4579 3381 4651 quod
3407 4578 3510 4634 ali-

1925 4709 2005 4754 ter
2029 4695 2304 4766 Sapiebant
2329 4688 2584 4764 (Philipp.
2617 4700 2695 4752 Ill,
2729 4682 2836 4749 l5).
2869 4679 3012 4734 Nova
3042 4677 3182 4731 enim
3212 4683 3337 4728 tunc
3363 4687 3509 4766 qure-

1925 4794 2030 4848 stie
2060 4765 2177 4854 fuit,
2210 4780 2654 4857 quemadn'iodum
2687 4771 3008 4844 suscipiendi
3040 4776 3220 4826 essent
3255 4765 3506 4831 hmretici,

1924 4899 2041 4954 qum
2063 4877 2344 4934 nonnullos
2367 4872 2554 4926 fratres
2575 4865 2879 4921 luereticam
2912 4863 3196 4932 perniciem
3220 4859 3512 4913 vehemen-

1927 4945 2007 5030 ter
2031 4972 2219 5027 merito
2246 4967 2589 5026 detestantes,
2610 4959 2720 5030 ipsa
2742 4959 2972 5010 novitate
2986 4952 3234 5015 turbavit,
3256 4959 3310 5003 ut
3335 4945 3511 5001 credi-

1925 5066 2100 5123 derint
2125 5063 2225 5118 hoc
2245 5057 2480 5116 etiamin
2507 5054 2586 5110 eis
2609 5066 2728 5109 esse
2754 5047 3179 5120 improbandum,
3203 5040 3342 5113 quod
3370 5038 3512 5094 male

1991 5263 2009 5294 ί
2025 5267 2172 5310 locus
2192 5252 2501 5305 Fleriacensis
2521 5249 2700 5301 codicis
2735 5258 2853 5310 ope;
2871 5242 3248 5310 redintegratus.
3278 5242 3345 5310 ML
3369 5234 3513 5310 editis

1928 5298 2622 5378 enimws‘icwau-te‘a'legebatur,
2654 5298 2854 5378 vocitari
2888 5298 3512 5378 gerrimﬁihejusuqqectqnt,

2215 5379 2376 5446 gratia
2395 5368 2445 5429 iit
2467 5368 2687 5428 omni:in
2725 5368 3030 5421 declarentur
3054 5377 3072 5415 :
3096 5375 3208 5414 cum
3240 5373 3329 5412 nec
3351 5373 3397 5410 et
3420 5371 3515 5410 non

2019 5399 2185 5434 statuta
2215 5399 2376 5446 grana
2395 5399 2445 5429 ια
2467 5399 2687 5428 cantuum
2725 5399 2879 5421 manu
2891 5399 3019 5418 ωηυκ
3054 5401 3068 5415 ο
3096 5399 3208 5414 vuu-
3241 5399 3328 5412 ηυγ
3351 5399 3395 5410 ν.

1926 5399 2036 5501 2};
2058 5441 2299 5508 prtuferri.
2365 5503 2375 5508 _
2435 5501 2446 5508 _
2753 5500 2839 5508 nu
2889 5488 3073 5508 mu“.
3121 5486 3170 5508 ἐκ
3219 5499 3270 5508 Μ
3293 5482 3395 5508 nm.

1992 5488 2173 5568 ῗιῖιιῖῖξ
2183 5488 2246 5557 iii
2265 5488 2491 5568 Ecrlesite
2509 5498 2711 5568 imitate.
2722 5565 2728 5568 _
2741 5500 2855 5568 lusa.
2883 5488 3106 5568 quidam,
3115 5488 3508 5568 funem-uerita?

2265 5544 2930 5629 auti'qui‘eribtisweditionibus
2947 5562 3047 5600 Am.
3081 5544 3133 5600 et
3156 5555 3249 5610 En,
3275 5547 3325 5598 in
3349 5544 3513 5596 Eccle-

1927 5639 2014 5689 δίίε
2031 5633 2196 5685 ven-Ml
2211 5647 2242 5679 ν’·
2362 5689 2374 5695 -
2723 5681 2734 5692 ο
2751 5694 2760 5695 ,
2774 5693 2784 5695 μ
2859 5689 2989 5695 -..μυ
3025 5685 3036 5695 .
3052 5674 3178 5695 ι·..ε,.....
3206 5679 3250 5695 η.
3283 5669 3461 5695 “nam:

1993 5669 2324 5762 ἱᾶῖἰῖἓέὲῐίιίιιιτ
2346 5689 2418 5762 de.
2435 5674 3180 5762 concilia,e.::iss9eec:_t£rtrs
3204 5679 3262 5762 ea
3283 5669 3510 5762 ξιξτξξξξξξε

2347 5728 2894 5822 ἐῶιῖξίιῖἱὲὲιῖιιὶίιιβιτέιιε
2913 5728 3514 5822 Eypriau‘ug.

2696 5805 2755 5880 ad
2791 5791 3083 5880 Januarii-um.
3108 5797 3223 5854 vide
3243 5791 3391 5859 supra
3425 5791 3513 5845 lib.

1927 5865 2301 5945 ἴάῖὦρἶὲιὶιο
2321 5880 2488 5927 contra
2508 5870 2772 5919 Douatistas
2810 5879 2862 5916 ιι.
2884 5865 2956 5914 17.

3044 6039 3098 6049 -κ
