4010 6472
532 361 636 417 6οη

530 505 629 547 suo
655 491 907 550 tenebant
946 493 1163 550 bonum.
1193 496 1308 568 Ego
1345 508 1522 556 autem
1554 510 1613 556 ut
1650 501 1796 573 quod
1824 501 1891 558 de
1923 503 2022 559 hac
2058 518 2120 560 re

532 584 708 639 sentio
741 584 973 641 breviter
1003 585 1176 642 dicam
1207 605 1222 642 :
1254 589 1588 661 rebaptizare
1631 592 1946 663 haereticos,
1976 595 2119 666 quod

531 674 606 729 illi
648 674 840 733 fecisse
877 677 1160 748 dicuntur,
1199 689 1328 738 tunc
1363 682 1461 739 fuit
1498 685 1714 741 humani
1753 687 1984 755 erroris;
2027 705 2118 745 re-

532 763 800 835 baptizare
827 777 1005 824 autem
1034 770 1326 829 catholicos
1344 816 1359 840 ,
1391 775 1533 846 quod
1561 777 1735 834 adhuc
1768 779 1853 835 isti
1882 779 2114 854 faciunt,

533 870 746 926 semper
771 867 856 914 est
881 860 1159 920 diabolicae
1187 870 1616 940 praesumptionis
1638 873 1678 925 ¹.

599 946 824 1004 CAPUT
851 950 990 1006 XIV.
1012 985 1084 994 —
1101 956 1192 1012 2'5.
1219 958 1326 1014 Sed
1349 961 1470 1016 volo
1493 963 1626 1017 mihi
1652 964 1825 1020 solvat
1848 965 1949 1023 iste
1970 982 2116 1039 quae-

527 1037 754 1094 stionem
787 1059 802 1096 :
829 1045 1259 1117 quandoquidem
1293 1065 1412 1105 cum
1448 1051 1707 1110 Romanae
1736 1037 2002 1113 Ecclesiae
2019 1073 2116 1129 per

526 1129 768 1186 ordinem
798 1148 1245 1196 commemoraret
1270 1143 1572 1215 episcopos,
1603 1146 1741 1202 inter
1767 1163 1861 1204 eos
1888 1164 2115 1206 comme-

525 1223 752 1277 moravit
795 1234 850 1280 ct
895 1227 1221 1298 Stephanum
1265 1248 1398 1303 quos
1445 1237 1806 1308 episcopatum
1849 1240 2112 1296 illibatum

523 1314 756 1381 gessisse
789 1318 1067 1376 confessus
1095 1333 1194 1378 est.
1227 1325 1357 1380 Cum
1386 1343 1512 1399 ergo
1542 1329 1843 1400 Stephanus
1881 1348 1985 1388 non
2025 1349 2113 1390 so-

526 1403 634 1457 lum
665 1421 767 1461 non
796 1410 1151 1480 rebaptizaret
1175 1414 1474 1484 hzcreticos,
1505 1436 1690 1476 verum
1719 1425 1876 1478 etiam
1907 1423 2010 1480 hoc
2036 1425 2112 1478 fa-

524 1493 726 1553 cientes
746 1539 760 1565 ,
790 1501 873 1555 vel
901 1511 959 1555 ut
986 1503 1137 1559 fieret
1163 1505 1511 1566 decernentes
1529 1551 1543 1576 ,
1571 1514 2109 1571 excommunicandos

521 1597 640 1639 esse
661 1598 924 1656 censeret,
948 1592 1084 1646 sicut
1110 1595 1334 1650 aliorum
1357 1599 1722 1671 episc0porum
1745 1613 1800 1658 ct
1823 1604 1988 1673 ipsius
2007 1606 2108 1678 Cy-

522 1679 692 1747 priani
723 1681 914 1738 litterae
945 1687 1262 1756 ostendunt;
1293 1701 1466 1746 tamen
1493 1709 1615 1748 cum
1643 1709 1707 1750 eo
1731 1695 2027 1768 Cyprianus
2053 1699 2107 1754 in

521 1772 737 1828 unitatis
762 1789 892 1843 pace
916 1781 1227 1846 permansit.
1253 1781 1387 1849 Quid
1421 1785 1504 1839 hic
1531 1785 1722 1841 dicturi
1747 1789 1902 1843 sunt?
1927 1789 2106 1845 Excu-

523 1861 653 1916 tiant
681 1864 886 1935 ingenia
914 1881 1009 1922 sua
1035 1879 1293 1940 quantum
1329 1885 1586 1943 possunt,
1614 1886 1668 1931 et
1692 1887 1869 1933 utrum
1897 1880 2108 1936 valeant

517 1954 843 2022 rcSpondere
867 1959 1225 2016 considerent.
1255 1963 1394 2019 Ecce
1418 1964 1524 2019 duo
1544 1976 1697 2022 erant
1717 1983 1823 2023 uno
1845 1977 2102 2040 tempore,

517 2050 575 2096 ut
602 2043 670 2099 de
695 2047 812 2102 aliis
839 2058 1040 2104 taceam
1060 2092 1074 2116 ,
1105 2053 1195 2121 qui
1221 2053 1432 2109 diversa
1465 2058 1795 2126 sentiebant;
1824 2060 1929 2115 duo
1955 2069 2106 2116 erant

515 2133 1054 2193 eminentissimarum
1094 2141 1484 2213 Ecclesiarum,
1516 2146 1771 2203 Romanae
1810 2150 2014 2206 scilicet
2050 2159 2105 2207 et

514 2223 948 2296 Carthaginensis
973 2231 1230 2301 episc0pi,
1257 2233 1557 2305 Stephanus
1582 2246 1637 2292 et
1658 2238 1974 2310 Cyprianus,
1999 2256 2104 2296 am-

513 2315 584 2370 bo
611 2317 662 2370 in
692 2319 893 2374 unitate
920 2321 1179 2377 catholica
1203 2328 1475 2382 constituti
1505 2347 1517 2382 :
1548 2345 1770 2399 quorum
1801 2333 2102 2404 Stephanus

512 2407 839 2477 Baptismum
865 2412 1061 2469 Christi
1091 2416 1144 2469 in
1172 2418 1316 2472 nullo
1345 2418 1644 2477 iterandum
1671 2438 1790 2480 esse
1818 2427 2098 2500 censebat,

510 2507 564 2555 et
585 2500 686 2556 hoc
708 2489 1019 2562 facientibus
1039 2511 1270 2578 graviter
1289 2515 1639 2571 succensebat
1662 2535 1676 2583 ;
1699 2516 1992 2590 Cyprianus
2015 2538 2103 2578 au-

510 2598 618 2647 tem
647 2593 698 2647 in
731 2585 924 2652 haeresi
947 2599 1031 2654 vel
1061 2601 1346 2659 schismate
1379 2606 1690 2676 baptizatos,
1707 2618 1956 2681 tanquam
1992 2629 2099 2669 non

510 2679 768 2740 habentes
794 2687 1122 2758 Baptismum
1149 2691 1368 2761 Christi,
1396 2695 1744 2767 baptizandus
1772 2679 1832 2756 in
1860 2704 2098 2762 Ecclesia

507 2775 767 2834 catholica
788 2781 1144 2838 existimabat.
1167 2784 1312 2840 Multi
1335 2801 1456 2843 cum
1479 2790 1590 2858 illo,
1614 2791 1828 2862 quidam
1851 2810 1971 2850 cum
1994 2797 2098 2853 isto

507 2867 666 2922 etiam
693 2871 1010 2936 sentiebant,
1035 2875 1243 2946 utrique
1263 2892 1381 2932 eum
1405 2881 1483 2934 cis
1511 2882 1562 2936 in
1590 2884 1788 2941 unitate
1807 2889 2099 2946 consisten-

509 2966 591 3012 tes
611 2960 652 3010 ί.
679 2959 732 3015 Si
759 2975 885 3030 ergo
908 2978 1093 3018 verum
1121 2974 1203 3021 est
1226 2968 1366 3037 quod
1392 2971 1478 3025 isti
1505 2972 1708 3040 dicunt,
1735 2983 1788 3031 et
1809 2978 1947 3034 unde
1971 2996 2097 3036 cau-

505 3060 620 3101 sam
642 3064 752 3104 suae
769 3054 1118 3121 separationis
1138 3071 1401 3123 asserere,
1425 3062 1506 3116 vel
1531 3077 1792 3122 excusare
1811 3080 2092 3139 conantur,

503 3134 560 3190 ln
600 3152 702 3192 una
742 3143 1116 3198 communione
1157 3145 1624 3206 Sacramentorum
1662 3156 1787 3209 mali
1825 3161 2095 3217 maculant

501 3225 692 3295 bonos,
723 3237 778 3284 et
806 3230 924 3286 ideo
953 3236 1217 3304 corporali
1243 3236 1597 3308 disjunctione
1623 3259 1652 3298 a
1681 3247 1940 3304 malorum
1965 3265 2093 3307 con-

501 3319 712 3388 tagione
750 3323 1103 3380 rccedendum
1135 3335 1245 3392 est,
1278 3344 1346 3385 ne
1374 3345 1560 3389 omnes
1587 3337 1788 3405 pariter
1825 3353 2043 3409 pereant
2073 3362 2086 3399 :

495 3409 604 3477 jam
628 3420 753 3467 tunc
770 3414 1024 3483 Stephani
1044 3426 1098 3472 et
1121 3419 1372 3490 Cypriani
1396 3428 1722 3496 temporibus
1744 3432 1964 3500 periisse
1986 3434 2091 3491 Ec-

498 3499 714 3556 clesiam
740 3506 1099 3562 confitendum
1129 3519 1232 3575 cst,
1266 3528 1363 3568 nec
1391 3514 1619 3586 aliquam
1648 3524 1875 3591 posteris
1903 3525 2089 3582 dereli-

495 3597 636 3644 ctam
654 3591 695 3658 ³,
717 3594 804 3649 ubi
829 3595 1068 3654 Donatus
1090 3601 1204 3670 ipse
1223 3604 1569 3674 spiritualiter
1590 3623 1912 3671 nasceretur.
1933 3618 2087 3687 Quod

492 3683 537 3737 si
565 3683 745 3741 dicere
772 3689 1034 3746 nefarium
1055 3692 1315 3765 iudicant,
1337 3699 1459 3769 quia
1484 3717 1668 3758 revera
1690 3707 1949 3764 nefarium
1970 3719 2080 3781 est;

491 3775 631 3831 sicut
652 3779 843 3834 mansit
864 3780 1101 3838 Ecclesia
1122 3800 1184 3840 ex
1208 3787 1313 3843 illis
1337 3794 1661 3861 temporibus
1683 3813 1850 3868 usque
1871 3800 1938 3856 ad
1958 3809 2085 3859 tem-

493 3881 619 3936 pora
644 3867 910 3926 Cmciliani
932 3881 984 3928 et
1003 3875 1247 3944 Majorini
1272 3880 1384 3936 sive
1409 3882 1614 3951 Donati,
1641 3903 1739 3942 nec
1762 3905 1878 3944 eam
1902 3908 2083 3948 macu-

490 3958 647 4014 laudo
669 3961 890 4034 perdere
917 3973 1199 4035 potuerunt
1222 3971 1541 4043 quicumque
1564 3977 1614 4030 in
1639 3993 1757 4033 eam
1783 3983 2078 4040 secundum

487 4049 631 4118 ipsos
660 4051 775 4109 sine
804 4053 1073 4124 Baptismo
1100 4059 1319 4116 admissi
1344 4073 1487 4132 sunt,
1515 4067 1656 4136 pleni
1681 4072 1929 4128 omnibus
1953 4089 2079 4145 pec-

484 4142 618 4196 catis
641 4152 694 4198 et
719 4147 1030 4204 criminibus
1059 4151 1190 4216 suis,
1221 4168 1322 4209 nec
1345 4156 1450 4211 ulla
1474 4157 1611 4214 facta
1633 4171 1715 4217 est
1738 4178 1767 4217 a
1787 4159 2088 4244 Cypriane,-

483 4241 538 4286 et
563 4235 642 4288 eis
671 4237 758 4304 qui
797 4239 993 4307 pariter
1028 4240 1095 4296 de
1130 4243 1402 4314 Baptismo
1428 4251 1733 4320 sapicbant,
1763 4235 1842 4312 abi
1860 4235 2072 4315 illorum

483 4326 857 4382 communione
895 4329 1118 4398 divisio;
1149 4337 1397 4402 quoniam
1439 4355 1543 4394 non
1582 4357 1641 4398 se
1678 4345 2074 4406 arbitrabantur

483 4414 535 4468 in
578 4415 780 4472 unitate
822 4425 878 4472 et
922 4423 1298 4480 communione
1340 4441 1790 4491 sacramentorum
1833 4439 2068 4512 Christi,

479 4505 669 4561 alienis
706 4507 860 4564 malis
899 4524 1055 4580 posse
1089 4514 1345 4570 maculari
1377 4534 1390 4570 :
1423 4518 1499 4572 sic
1532 4524 1703 4590 potuit
1736 4535 1790 4580 et
1817 4505 2070 4602 deinceps

480 4599 716 4655 Ecclesia
748 4617 1094 4672 permanere,
1123 4622 1279 4676 quam
1311 4617 1422 4666 toto
1441 4652 1456 4678 ,
1487 4613 1624 4669 sicut
1647 4615 1712 4671 de
1743 4617 1830 4674 illa
1869 4599 2066 4690 praedi-

479 4697 621 4746 ctum
652 4701 763 4760 est,
797 4702 1058 4752 terrarum
1089 4699 1219 4756 orbe
1245 4713 1574 4762 crescentem
1604 4710 1749 4766 nullo
1775 4714 1936 4769 modo
1965 4732 2083 4796 po-K

479 4787 652 4836 terant
670 4785 1025 4854 quorumlibet
1047 4790 1358 4846 traditorum
1380 4808 1443 4849 ac
1458 4794 1874 4859 facinorosorum
1893 4785 2063 4866 aliena

475 4871 694 4928 crimina
724 4876 1022 4944 maculare;
1056 4879 1194 4935 sicut
1221 4881 1272 4937 in
1297 4899 1398 4938 una
1424 4899 1546 4942 area
1571 4904 1736 4960 usque
1761 4893 1826 4949 ad
1853 4903 2062 4968 tempus

474 4965 831 5022 ventilatiouis
871 4970 1124 5026 maculari
1161 4974 1326 5042 paleis
1365 4975 1627 5035 frumenta
1658 4997 1762 5039 non
1800 5000 2057 5061 possunt,

473 5057 609 5112 sicut
647 5059 781 5114 intra
821 5076 922 5116 una
962 5063 1096 5118 retia
1139 5081 1308 5137 usque
1341 5069 1407 5124 ad
1452 5079 1660 5144 tempus
1701 5077 1888 5139 littoris
1931 5085 2060 5142 mali

473 5151 644 5220 pisces
672 5153 840 5209 bonos
868 5156 1026 5210 simul
1057 5159 1288 5216 natando
1317 5178 1421 5217 non
1450 5167 1699 5234 perdunt.

541 5242 632 5298 24.
665 5243 818 5300 Nulla
848 5247 1006 5317 igitur
1031 5250 1168 5305 ratio
1194 5251 1316 5321 fuit,
1341 5255 1434 5310 sed
1455 5259 1721 5316 maximus
1750 5262 1912 5336 furor,
1941 5285 2051 5340 quo

473 5333 560 5388 isti
595 5336 739 5391 velut
780 5339 1040 5396 malorum
1081 5346 1511 5405 commhnionem
1553 5365 1834 5426 caventes,
1885 5375 1945 5418 se
1984 5365 2054 5421 ab

509 5469 550 5539 f
576 5473 824 5524 Vaticanus
855 5480 939 5524 Ms.
959 5508 975 5536 ,
1015 5475 1266 5530 diabolicae
1303 5478 1596 5546 deceptiom's
1636 5493 1683 5540 et
1711 5451 2058 5558 praesumptio:

467 5541 560 5580 ηιδ.

530 5595 550 5659 ξ
572 5602 667 5659 Am.
697 5602 748 5659 et
769 5609 938 5648 omnes
959 5606 1087 5659 Mss.,
1110 5601 1340 5655 sistentes.
2064 5646 2068 5648 ~

532 5653 646 5734 ’ἕο
668 5655 979 5734 ξτξριξξιερῃεὶδ
1000 5653 1143 5734 vetus
1375 5675 1542 5722 Cameri
1568 5672 1675 5724 fere
1697 5682 1800 5726 Mss.
1822 5680 2050 5734 omittunt

468 5715 635 5794 verba,
662 5715 981 5794 conﬁtendmn
1019 5732 1105 5794 est,
1129 5715 1631 5794 negatiquunifluliti'
1649 5715 1785 5787 Ive‘PB"
1983 5715 2048 5794 ita

465 5776 882 5892 τεὲιίῗξηκηὺαηι,
906 5776 1305 5856 εοηδιιιῐρενέίδδέ
1319 5776 1330 5792 '
1340 5776 1620 5864 ὲξᾶὲ
1634 5776 1728 5853 ,ξεῖ

464 5849 520 5892 τε
541 5850 584 5891 ιε
687 5874 700 5892 ι

493 5851 700 5898 etiamm.
1110 5851 1117 5856 '
1605 5851 1619 5864 '
1675 5851 1709 5853 ”
1743 5851 1756 5870 ’
1968 5851 2023 5861 ﬂ
2063 5895 2067 5900 ·

1134 380 1222 438 DE
1261 381 1464 441 UNICO
1501 383 1838 442 BAPTISMO
1874 384 2144 443 CONTRA
2186 386 2620 469 PETILIANUM,
2662 401 2716 457 S.
2759 404 3128 470 AUGUSTINI

3701 431 3805 496 608

2232 511 2430 622 unitate
2458 514 2653 576 Christi
2680 537 2798 594 quae
2819 534 2931 585 toto
2951 531 3081 590 orbe
3102 534 3435 614 diffunditur,
3463 560 3806 622 separarum.

3421 601 3435 614 ,
3464 601 3805 622 _-,_._.......

2224 601 2336 660 Nisi
2380 608 2513 666 forte
2541 628 2572 667 a
2609 616 2920 678 criminibus
2949 627 3172 687 crimina
3194 635 3419 695 mirabili
3447 654 3564 701 arte
3588 648 3805 708 discer-

2226 707 2359 754 nunt
2376 741 2391 768 ,
2421 718 2528 759 non
2553 704 2621 763 de
2641 707 2948 784 Scripturis,
2983 721 3076 776 sed
3103 723 3172 781 de
3195 729 3442 788 cordibus
3466 737 3580 794 suis
3607 704 3795 802 distin-

2215 1451 2351 1494 vana
2381 1457 2440 1498 se
2464 1445 2607 1516 loqui
2630 1465 2661 1514 ;.
2692 1460 2748 1506 et
2781 1449 2900 1511 cum
2926 1473 2989 1514 ea
3015 1461 3226 1534 dicunt,
3256 1469 3400 1526 nullo
3428 1473 3610 1532 divino
3641 1482 3800 1536 testi-

2213 1533 2394 1588 monio
2425 1535 2611 1595 fulcire
2634 1542 2893 1602 nituntur.
2940 1551 3104 1623 Magis
3124 1557 3267 1614 enim
3295 1563 3467 1619 solent
3496 1567 3547 1621 in
3578 1583 3678 1626 ore
3709 1571 3802 1628 ba-

2211 1620 2340 1678 bere
2359 1664 2376 1692 ,
2405 1629 2615 1696 quando
2635 1639 2870 1702 peccatis
2900 1620 3126 1701 aliorum
3152 1649 3285 1706 alios
3313 1653 3668 1715 criminantur
3686 1703 3703 1728 ,
3732 1664 3799 1720 ad

2212 1718 2573 1776 excusandum
2603 1724 2751 1782 nefas
2781 1734 3132 1800 separationis
3160 1753 3270 1796 suae
3290 1784 3304 1808 ,
3349 1744 3565 1804 Videbas
3604 1757 3796 1826 farm,

2209 1814 2258 1858 et
2281 1813 2610 1868 concurrebas
2628 1832 2742 1871 cum
2764 1837 2822 1875 eo
2843 1821 3016 1892 (Ρωι.
3040 1843 3183 1896 xmx,
3206 1833 3327 1902 18);
3359 1845 3431 1903 et,
3457 1839 3542 1895 Ne
3563 1813 3796 1902 comma:

2209 1903 2452 1962 nicaveris
2487 1914 2702 1978 peccatis
2727 1915 2904 1974 alienis
2941 1921 2984 1992 (Ι
3014 1922 3146 1980 Tim.
3175 1943 3226 1993 v,
3255 1928 3383 2001 22);
3411 1941 3497 2001 et,
3531 1936 3794 2010 Recedite,

2209 1995 2336 2049 exite
2363 1997 2506 2066 inde,
2552 2012 2599 2055 et
2633 2005 2949 2066 immundum
2973 2031 3036 2068 ne
3063 1995 3498 2094 tetigeritis'Usai.
3529 2044 3636 2096 ιιι,
3670 1995 3794 2102 ll);

2207 2093 2295 2150 et,
2351 2088 2450 2154 Qui
2479 2094 2694 2166 tetigerit
2732 2103 3014 2172 pollutum,
3063 2111 3287 2178 pollutus
3331 2088 3402 2171 est
3445 2117 3628 2191 (Leuit.
3661 2088 3796 2192 xxii,

2206 2176 2330 2248 4-6)
2355 2197 2368 2246 ;
2409 2192 2463 2238 ct
2481 2225 2496 2250 ,
2525 2186 2793 2276 Modicum
2813 2176 3114 2264 fermentum
3145 2211 3300 2259 totam
3324 2176 3540 2266 massam
3561 2231 3797 2273 corrum-

2208 2269 2281 2337 pit
2313 2271 2513 2343 (lCor.
2545 2295 2614 2346 v,
2653 2283 2724 2355 6)
2757 2269 2856 2343 z'et
2896 2291 2997 2346 alia
3039 2292 3340 2364 hujusmodi
3363 2343 3378 2366 ,
3433 2305 3630 2374 quibus
3655 2269 3661 2270 γ

2208 2364 2504 2426 traditionis
2553 2375 2752 2432 crimen
2800 2380 2871 2436 ab
2917 2383 3035 2439 aliis
3080 2364 3391 2450 criminibus
3436 2364 3614 2469 aliqua
3667 2418 3798 2473 pro-

2207 2455 2429 2523 prietate
2458 2461 2808 2538 discernitur,
2863 2475 2958 2530 sed
3002 2481 3176 2535 omnis
3214 2487 3416 2552 peccati
3463 2495 3796 2553 consociatio

2204 2547 2534 2614 prohibetur.
2587 2557 2718 2625 Qua:
2755 2571 2932 2621 tamen
2960 2567 3136 2626 divina
3167 2547 3500 2646 testimonia,
3534 2585 3624 2640 vel
3655 2601 3795 2656 prte-

2203 2649 2355 2708 cepta
2380 2683 2394 2707 ,
2445 2645 2494 2700 si
2533 2661 2600 2703 eo
2627 2653 2790 2710 modo
2813 2672 2921 2727 quo
2950 2660 3073 2732 isti,
3120 2665 3443 2741 intelligeret
3471 2645 3795 2749 Cyprianus,

2202 2733 2439 2800 profecto
2465 2753 2525 2794 se
2565 2741 2634 2798 ab
2677 2744 2949 2818 Stephano
2978 2768 3249 2825 separaret
3267 2733 3433 2828 ,vnec
3618 2771 3714 2826 illo
3743 2733 3795 2830 in

2203 2827 2476 2886 catholicae
2495 2835 2711 2894 unitatis
2727 2848 3103 2907 communione
3127 2856 3458 2922 persisteret.
3481 2861 3580 2918 ille
3596 2865 3795 2937 quippe

2199 2919 2492 2978 secundum
2509 2929 2824 2988 sententiam
2838 2950 2995 3005 quam
3013 2938 3080 2996 de
3091 2919 3361 3012 Baptismo
3373 2948 3457 3004 isti
3475 2919 3788 3024 tenendam,

2200 3019 2427 3083 putant,
2480 3016 2764 3079 hzereticos
2809 3036 2864 3082 et
2904 3030 3269 3092 schismaticos
3298 3039 3434 3097 sicut
3475 3036 3789 3118 opinantur,

2198 3101 2528 3174 Baptismum
2561 3127 2666 3168 non
2696 3115 2985 3189 habentes,
3017 3125 3345 3188 admittendo
3377 3135 3429 3190 in
3461 3101 3787 3210 Ecclesiam:

2196 3201 2624 3258 communicabat
2643 3211 3111 3284 peccatisalienis;
3143 3222 3264 3290 quia
3291 3225 3538 3286 videlicet
3569 3246 3787 3302 peccata

2195 3299 2378 3344 eorum
2423 3294 2514 3364 qui
2559 3295 2830 3368 Baptismo
2869 3319 2998 3362 vero
3040 3310 3204 3368 abluti
3233 3329 3342 3372 non
3384 3333 3538 3378 erant
3557 3294 3583 3392 ,-
3628 3328 3683 3383 in
3710 3330 3788 3386 eis

2193 3378 2376 3482 tuique
2419 3390 2826 3476 permanebant.
2876 3397 3068 3458 Debuit
3095 3419 3222 3477 ergo
3259 3378 3786 3482 Cyprianusabﬂh‘u:

2188 3470 2276 3540 jus
2305 3478 2322 3507 ¹
2353 3473 2728 3544 communione
2751 3489 3057 3564 discedere,
3105 3515 3174 3557 ne
3201 3518 3322 3562 cum
3345 3508 3463 3566 fure
3488 3527 3784 3574 concurre-

2191 3574 2305 3632 ret,
2337 3586 2404 3626 ne
2425 3578 2655 3642 peccatis
2683 3588 3101 3648 communicaret
3127 3596 3334 3667 alienis,
3362 3618 3430 3658 ne
3459 3611 3781 3680 contagione

2189 3659 2556 3730 inquinarctnr
2601 3671 2895 3746 immundi,
2947 3697 3016 3739 ne
3053 3688 3288 3756 pollutus
3318 3659 3470 3752 fieret
3509 3659 3780 3772 tangoendo

2188 3755 2448 3823 pollutum
2473 3803 2488 3827 ,
2521 3778 2589 3818 ne
2618 3765 2880 3826 fermento
2903 3789 3342 3850 corrumperetur
3367 3789 3612 3848 aliorum.
3663 3797 3780 3855 Hoc

2185 3859 2312 3918 ergo
2358 3853 2608 3920 quoniam
2657 3874 2761 3916 non
2801 3863 2962 3935 fecit,
3013 3871 3109 3927 sed
3138 3888 3259 3931 cum
3289 3879 3367 3934 eis
3405 3883 3611 3943 unitate
3652 3905 3780 3960 per-

2183 3943 2414 4011 mansit,
2445 3954 2553 4002 tota
2583 3951 2746 4020 ipsius
2777 3959 2993 4018 unitatis
3028 3972 3153 4023 tunc
3181 3985 3358 4028 massa
3386 3989 3639 4051 corrupta
3652 3943 3772 4054 rest,

2182 4047 2282 4087 nec
2325 4044 2684 4105 perseveravit
2725 4045 2998 4122 Ecclesia,
3040 4072 3158 4128 quae
3185 4071 3367 4131 postea
3394 4079 3612 4128 sanctos
3637 4049 3775 4131 isto-

2180 4141 2297 4182 rum
2321 4129 2637 4201 Majorinum
2665 4155 2875 4210 pareret
2897 4162 2960 4203 ac
2990 4129 3273 4211 Donatum.
3301 4159 3413 4217 Hoc
3436 4165 3558 4234 quia
3586 4167 3773 4228 dicere

2181 4220 2329 4276 nullo
2372 4227 2533 4282 modo
2579 4233 2809 4302 audent;
2859 4249 3025 4298 restat
3060 4255 3119 4301 ut
3143 4248 3405 4308 fateantur
3443 4220 3616 4315 bonos
3644 4276 3768 4318 cum

2177 4312 2334 4370 malis
2362 4316 2414 4370 in
2451 4317 2915 4385 Sacramentorum
2942 4332 3356 4397 Christianorum
3383 4351 3768 4408 communione

2174 4404 2290 4462 sine
2318 4409 2424 4466 ulla
2450 4426 2544 4469 sua
2577 4415 2695 4474 labe
2723 4423 3006 4490 mansisse,
3033 4437 3086 4484 et
3116 4446 3282 4504 usque
3305 4436 3372 4491 ad
3399 4447 3609 4510 tempus
3641 4445 3765 4501 Cte-

2173 4496 2349 4554 ciliani
2375 4517 2747 4571 perseverasse
2772 4511 3067 4574 Ecclesiam
3093 4519 3326 4594 Christi,
3356 4543 3460 4584 non
3490 4532 3608 4590 sine
3638 4537 3764 4594 ullis
3800 4607 3809 4614 .

2174 4586 2472 4614 Ιιιι...ριξ..31...Δ
2494 4612 2535 4614 κη
2556 4613 2566 4614 κ
2582 4598 2616 4614 ιο
2700 4609 2712 4614 _
2979 4609 2991 4614 -
3052 4610 3066 4614 _

2173 4586 2475 4648 hominibus
2493 4598 2666 4662 malis.
2696 4609 2947 4675 tanquam
2976 4609 3027 4664 in
3051 4610 3247 4670 horreo
3261 4617 3370 4686 jam
3400 4625 3754 4694 reconditam,

2171 4681 2262 4735 sed
2291 4681 2466 4764 adhuc
2493 4693 2777 4748 commixta
2807 4698 2958 4766 palea
2988 4710 3236 4776 tanquam
3266 4709 3319 4764 in
3349 4726 3472 4768 arca
3494 4721 3757 4776 constitu—

2171 4781 2298 4829 tam.
2347 4775 2436 4832 Sic
2463 4793 2590 4851 ergo
2618 4792 2672 4839 et
2717 4785 2969 4862 deinceps
3004 4775 3179 4866 potuit
3217 4816 3570 4876 permanere,
3616 4812 3758 4869 sicut

2167 4875 2220 4920 et
2248 4879 2554 4941 permanet,
2581 4874 2749 4933 donec
2769 4879 2957 4939 ultimo
2977 4885 3163 4956 judicii
3190 4892 3275 4950 die
3308 4899 3558 4955 ventilata
3584 4917 3752 4959 mun-

2163 4961 2336 5018 detur.

2231 5055 2459 5115 CAPUT
2497 5060 2612 5117 XV.
2641 5093 2711 5107 -—
2733 5066 2821 5124 25.
2852 5070 2989 5138 Quid
3015 5075 3172 5147 igitur
3196 5080 3296 5136 sibi
3320 5082 3429 5138 vult
3457 5092 3634 5140 tantus
3665 5087 3751 5140 fu-

2163 5164 2252 5202 ror
2294 5156 2644 5220 separationis
2685 5159 2905 5215 istorum
2933 5165 3000 5218 ab
3026 5168 3226 5225 unitate
3255 5173 3496 5242 corporis
3523 5174 3747 5242 Christi,

2161 5255 2297 5310 qure,
2327 5244 2463 5300 sicut
2491 5247 2857 5318 prophetatum
2886 5254 3110 5326 legitur,
3152 5259 3468 5335 implerique
3487 5265 3597 5335 jam
3627 5282 3750 5321 cer—

2161 5331 2301 5387 nitur
2323 5375 2338 5401 ,
2372 5343 2486 5391 toto
2511 5337 2640 5395 orbe
2667 5349 2923 5401 terrarum
2949 5355 3110 5420 atque
3135 5350 3190 5406 in
3220 5331 3470 5413 omnibus
3488 5331 3745 5427 gentibus

2159 5422 2427 5480 dilatatur.
2462 5429 2558 5484 llic
2582 5443 2726 5488 certe
2749 5476 2764 5502 ,
2794 5438 2928 5493 sicut
2950 5441 3207 5511 scriptum
3236 5454 3348 5512 est,
3385 5422 3747 5503 Filiusmalus

2158 5514 2265 5582 ipse
2303 5533 2357 5571 se
2383 5519 2584 5589 justum
2624 5524 2779 5592 dicit;
2823 5529 3009 5585 exitum
3050 5543 3218 5588 autem
3250 5552 3400 5592 suum
3437 5556 3538 5594 non
3581 5541 3748 5594 abluit

2162 5605 2341 5680 (Prov.
2375 5627 2538 5679 xxiv,
2568 5631 2668 5671 sec.
2700 5617 2896 5691 LXX);
2948 5622 3049 5678 hoc
3075 5633 3188 5692 est,
3221 5642 3326 5683 non
3353 5641 3596 5695 excusat,
3629 5646 3743 5688 non

2155 5701 2339 5769 diluit,
2388 5719 2494 5761 non
2519 5705 2754 5766 defendit
2777 5713 2917 5782 quod
2945 5713 3127 5774 furore
3164 5721 3508 5780 schismatieo
3537 5723 3589 5780 in
3619 5723 3740 5779 ba:-

2217 5875 2234 5908 ι
2259 5873 2395 5940 Editi,
2420 5874 2710 5944 huiusmodi.
2736 5887 2933 5952 muas,
2948 5885 3127 5957 huius;
3144 5886 3334 5946 scilicet
3361 5889 3604 5962 Stephani.
3738 5887 3756 5916 ‘
