4010 6528
182 494 403 555 reticam
431 498 641 565 pestem
667 490 737 547 de
769 489 931 547 domo
956 486 1052 545 Dei
1077 486 1225 545 exire
1257 499 1365 543 non
1393 482 1570 540 timuit
1600 498 1613 537 :
1646 482 1767 553 quia

183 588 227 647 si
253 601 382 643 vere
406 584 584 655 justus
610 590 789 651 esset,
821 582 956 637 sicut
982 579 1256 650 apostolus
1283 570 1481 632 Paulus
1508 589 1631 629 cum
1658 573 1767 627 fra-

183 666 352 737 tribus
375 676 527 733 falsis
554 718 571 745 ,
618 676 687 731 de
714 673 907 745 quibus
933 672 989 729 in
1014 675 1125 728 suis
1154 669 1407 742 Epistolis
1434 666 1672 737 ingemit,
1717 672 1772 719 et

181 773 314 829 sicut
352 768 654 841 Cyprianus
698 780 819 822 cum
861 765 939 821 eis
964 806 979 832 ,
1032 777 1166 834 quos
1210 762 1327 817 sine
1351 759 1623 831 Baptismo
1660 756 1770 812 suis

182 860 416 933 peccatis
460 857 745 930 praeteritis
793 856 981 927 plenos
1028 853 1362 917 aestimabat,
1394 861 1449 907 et
1468 849 1677 906 admitti
1703 847 1770 903 ad

181 954 477 1011 Ecclesiam
494 953 562 1008 ab
575 950 847 1021 Stephano
862 948 1065 1004 sciebat
1084 963 1099 1011 ;
1128 948 1199 1002 ita
1216 946 1271 1002 in
1296 944 1533 1000 Ecclesia
1550 941 1767 1008 Christi,

179 1063 297 1107 cum
327 1049 409 1103 eis
436 1061 572 1119 quos
615 1044 843 1115 injustos
870 1043 961 1098 vel
998 1049 1257 1108 noverat,
1294 1038 1380 1094 vel
1411 1035 1626 1108 putabat
1656 1035 1770 1089 sine

182 1141 289 1197 ulla
313 1140 400 1197 sui
439 1136 918 1195 commaculatione
944 1134 1283 1206 persisteret,
1326 1146 1424 1187 nec
1449 1130 1617 1186 bonos
1644 1141 1769 1198 pro-

184 1242 301 1305 pter
326 1231 503 1288 malos
528 1231 817 1297 desereret,
843 1228 938 1285 sed
964 1228 1138 1283 malos
1162 1235 1381 1296 propter
1400 1225 1570 1279 bonos
1596 1221 1772 1292 potius

182 1327 471 1391 toleraret,
522 1333 774 1395 tanquam
810 1336 1036 1393 granum
1060 1334 1183 1375 cum
1212 1319 1362 1389 palea
1390 1314 1623 1386 pondere
1647 1313 1773 1368 cha-

180 1417 356 1474 ritatis
387 1416 630 1473 trituram
656 1414 834 1470 ferens
854 1455 870 1481 ,
912 1428 1020 1467 non
1045 1420 1296 1481 tanquam
1322 1407 1624 1464 levissimus
1653 1404 1770 1474 pul-

182 1510 259 1563 vis
309 1517 440 1564 ante
486 1506 887 1563 ventilatiouem
938 1503 1151 1559 flatibus
1202 1501 1419 1557 cedens.
1474 1499 1553 1553 Eo
1578 1497 1773 1569 quippe

180 1598 345 1657 modo
375 1599 537 1654 etiam
565 1612 687 1653 cum
715 1596 912 1667 iniquis
931 1636 946 1662 ,
988 1608 1125 1666 quos
1151 1606 1371 1649 necesse
1397 1597 1479 1645 est
1505 1603 1677 1659 usque
1703 1586 1772 1641 ad

183 1692 331 1747 littus
362 1691 495 1745 retia
526 1689 626 1743 ista
669 1688 1009 1752 contineant,
1051 1686 1104 1741 in
1130 1685 1332 1740 unitate
1363 1682 1623 1739 catholica
1652 1695 1773 1751 per-

183 1795 459 1847 severans,
493 1795 599 1836 non
632 1782 809 1833 tamen
835 1792 957 1833 cum
977 1776 1094 1831 fure
1118 1780 1485 1840 concurreret,
1519 1786 1619 1827 nec
1644 1784 1773 1840 pec-

184 1875 318 1931 catis
342 1872 767 1929 communicaret
794 1870 986 1926 alienis
1008 1910 1023 1936 ,
1071 1883 1172 1923 nec
1196 1866 1507 1938 cujusquam
1547 1864 1776 1919 immun-

184 1966 329 2024 ditia:
354 1967 373 1998 ¹
401 1964 826 2022 contrectatione
873 1960 1233 2017 macularetur
1257 2000 1272 2025 ,
1322 1973 1421 2013 nec
1450 1956 1777 2028 pollueretur

186 2056 458 2128 tangendo
488 2056 767 2126 pollutum,
791 2068 890 2109 nec
910 2053 1224 2122 cujusquam
1250 2049 1512 2105 fermento
1536 2061 1779 2102 corrum-

187 2160 424 2220 peretur.
454 2148 580 2203 llaec
601 2148 742 2202 enim
768 2144 901 2199 fiunt
916 2143 1269 2199 consensione
1286 2147 1648 2210 peccatorum,
1671 2151 1777 2206 qua

189 2259 284 2314 per
313 2242 570 2298 feminam
598 2253 823 2310 serpens
848 2238 1120 2294 hominem
1152 2235 1381 2306 primum
1413 2232 1574 2287 etiam
1598 2230 1652 2284 in
1684 2244 1778 2298 pa-

189 2333 352 2389 radisi
383 2331 638 2387 felicitate
667 2328 907 2399 decepit;
937 2342 1046 2383 non
1074 2324 1448 2382 communione
1467 2322 1781 2377 Sacramen-

190 2435 365 2483 torum
394 2467 408 2491 ,
442 2427 497 2478 in
526 2437 631 2493 qua
659 2419 1056 2491 condiscipulos
1085 2416 1251 2473 Judas
1278 2414 1505 2471 mundos
1549 2412 1781 2467 immun-

191 2518 290 2574 dus
337 2516 708 2572 contaminare
750 2529 859 2569 non
905 2512 1097 2583 potuit.
1150 2510 1194 2564 A
1226 2508 1381 2563 malis
1418 2514 1631 2572 autem,
1661 2519 1782 2559 eum

192 2612 385 2683 quibus
408 2610 753 2665 Sacramenta
782 2605 879 2661 Dei
906 2603 1339 2681 communicant,
1372 2598 1532 2655 etiam
1560 2611 1701 2651 nunc
1728 2595 1782 2650 in

193 2719 339 2771 area,
370 2702 610 2758 nondum
640 2700 693 2754 in
723 2698 948 2761 horreo,
985 2698 1095 2766 jam
1124 2702 1306 2749 tamen
1332 2690 1456 2747 boni
1481 2687 1779 2751 discedunt,

192 2804 244 2852 et
269 2801 589 2864 separantur
614 2806 823 2845 morum
852 2784 1318 2849 dissimilitudine,
1353 2797 1459 2837 non
1497 2792 1784 2849 corporum

189 2887 593 2959 segregatione;
646 2883 802 2938 aliter
852 2879 1120 2945 vivendo,
1164 2893 1269 2932 non
1300 2874 1368 2930 ad
1413 2874 1516 2927 alia
1545 2885 1777 2925 conven-

191 2978 352 3034 ticula
382 2975 645 3032 veniendo
677 2992 690 3028 :
719 2973 797 3029 sic
826 2988 924 3027 nec
953 2985 1075 3025 cum
1103 2967 1262 3024 malis
1289 2980 1455 3022 unum
1480 2962 1613 3018 ﬁunt
1632 3003 1647 3030 ,
1685 2974 1786 3017 nec

191 3072 261 3127 ab
291 3069 549 3125 Ecclesia:
579 3067 782 3123 unitate
808 3062 1111 3119 discedunt.

263 3162 358 3217 ‘26.
410 3160 549 3229 Quid
599 3173 728 3231 ergo
772 3158 928 3213 nobis
967 3155 1148 3211 nescio
1192 3167 1418 3224 quorum
1472 3148 1787 3205 traditurum

191 3254 401 3310 crimen
428 3259 787 3324 exaggerant,
838 3262 973 3319 quos
1020 3256 1196 3302 tamen
1228 3260 1329 3300 nec
1372 3245 1516 3314 ipsos
1554 3255 1787 3312 unquam

188 3348 517 3405 convincere
545 3343 871 3415 potuerunt?
902 3340 1013 3397 Sed
1043 3340 1088 3396 si
1116 3354 1211 3395 eos
1230 3346 1416 3393 contra
1450 3337 1672 3389 istorum
1700 3348 1791 3387 ea.

189 3440 433 3496 lumnias
458 3436 835 3503 defendamus,
878 3430 1230 3504 quorumdam
1272 3427 1545 3482 hominum
1572 3439 1789 3481 causam

188 3531 503 3587 videbimur
522 3544 676 3600 agere
698 3570 715 3596 ,
761 3543 868 3583 non
899 3524 1172 3580 Ecclesiae.
1220 3522 1443 3576 Prorsus
1468 3519 1792 3589 quicumque

189 3632 249 3681 et
295 3622 614 3692 ubicumque
662 3619 949 3675 traditores
975 3616 1207 3682 fuerunt,
1240 3621 1295 3669 et
1319 3627 1426 3667 non
1453 3620 1656 3665 tantum
1686 3619 1793 3664 tra-

195 3717 438 3774 ditorum
481 3720 757 3785 peccatum
782 3753 797 3779 ,
850 3709 945 3767 sed
989 3709 1230 3779 ipsorum
1272 3706 1432 3760 etiam
1458 3703 1547 3774 qui
1578 3702 1793 3757 tradere

192 3805 634 3875 compellebant,
687 3811 745 3859 et
787 3802 1028 3858 omnium
1072 3799 1294 3854 omnino
1338 3796 1788 3858 facinorosorum,

194 3898 587 3970 flagitiosorum
614 3937 630 3960 ,
668 3894 1047 3964 sacrilegorum
1069 3933 1085 3959 ,
1132 3887 1447 3944 admittebat
1491 3884 1794 3953 Stephanus

195 3991 253 4046 in
286 3989 578 4043 Ecclesium
600 3985 896 4042 secundum
922 3986 1053 4039 istos
1082 4000 1095 4037 :
1119 3982 1243 4053 quia
1272 3980 1316 4036 si
1337 3978 1663 4048 Baptismum
1688 3989 1795 4029 non

198 4080 505 4145 habebant,
550 4078 729 4133 omnia
754 4085 971 4147 peccata
998 4086 1349 4146 quaecumque
1384 4068 1563 4141 gravia
1593 4077 1648 4123 et
1672 4066 1797 4122 hor-

199 4170 371 4228 renda
412 4168 829 4233 commiserant,
881 4166 933 4219 in
964 4164 1043 4219 eis
1076 4170 1249 4229 erant,
1300 4170 1355 4216 et
1384 4174 1504 4216 reos
1530 4159 1652 4214 illos
1681 4157 1797 4213 sine

203 4264 310 4319 ulla
340 4261 661 4318 remissione
688 4258 1007 4315 retinebant.
1046 4256 1205 4311 Tales
1230 4252 1547 4308 admittebat
1570 4250 1798 4321 Stepha-

204 4372 331 4423 nus,
355 4369 479 4410 cum
507 4353 702 4409 talibus
722 4360 838 4408 erat
864 4351 919 4406 in
950 4350 1154 4404 unitate
1180 4346 1441 4402 catholica
1468 4343 1795 4415 Cyprianus;

206 4463 311 4505 nec
331 4458 511 4503 tamen
543 4446 720 4517 periit,
752 4443 846 4500 sed
874 4441 1236 4514 perseveravit
1265 4437 1526 4493 Ecclesia.
1558 4435 1672 4491 Non
1706 4435 1802 4507 igi.

205 4552 299 4601 tur
325 4542 653 4614 quemquam
687 4539 740 4593 in
771 4537 889 4608 ejus
923 4536 1124 4591 unitate
1164 4532 1435 4589 maculant
1477 4530 1648 4585 aliena
1678 4542 1803 4599 pec-

202 4648 349 4711 cata.
404 4636 628 4691 Frustra
668 4633 805 4703 ﬁlius
842 4631 1008 4685 matus
1032 4645 1063 4685 a
1091 4627 1287 4684 familia
1315 4624 1482 4697 patris
1508 4624 1654 4678 exire
1681 4636 1804 4692 pro-

203 4728 421 4802 peravit
446 4768 463 4794 ,
508 4726 703 4781 frustra
739 4739 793 4777 se
816 4724 1017 4794 justum
1047 4720 1206 4783 dicit;
1244 4719 1433 4773 exitum
1464 4724 1631 4769 autem
1659 4728 1806 4768 suum

206 4838 318 4876 non
349 4820 535 4874 abluit.
562 4817 644 4871 An
674 4814 811 4869 forte
832 4812 1026 4867 dicturi
1054 4818 1198 4874 sunt,
1226 4822 1320 4864 eos
1342 4822 1477 4877 quos
1504 4804 1807 4875 Stephanus

204 4910 567 4975 admittebat,
608 4906 775 4977 ipsius
802 4903 1022 4959 unitatis
1051 4898 1458 4971 participatione
1496 4896 1804 4962 mundatos,

205 5003 476 5073 quoniam
500 4998 734 5055 cbaritas
759 4995 1001 5064 cooperit
1043 4989 1437 5046 multitudinem
1468 4995 1809 5057 peccatorum

208 5095 258 5164 (Ι
294 5093 439 5147 Petr.
471 5107 554 5157 tv,
594 5090 692 5160 8)?
723 5088 936 5145 Utinam
962 5085 1143 5141 dicant
1171 5099 1186 5138 :
1216 5081 1320 5137 hoc
1343 5080 1487 5137 enim
1519 5087 1574 5134 et
1601 5093 1698 5133 nos
1726 5077 1807 5132 di-

207 5190 394 5244 cimus
416 5229 431 5254 ,
476 5182 689 5256 quando
728 5196 821 5237 eos
860 5180 929 5235 ad
967 5179 1224 5234 unitatem
1250 5174 1336 5231 vel
1366 5186 1615 5244 urgemus
1642 5178 1701 5225 ut
1728 5184 1814 5225 re-

209 5281 420 5345 deant,
466 5277 550 5332 vel
581 5287 881 5330 monemus.
933 5270 1046 5325 Hoc
1069 5276 1248 5322 autem
1297 5274 1455 5338 pacto
1492 5265 1602 5335 jam
1650 5263 1812 5319 etiam

158 5412 169 5449 μ
217 5374 378 5431 nulla
405 5374 549 5427 inter
577 5383 679 5425 nos
707 5363 959 5435 Baptismi
988 5360 1216 5432 quaestio
1244 5358 1560 5415 remanebit.
1589 5357 1644 5411 Si
1673 5355 1813 5412 enim

210 5465 369 5538 apud
394 5462 682 5520 haereticos
711 5457 982 5529 baptizati,
1011 5469 1133 5511 cum
1155 5452 1223 5507 ad
1249 5451 1547 5507 Ecclesiam
1572 5449 1814 5513 veniunt,

211 5560 454 5619 unitatis
500 5557 667 5627 ipsius
719 5553 976 5609 charitate
1022 5546 1382 5614 mundantur,
1434 5544 1671 5616 profecto
1703 5542 1819 5597 sine

212 5670 395 5714 causa
416 5651 831 5722 rebaptizantur.

297 5853 322 5887 ³
342 5846 564 5905 Nonnulli
582 5844 775 5901 codices
792 5843 995 5906 habent,
1011 5838 1299 5903 cujusquam
1318 5834 1575 5891 immundi.

1603 364 1804 425 LIBER
1841 364 2044 428 UNUS.

3354 383 3461 441 610

1947 482 2172 540 CAPUT
2227 485 2367 543 XVI.
2395 516 2467 529 —
2492 489 2583 546 27.
2616 490 2778 549 Vides
2797 492 2973 565 itaque
2993 494 3046 549 in
3068 494 3170 551 hoc
3184 507 3455 562 sermone,

1874 575 1961 631 cui
1991 591 2077 632 me
2118 581 2441 649 respondere
2465 584 2677 642 voluisti
2703 629 2718 656 ,
2748 603 2906 658 quam
2935 588 3101 644 multa
3136 588 3329 645 dixerit
3358 590 3453 647 itte

1875 682 1973 737 pro
1998 669 2173 725 nobis.
2229 671 2367 739 Quid
2408 690 2537 746 ergo
2559 676 2669 747 jam
2699 693 2831 748 opus
2861 689 2943 734 est
2981 688 3038 735 ut
3074 681 3447 752 episcoporum

1874 759 2131 817 Romanae
2157 762 2411 821 Ecclesiae
2430 807 2446 833 ,
2478 783 2611 838 quos
2644 769 3043 826 incredibilibus
3068 773 3349 828 calumniis
3378 774 3462 829 in-

1876 861 2111 910 sectatus
2135 865 2251 921 est,
2303 858 2511 927 objecta
2538 861 2604 915 ab
2627 877 2693 916 eo
2726 864 2950 917 crimina
2984 862 3289 918 diluamus?
3317 863 3459 919 Mar—

1876 944 2127 1014 cellinus,
2160 956 2215 1003 et
2242 949 2540 1021 presbyteri
2568 952 2683 1021 ejus
2713 954 3055 1023 Melchiades,
3080 956 3375 1023 Marcellus,
3405 966 3462 1013 et

1875 1038 2157 1109 Silvester,
2178 1042 2476 1097 traditionis
2501 1045 2744 1100 codicum
2766 1048 3087 1113 divinorum,
3114 1058 3168 1103 et
3194 1048 3461 1104 thuritica-

1876 1129 2037 1185 tionis
2079 1132 2147 1186 ab
2188 1147 2253 1187 eo
2290 1133 2513 1189 crimine
2554 1146 2846 1206 arguuntur
2877 1156 2890 1191 :
2925 1138 3019 1194 sed
3058 1138 3314 1208 numquid
3341 1138 3461 1194 ideo

1877 1222 2037 1277 etiam
2058 1224 2447 1280 convincuntur
2467 1266 2481 1291 ,
2527 1234 2619 1281 aut
2647 1229 2879 1283 convicti
2904 1230 3078 1300 aliqua
3106 1230 3461 1285 documento-

1877 1329 1995 1369 rum
2025 1314 2276 1372 firmitate
2316 1322 2719 1375 monstrantur?
2766 1320 2883 1391 Ipse
2909 1324 3195 1378 sceleratos
3222 1333 3275 1378 et
3298 1323 3463 1378 sacri-

1877 1405 2025 1475 legos
2049 1406 2212 1462 fuisse
2242 1408 2403 1475 dicit;
2437 1424 2536 1480 ego
2577 1412 2889 1468 innocentes
2930 1414 3094 1469 fuisse
3139 1413 3458 1484 respondeo.

1877 1497 2014 1565 Quid
2051 1498 2287 1555 laborem
2332 1504 2560 1571 probare
2600 1502 2968 1560 defensionem
2993 1520 3165 1561 meam
3190 1546 3204 1571 ,
3232 1521 3351 1560 cum
3375 1506 3463 1561 ille

1880 1604 1980 1645 nec
2011 1592 2239 1647 tenuiter
2260 1592 2487 1662 probare
2513 1604 2739 1651 conatus
2756 1596 2825 1650 sit
2850 1597 3243 1651 accusationem
3269 1596 3460 1652 suam?

1878 1680 1933 1744 Si
1964 1692 2047 1738 est
2074 1684 2176 1738 ulla
2201 1682 2506 1740 humanitas
2534 1686 2588 1739 in
2609 1687 2769 1742 rebus
2797 1686 3046 1743 humanis
3067 1728 3081 1753 ,
3110 1695 3236 1757 puto
3262 1702 3359 1742 nos
3381 1687 3465 1758 ju-

1880 1774 2017 1829 stius
2051 1790 2206 1844 posse
2230 1776 2572 1846 reprehendi,
2601 1778 2647 1832 si
2671 1778 2881 1850 ignotos
2902 1780 3169 1847 homines,
3200 1794 3336 1848 quos
3364 1779 3469 1833 cri-

1880 1868 2151 1921 minantur
2188 1866 2428 1935 inimici,
2477 1884 2577 1925 nec
2604 1884 2790 1925 eorum
2831 1872 3032 1927 crimen
3066 1873 3171 1928 ulla
3213 1874 3469 1929 testifica-

1882 1959 2027 2013 tione
2053 1958 2455 2025 demonstrant,
2490 1970 2743 2017 nocentes
2771 1964 2946 2032 potius
2968 1980 3127 2033 quam
3158 1966 3470 2021 innocentes

1882 2051 2287 2107 crediderimus.
2335 2051 2469 2119 Quia
2513 2054 2559 2109 si
2604 2054 2738 2109 forte
2782 2069 2841 2110 se
2876 2056 3029 2111 aliter
3066 2058 3261 2113 veritas
3286 2058 3467 2124 habet,

1882 2143 1985 2215 ipsi
2028 2153 2174 2199 certe
2220 2142 2535 2200 humanitati
2564 2145 2802 2200 debitum
2834 2146 3080 2202 redditur
3102 2189 3117 2214 ,
3162 2163 3282 2202 cum
3308 2148 3472 2202 homo

1884 2238 1952 2293 de
1981 2237 2197 2293 homine
2218 2239 2349 2293 nihil
2378 2240 2501 2294 mali
2526 2248 2726 2295 temere
2743 2241 3068 2310 suspicatur,
3099 2256 3197 2295 nec
3225 2241 3472 2310 cuiquam

1885 2328 2187 2384 criminanti
2218 2328 2373 2383 facile
2399 2329 2593 2395 credit,
2622 2331 2834 2400 quando
2860 2332 2975 2386 sine
2991 2340 3127 2388 teste
3150 2346 3213 2386 ac
3233 2333 3349 2388 sine
3367 2332 3475 2387 ullo

1886 2419 2206 2475 documento
2229 2420 2435 2475 crimen
2464 2420 2752 2489 objiciens,
2804 2422 3097 2477 maledicus
3143 2423 3316 2492 potius
3348 2436 3477 2477 eon-

1886 2511 2108 2565 viciator
2133 2553 2147 2577 ,
2178 2526 2335 2580 quam
2368 2511 2631 2566 veridicos
2656 2521 2935 2567 accusator
2959 2513 3241 2568 exstiterit.

1958 2603 2050 2658 28.
2100 2602 2215 2658 Huc
2266 2603 2508 2670 accedit,
2560 2606 2684 2675 quia
2723 2604 3015 2661 Melchiade
3061 2614 3185 2660 tunc
3226 2606 3478 2676 episcopo

1890 2697 2143 2753 Romanae
2170 2698 2425 2755 Ecclesia:
2452 2701 2795 2769 prazsidente,
2830 2718 2898 2757 ex
2932 2710 3201 2772 prmeepto
3226 2703 3481 2757 Constan-

1891 2790 1987 2845 tini
2013 2791 2374 2861 imperatoris,
2418 2792 2486 2847 ad
2515 2809 2673 2863 quem
2710 2803 2873 2849 totam
2901 2795 3043 2849 illam
3072 2810 3285 2849 causam
3318 2810 3480 2850 accu-

1890 2891 2093 2937 satores
2141 2884 2374 2954 episcopi
2431 2884 2863 2955 Carthagincnsis
2914 2886 3168 2941 Ecclesia:
3217 2886 3483 2941 Cmciliani

1891 2989 1990 3046 per
2013 2976 2300 3031 Anulinum
2326 2977 2697 3047 proconsulem
2717 2976 3042 3044 detulerunt,
3072 2977 3212 3032 idem
3236 2976 3479 3032 Caecilia-

1892 3084 1994 3125 nus
2041 3069 2298 3124 innocens
2339 3070 2711 3140 pronuntiatus
2739 3079 2837 3125 est.
2888 3071 2964 3125 De
2993 3086 3097 3140 quo
3134 3071 3335 3140 judicio
3363 3085 3484 3125 cum

1894 3160 2123 3231 majores
2149 3162 2371 3216 istorum
2393 3161 2844 3231 importunissima
2868 3162 3162 3232 pervicacia
3192 3171 3487 3217 memorato

1894 3251 2207 3322 Imperatori
2234 3262 2618 3323 quererentur,
2674 3253 2814 3323 quod
2855 3269 2957 3308 non
3005 3255 3159 3324 plene
3205 3269 3303 3308 nec
3340 3261 3488 3308 recte

1895 3342 2054 3398 fuerit
2087 3346 2446 3397 examinatum
2488 3352 2648 3414 atque
2687 3343 3077 3414 depromptum,
3106 3344 3237 3398 nihil
3264 3345 3330 3399 de
3356 3344 3486 3399 Mel-

1895 3434 2098 3489 chiadis
2127 3433 2408 3490 traditione
2424 3434 2507 3489 vel
2537 3434 2923 3490 thuriticatione
2940 3434 3203 3490 dixerunt.
3230 3436 3310 3490 Ad
3331 3435 3483 3505 cujus

1896 3528 2218 3583 audientiam
2248 3542 2346 3583 nec
2368 3527 2554 3583 venire
2580 3529 2761 3598 utique
2804 3528 3137 3593 debuerunt,
3187 3528 3289 3583 hoc
3316 3529 3488 3598 potius

1895 3628 2020 3674 ante
2053 3628 2397 3690 suggerentes
2442 3618 2770 3687 Imperatori,
2794 3630 2883 3672 aut
2910 3628 2966 3673 ut
3002 3628 3372 3689 suggereretur
3409 3619 3489 3672 in-

1898 3719 2121 3777 stantes,
2165 3709 2305 3780 quod
2328 3708 2469 3777 apud
2497 3709 2803 3763 traditorem
2830 3708 3069 3763 codicum
3097 3709 3397 3762 divinorum
3436 3715 3492 3762 et

1900 3802 2163 3857 idolorum
2202 3799 2480 3855 sacrificiis
2522 3800 2852 3869 inquinatum
2902 3814 3114 3854 causam
3143 3814 3295 3854 suam
3332 3813 3491 3868 agere

1899 3908 2009 3949 non
2037 3892 2313 3947 deberent.
2355 3890 2492 3946 Cum
2522 3889 2625 3945 hoc
2650 3905 2775 3959 ergo
2804 3904 2904 3945 nec
2941 3899 3065 3945 ante
3106 3889 3487 3959 suggesserint,

1901 4001 2000 4041 nec
2022 3993 2363 4057 posteaquam
2405 3991 2591 4038 contra
2637 3998 2729 4038 eos
2763 3998 2860 4051 pro
2883 3982 3167 4037 Caeciliano
3196 3982 3488 4052 judicatum

1903 4087 1984 4135 est
2008 4120 2023 4145 ,
2073 4078 2261 4133 saltem
2292 4077 2417 4131 victi
2443 4086 2495 4131 et
2522 4076 2639 4146 irati
2681 4074 3034 4145 objiciendum
3074 4074 3339 4143 putarint,
3367 4073 3494 4144 quid

1904 4184 2046 4225 nunc
2085 4170 2270 4223 inanes
2302 4177 2409 4222 tam
2441 4182 2562 4223 sero
2590 4176 2910 4222 connectunt
2932 4166 3245 4231 calumnias,
3271 4165 3497 4237 quasiet

1906 4259 2208 4316 innocentia
2234 4258 2524 4323 Cmciliani,
2550 4258 2861 4313 Melcbiadis
2883 4257 3075 4327 judicis
3103 4257 3497 4314 decoloratione

1906 4354 2177 4417 fuscetur,
2217 4360 2269 4405 et
2306 4352 2419 4421 ipsa
2448 4351 2685 4404 Romana
2714 4349 2975 4417 Ecclesia,
3008 4349 3096 4403 ubi
3126 4364 3223 4404 nec
3243 4349 3497 4406 damnare

1907 4458 2229 4516 quemquam
2254 4457 2353 4499 suo
2379 4442 2755 4513 qualicumque
2789 4441 2992 4511 judicio
3030 4448 3355 4510 potuerunt,
3398 4455 3498 4496 nec

1909 4537 2139 4607 aliquem
2180 4549 2398 4591 suorum
2445 4534 2588 4590 velut
2618 4533 2670 4587 in
2708 4533 2883 4588 locum
2924 4531 3496 4605 subrogare:damnati,

1910 4641 2097 4684 contra
2124 4642 2285 4699 quam
2326 4626 2657 4696 paucissimis
2700 4624 2842 4679 Afris
2872 4625 3036 4694 partis
3065 4640 3176 4680 suae
3207 4625 3378 4695 primo
3423 4625 3502 4679 in-

1917 4729 2254 4776 terventores
2275 4719 2352 4789 (a)
2370 4716 2688 4772 adventitios
2715 4715 2893 4771 furtim
2926 4716 3185 4787 longeque
3202 4717 3501 4784 mittebant,

1912 4827 2048 4882 quos
2088 4811 2249 4866 istum
2304 4808 2616 4864 nominatim
2665 4822 3086 4863 commemorare
3134 4824 3240 4862 non
3296 4809 3500 4878 puduit,

1914 4902 2088 4957 donec
2131 4899 2367 4969 decepta:
2418 4897 2708 4968 plebecula:
2761 4898 2910 4969 quasi
2957 4900 3199 4968 proprios
3225 4900 3503 4968 episcopos

1916 4990 2265 5048 ordinarent?
2309 4989 2510 5059 Nempe
2556 4988 2862 5059 episcopum
2892 4989 3287 5060 Abtungensem
3318 4991 3332 5019 ¹
3365 4988 3505 5043 Feli-

1917 5103 2035 5143 cem
2062 5094 2181 5157 post
2223 5082 2491 5139 Caeciliani
2538 5082 2903 5152 purgationem
2947 5082 3087 5153 apud
3126 5080 3504 5150 Imperatorem

1919 5186 2339 5243 accusaverunt,
2367 5176 2509 5248 quod
2542 5176 2656 5246 ipse
2682 5184 2825 5232 esset
2852 5174 3312 5231 manifestissimus
3340 5173 3504 5227 tradi-

1920 5284 2039 5340 tor,
2088 5282 2143 5328 et
2170 5272 2292 5327 ideo
2319 5269 2633 5326 Caecilianus
2672 5270 2954 5339 episc0pus
2996 5282 3115 5323 esse
3158 5281 3262 5321 non
3301 5274 3505 5335 posset,

1923 5366 2063 5439 quod
2089 5365 2157 5421 ab
2179 5364 2269 5419 illo
2295 5362 2551 5419 traditore
2570 5360 2732 5417 fuerit
2756 5359 3048 5414 ordinatus.
3078 5358 3226 5413 Tunc
3242 5356 3509 5412 Constan-

1924 5463 2065 5518 tinus
2109 5473 2210 5515 nee
2256 5457 2377 5513 huic
2427 5470 2613 5512 eorum
2655 5451 3007 5509 acccusationi
3059 5451 3269 5522 negavit
3310 5452 3507 5521 locum,

1994 5643 2010 5673 ί
2038 5648 2137 5689 Am.
2162 5647 2236 5689 Er.
2257 5649 2309 5689 et
2330 5639 2531 5703 quidam'
2546 5642 2673 5703 Mss,
2696 5631 3082 5703 ,Ibtugnensiuqn.

1993 5703 2064 5765 (a)
2100 5695 2461 5765 Interventores
2482 5702 2587 5749 sive
2619 5700 2975 5765 intercessores
3007 5695 3311 5765 dicebantur,
3330 5697 3408 5765 qni
3434 5702 3516 5747 Ec-

1930 5758 2130 5828 clesi'am
2144 5764 2543 5828 administrabant
2568 5759 2688 5828 sede
2708 5766 2939 5828 vacante._
2952 5758 3395 5828 Crint‘er__Augustini
3415 5766 3516 5828 Ept—

1934 5827 2107 5881 stolam
2128 5826 2206 5895 44,
2234 5840 2282 5875 n.
2310 5825 2359 5886 8,
2380 5832 2429 5874 et
2447 5821 2699 5873 concilium
2724 5821 3101 5884 Carthaginiense
3121 5821 3171 5887 ὃ,
3196 5834 3301 5874 can.
3324 5820 3373 5873 8.
