4010 6486
528 493 922 567 ”ιιικπιιίιεω
947 491 1003 547 in
1025 487 1293 545 Caeciliani
1333 486 1468 540 ﬂetis
1506 481 1817 538 criminibus
1855 477 2150 534 calumnio-

560 603 657 646 sos
683 588 869 643 fuisset
891 594 1174 654 expertus;
1225 588 1283 635 et
1311 578 1432 634 ideo
1455 576 1708 647 praecepit
1733 583 1793 630 ut
1814 588 1970 629 causa
2008 571 2150 628 Feli-

561 686 643 736 αι
685 680 1039 735 discuteretur
1065 672 1160 740 (α).
1203 672 1260 727 In
1291 670 1467 726 Africa
1495 669 1735 726 discussa
1763 677 1845 723 est
1867 683 1897 721 a
1923 679 2148 736 procon-

560 774 681 828 sule
715 771 949 827 Elim
1007 765 1157 821 Felix
1199 778 1412 835 quoque
1435 764 1690 819 innocens
1712 760 2012 817 declaratus
2038 765 2143 813 est.

560 863 789 920 Exstant
810 867 961 930 gesta
998 856 1392 927 proconsularia
1416 855 1489 925 (ὁ)
1522 871 1538 907 :
1567 854 1657 925 qui
1683 853 1926 916 voluerit,
1968 858 2144 906 sumat

561 963 619 1011 et
640 953 803 1022 legat.
848 949 961 1006 Hoc
986 957 1164 1004 autem
1190 962 1296 1003 non
1323 946 1495 1002 solum
1525 944 1595 1000 ad
1634 945 1953 1000 innocentiae
1974 942 2145 998 Carci-

554 1044 680 1100 liani
702 1041 1133 1099 demonstranda
1158 1039 1431 1096 cumulum
1455 1037 1706 1108 pertinet,
1736 1037 2008 1107 ipsiusque
2033 1034 2145 1093 Fe-

553 1136 671 1193 licis
695 1135 1150 1193 evidentissimum
1178 1132 1547 1206 purgationem
1568 1172 1585 1198 ,
1618 1140 1781 1201 atque
1809 1130 2022 1186 illorum
2048 1145 2143 1187 ca-

553 1229 783 1286 lumnias
806 1226 1153 1283 declarandae
1170 1267 1186 1290 ,
1214 1226 1305 1297 qui
1332 1239 1457 1280 etim
1482 1223 1683 1281 fontem
1709 1224 1948 1280 omnium
1975 1222 2139 1278 malo.

554 1335 674 1376 rum
700 1321 755 1375 in
794 1320 1024 1375 concilio
1051 1333 1153 1374 suo
1176 1316 1463 1385 dixerant;
1494 1332 1679 1373 verum
1706 1317 1867 1371 etiam
1900 1314 1967 1370 ad
1992 1315 2142 1386 cogi-

554 1415 769 1472 tandam
796 1412 1108 1472 lelchiadis
1140 1413 1212 1468 ab
1244 1427 1429 1469 eorum
1459 1409 1919 1466 criminationibus
1960 1409 2139 1477 puris-

550 1508 742 1568 simam
764 1510 951 1564 vitam.
995 1507 1107 1562 Nisi
1134 1506 1272 1560 forte
1297 1505 1577 1575 quisquam
1607 1513 1712 1558 tam
1746 1503 1818 1558 sit
1853 1502 2134 1573 insipiens,

549 1610 611 1658 ut
634 1600 971 1665 credatees,
1024 1613 1145 1652 eum
1176 1596 1340 1652 Felici
1386 1610 1493 1650 non
1547 1596 1917 1665 pepercerim,
1965 1610 1996 1649 a
2032 1609 2140 1666 quo

546 1692 864 1755 Cacilianus
904 1690 1079 1745 fuerat
1112 1688 1383 1744 ordinatus
1406 1727 1423 1753 ,
1473 1686 1753 1742 Melchiadi
1801 1701 2020 1756 parcere
2046 1702 2142 1756 po-

551 1783 738 1850 tuisse,
768 1797 802 1838 a
826 1794 934 1853 quo
959 1779 1130 1836 fuerat
1148 1777 1505 1844 ahsolutus,si
1525 1777 1668 1831 illius
1693 1778 1930 1847 episcopi
1950 1778 2135 1845 vitam,

548 1875 790 1947 quamvis
818 1873 1022 1929 nullum
1052 1871 1247 1926 vulnus
1273 1870 1613 1925 conscientiae
1641 1869 1955 1938 peremisset
1972 1910 1986 1932 ,
2033 1869 2140 1923 sal-

548 1974 657 2023 tem
684 1965 1084 2037 qualiscumque
1128 1960 1269 2017 fama
1300 1961 1587 2030 culpasset.
1637 1960 1720 2014 An
1745 1974 1873 2015 vero
1899 1958 2039 2029 quod
2068 1959 2138 2016 de

553 2057 675 2114 foro
704 2056 1127 2126 Abtungcnsium
1156 2054 1333 2109 fictum
1362 2054 1380 2085 ³
1407 2053 1599 2121 fuerat,
1621 2051 1689 2108 ab
1714 2051 1832 2106 istis
1858 2066 2137 2107 accusare-

550 2160 670 2217 tur;
699 2159 756 2206 et
779 2150 921 2221 quod
945 2149 999 2204 in
1017 2147 1281 2218 Capitolio
1306 2147 1673 2202 Romanorum
1710 2144 1909 2201 factum
1933 2143 2131 2213 luerat,

547 2253 815 2301 taceretur
837 2242 861 2297 2

615 2336 705 2392 29.
733 2336 808 2392 De
828 2332 1095 2390 Memoris
1116 2339 1294 2388 autem
1316 2330 1444 2403 quid
1462 2330 1815 2401 respondeam
1831 2370 1847 2398 ,
1875 2344 1995 2385 cum
2016 2329 2132 2401 ejus

546 2435 789 2498 tempore
833 2439 1008 2495 usque
1034 2423 1101 2478 ad
1130 2422 1311 2478 obitus
1336 2421 1479 2476 diem
1528 2421 1684 2492 plebs
1729 2422 1948 2476 unitatis
1987 2422 2129 2477 nulla

543 2520 813 2577 conscissa
856 2527 975 2583 est;
1022 2516 1257 2586 ipsaeque
1303 2512 1497 2569 litterae
1541 2513 1774 2569 Secundi
1819 2513 2125 2583 Tigisitani,

540 2612 736 2683 quibus
761 2608 1121 2678 reprehensus
1143 2605 1421 2671 asseritur,
1450 2619 1546 2662 eos
1586 2605 1653 2659 ad
1681 2621 1742 2659 se
1771 2605 1999 2658 invicem
2029 2619 2120 2674 pa-

539 2702 694 2759 ciﬁca
718 2702 999 2772 scripsisse
1021 2698 1379 2766 conﬁrmant,
1410 2706 1573 2767 atque
1621 2696 1674 2750 in
1704 2696 1913 2765 collegii
1944 2696 2121 2751 socie-

540 2801 650 2850 tate
672 2792 983 2851 mansisse?
1007 2791 1125 2847 iam
1154 2805 1287 2847 vero
1314 2790 1458 2861 quod
1485 2789 1646 2845 etiam
1672 2789 1741 2844 de
1764 2790 1995 2844 Cirtensi
2030 2789 2131 2844 Ec-

537 2886 700 2943 clesia
728 2886 910 2941 dicere
928 2884 1129 2952 voluit,
1157 2893 1212 2940 et
1236 2884 1517 2953 episcopos
1544 2882 1617 2941 ibi
1637 2882 1930 2938 catholicos
1958 2882 2127 2937 male-

544 2976 704 3033 dictis
729 2977 1018 3032 insectatus
1040 2984 1126 3031 est
1152 2975 1346 3046 quibus
1390 2975 1593 3041 voluit;
1636 2974 1765 3044 quid
1808 2973 1952 3029 aliud
1980 2973 2123 3044 egit,

540 3068 645 3125 nisi
675 3077 734 3123 ut
757 3065 1113 3137 vituperando
1144 3074 1362 3121 sanctos
1388 3067 1549 3121 etiam
1579 3075 1885 3121 nostrorum
1914 3075 2124 3135 tempo-

537 3177 661 3219 rum
687 3162 835 3216 viros
853 3202 869 3228 ,
901 3159 1163 3230 nobisque
1189 3158 1390 3229 optime
1420 3158 1691 3229 cognitos,
1720 3159 1850 3213 satis
1876 3158 2126 3214 ostende-

538 3263 622 3312 ret
644 3254 770 3325 quid
791 3253 952 3308 etiam
976 3252 1045 3308 de
1072 3251 1270 3323 ignotis
1290 3291 1305 3316 ,
1338 3250 1532 3319 quibus
1555 3250 1803 3306 similiter
1829 3250 2120 3319 maledicit,

535 3346 737 3402 sentire
763 3342 1096 3401 debeamus?
1134 3341 1398 3408 Proinde,
1428 3343 1473 3397 si
1502 3340 1814 3397 Profuturus
1837 3351 1962 3397 ante
1989 3356 2123 3411 pau-

536 3437 782 3492 cissimos
820 3449 991 3490 annos
1014 3433 1330 3500 defunctus,
1356 3444 1410 3488 et
1433 3432 1757 3488 Fortunatus
1803 3433 1893 3504 qui
1924 3436 1975 3488 in
2000 3448 2097 3489 cor

536 3543 668 3600 pore
693 3528 867 3584 adhuc
894 3536 1004 3594 est,
1038 3536 1200 3599 atque
1243 3527 1318 3581 ilii
1349 3526 1608 3581 successit
1649 3527 1937 3596 episcopo,
1984 3541 2120 3597 quo-

536 3621 697 3678 modo
716 3621 991 3677 Manichmi
1017 3621 1230 3677 fuerunt
1247 3662 1262 3686 ,
1289 3621 1369 3675 sic
1399 3621 1609 3675 fuerunt
1630 3628 1683 3674 et
1711 3620 1785 3673 illi
1814 3619 2118 3684 traditurus,

534 3724 670 3785 quos
697 3713 852 3786 longe
870 3727 900 3767 a
922 3713 1122 3768 nostris
1141 3712 1469 3782 temporibus
1491 3710 1851 3782 ignotissimos
1870 3725 2121 3765 accusare

533 3820 641 3861 non
666 3813 915 3874 cessant,
947 3804 1113 3862 etiam
1162 3805 1372 3860 illorum
1415 3805 1569 3860 nobis
1601 3819 1731 3875 pura
1777 3804 1847 3860 ab
1893 3804 2121 3860 istorum

533 3896 744 3968 probris
771 3899 794 3929 ³
811 3897 915 3952 vita
939 3896 1215 3953 notissima
1245 3904 1350 3952 est.

603 3988 690 4045 50.
731 3988 846 4044 Non
872 4004 1004 4046 sane
1047 4005 1209 4069 parva
1239 4001 1322 4045 est
1347 4004 1642 4061 parumque
1669 3989 1897 4061 gloriosa
1922 4004 2119 4045 conso-

531 4081 660 4138 latio
688 4082 1071 4153 cujuscumque
1100 4089 1340 4137 nostrum
1359 4123 1373 4147 ,
1403 4083 1448 4137 si
1477 4084 1545 4136 ab
1584 4083 1817 4137 inimicis
1861 4081 2120 4137 Ecclesiae

529 4187 651 4229 omn
677 4172 790 4243 ipsa
817 4172 1057 4229 Ecclesia
1099 4172 1447 4228 criminamur
1479 4190 1493 4229 :
1524 4173 1640 4242 ejus
1669 4182 1844 4229 tamen
1874 4173 2120 4229 defensio

531 4267 719 4323 nonin
742 4280 928 4321 eorum
977 4266 1250 4322 hominum
1303 4264 1616 4321 defensione
1657 4268 1931 4334 consistit,
1980 4280 2117 4337 quos

530 4357 620 4415 isti
649 4356 961 4412 nominatim
988 4357 1138 4412 falsis
1165 4357 1623 4411 criminationibus
1651 4368 1925 4426 appetunt.
1955 4358 2118 4412 Pror-

528 4464 624 4507 sus
666 4448 1083 4518 qualescumque
1126 4445 1322 4501 iuerint
1363 4446 1736 4511 Marcellinus,
1803 4448 2112 4517 Marcellus,

528 4540 808 4608 Silvester,
837 4536 1158 4594 Melchiades
1176 4577 1191 4602 ,
1224 4537 1517 4592 Mcnsurius
1535 4578 1551 4603 ,
1578 4538 1893 4591 Caecilianus
1911 4578 1926 4605 ,
1956 4549 2115 4608 atque

528 4631 618 4686 alii
644 4630 838 4702 quibus
862 4628 1119 4699 objiciunt
1138 4643 1238 4699 pro
1263 4642 1357 4683 sua
1382 4627 1716 4682 dissensione
1736 4628 1879 4698 quod
1906 4629 2110 4699 volunt,

528 4720 661 4778 nihil
708 4719 1018 4792 praziudicat
1064 4719 1319 4775 Ecclesiae
1359 4717 1637 4774 catholicae
1694 4727 1805 4774 toto
1850 4728 2113 4777 terrarum

527 4815 659 4871 orbe
688 4811 895 4871 Musae
929 4830 942 4867 :
976 4812 1124 4868 nullo
1153 4811 1315 4867 modo
1338 4826 1523 4867 eorum
1553 4812 1855 4868 innocentia
1880 4828 2112 4868 corona-

526 4922 667 4971 mur,
692 4904 842 4961 nullo
865 4904 1025 4961 modo
1043 4918 1230 4961 eorum
1253 4903 1531 4975 iniquitate
1550 4902 1885 4961 damnamur.
1909 4906 1964 4962 Si
1986 4906 2111 4961 boui

523 4998 760 5067 fuerunt,
802 4998 858 5054 in
884 5013 1027 5055 arcte
1079 4997 1356 5053 catholica:
1417 4998 1606 5053 tritura
1649 5007 1901 5070 tanquam
1944 5014 2110 5071 grana

524 5092 762 5147 mundati
804 5101 929 5147 sum
958 5109 972 5146 :
1004 5092 1048 5147 si
1099 5091 1224 5147 mali
1254 5089 1501 5158 fuerunt,
1552 5091 1605 5145 in
1649 5106 1789 5147 area:
1834 5093 2109 5149 catholicae

526 5184 712 5240 tritura
739 5193 992 5255 tanquam
1016 5184 1224 5255 stipulae
1248 5182 1562 5238 comminuti
1591 5192 1735 5239 sunt.
1780 5186 1923 5240 lntra
1952 5187 2106 5241 istam

522 5289 701 5332 aream
726 5276 851 5332 boui
871 5288 925 5330 et
948 5275 1071 5330 mali
1100 5289 1219 5330 esse
1244 5282 1504 5344 possunt;
1526 5285 1674 5331 extra
1698 5291 1817 5331 eam
1839 5276 1960 5332 boni
1986 5293 2107 5332 esse

524 5386 631 5429 non
663 5379 903 5443 possunt.
934 5370 1185 5441 Quisquis
1212 5370 1279 5424 ab
1305 5369 1406 5426 hac
1431 5371 1633 5426 unitate
1658 5380 1819 5426 vento
1843 5371 2106 5441 superbiae

523 5475 775 5538 tanquam
797 5465 911 5521 sola
933 5466 1083 5536 palea
1103 5473 1400 5537 separatur,
1427 5478 1569 5521 arcte
1585 5463 1867 5520 dominicae
1893 5474 2108 5538 prepter

587 5646 606 5717 ξ
629 5644 765 5717 finiti,
791 5645 984 5717 factum.
1012 5646 1176 5717 Aptius
1194 5645 1275 5696 hic
1295 5630 1607 5717 Elpei-iactisis
1630 5646 1805 5717 eodem,
1825 5643 2009 5717 ﬁctam.

584 5707 700 5775 {sic
730 5707 835 5775 plus.
860 5715 915 5758 Αι
936 5707 1290 5775 loricasque
1310 5707 1589 5775 ub_i._storum
1610 5707 1897 5775 opprobriis,
1914 5717 2009 5764 etc.

585 5768 664 5893 (ag
695 5770 808 5842 vide
830 5777 1030 5819 θυινθυε.
1058 5770 1142 5819 lib.
1168 5770 1214 5831 2,
1238 5783 1342 5833 cap.
1367 5771 1443 5821 Si.

611 5829 640 5878 ὁ
696 5831 813 5881 Vide
832 5829 957 5882 infra
975 5831 1027 5883 in
1048 5831 1339 5893 Appendice.

611 5829 664 5893 ὁ)
696 5831 813 5881 vide
832 5829 957 5882 infra
975 5831 1027 5883 in
1048 5829 1339 5894 Appendice.

986 374 1079 435 DE
1116 372 1320 433 UNICO
1355 367 1690 429 BAPTXSMO
1722 364 1996 423 CONTRA
2036 359 2122 417 PE

2235 358 2471 432 ιΑΝυΜ,
2510 365 2568 422 S.
2607 368 2976 429 AUGUSTINI
3009 372 3216 432 LIBER
3250 376 3450 439 UNUS.

3739 376 3843 447 an

2254 480 2597 535 commixtam
2626 485 2831 552 paleam
2857 487 2983 558 quid
3008 490 3407 551 mlumniatur?

2324 571 2550 628 CAPUT
2595 575 2951 635 X\'ll.—3l.
2991 581 3099 639 Nos
3144 601 3355 657 quoque
3414 588 3684 662 dicimus,
3745 606 3837 655 nec

2253 666 2457 716 tantum
2484 664 2731 734 dicimus,
2759 685 2944 726 verum
2985 673 3144 729 etiam
3173 676 3466 735 litterarum
3490 686 3836 746 monimentis

2251 754 2627 812 ecclesiasticis
2667 767 2722 813 ct
2766 762 2992 830 publicis
3037 768 3481 840 comprobamus,
3526 772 3834 836 Secundum

2251 846 2600 921 Tigisitanum
2623 894 2640 919 ,
2666 855 2819 924 cujus
2857 870 3177 931 cengregato
3214 865 3449 920 concilio
3488 866 3833 928 Cecilianum

2249 945 2435 1004 dicunt
2473 963 2594 1007 esse
2637 948 2981 1022 damnatum,
3026 954 3289 1014 confessis
3335 959 3724 1030 traditoribus,
3768 976 3833 1023 ne

2248 1040 2482 1098 schisma
2512 1043 2665 1100 ﬁeret
2684 1085 2702 1112 ,
2732 1060 2917 1116 pacem
2946 1046 3193 1117 dedisse,
3240 1065 3362 1107 cum
3391 1062 3444 1109 et
3473 1034 3653 1111 eidem
3680 1057 3781 1128 ipsi
3802 1073 3832 1115 a

2248 1131 2520 1203 Purpurio
2549 1134 2839 1192 Limatensi
2860 1138 2880 1170 ³
2909 1139 3112 1194 crimen
3142 1142 3440 1198 traditionis
3470 1143 3664 1202 fuisset
3688 1148 3833 1220 obje-

2246 1231 2413 1277 ctum.
2446 1224 2682 1282 Dicimus
2710 1228 2971 1283 victorem
3022 1229 3490 1289 Rusiccadiensem
3515 1279 3532 1303 ,
3567 1236 3829 1297 Donatum

2246 1314 2612 1372 Calamensem
2633 1359 2648 1385 ,
2696 1318 2957 1375 Donatum
2987 1321 3387 1379 Masculitanum
3408 1368 3424 1394 ,
3470 1327 3735 1386 Marinum
3763 1332 3832 1389 ab

2250 1406 2745 1477 Aquis-Tibilitanis
2762 1454 2778 1479 ,
2808 1411 3078 1467 Silvanum
3102 1414 3401 1473 Cirtensem
3425 1418 3592 1476 fuiSSe
3618 1421 3831 1479 tradito.

2245 1511 2334 1552 res
2350 1540 2365 1566 ,
2389 1500 2710 1572 eosdemque
2736 1504 2888 1573 quasi
2934 1505 3248 1561 traditorum
3275 1509 3650 1568 severissimos
3678 1513 3828 1569 dam-

2244 1600 2479 1646 natores.
2512 1592 2624 1648 Hoc
2648 1594 2934 1663 probamus
2973 1604 3030 1651 et
3055 1598 3461 1667 ecclesiasticis,
3508 1611 3569 1658 et
3608 1604 3831 1662 munici-

2243 1682 2485 1752 palibus,
2517 1691 2572 1739 et
2612 1684 2951 1754 iudicialibus
2977 1688 3162 1758 gestis.
3187 1688 3293 1745 Sed
3321 1706 3420 1747 nec
3446 1693 3572 1749 ideo
3601 1695 3830 1752 tradito-

2242 1789 2331 1830 res
2360 1785 2484 1831 sunt
2531 1792 2717 1833 omnes
2766 1778 2822 1833 in
2874 1789 3025 1850 parte
3068 1781 3294 1849 Donati,
3341 1786 3461 1855 quia
3519 1787 3578 1841 in
3626 1802 3694 1843 ea
3744 1788 3829 1845 isti

2241 1864 2489 1935 fuerunt;
2522 1883 2621 1925 nec
2647 1869 2768 1926 ideo
2814 1879 2898 1926 est
2942 1872 3201 1930 innocens
3226 1891 3348 1946 pars
3374 1877 3602 1947 Donati,
3654 1881 3704 1936 si
3748 1882 3828 1939 isti

2240 1957 2553 2017 innocentes
2571 1977 2603 2016 a
2623 1963 2923 2019 traditionis
2937 1965 3215 2037 iniquitate
3233 1978 3616 2026 monstrentur.
3641 1972 3828 2029 Melius

2238 2054 2381 2108 enim
2428 2054 2673 2111 audimus
2710 2067 2948 2113 sanctam
2979 2057 3339 2129 Scriptorum,
3383 2078 3544 2134 quam
3587 2065 3677 2120 vel
3716 2066 3827 2121 cui-

2237 2158 2394 2215 quam
2416 2146 2802 2202 calumniamur
2822 2148 2890 2204 de
2910 2151 3143 2220 peccatis
3163 2152 3351 2208 alienis
3366 2195 3380 2220 ,
3405 2153 3491 2208 vel
3507 2155 3825 2226 cujusquam

2236 2237 2461 2293 similem
2506 2240 2826 2295 calumniam
2873 2241 3238 2297 formidamus.
3300 2244 3484 2298 Anima
3522 2246 3675 2300 enim
3720 2261 3828 2316 qua

2236 2340 2441 2402 peccat,
2472 2331 2585 2404 ipsa
2610 2334 2851 2388 morietur
2877 2334 3089 2407 (Ezech.
3126 2352 3291 2404 xvm,
3340 2338 3398 2409 Δ)
3436 2355 3452 2392 :
3504 2347 3595 2407 et,
3649 2338 3825 2395 Unus-

2234 2423 2440 2492 quisque
2466 2426 2730 2495 proprium
2756 2440 2886 2481 onus
2910 2427 3126 2494 portabit
3149 2426 3342 2497 (Galat.
3366 2440 3421 2484 vt
3439 2470 3455 2495 ,
3483 2428 3569 2500 5):
3600 2438 3659 2484 et
3678 2471 3695 2495 ,
3731 2430 3828 2499 Qui

2234 2514 2506 2567 manducet
2529 2524 2577 2568 et
2602 2515 2724 2569 bibit
2738 2516 2946 2588 indigne
2962 2558 2977 2583 ,
2997 2531 3102 2571 non
3120 2518 3271 2573 alteri
3292 2559 3305 2582 ,
3332 2518 3427 2572 sed
3453 2517 3552 2573 sibi
3566 2520 3825 2592 judicium

2234 2604 2507 2658 manducet
2531 2614 2578 2658 et
2603 2605 2720 2659 bibit
2750 2606 2792 2678 (ι
2825 2606 2942 2662 Cor.
2974 2623 3029 2662 χι
3051 2649 3068 2675 ,
3107 2607 3220 2679 29).
3246 2609 3313 2663 Et
3332 2610 3583 2663 sinuntur
3602 2620 3823 2683 utraque

2231 2710 2476 2751 crescere
2506 2713 2672 2767 usque
2701 2697 2769 2753 ad
2807 2714 3076 2765 messem,
3127 2715 3229 2767 ne,
3273 2713 3396 2755 cum
3439 2712 3569 2758 ante
3618 2712 3824 2773 tempus

2231 2787 2552 2857 colliguntur
2623 2787 2856 2853 zizania,
2910 2790 3214 2845 eradicatur
3265 2791 3423 2846 simul
3468 2800 3525 2847 et
3582 2794 3817 2850 triticum

2232 2877 2447 2948 (Matth.
2482 2894 2612 2948 xm,
2660 2879 2764 2945 29,
2810 2880 2904 2949 ὅθ)
2938 2899 2951 2934 :
2983 2890 3037 2936 ct
3065 2883 3336 2937 commixti
3366 2884 3587 2954 optimis
3614 2888 3823 2955 pascuis

2231 2967 2368 3026 haedi
2399 2973 2625 3043 agnique
2653 2984 2961 3043 pascuntur,
2990 2975 3164 3031 donec
3188 2991 3217 3029 a
3246 2985 3495 3046 pastore,
3526 2979 3619 3048 qui
3642 2993 3820 3035 errare

2229 3076 2337 3117 non
2366 3073 2573 3133 potest,
2602 3078 2950 3136 segregentur
2980 3064 3091 3135 (Id.
3123 3082 3264 3135 xxv,
3314 3066 3418 3132 52,
3448 3069 3544 3140 33)
3592 3087 3609 3123 :
3653 3079 3712 3126 et
3754 3085 3818 3125 ex

2229 3156 2372 3209 omni
2400 3171 2596 3225 genere
2626 3158 2849 3228 piscium
2880 3158 3011 3213 retia
3040 3159 3376 3228 complentur
3404 3161 3427 3192 ⁸
3455 3160 3699 3224 unitatis,
3733 3160 3819 3217 do-

2227 3260 2328 3301 nec
2347 3247 2413 3300 ad
2435 3248 2689 3317 judicium
2713 3250 2908 3304 littoris
2929 3249 3287 3319 perducantur
3304 3250 3416 3323 (Id.
3442 3267 3563 3321 xm,
3589 3255 3685 3321 47,
3707 3254 3812 3327 48).

2226 3336 2335 3392 Nisi
2354 3339 2493 3408 quod
2518 3340 2602 3394 isti
2625 3356 2719 3395 sua
2744 3356 2989 3410 perversa
3013 3340 3253 3412 falsaque
3272 3345 3539 3399 sententia
3561 3346 3664 3400 sibi
3688 3360 3816 3416 pra:-

2222 3428 2494 3498 judicant,
2538 3433 2629 3502 qui
2656 3444 2875 3504 propter
2898 3434 3072 3489 aliena
3100 3444 3315 3504 peccata
3340 3435 3487 3505 juste
3527 3452 3590 3493 se
3634 3438 3815 3494 dicunt

2225 3521 2294 3576 al)
2321 3523 2466 3577 orbis
2490 3522 2762 3579 christiani
2790 3527 3164 3581 communione
3205 3536 3482 3595 separatos
3509 3544 3525 3581 :
3557 3545 3654 3599 per
3680 3530 3814 3586 hanc

2226 3615 2367 3669 enim
2409 3615 2691 3669 absurdam
2724 3617 3067 3687 insanamque
3108 3618 3412 3687 Opinionem
3443 3619 3546 3689 ipsi
3591 3621 3808 3689 faciunt,

2227 3715 2284 3758 ut
2311 3705 2388 3758 eis
2412 3706 2764 3774 quorumdam
2791 3722 3009 3761 suorum
3039 3712 3254 3778 peccata
3280 3710 3535 3766 onmibus
3562 3713 3815 3783 imputeno

2224 3804 2328 3849 tur.
2353 3795 2503 3864 Quod
2526 3798 2571 3851 si
2591 3797 2794 3868 justum
2816 3799 3161 3864 arbitrantur,
3184 3798 3263 3854 rei
3282 3811 3406 3855 sunt
3424 3817 3619 3858 omnes
3638 3805 3814 3873 cujus-

2225 3888 2357 3945 libet
2383 3890 2521 3957 apud
2551 3906 2610 3946 se
2658 3891 2711 3946 in
2739 3906 2845 3946 uno
2889 3891 3105 3947 homine
3154 3892 3349 3947 inventi
3390 3894 3812 3951 manifestissimi

2225 3981 2461 4035 criminis
2496 3999 2508 4035 :
2538 3981 2583 4035 si
2612 3990 2788 4036 autem
2817 3982 2916 4036 hoc
2935 4022 2950 4048 ,
2973 3983 3112 4037 sicut
3136 3983 3388 4052 injustum
3412 3994 3493 4038 est
3516 4028 3532 4048 .
3558 3985 3811 4055 iniustum

2225 4087 2345 4127 esse
2366 4083 2722 4143 cognoscunt,
2750 4073 2829 4129 rei
2855 4084 2980 4129 sunt
3000 4089 3189 4130 omnes
3219 4075 3573 4146 iniquissimae
3600 4093 3813 4150 separa-

2222 4165 2401 4220 tionis.

2291 4257 2517 4313 CAPUT
2561 4257 2945 4313 XVlll.—3‘2.
2985 4256 3102 4313 Jam
3141 4272 3271 4314 vero
3310 4258 3567 4329 quoniam
3615 4260 3668 4316 in
3710 4263 3810 4317 hoc

2222 4363 2469 4404 sermone
2492 4349 2559 4404 de
2589 4351 2747 4405 unico
2789 4351 2958 4421 magis
3004 4350 3277 4420 Baptismo
3317 4354 3545 4420 quzcstio
3590 4362 3705 4417 est,
3751 4361 3810 4407 ut

2220 4441 2361 4496 unde
2390 4451 2562 4512 coepta
2593 4451 2675 4496 est
2704 4452 2883 4496 nostra
2907 4442 3196 4512 disputatio
3212 4443 3585 4510 concludatur,
3602 4446 3739 4500 sicut
3753 4444 3807 4499 in

2220 4535 2330 4605 ipsa
2357 4536 2555 4589 unitate
2582 4534 2862 4589 dominicae
2890 4548 3061 4601 arcte,
3109 4550 3208 4590 nec
3235 4548 3460 4606 propter
3495 4537 3664 4592 bonos
3695 4536 3810 4591 lau-

2219 4628 2373 4683 dandi
2394 4636 2517 4682 sunt
2534 4627 2787 4694 mali,nec
2804 4637 3019 4698 propter
3030 4629 3200 4684 malos
3210 4629 3494 4685 deserendi
3510 4639 3634 4688 sunt
3647 4629 3772 4685 boni
3786 4647 3806 4688 :

2218 4721 2296 4775 sic
2323 4719 2412 4773 ‘in
2439 4734 2548 4775 uno
2577 4719 2799 4774 homine
2815 4734 2914 4775 nec
2938 4731 3156 4790 propter
3180 4720 3306 4776 illud
3332 4723 3478 4794 quod
3510 4724 3565 4778 in
3584 4740 3647 4781 eo
3668 4725 3809 4780 inte-

2215 4826 2366 4883 grum
2383 4819 2483 4875 est,
2502 4810 2620 4881 ejus
2638 4820 2721 4867 est
2746 4810 3050 4880 accipienda
3072 4812 3427 4883 perversitas;
3457 4828 3561 4871 nec
3587 4823 3809 4886 propter

2216 4904 2340 4960 illud
2362 4902 2502 4975 quod
2532 4903 2582 4957 in
2601 4917 2667 4958 eo
2696 4917 3001 4973 perversum
3018 4912 3117 4971 est,
3143 4904 3324 4976 negari
3345 4904 3509 4960 debet
3524 4907 3638 4976 ejus
3666 4906 3805 4961 inte.

2215 5000 2376 5070 gritas
2398 5016 2412 5053 :
2434 4999 2557 5069 quia
2582 5007 2635 5054 et
2665 4998 2716 5051 in
2739 4997 3043 5053 .lndtcorum
3075 4998 3350 5068 iniquitate
3374 4999 3644 5055 detinetur
3659 4997 3803 5054 νει-ἰ-
3839 4995 3849 5017 ⁸

2218 5101 2297 5145 tas
2314 5089 2723 5145 resurrectionis
2744 5095 3076 5143 mortuorum
3097 5107 3111 5156 ,
3137 5097 3191 5144 et
3212 5089 3264 5143 in
3291 5089 3582 5145 Gentilium
3599 5089 3802 5158 iniqui-

2215 5192 2322 5239 tate
2342 5184 2611 5237 detinetur
2627 5182 2823 5237 veritas
2837 5182 2997 5236 unius
3016 5181 3131 5248 Dei,
3149 5183 3237 5251 qui
3257 5182 3495 5236 condidit
3516 5180 3798 5235 mundum:

2213 5277 2267 5323 et
2292 5268 2346 5321 in
2377 5281 2561 5321 eorum
2592 5266 2894 5335 iniquitate,
2918 5267 3005 5337 qui
3030 5280 3149 5321 cum
3169 5265 3384 5321 Christo
3408 5266 3529 5337 quia
3557 5279 3663 5319 non
3689 5264 3811 5320 col-

2212 5358 2414 5430 ligunt,
2439 5364 2696 5428 spargunt
2712 5396 2731 5425 ,
2758 5355 3029 5414 detinetur
3064 5358 3260 5414 veritas
3286 5356 3431 5428 qua‘
3454 5359 3509 5413 in
3532 5358 3651 5427 ejus
3694 5369 3804 5412 no-

2274 5643 2290 5674 ί
2318 5647 2367 5690 In
2388 5647 2517 5701 uss,
2545 5636 2816 5691 ωιὶσιεηδὶ.

2274 5695 2629 5767 ξιτιυιιὶειεειιςὶε
2649 5695 3147 5767 ακᾉιὶΧμῸηζναΙιζιηι.
3232 5758 3279 5767 __
3339 5758 3352 5767 _
3544 5763 3571 5767 Α
3692 5758 3699 5762 ,
3762 5722 3789 5767 j

2277 5766 2298 5798 ³
2321 5768 2455 5824 Editi,
2475 5771 2541 5815 ut.
2559 5762 2877 5812 Emendantur
2898 5761 2957 5809 ad
2980 5761 3196 5813 Codicem
3231 5758 3591 5812 Floriaeensem.

2279 5828 2302 5861 δ
2319 5830 2456 5890 Bditi,
2479 5826 2609 5893 quia.
2633 5824 2804 5878 Melius
2826 5833 2955 5885 uss,
2974 5836 3087 5888 qua.
