4010 6478
210 332 320 395 815

208 453 357 510 mine
386 449 594 522 pellunt
620 451 861 522 spiritum
888 451 1252 518 immundum;
1282 460 1338 509 et
1377 454 1431 508 in
1476 454 1795 525 templorum

209 544 594 614 sacrilegorum
623 544 899 613 iniquitate
927 544 1137 599 inventa
1162 553 1245 599 est
1268 545 1496 609 veritas,
1528 561 1631 616 qua
1661 547 1794 602 cole-

208 638 337 692 bant
368 636 609 705 ignotum
642 637 836 701 Deum;
868 645 922 692 et
964 636 1015 689 in
1041 634 1342 691 dmmonum
1387 636 1664 708 iniquitate
1707 638 1791 693 in-

678 331 737 389 S.
766 331 1134 393 AUGUSTINI
1160 332 1463 395 EPISCOPI
1499 335 1925 399 BREVICULUS
1961 340 2411 400 COLLATIONIS
2448 343 2588 402 CUM
2626 344 3043 406 DONATISTIS.

3374 356 3479 419 8M

1900 465 2058 513 venta
2104 465 2186 513 est
2215 460 2409 515 veritas
2434 502 2448 527 ,
2504 476 2606 531 qua
2651 462 2882 518 confessi
2913 473 3038 520 sum
3077 464 3367 527 Christum.
3396 470 3485 530 Sic

1902 557 1957 603 et
2004 551 2053 602 in
2110 549 2478 608 luereticorum
2546 555 2821 624 iniquitate
2876 558 3088 612 inventa
3134 562 3327 616 veritas
3380 579 3489 619 non

1900 640 2140 711 neganda
2183 650 2282 707 est,
2336 658 2438 712 qua
2491 644 2760 701 detinetur
2784 646 3041 718 Baptismi
3070 660 3484 708 sacramentum.

207 768 328 829 Non
359 776 538 825 exstat
559 768 692 824 liber
723 767 790 825 de
816 768 1219 827 Maximiauistis
1245 778 1431 825 contra
1456 770 2039 897 Dgnatistalsohquizpost
2063 789 2198 900 mgis
2225 774 2293 832 de
2315 774 2485 834 Unico
2514 778 2784 851 Baptismo
2811 782 3103 839 collocatur
3126 784 3181 839 in
3209 784 3488 843 Retracta-

1540 858 1698 896 onum
1751 860 1763 895 Ι
1808 860 1867 898 ro
1931 885 1943 900 .
1966 859 2084 900 CilD.
2151 864 2203 900 ἱ).

1540 858 1698 896 onum
1730 858 1867 898 noro
1886 858 1943 909 z,
1966 859 2084 915 cap.
2115 858 2203 901 65.

242 959 2895 984 ____________________..-_______________

1119 1096 1263 1169 DE
1310 1097 2093 1185 SUBSEQUENTE
2156 1103 2550 1189 OPEBE,

1297 1248 1400 1289 UB.
1432 1248 1469 1288 ΙΙ
1497 1249 1973 1291 ΒΞΤΒΑΕΤΔΤΙΟΝΠΙ
2017 1251 2187 1294 CAPUT
2214 1254 2406 1294 XXXIX.

276 1346 635 1417 Posteaquam
659 1343 796 1401 facta
826 1352 909 1401 est
932 1359 1054 1401 cum
1082 1344 1373 1403 Donatistis
1404 1357 1582 1404 nostra
1608 1347 1831 1405 Collatio
1856 1349 1955 1421 (α),
1987 1351 2221 1407 breviter
2264 1354 2680 1409 commemoravi
2706 1371 2822 1427 quae
2844 1368 3000 1429 gesta
3024 1360 3131 1417 sint
3148 1401 3164 1428 ,
3188 1362 3488 1437 litterisque

202 1440 627 1510 comprehendi,
659 1439 951 1495 secundum
977 1449 1087 1494 tres
1113 1438 1229 1494 dies
1254 1441 1447 1511 quibus
1488 1457 1609 1497 cum
1638 1444 1719 1497 eis
1740 1444 2064 1499 contulimus
2109 1462 2123 1498 :
2165 1444 2325 1515 idque
2375 1461 2511 1517 opus
2554 1448 2684 1504 utile
2731 1451 3063 1520 existimavi,
3108 1471 3215 1523 quo
3264 1458 3490 1529 quisque

202 1534 603 1597 commonitus,
632 1533 717 1588 vel
748 1532 882 1587 sciat
909 1532 1025 1587 sine
1074 1532 1254 1588 labore
1281 1533 1407 1603 quid
1433 1545 1609 1589 actum
1649 1535 1750 1600 sit,
1799 1535 1882 1589 vel
1932 1536 2192 1593 consultis
2233 1538 2512 1603 numeris,
2555 1555 2690 1607 quos
2738 1542 2903 1597 rebus
2940 1544 3165 1614 singulis
3201 1550 3485 1616 annotavi,

204 1628 345 1697 ἔδει
378 1628 435 1682 in
464 1626 665 1682 eisdem
693 1625 858 1695 gestis
898 1624 964 1679 ad
995 1624 1169 1679 locum
1185 1625 1556 1697 quodcumque
1585 1626 1845 1692 voluerit;
1878 1627 2363 1699 qmniamfatigant
2392 1629 2478 1683 illa
2501 1630 2662 1685 nimia
2690 1633 2992 1699 prolixitate
3021 1636 3292 1693 lectorem.
3322 1639 3489 1709 Hujus

204 1728 391 1775 autem
416 1718 596 1788 operis
626 1716 810 1772 titulus
838 1723 956 1783 est,
986 1715 1295 1771 Breviculus
1319 1712 1652 1771 Collationis.
1687 1718 1798 1771 Hoc
1829 1732 1962 1786 opus
1990 1718 2069 1772 sic
2094 1717 2279 1787 incipit
2306 1735 2319 1770 :
2350 1717 2474 1773 Cum
2504 1721 2739 1775 catholici
2767 1723 2989 1793 episcopi
3015 1734 3063 1780 et
3089 1728 3248 1796 partis
3275 1726 3484 1784 Donati.

266 1852 341 1913 (ιι)
373 1856 513 1919 ξειοω
537 1848 827 1919 est_Cnllatio
849 1860 1021 1919 mense
1037 1848 1173 1919 j.u_nnio
1193 1848 1306 1919 anni
1336 1847 1752 1919 41l.__t:ollationis_
1765 1858 1886 1910 ergo
1904 1846 2041 1919 hicce
2062 1851 2337 1919 Breviculus
2357 1852 2450 1919 sub
2472 1852 2689 1919 ejusdem
2712 1855 2824 1901 anni
2848 1853 2946 1919 ill
2961 1854 3109 1905 linem
3141 1859 3349 1919 scriptus
3389 1866 3484 1909 est.

204 1908 475 1965 lie-eodem
498 1912 745 1975 Breviculo
779 1913 827 1959 in
861 1913 1015 1975 Epist.
1040 1908 1152 1967 139,
1195 1910 1254 1958 ad
1281 1908 1618 1975 Marcellinum,
1646 1924 1692 1957 η.
1723 1911 1797 1975 δέ
1828 1908 1861 1955 ⁷α
1879 1912 2005 1959 sicut.
2046 1912 2160 1975 mihi
2202 1912 2289 1961 fuit
2317 1908 2552 1962 Breviat'io
2573 1922 2824 1975 gestorum
2854 1915 3128 1968 Collationis
3167 1908 3343 1971 nostra
3370 1908 3488 1971 satis

210 1994 237 2023 ι
257 1986 621 2043 operosa,_cum
644 1974 865 2043 viderem
890 1973 1135 2043 netnicem
1170 1985 1232 2043 se.
1251 1971 1383 2020 velle
1405 1980 1539 2043 Ennio
1571 1973 1742 2043 aggeri
1766 1971 2039 2020 litterarum
2072 1972 2285 2043 legendo
2307 1971 2645 2043 conunitter'e;
2674 1979 2797 2043 sicut
2822 1978 2933 2026 mihi
2968 1978 3085 2043 fuit
3106 1981 3252 2029 etiam
3280 1981 3484 2043 Epistola

212 2055 234 2084 ι
258 2032 317 2084 ad
341 2037 474 2096 ipsos
492 2033 640 2083 laicus
664 2035 932 2082 Donatistas
947 2033 1009 2081 de
1034 2034 1122 2096 hac
1146 2033 1319 2081 eadem
1342 2032 1803 2096 collatione-nostra,
1841 2046 1985 2096 quam
2026 2032 2166 2082 modo
2201 2033 2382 2096 aliquot
2405 2036 2814 2085 lucubrationibus
2838 2040 3110 2088 terminavi.
3136 2057 3158 2085 ι
3200 2032 3398 2091 Rursum
3434 2044 3485 2091 in

212 2055 234 2084 ί
258 2052 317 2084 aa
341 2052 356 2083 1
380 2052 474 2083 i505
492 2052 640 2083 lutcus
665 2052 932 2082 υυιιίιιιδιὶιδ
947 2052 1009 2081 uc
1035 2052 1122 2081 uuc
1146 2052 1319 2081 cauum
1342 2052 1599 2081 wuzmuuc
1624 2052 1803 2089 Itusu'u,
1841 2052 1985 2096 quam
2026 2052 2166 2082 mtiuu
2201 2052 2382 2096 aliquot
2405 2052 2814 2085 Iucum'auomnus
2838 2052 3110 2088 terminavi.
3136 2057 3158 2085 ι
3200 2052 3398 2091 ltursum
3434 2052 3485 2091 in

205 2052 411 2164 [pistoia
432 2098 538 2164 οᾷἒξ,
564 2096 624 2143 ad
650 2096 959 2164 umntacium,
988 2108 1037 2143 n.
1060 2094 1094 2141 6
1115 2107 1126 2141 :
1158 2095 1606 2164 aQuemadmodum
1630 2102 1813 2153 autem,
1838 2112 1861 2138 ι
1902 2097 2072 2164 inquit,
2102 2114 2125 2141 ι
2146 2096 2192 2143 in
2218 2098 2319 2164 ipsa
2341 2096 2601 2146 mllatione
2634 2099 2789 2164 modis
2821 2100 3043 2164 omnibus
3078 2102 3189 2150 victi
3220 2105 3335 2159 sint.
3367 2117 3489 2164 quo-

210 2156 387 2208 c'niam
411 2157 555 2206 valde
581 2156 765 2221 prolitta
789 2164 902 2221 sunt
933 2164 1095 2221 gesta,
1126 2162 1173 2207 3t
1196 2157 1284 2221 tibi
1318 2157 1425 2221 aliis
1447 2158 1604 2221 rebus»
1621 2165 1836 2221 Romana:
1866 2156 1977 2221 paci
2002 2159 2292 2207 necessariis
2322 2166 2572 2220 occupato,
2598 2159 2801 2208 multum
2828 2168 2905 2210 est
2940 2168 2994 2209 ut
3026 2162 3042 2208 ι

3046 2170 3270 2223 egantur,
3298 2167 3489 2214 Brevia-

211 2237 234 2266 ι
256 2216 593 2290 rium_cor.um‘
607 2220 692 2266 tibi
714 2218 809 2290 legi
837 2216 1031 2290 forsitan
1054 2218 1402 2290 iwtcrit,__qutxl
1425 2219 1571 2267 credo
1596 2219 1780 2266 habere
1801 2216 2001 2268 fratrem
2027 2226 2078 2268 et
2099 2216 2625 2283 coepis'COpum'meum
2642 2228 2895 2284 optatum;
2919 2228 3004 2271 aut
3023 2216 3195 2271 si'non
3214 2216 3379 2287 habet,
3404 2237 3490 2289 p0-

1077 2292 1179 2328 esia
1195 2288 1423 2328 SlllleﬂSl.
1446 2295 1467 2324 ι

209 2296 236 2327 ι
255 2287 355 2330 test
378 2280 608 2331 facillime
630 2280 858 2342 accipere
881 2280 945 2329 de

223 2389 1562 2450 ﬂ

2399 2392 3453 2448 SM

825 2522 970 2636 Su
1053 2524 1811 2636 AUBELII
1902 2524 2897 2639 AUGUSTINI

1390 2713 1905 2776 HlPPONENSIS
1958 2715 2310 2779 EPISCOPI

1055 2855 2570 3044 BBEVICULUS

341 3141 1548 3276 COLLATIONIS
1607 3141 2049 3347 quia,
2095 3143 3166 3280 DONATISTIS
3216 3143 3323 3280 (η.

1634 3334 2051 3390 «Ws

1123 3440 1678 3589 Qollatio
1796 3440 2170 3620 primi
2268 3443 2553 3583 eiei.

262 3687 576 3742 Pun-no.
617 3713 691 3728 -—
726 3684 860 3743 Cum
916 3684 1174 3742 Catholici
1225 3682 1459 3753 episcopi
1515 3690 1569 3736 et
1617 3679 1784 3751 partis

195 3776 408 3845 Domiti,
451 3778 603 3847 jussu
644 3778 981 3848 Imperatoris
1027 3774 1137 3849 (α),
1180 3771 1498 3842 disputando
1542 3772 1681 3824 inter
1726 3785 1785 3824 se

193 3871 359 3940 gestis
383 3868 525 3937 apud
557 3869 823 3924 tribunum
854 3878 907 3923 et
936 3868 1198 3921 notarium
1216 3863 1577 3918 Marcellinum
1599 3861 1783 3930 cogni-

196 3969 366 4015 torem
396 3960 594 4014 habitis
633 3961 1023 4025 contulissent,
1053 3958 1276 4012 multum
1326 3955 1527 4025 prolixa
1575 3967 1787 4007 eorum-

197 4050 319 4106 dem
347 4058 617 4122 gestorum
657 4059 741 4105 est
768 4051 899 4105 facta
927 4049 1249 4119 conscriptio
1272 4088 1286 4112 ,
1327 4044 1567 4115 quamvis
1602 4050 1786 4113 posset

195 4152 365 4198 totum
395 4142 564 4197 multo
591 4143 803 4198 brevius
837 4145 940 4214 agi.
969 4141 1075 4198 Sed
1106 4142 1192 4212 qui
1221 4154 1433 4195 causam
1460 4139 1650 4193 bonam
1677 4150 1783 4191 non

191 4250 251 4291 se
280 4234 482 4290 habere
509 4236 765 4303 sciebant,
800 4237 850 4290 id
879 4245 1102 4307 egerunt
1133 4235 1359 4305 primum
1398 4240 1651 4302 quantum
1686 4245 1784 4300 po-

192 4335 428 4394 tuerunt,
456 4336 515 4382 ut
537 4342 603 4384 ne
629 4330 739 4398 ipsa
764 4329 988 4384 Collatio
1012 4328 1184 4395 fieret,
1213 4334 1269 4382 et
1296 4335 1353 4379 ut
1380 4339 1598 4396 prorsus
1624 4338 1785 4380 causa

197 4420 310 4491 ipsa
344 4436 452 4475 non
481 4431 745 4491 ageretur.
777 4422 884 4476 Sed
906 4422 1026 4492 quia
1052 4420 1157 4475 hoc
1180 4420 1423 4475 obtinere
1449 4417 1666 4472 minime
1680 4432 1782 4487 po-

193 4520 450 4577 tuerunt,
498 4512 549 4566 id
604 4512 894 4567 effecerunt
938 4510 1323 4582 multiplicitate
1361 4518 1664 4579 gestorum,
1726 4516 1785 4562 ut

191 4604 335 4675 quod
361 4612 536 4658 actum
564 4610 662 4669 est,
694 4618 799 4658 non
836 4603 988 4657 facile
1023 4602 1308 4673 legeretur.
1337 4599 1488 4656 Unde
1508 4600 1676 4654 visum
1703 4605 1786 4653 est

192 4694 295 4749 isto
324 4694 590 4749 breviario
616 4706 806 4749 cuncta
836 4694 1115 4763 complecti
1139 4735 1153 4760 ,
1181 4701 1240 4747 ut
1264 4692 1333 4747 ad
1360 4692 1507 4761 signa
1530 4705 1784 4745 numero-

191 4802 333 4854 rum,
362 4803 482 4858 quze
508 4795 563 4842 et
605 4788 660 4841 in
691 4787 795 4842 isto
838 4785 1131 4852 breviculo,
1160 4793 1214 4840 et
1237 4785 1291 4839 in
1336 4784 1464 4854 ipsis
1486 4783 1650 4854 gestis
1684 4796 1782 4837 an-

191 4888 479 4946 notantur,
506 4880 620 4936 sine
660 4877 968 4935 dilﬁcultate
987 4878 1211 4948 quisque
1239 4877 1475 4933 inveniat
1500 4875 1643 4947 quod
1684 4889 1782 4932 vo-

190 4968 367 5026 luerit.

259 5061 489 5119 CAPUT
538 5062 824 5120 PRIMUM.
872 5090 944 5104 ——
996 5061 1255 5133 Ingressis
1305 5062 1482 5131 itaque
1543 5062 1782 5132 utrisque

191 5155 449 5222 partibus,
482 5154 653 5223 primo
702 5155 819 5209 loco
864 5154 1141 5209 recitatum
1194 5160 1275 5208 est
1322 5153 1636 5222 rescriptum
1680 5153 1780 5207 im-

1887 3688 1970 3733 tos
1999 3681 2277 3751 episcopos
2306 3683 2455 3752 ﬁeri,
2488 3692 2545 3739 ut
2590 3689 3022 3757 superstitionem
3065 3694 3345 3752 manifesta
3392 3713 3478 3754 ra-

1888 3770 1960 3824 tio
1982 3771 2298 3826 confutaret.

1956 3860 2183 3917 CAPUT
2210 3862 2272 3916 ll.
2303 3892 2375 3904 —
2404 3863 2650 3922 Secundo
2680 3868 2799 3926 loco
2836 3872 3111 3929 recitatum
3138 3885 3221 3931 est
3244 3877 3475 3937 edictum

1887 3952 2053 4022 ipsius
2091 3954 2390 4024 Cognitoris
2434 3958 2556 4028 (α),
2585 3962 2726 4029 quod
2768 3978 2865 4033 per
2915 3968 3239 4035 provinciam
3289 3972 3470 4041 misit,

1887 4055 1945 4098 ut
1981 4048 2392 4102 convenirentur
2425 4052 2697 4123 utriusque
2728 4056 2891 4124 partis
2935 4058 3207 4129 episcopi,
3238 4069 3292 4116 et
3338 4063 3473 4118 intra

1887 4136 2025 4191 diem
2054 4139 2389 4195 calendar-um
2407 4142 2675 4212 juniarum
2718 4146 3028 4203 conferendi
3065 4165 3223 4206 causa
3250 4168 3474 4225 congre-

1886 4238 2140 4297 garentur
2162 4230 2500 4302 Carthagine.
2548 4233 2604 4290 In
2646 4248 2710 4291 eo
2738 4237 2913 4293 edicto
2953 4239 3196 4299 basilicas
3221 4245 3337 4300 sine
3358 4245 3475 4315 jus-

1887 4320 2036 4375 sione
2065 4320 2407 4393 Imperatoris
2431 4327 2659 4383 reddidit
2691 4330 2980 4387 Donatistis
3005 4375 3019 4398 ,
3057 4335 3146 4405 qui
3168 4351 3226 4391 se
3256 4339 3474 4408 pollice-

1886 4421 2071 4467 rentur
2086 4427 2204 4469 esse
2228 4423 2501 4483 venturos,
2524 4426 2583 4473 ut
2602 4434 2667 4475 eo
2692 4420 2851 4476 modo
2877 4438 2969 4478 eos
2992 4424 3057 4479 ad
3088 4426 3471 4488 conferendum

1886 4504 2045 4561 etiam
2071 4507 2343 4564 beneﬁciis
2372 4512 2638 4568 invitaret.
2668 4512 2725 4568 ln
2750 4515 2939 4571 eodem
2977 4516 3135 4572 etiam
3170 4520 3344 4576 edicto
3371 4523 3471 4577 ob-

1886 4597 2004 4653 tulit
2032 4598 2131 4666 eis,
2172 4607 2230 4654 ut
2267 4602 2426 4655 alium
2480 4617 2639 4672 quem
2677 4603 2879 4659 vellent
2921 4621 3042 4661 cum
3099 4608 3191 4663 illo
3236 4611 3472 4680 judicem

1885 4694 2305 4759 constituerent;
2334 4695 2635 4766 juravitque
2680 4711 2738 4752 se
2776 4696 2879 4755 hoc
2901 4699 3255 4768 judicaturum
3282 4745 3297 4769 ,
3328 4707 3471 4776 quod

1885 4786 2081 4840 veritas
2131 4786 2385 4841 suasisset
2432 4796 2526 4842 :et
2563 4796 2755 4844 extera
2781 4805 2899 4860 qua:
2945 4791 3012 4846 ad
3041 4792 3469 4853 exhortationem

1885 4877 2308 4946 congregationis
2334 4878 2543 4932 illorum
2580 4878 2767 4935 eodem
2800 4882 3141 4938 continentur
3166 4885 3359 4940 edicto.

1956 4969 2180 5025 CAPUT
2206 4969 2293 5024 lll.
2323 4999 2397 5011 —-
2451 4970 2630 5026 Tertio
2671 4972 2789 5028 loco
2819 4974 3096 5029 recitatum
3135 4985 3214 5030 est
3243 4978 3467 5035 alterum

1885 5060 2180 5129 Cognitoris
2206 5061 2435 5116 edictum
2459 5061 2530 5133 (ὁ)
2553 5104 2568 5128 ,
2600 5063 2741 5133 quod
2782 5067 3054 5136 proposuit
3087 5066 3195 5136 jam
3228 5081 3435 5135 prmsen

1886 5152 2027 5207 tibus
2050 5152 2184 5221 apud
2202 5150 2569 5222 Carthaginem
2591 5155 2860 5227 utriusque
2888 5159 3049 5228 partis
3065 5158 3344 5227 episcopis,
3374 5160 3459 5231 qui

190 5245 453 5315 peratoris
490 5244 562 5317 (ὁ)
586 5287 601 5313 ,
633 5259 738 5317 quo
771 5245 929 5315 jussit
955 5244 1302 5300 Collationem
1332 5244 1468 5299 inter
1512 5258 1776 5299 memora-
1880 5242 2026 5296 locus
2053 5251 2106 5296 et
2135 5243 2222 5313 qui
2269 5243 2456 5299 modus
2495 5246 2803 5303 Collationis
2848 5247 3061 5303 futurus
3098 5257 3261 5319 esset,
3302 5265 3460 5322 supra
3507 5232 3517 5254 ³

1396 5353 1678 5393 Αωιοκιτιο
1704 5354 1783 5392 PP.
1809 5352 2286 5393 BENEDICTINORUU.

269 5430 548 5482 Breviculus
568 5430 839 5483 Collationis
857 5442 968 5481 cum
987 5430 1241 5481 Donatistis
1257 5431 1541 5494 recognitus
1562 5438 1639 5481 est
1654 5432 1815 5480 denuo
1830 5431 1895 5506 ad.
1912 5438 2113 5544 vleteres
2157 5432 2396 5482 editiones
2410 5467 2425 5492 ,
2469 5432 2847 5484 destituentle
2891 5446 2981 5484 nos
3014 5432 3093 5485 hic
3134 5437 3377 5492 codicibus

1664 5507 1931 5544 manuscrm
1956 5508 2013 5543 IS.

1664 5507 2013 5555 manuscriptls.

267 5578 773 5657 Comparavimus
794 5587 1097 5657 praeterea
1123 5594 1222 5637 eas
1251 5594 1456 5639 omnes
1484 5576 1784 5641 editiones
1819 5578 2007 5641 initio
2031 5579 2605 5652 Retractationum,
2638 5587 2685 5640 t.
2715 5580 2774 5655 1,
2806 5587 3190 5644 memoratas.
3285 5585 3372 5649 M.

273 5745 324 5791 α)
357 5741 567 5791 Honorii.

274 5679 316 5741 ‘)
348 5680 561 5740 Scriptus
576 5679 668 5728 sub
684 5676 829 5728 tinem
852 5677 963 5726 anni
980 5674 1089 5724 411.

274 5679 316 5741 ·)
348 5680 561 5750 scriptus
576 5679 668 5728 sub
684 5677 829 5728 tinem
852 5677 963 5726 anni
980 5677 1089 5724 411.

249 5677 324 5867 Et;
357 5748 567 5791 Honoru.
637 5799 762 5855 inf“
780 5801 832 5854 in
852 5798 1143 5866 ΛΡΜ

1927 5677 2000 5741 ((1)
2032 5676 2152 5725 Infra
2177 5680 2223 5727 in
2270 5678 2544 5741 tipeudice.

1931 5740 2000 5803 (ὁ)
2033 5741 2150 5790 ωω.
