4010 6472
557 418 665 482 6ὶὸ

561 539 708 595 dicto
735 530 824 591 die
857 529 1040 588 itidem
1069 526 1488 583 commemorato
1515 523 1571 574 et
1598 513 1890 573 constituto
1917 529 1931 566 :
1961 519 2018 568 et
2045 509 2148 565 ad-

564 627 772 686 monuit
811 632 869 680 ut
897 624 947 678 ei
971 633 1094 691 pars
1120 625 1345 686 utraque
1382 609 1742 676 rescriberet,
1771 615 1946 662 utrum
1969 603 2151 676 place-

566 729 688 778 rent
711 732 829 788 qua:
851 709 1253 784 comprehendit
1281 706 1479 763 edicto.

633 806 860 868 CAPUT
908 804 996 860 ιν.
1045 831 1118 845 --
1158 801 1359 868 Quarto
1407 799 1547 865 loco,
1575 808 1695 851 cum
1746 793 1910 864 partis
1954 788 2154 847 'Donati

568 901 800 974 episcopi
845 898 1118 968 exigerent
1166 891 1390 964 preponi
1442 890 1541 946 sibi
1581 888 1649 944 ab
1689 883 2012 942 adversariis
2053 897 2156 954 qua

567 1006 728 1047 causa
772 988 998 1045 fuissent
1043 983 1382 1055 congregati;
1435 979 1688 1050 Cognitor
1724 976 1965 1040 distulit,
2006 984 2065 1030 ut
2088 989 2157 1032 ex

568 1085 755 1140 ordine
785 1082 932 1153 prius
957 1079 1136 1136 omnia
1167 1076 1542 1140 recitarentur,
1569 1086 1688 1142 qua:
1712 1079 1838 1126 ante
1860 1069 2004 1125 diem
2033 1067 2158 1122 Col-

568 1175 784 1233 lationis
824 1181 939 1228 acta
971 1171 1199 1227 fuerant.
1244 1168 1312 1222 Et
1343 1166 1563 1222 recitata
1593 1172 1677 1219 est
1704 1162 1907 1218 notaria
1937 1159 2158 1215 Donati-

569 1279 773 1326 starum
805 1263 881 1338 (a)
900 1307 915 1334 ,
947 1264 1002 1320 in
1030 1276 1133 1334 qua
1161 1260 1430 1326 dixerunt,
1457 1271 1563 1312 non
1581 1254 1681 1310 sibi
1702 1253 1917 1324 placere
1937 1249 2080 1322 quod
2102 1249 2159 1305 in

581 1363 756 1419 edicto
781 1373 880 1417 suo
909 1356 1108 1430 posuit,
1139 1362 1198 1410 ut
1219 1353 1274 1408 hi
1301 1351 1401 1408 soli
1429 1365 1495 1406 ex
1520 1347 1784 1419 episcopis
1812 1342 2161 1400 convenirent

572 1453 641 1509 ad
669 1449 979 1508 Collationis
1021 1447 1216 1511 locum,
1248 1456 1382 1514 quos
1429 1439 1497 1496 ad
1565 1440 1735 1508 ipsam
1778 1449 1992 1491 causam
2039 1447 2160 1504 per-

572 1542 832 1615 agendam
855 1537 1036 1595 cazteri
1074 1535 1430 1606 delegissent,
1461 1531 1551 1602 qui
1598 1543 1786 1586 omnes
1827 1525 2041 1598 triginta
2065 1539 2167 1611 sex.

571 1633 974 1706 complebantur
996 1671 1012 1697 ,
1038 1629 1221 1685 decem
1247 1634 1303 1683 et
1324 1632 1446 1681 octo
1483 1623 1608 1678 hinc
1626 1663 1642 1690 ,
1669 1631 1726 1676 et
1746 1620 1934 1676 decem
1959 1625 2014 1674 et
2041 1622 2163 1706 octo

574 1705 727 1792 inde;
759 1724 812 1780 id
840 1731 941 1791 est,
973 1729 1181 1791 septem
1207 1718 1297 1788 qui
1331 1718 1470 1772 inter
1507 1728 1567 1769 se
1595 1713 1927 1782 disputarent
1948 1749 1965 1775 ,
1995 1716 2049 1764 et
2073 1705 2164 1764 alii

574 1825 781 1886 septem
806 1813 901 1885 qui
944 1811 1194 1876 concilio,
1217 1809 1264 1863 si
1303 1821 1437 1876 opus
1463 1812 1626 1870 esset,
1655 1801 2061 1864 adhiberentur,
2111 1803 2166 1853 et

574 1910 666 1966 alii
687 1907 930 1980 quaterni
974 1905 1063 1976 qui
1095 1903 1260 1975 gestis
1289 1896 1650 1956 custodiendis
1678 1903 1734 1950 et
1764 1889 2165 1949 conscribendis

577 2005 870 2071 praeessent
903 2014 915 2049 :
946 1995 1042 2051 sed
1081 1994 1386 2064 petiverunt
1425 2003 1486 2044 se
1505 1999 1700 2042 omnes
1728 1984 1923 2054 potius,
1951 1981 2042 2052 qui
2070 1996 2165 2036 ve-

577 2098 798 2153 nerant,
822 2087 1010 2143 adesse
1036 2084 1263 2147 debere;
1293 2089 1353 2136 ut
1373 2094 1559 2136 eorum
1585 2089 1836 2132 numerus
1861 2079 2162 2144 appareret,

580 2182 820 2238 dicentes
843 2178 987 2250 quod
1007 2193 1100 2233 eos
1121 2173 1412 2231 adversarii
1438 2185 1638 2242 paucos
1664 2183 1782 2224 esse
1807 2166 2015 2224 mentiti
2038 2165 2165 2221 sint.

579 2273 656 2330 lbi
682 2271 934 2328 dixerunt
959 2269 1032 2323 ita
1055 2283 1115 2324 se
1143 2280 1329 2321 omnes
1354 2263 1571 2318 venisse
1611 2273 1782 2330 usque
1805 2257 1872 2313 ad
1910 2255 2164 2327 gravissi-

578 2379 700 2420 mos
724 2377 901 2427 senes,
931 2369 986 2414 ut
1014 2359 1070 2413 hi
1096 2357 1196 2412 soli
1217 2355 1487 2420 deessent,
1509 2365 1646 2423 quos
1674 2349 1899 2405 adversa
1920 2345 2169 2402 valetudo

578 2455 818 2523 corporis
847 2451 1156 2524 impedisset
1183 2468 1196 2504 :
1220 2457 1275 2505 et
1293 2456 1486 2504 caetera
1510 2460 1628 2517 qua:
1658 2445 1772 2515 ipsa
1800 2441 2009 2498 notaria
2038 2455 2168 2497 con-

579 2556 834 2604 tinentur.

649 2638 875 2699 CAPUT
911 2637 978 2693 V.
1004 2665 1078 2678 —-
1119 2635 1316 2704 Quinto
1358 2634 1475 2688 loco
1527 2631 1761 2685 recitatae
1809 2637 1932 2684 sunt
1976 2627 2171 2682 litterae

580 2733 998 2797 Catholicorum,
1021 2742 1153 2800 quas
1175 2726 1566 2795 rescripserunt
1591 2721 1864 2792 Cognitori
1897 2720 1973 2789 (b)
1994 2761 2010 2786 ,
2036 2719 2172 2773 sicut

583 2828 757 2884 edicto
807 2829 1238 2888 commonuerat,
1285 2818 1615 2873 insinuantes
1659 2813 1962 2870 consentire
2006 2826 2065 2867 se
2102 2810 2171 2866 ad

582 2920 762 2976 omnia
799 2931 918 2987 quae
965 2915 1057 2970 illo
1103 2912 1278 2968 edicto
1327 2909 1537 2965 fuerant
1574 2907 1836 2962 ordinata.
1870 2905 1928 2959 In
1967 2903 2172 2960 eisdem

584 3009 776 3066 litteris
800 3006 961 3063 etiam
991 3021 1051 3061 se
1076 3002 1497 3067 obstrinxerunt,
1529 3007 1584 3054 et
1603 2997 1823 3067 polliciti
1850 3003 2002 3063 sunt,
2031 2993 2174 3064 quod

586 3101 634 3158 si
663 3101 715 3155 in
745 3107 894 3170 parte
918 3095 1110 3150 Donati
1151 3092 1348 3148 veritas
1375 3091 1453 3146 eis
1490 3088 1947 3144 demonstraretur
1990 3084 2175 3140 Eccle-

587 3192 700 3257 siae,
731 3205 836 3245 non
868 3202 926 3243 se
955 3187 1064 3241 illic
1109 3182 1467 3255 episcopalem
1517 3181 1776 3235 honorem
1817 3177 2132 3249 quaesituros
2154 3214 2170 3242 ,

586 3281 681 3339 sed
707 3279 988 3336 consilium
1013 3290 1200 3333 eorum
1225 3279 1499 3330 secuturos
1524 3286 1622 3341 pro
1650 3270 1822 3325 salute
1847 3267 2170 3323 christiana:

585 3374 630 3428 si
658 3380 833 3427 autem
853 3371 907 3426 in
931 3383 1027 3426 sua
1063 3364 1437 3423 communione
1477 3361 1654 3432 potius
1682 3360 1881 3416 veritas
1911 3357 2164 3414 ostende-

587 3471 735 3518 retur
766 3461 1040 3526 Ecclesite,
1069 3458 1300 3514 honores
1326 3453 1656 3525 episcopales
1679 3452 1759 3507 eis
1788 3465 1894 3506 non
1925 3465 1985 3506 se
2014 3462 2175 3521 nega-

589 3563 736 3612 turos
765 3571 779 3606 :
807 3560 863 3609 et
891 3552 993 3606 hoc
1017 3565 1048 3605 a
1074 3565 1135 3606 se
1180 3548 1298 3604 ﬁeri
1334 3547 1475 3602 bono
1502 3544 1650 3616 pacis
1670 3585 1685 3612 ,
1715 3553 1777 3597 ut
1821 3541 2176 3617 intelligerent

588 3645 641 3700 hi
668 3645 859 3716 quibus
888 3643 992 3698 hoc
1016 3647 1379 3712 praestaretur,
1409 3635 1553 3707 quod
1581 3636 1633 3694 in
1661 3635 1741 3694 eis
1767 3637 2028 3694 Catholici
2067 3652 2176 3694 non

586 3738 930 3794 christianam
971 3733 1430 3792 consecrationem
1451 3774 1467 3800 ,
1495 3732 1906 3790 sed'humanum
1948 3731 2178 3785 detesta-

585 3837 771 3888 rentur
789 3841 1052 3887 errorem.
1079 3826 1232 3897 Quod
1259 3827 1302 3881 si
1327 3825 1511 3897 plebes
1552 3823 1687 3878 duos
1713 3824 1769 3877 in
1804 3835 1906 3876 una
1936 3821 2176 3877 Ecclesia

586 3925 865 3995 episcopos
887 3922 1027 3978 ferre
1057 3936 1161 3976 non
1191 3926 1432 3990 possent,
1460 3916 1701 3986 utrisque
1729 3915 1795 3970 de
1825 3914 2000 3969 medio
2029 3928 2179 3969 rece-

555 4004 558 4007 ’
585 4016 852 4080 dentibus,
877 4012 1070 4084 singuli
1090 4011 1542 4068 constituerentur
1567 4006 1804 4076 episc0pi
1825 4045 1840 4071 ,
1870 4005 1936 4059 ab
1962 4005 2040 4059 eis
2065 4003 2180 4074 epi-

586 4107 763 4180 scopis
789 4105 1106 4172 ordinandi,
1143 4103 1232 4174 qui
1263 4101 1316 4155 in
1346 4099 1458 4156 suis
1485 4097 1731 4168 plebibus
1754 4096 1948 4167 singuli
1975 4096 2178 4150 inveni-

586 4208 790 4256 rentur.
832 4199 889 4254 ln
931 4195 1134 4253 eisdem
1170 4191 1362 4250 litteris
1422 4195 1846 4246 commemorata
1895 4195 1979 4243 est
2017 4187 2177 4242 etiam

588 4305 746 4347 causa
775 4288 1299 4350 Maximianistarum,
1322 4299 1389 4339 ex
1414 4282 1608 4354 quibus
1625 4295 1659 4336 a
1678 4295 1740 4336 se
1763 4279 2028 4334 damnatis
2057 4293 2180 4348 pro-

589 4391 711 4453 pter
753 4394 937 4452 pacem
980 4378 1144 4448 partis
1175 4374 1365 4430 Donati
1395 4381 1654 4444 quosdam
1694 4372 1748 4425 in
1778 4369 2070 4425 honoribus
2098 4371 2180 4424 in-

590 4473 753 4544 tegris
784 4473 1152 4539 susceperunt,
1176 4473 1231 4520 ct
1256 4464 1323 4519 ab
1341 4464 1418 4518 eis
1444 4463 1624 4517 datum
1652 4462 1706 4516 in
1735 4461 1998 4530 sacrilego
2029 4460 2175 4516 schi-

588 4575 759 4622 smate
786 4562 1114 4634 Baptismum
1131 4572 1236 4614 non
1262 4553 1597 4612 resciderunt
1632 4571 1645 4609 :
1675 4561 1730 4610 et
1753 4561 1947 4609 caetera
1973 4567 2093 4623 qua:
2120 4553 2176 4609 in

590 4655 898 4713 memoratis
927 4652 1118 4710 litteris
1149 4649 1512 4707 continentur.

660 4745 885 4804 CAPUT
913 4743 1002 4800 Vl.
1029 4772 1102 4784 ο-
1122 4742 1285 4800 Sexto
1313 4740 1431 4796 loco
1458 4738 1740 4795 recitatum
1767 4746 1849 4794 est
1874 4739 2035 4794 etiam
2064 4739 2178 4795 edi-

589 4850 733 4900 ctum
783 4836 949 4908 ipsius
977 4834 1278 4906 Cognitoris
1320 4832 1424 4902 (ε),
1474 4830 1618 4902 quod
1660 4838 2014 4900 preposuerat
2054 4845 2176 4886 cum

587 4948 751 5006 supra
769 4931 909 4987 dicta
941 4927 1146 4984 notaria
1158 4925 1568 4989 Donatistarum,
1596 4929 1654 4978 et
1683 4936 1841 4993 supra
1855 4922 2010 4977 dictis
2035 4923 2178 4978 litte-

590 5027 665 5085 ris
693 5024 1093 5083 Catholicorum
1117 5018 1392 5090 insinuans
1414 5018 1613 5089 populo
1631 5031 1752 5087 quae
1774 5016 1849 5072 illi
1876 5031 1999 5087 pars
2022 5023 2174 5071 utra-

590 5137 692 5192 que
714 5114 1075 5187 rescripserit.

653 5207 882 5266 CAPUT
915 5205 1026 5262 Vll.
1057 5235 1129 5246 —
1154 5202 1397 5274 Septimo
1427 5201 1546 5257 loco
1572 5202 1807 5257 recitata:
1830 5210 1956 5257 sunt
1981 5200 2173 5257 litterae

582 5300 972 5358 Catholicorum
1003 5298 1070 5354 ad
1096 5298 1439 5369 Cognitorem
1478 5294 1616 5349 data:
1644 5294 1752 5363 (ά),
1783 5295 1972 5364 quibus
2001 5294 2174 5349 Dona-

584 5398 824 5453 tistarum
854 5394 1075 5450 notoria:
1098 5392 1508 5463 responderunt,
1541 5390 1899 5445 concedentes
1927 5391 2005 5446 eis
2027 5391 2170 5460 quod

583 5482 863 5552 petierant,
908 5487 967 5535 ut
995 5477 1225 5534 universi
1252 5476 1343 5548 qui
1387 5482 1644 5530 venerant
1675 5481 1964 5545 praesentes
1993 5483 2174 5531 essent

646 5616 718 5679 (a)
753 5616 992 5681 Interdum
1013 5614 1256 5681 scribitur,
1292 5629 1314 5657 ι
1337 5611 1539 5681 notoria.
1562 5625 1586 5654 ι
1601 5608 1876 5681 ‘lthibetur
1893 5608 1998 5662 haec
2019 5616 2171 5664 Dona-

584 5671 804 5731 tistarum
822 5676 1024 5737 Epistola
1049 5677 1097 5737 in
1121 5675 1263 5735 hujus
1287 5674 1400 5722 tomi
1421 5671 1711 5737 appendice.

645 5737 719 5856 ἓὸξ
753 5735 954 5798 Ειιὶεὶοιο
980 5736 1067 5784 1‘28
1089 5738 1215 5786 inter
1240 5735 1617 5796 Augustinianas.

668 5812 694 5846 ε
750 5804 799 5845 In
825 5797 1108 5856 Appendice.

671 5739 698 5785 b
753 5739 954 5798 Epistula
980 5739 1101 5784 ωδε

668 5739 719 5909 ὀ
750 5797 1108 5868 tii_Appendice.

710 5862 725 5909 δ
751 5857 953 5909 limstola
976 5857 1108 5908 12911

645 5857 725 5924 (ιι)
751 5857 953 5922 tipistola
976 5857 1062 5907 129
1080 5859 1206 5909 inter
1233 5859 1605 5922 Augustiuianas.

1791 395 1850 455 S.
1888 391 2258 454 AUGUSTINI
2297 392 2598 452 EPISCOPl

3193 373 3261 381 ρ--
3325 365 3351 380 -1

3735 405 3851 465 616

2257 509 2311 566 in
2338 524 2403 565 eo
2428 511 2547 566 loco
2579 511 2667 566 ubi
2694 520 2807 568 erat
2833 511 3006 569 futura
3032 513 3257 571 Collatio
3307 534 3322 572 :
3362 530 3484 573 cum
3529 526 3711 575 tamen
3737 520 3854 576 illic

2259 615 2326 658 ex
2356 601 2642 660 Catholicis
2667 605 2932 676 episcopis
2960 606 3037 662 illi
3063 607 3161 662 soli
3201 607 3482 677 adessent,
3514 627 3651 682 quos
3671 613 3852 670 edicto

2259 707 2358 749 suo
2384 693 2634 765 Cognitor
2657 695 2964 764 deﬁnierat;
2992 707 3051 753 ut
3073 699 3119 754 si
3144 700 3334 770 aliquis
3357 703 3615 758 tumultus
3641 706 3847 762 existe-

2261 791 2358 850 ret,
2390 784 2532 855 quod
2558 785 2816 842 Catholici
2857 787 3012 844 valde
3036 790 3380 859 metuebant,
3406 807 3515 848 non
3535 793 3642 849 illis
3669 796 3851 866 impn-

2264 884 2464 933 taretur
2505 879 2594 949 qui
2624 880 2927 950 paucissimi
2954 881 3234 950 adessent,
3284 885 3380 940 sed
3425 887 3504 942 eis
3555 889 3736 958 potius
3762 891 3874 960 quit

2263 970 2654 1028 multitudinem
2699 988 2851 1029 suam
2898 983 3219 1044 praesentem
3260 991 3380 1033 esse
3427 979 3745 1035 voluissent.
3796 981 3852 1035 In

2262 1060 2466 1116 eisdem
2488 1062 2680 1118 litteris
2697 1064 2858 1119 etiam
2881 1073 2992 1120 tota
3012 1067 3128 1136 ipsa
3145 1081 3306 1122 causa
3331 1070 3721 1139 comprehensa
3747 1082 3850 1137 est,

2267 1161 2324 1206 ut
2350 1153 2718 1209 ostenderetur
2746 1155 2990 1212 Ecclesia
3010 1157 3270 1213 catholica
3303 1173 3410 1215 non
3439 1174 3560 1216 esse
3586 1175 3710 1231 pars
3739 1163 3854 1218 Do-

2265 1244 2402 1311 nati,
2433 1244 2527 1299 sed
2569 1245 2656 1300 illa
2687 1248 2864 1316 potius
2885 1263 3003 1318 qua:
3032 1264 3128 1320 per
3156 1258 3324 1305 totum
3351 1251 3609 1307 mundum
3631 1253 3854 1309 fructiﬁ-

2266 1343 2414 1389 caret
2439 1343 2492 1390 et
2519 1346 2821 1405 cresceret,
2853 1339 3114 1410 incipiens
3137 1341 3204 1396 ab
3240 1340 3536 1398 Jerusalem
3562 1344 3857 1400 secundum

2267 1437 2476 1480 sacram
2506 1425 2836 1498 Scripturam
2865 1429 3029 1501 (Luc.
3055 1448 3201 1500 xxiv,
3230 1433 3336 1504 47)
3371 1451 3386 1488 :
3415 1442 3470 1489 et
3489 1435 3615 1504 quia
3643 1435 3779 1491 nihil
3808 1438 3856 1492 ci

2269 1515 2677 1585 prtejudicarent
2702 1520 3020 1592 quicumque
3045 1522 3102 1577 in
3141 1537 3203 1578 ea
3233 1523 3359 1577 mali
3385 1523 3647 1592 fuissent,
3679 1524 3857 1583 divino

2270 1608 2326 1664 in
2356 1608 2463 1665 ﬁne
2483 1609 2683 1680 judicio
2704 1614 2989 1682 separandi
3023 1632 3038 1669 :
3065 1623 3120 1669 et
3137 1616 3259 1684 quia
3279 1631 3380 1671 nec
3399 1617 3453 1671 in
3479 1618 3659 1688 ipsum
3689 1616 3856 1676 Caeci-

2271 1700 2470 1756 lianum
2496 1703 2726 1773 majores
2750 1719 2933 1760 eorum
2963 1706 3161 1777 aliquid
3188 1709 3413 1777 probare
3438 1718 3750 1780 potuerunt,
3774 1714 3858 1782 qui

2267 1792 2483 1864 judiciis
2518 1796 2892 1854 ecclesiasticis
2922 1799 3029 1871 (a),
3054 1808 3109 1854 et
3142 1798 3373 1856 maxime
3406 1801 3757 1873 Imperatoris
3790 1805 3858 1876 (b)

2273 1886 2414 1956 apud
2443 1901 2603 1958 quem
2630 1889 2697 1944 ab
2721 1890 2800 1944 eis
2840 1889 3013 1946 fuerat
3054 1901 3354 1959 accusatus,
3389 1894 3650 1950 innocens
3677 1895 3857 1951 inven-

2273 1988 2359 2036 tus
2383 1988 2438 2036 et
2460 1982 2832 2051 pronuntiatus
2861 1992 2964 2038 est.
2991 1982 3060 2038 Et
3079 1984 3202 2054 quia
3231 1983 3299 2039 de
3324 1984 3662 2054 jussionibus
3689 1988 3854 2058 impe-

2272 2080 2509 2128 ratorum
2535 2088 2655 2143 quae
2683 2088 2780 2144 pro
2803 2071 3074 2130 Catholica
3102 2076 3502 2132 constituuntur
3524 2117 3540 2144 ,
3575 2067 3758 2133 solent
3791 2079 3859 2132 fa-

2273 2177 2396 2219 cere
2437 2163 2718 2233 invidiam;
2763 2173 3238 2221 commemoratum
3268 2175 3351 2222 est
3396 2168 3558 2222 etiam
3580 2167 3650 2223 de
3686 2178 3859 2223 sancta

2273 2255 2580 2326 Scriptura,
2608 2271 2761 2328 reges
2787 2257 3090 2314 decrevisse
3114 2260 3168 2314 in
3208 2275 3374 2331 regno
3402 2275 3498 2316 suo
3517 2262 3859 2332 gravissimas

2273 2362 2462 2419 poenas
2502 2350 2579 2406 eis
2607 2351 2698 2420 qui
2723 2350 3182 2422 blasphemassent
3218 2353 3380 2409 Deum
3410 2352 3571 2426 (Dan.
3603 2371 3686 2422 ιη,
3737 2355 3858 2425 96).

2274 2439 2698 2498 Commemorata
2751 2453 2834 2500 est
2885 2446 3045 2499 etiam
3099 2461 3262 2501 causa
3318 2447 3857 2515 Maximianistarum,

2274 2547 2409 2604 quos
2435 2543 2490 2591 et
2507 2534 2723 2604 judiciis
2755 2535 2853 2605 ipsi
2879 2536 3099 2606 publicis
3125 2537 3369 2592 insectati
3395 2547 3539 2604 sunt,
3573 2547 3628 2594 et
3655 2555 3724 2595 ex
3752 2540 3853 2609 qui-

2275 2624 2375 2680 bus
2404 2625 2668 2680 damnatis
2697 2627 2956 2697 quosdam
2985 2628 3038 2683 in
3069 2627 3366 2684 honoribus
3410 2630 3636 2701 integris
3684 2645 3860 2686 susce-

2277 2725 2508 2786 perunt,
2541 2732 2640 2773 nec
2669 2720 2737 2775 ab
2769 2719 2848 2776 eis
2877 2720 2931 2774 in
2969 2720 3260 2776 schismate
3304 2721 3487 2777 datum
3534 2723 3857 2793 Baptismum

2277 2809 2677 2877 destruxerunt;
2710 2811 2852 2881 quod
2897 2825 2990 2868 eos
3040 2813 3231 2882 quibus
3257 2812 3564 2869 dilationem
3611 2815 3859 2871 dederunt

2277 2899 2600 2957 Maximiano
2627 2902 3161 2969 communicantibus,
3188 2903 3436 2959 dixerunt
3455 2903 3600 2959 illius
3625 2907 3859 2977 contagio

2279 3007 2386 3047 non
2424 2991 2589 3048 fuisse
2628 2993 2858 3063 pollutos
2897 3011 2910 3048 :
2954 3002 3008 3049 et
3030 3002 3224 3049 caetera
3266 3008 3387 3064 quae
3425 2993 3631 3050 eisdem
3677 2995 3858 3051 litteris

2279 3085 2634 3140 continentur.
2679 3086 2805 3142 Haec
2848 3095 3028 3142 autem
3073 3087 3250 3142 omnia
3281 3086 3401 3143 ideo
3436 3088 3510 3143 ibi
3537 3102 3857 3144 commemo-

2278 3185 2394 3231 rata
2439 3186 2596 3244 sunt,
2649 3192 2716 3232 ne
2761 3177 2899 3235 forte
2957 3179 3003 3234 si
3058 3193 3239 3235 secum
3271 3181 3288 3211 ⁸
3318 3180 3647 3254 cogitassent
3694 3182 3859 3240 Dona-

2281 3269 2440 3334 tistae,
2469 3278 2524 3325 et
2551 3269 2792 3326 viderent
2819 3286 2978 3346 quam
3017 3271 3208 3331 malam
3241 3284 3456 3332 causam
3484 3275 3710 3333 haberet
3747 3291 3859 3347 pars

2281 3359 2504 3431 Donati,
2558 3360 2626 3420 ad
2677 3360 2780 3421 hoc
2833 3367 3148 3436 voluissent,
3206 3383 3394 3425 omnes
3441 3369 3534 3439 qui
3589 3378 3854 3436 venerant,

2279 3451 2486 3529 ingredi
2511 3457 2688 3513 locum
2716 3457 3024 3515 Collationis
3049 3501 3063 3525 ,
3093 3467 3150 3515 ut
3178 3475 3282 3531 pax
3309 3468 3470 3532 atque
3498 3462 3676 3517 unitas
3696 3462 3852 3517 ﬁeret.

2354 3546 2582 3604 CAPUT
2613 3549 2747 3605 Vill.
2775 3578 2846 3590 —
2870 3550 3070 3606 Octavo
3098 3551 3235 3617 loco,
3260 3566 3382 3607 cum
3410 3551 3666 3624 Cognitor
3691 3554 3854 3624 inqui-

2281 3638 2440 3694 sisset
2470 3648 2648 3694 utrum
2677 3641 2814 3696 sicut
2853 3657 2887 3696 a
2927 3640 3216 3698 Catholicis
3249 3644 3482 3712 videbat,
3535 3645 3612 3700 ita
3651 3646 3802 3701 etiam
3828 3661 3855 3699 a

2281 3739 2432 3801 parte
2461 3733 2651 3802 Donati
2671 3735 2825 3791 electi
2855 3736 2964 3807 jam
2987 3748 3168 3794 essent
3191 3740 3281 3810 qui
3320 3749 3627 3814 susceptam
3654 3757 3852 3799 causam

2281 3834 2628 3894 peragerent;
2661 3841 2974 3897 responsum
3002 3838 3083 3884 est
3109 3845 3141 3884 a
3168 3841 3319 3900 parte
3348 3832 3561 3900 Donati,
3593 3833 3852 3904 quodjam

2281 3924 2426 3969 esset
2451 3923 2567 3971 acta
2611 3931 2642 3970 a
2672 3916 2960 3973 Catholicis
3007 3933 3200 3987 causa,
3255 3930 3544 3992 antequam
3568 3933 3710 3979 esset
3737 3938 3852 3978 con-

2283 4004 2572 4076 fligentium
2617 4016 2812 4072 statuta
2853 4025 3080 4080 persona
3111 4028 3124 4065 :
3156 4021 3375 4082 propter
3417 4013 3537 4070 illas
3562 4014 3849 4072 Catholico-

2281 4111 2400 4151 rum
2426 4098 2628 4154 litteras
2663 4114 2781 4170 quze
2817 4108 2982 4156 totam
3011 4116 3227 4159 causam
3244 4103 3478 4160 breviter
3502 4107 3848 4162 continebant.

2282 4187 2486 4246 Deinde
2516 4190 2716 4248 instare
2737 4202 3052 4263 coeperunt,
3084 4203 3143 4251 ut
3167 4197 3314 4265 prius
3351 4206 3604 4268 ageretur
3631 4198 3696 4254 de
3727 4209 3849 4254 teni-

2281 4297 2433 4353 pore,
2481 4285 2549 4340 de
2589 4285 2862 4354 mandato,
2901 4287 2969 4342 de
3009 4302 3272 4359 persona,
3301 4289 3369 4345 de
3397 4305 3583 4358 causa,
3636 4300 3752 4346 tunc
3791 4289 3849 4343 ad

2283 4373 2478 4443 negotii
2507 4375 2698 4431 merita
2731 4376 3022 4432 veniretur.
3054 4377 3124 4432 Et
3149 4393 3272 4434 cum
3304 4378 3564 4450 Cognitor
3591 4380 3850 4436 interlocu-

2285 4471 2370 4520 tus
2407 4473 2570 4531 esset,
2613 4466 2745 4520 nihil
2775 4466 2843 4523 de
2871 4482 3031 4523 causa
3059 4483 3180 4526 esse
3209 4469 3545 4537 mutilatum;
3590 4481 3644 4526 et
3687 4484 3849 4526 rursus

2284 4557 2592 4628 inquisisset
2615 4568 2794 4615 utrum
2833 4560 2901 4616 de
2931 4561 3306 4618 constituendo
3343 4578 3570 4618 numero
3601 4564 3848 4634 disputan-

2285 4648 2416 4704 tium
2441 4650 2616 4706 edicto
2641 4653 2756 4722 ejus
2779 4653 3009 4723 paritum
3037 4652 3198 4709 fuerit
3230 4695 3246 4722 ,
3271 4655 3394 4725 quia
3423 4669 3520 4725 per
3544 4655 3644 4711 hos
3663 4663 3847 4725 oporte-

2282 4750 2367 4797 ret
2391 4743 2476 4812 agi
2502 4744 2680 4799 omnia
2725 4761 2844 4814 quae
2873 4747 3077 4817 agenda
3106 4755 3288 4802 essent
3320 4764 3334 4801 :
3377 4757 3662 4818 coeperunt
3694 4747 3845 4802 Dona-

2283 4834 2420 4891 tistae
2449 4851 2606 4908 agere
2645 4837 2713 4894 de
2738 4846 2996 4908 tempore,
3044 4839 3295 4910 quoniam
3324 4853 3484 4896 causa
3511 4841 3628 4911 ipsa
3661 4839 3738 4910 agi
3757 4851 3843 4893 non

2283 4937 2506 4999 posset,
2550 4931 2671 5000 quia
2710 4930 2828 4987 dies
2871 4932 3216 5002 praeterisset.
3247 4933 3448 4999 Quarto
3475 4932 3684 4988 decimo
3725 4931 3842 4986 enim

2282 5021 2621 5077 calendarum
2655 5022 2924 5093 juniarum
2969 5024 3057 5080 die
3097 5025 3348 5095 completi
3394 5024 3609 5082 fuerant
3648 5033 3844 5096 quatuor

2281 5128 2495 5169 menses
2523 5129 2588 5170 ex
2614 5114 2701 5170 die
2730 5115 2889 5170 edicti
2929 5115 3233 5186 Cognitoris
3276 5117 3419 5188 quod
3457 5118 3525 5172 ad
3548 5115 3840 5187 provinciam

2281 5205 2520 5273 miserat,
2574 5207 2711 5262 sicut
2749 5207 3130 5278 interrogatum
3179 5209 3455 5279 respondit
3499 5209 3753 5266 Officium.
3784 5202 3842 5258 Et

2280 5299 2530 5369 quoniam
2572 5299 2709 5355 intra
2735 5309 2964 5370 quatuor
2993 5314 3207 5357 menses
3233 5302 3315 5371 agi
3343 5316 3562 5358 causam
3601 5311 3842 5372 praecepe-

2281 5399 2362 5445 rat
2389 5391 2702 5462 Imperator,
2743 5391 2863 5448 ideo
2889 5392 3030 5448 diem
3069 5393 3179 5463 jam
3214 5395 3479 5450 transisse
3505 5394 3769 5454 dicebant,
3793 5393 3841 5440 et

2282 5487 2532 5557 petebant
2560 5495 2616 5540 ut
2659 5494 2907 5557 tanquam
2936 5487 2988 5541 in
3031 5495 3372 5543 contumaces
3395 5486 3692 5542 Catholieos
3730 5494 3837 5537 sen-

2282 5578 2441 5634 tentia
2474 5577 2802 5646 proferretur
2849 5594 2862 5630 :
2893 5576 3044 5647 quasi
3083 5575 3344 5632 Catholici
3390 5577 3636 5634 absentes
3659 5576 3835 5634 esset“,

2342 5733 2625 5800 {antiquior
2649 5732 2798 5783 editio
2819 5741 2940 5800 iam,
2963 5745 3023 5800 ne
3039 5733 3159 5796 forte
3181 5731 3273 5800 ipsi
3291 5745 3470 5788 secum.

2363 5797 2414 5848 α)
2437 5801 2640 5843 Romano
2665 5802 2716 5844 et
2737 5795 3020 5848 Arelatensi.

2363 5808 2394 5844 a
2437 5801 2640 5843 Romano
2665 5802 2716 5844 et

2341 5795 2414 5921 ibi
2433 5857 2736 5908 Constantini.
