4010 6520
241 536 343 595 617

239 662 331 708 aut
360 651 653 707 Doaatistat
676 648 961 722 aliquando
983 648 1051 705 ad
1086 650 1345 721 agendam
1367 662 1584 704 causam
1608 647 1713 701 illis
1738 645 1831 700 ab.

238 745 483 800 sentibus
505 744 863 808 intravissent,
884 750 975 797 aut
1006 741 1263 797 admoniti
1290 740 1549 796 Catholici
1591 738 1677 794 vel
1714 750 1833 793 evo-

237 838 341 894 cati
365 837 679 893 defuissent.
696 836 803 892 Ista
823 851 949 906 ergo
973 835 1302 892 calumniose
1319 832 1828 905 ettergiversatorie,

236 944 357 1001 quae
383 944 485 986 nec
510 930 564 985 in
586 928 703 986 foro
721 929 839 999 jure
868 939 1173 1001 agerentur,
1205 927 1473 992 dicebant,
1502 925 1745 980 nolentes
1773 932 1832 977 ut

236 1021 439 1092 aliquid
469 1029 738 1092 ageretur.
778 1023 881 1078 Sed
911 1022 980 1077 ad
1010 1021 1112 1079 hoc
1140 1022 1220 1077 eis
1266 1019 1543 1091 respondit
1574 1017 1687 1088 ipse
1727 1016 1832 1071 Co-

235 1113 437 1183 gnitor,
487 1114 628 1185 quod
676 1114 730 1168 in
777 1107 1025 1169 ealbndas
1057 1114 1235 1184 junias
1269 1127 1394 1183 pars
1422 1121 1645 1181 utraque
1698 1122 1830 1165 eon-

234 1207 490 1271 senserit,
519 1205 762 1275 quamvis
792 1206 999 1261 etiamsi
1030 1205 1281 1273 quaelibet
1312 1220 1434 1275 pars
1459 1201 1633 1257 adhuc
1658 1214 1831 1271 usque

235 1310 343 1351 non
391 1298 733 1365 occurrisset,
792 1298 927 1354 duos
967 1299 1100 1353 alios
1142 1313 1357 1354 menses
1414 1309 1695 1367 superesse
1737 1309 1831 1364 po-

235 1388 429 1455 tuisse,
464 1406 598 1461 quos
640 1390 935 1463 Imperator
973 1392 1215 1462 adjunxit
1252 1391 1404 1447 trinis
1448 1390 1636 1447 edictis
1667 1388 1831 1443 fuisse

232 1484 553 1540 servandos.

304 1576 535 1635 CAPUT
571 1577 662 1633 IX.
694 1608 766 1620 -
787 1578 941 1635 Nono
969 1579 1110 1646 loco,
1153 1578 1407 1648 quoniam
1450 1576 1706 1647 Cognitor
1733 1588 1829 1629 su-

229 1656 420 1739 perius
438 1668 665 1739 dixerat,
696 1672 763 1727 de
792 1680 1032 1743 tempore
1063 1672 1414 1743 praescribere
1441 1679 1499 1726 ut
1523 1685 1682 1726 causa
1712 1683 1822 1723 non

229 1770 507 1832 ageretur,
539 1778 645 1818 non
673 1764 1010 1833 episcopalis,
1054 1764 1146 1818 sed
1212 1764 1439 1818 forensis
1487 1763 1664 1833 potius
1710 1774 1829 1814 esse

229 1852 573 1923 objectionis,
603 1855 804 1910 invenit
826 1855 1163 1911 occasionem
1185 1869 1307 1924 pars
1331 1854 1522 1908 Donati
1542 1868 1646 1923 qua
1674 1852 1826 1908 dice-

229 1955 339 2012 ret,
365 1946 641 2017 nihilergo
656 1962 838 2004 secum
861 1948 943 2019 agi
964 1947 1176 2018 publico
1193 1948 1314 2018 jure
1339 1946 1558 2013 debere,
1588 1945 1682 2002 sed
1716 1954 1831 1999 tan-

230 2044 347 2092 tum
375 2037 569 2093 divinis
590 2038 898 2108 Scripturis.
925 2038 1098 2105 Unde,
1131 2054 1253 2094 cum
1279 2039 1559 2109 quaesisset
1578 2036 1832 2108 Cognitor

228 2126 363 2197 quid
384 2130 597 2199 utrique
628 2131 769 2199 parti
820 2129 888 2185 de
929 2129 1029 2185 hac
1077 2146 1137 2186 re
1187 2132 1455 2200 placeret;
1503 2144 1825 2199 responsum

227 2225 363 2273 esta
390 2218 703 2286 Catholicis,
738 2222 1024 2291 utjuberet
1064 2223 1377 2277 mandatum
1404 2222 1656 2277 catholici
1698 2238 1827 2277 con-

227 2312 343 2367 cilii
366 2313 607 2380 recitari,
638 2315 727 2369 ubi
750 2315 942 2371 electis
970 2316 1394 2385 disputatoribus
1424 2315 1614 2385 agendi
1637 2315 1827 2369 modus

228 2406 508 2477 injunctus
527 2416 641 2474 est;
673 2408 743 2462 ibi
789 2424 945 2478 posse
980 2410 1168 2466 melius
1220 2424 1477 2479 apparere
1533 2408 1675 2479 quod
1718 2423 1828 2463 non

227 2497 540 2553 forensibus
594 2500 1136 2569 tergiversationibus,
1194 2500 1290 2556 sed
1316 2502 1484 2569 magis
1514 2500 1714 2555 divinis
1744 2508 1826 2554 te-

226 2590 503 2645 stimoniis
532 2600 795 2661 ageretur.
832 2592 897 2646 Et
922 2591 1225 2663 aliquandiu
1274 2591 1542 2647 conflictio
1571 2591 1826 2661 producta

227 2689 337 2748 est,
370 2695 493 2736 cum
521 2681 785 2737 Catholici
836 2686 1094 2738 instarent
1120 2684 1332 2739 recitari
1389 2682 1721 2751 mandatum,
1751 2682 1827 2737 illi

227 2784 415 2831 autem
466 2784 793 2831 recusarent.
822 2775 928 2832 Sed
958 2787 1141 2847 postea
1172 2777 1397 2833 remotis
1424 2777 1677 2832 omnibus
1700 2791 1820 2831 mo-

225 2867 451 2922 ratoriis
480 2868 935 2936 contentionibus,
990 2868 1202 2925 recitari
1235 2868 1546 2924 mandatum
1571 2868 1829 2940 Cognitor

222 2958 411 3030 jussit.

302 3049 537 3107 CAPUT
573 3050 735 3106 X.â€”
788 3051 1005 3109 Decimo
1051 3053 1173 3110 loco
1220 3051 1532 3109 mandatum
1579 3050 1829 3109 catholici

226 3143 449 3199 concilii
471 3144 752 3200 recitatum
783 3146 974 3218 est(a),
1004 3161 1111 3217 quo
1131 3146 1317 3203 electis
1340 3146 1409 3202 ad
1449 3146 1827 3218 disputandum

227 3235 539 3304 episcopis,
569 3235 845 3293 catholicae
892 3238 1145 3296 Ecclesiae
1190 3248 1273 3295 est
1311 3240 1544 3311 iniuncta
1590 3240 1832 3296 defensio

228 3324 495 3381 adversus
537 3328 936 3387 criminationes
977 3330 1390 3387 Donatistarum.
1423 3332 1536 3388 lloc
1580 3332 1832 3388 mandato

229 3417 458 3485 iterum,
502 3419 635 3475 sicut
687 3422 739 3476 in
773 3422 1135 3493 superioribus
1185 3423 1398 3488 litteris,
1442 3424 1679 3479 breviter
1719 3434 1830 3480 tota

230 3526 405 3567 causa
435 3514 819 3584 comprehensa
862 3525 963 3581 est,
990 3516 1139 3586 prius
1168 3524 1225 3570 ut
1249 3530 1406 3571 causa
1436 3516 1692 3572 Ecclesia:
1714 3532 1833 3587 quae

231 3613 375 3672 toto,
405 3605 546 3660 sicut
571 3609 831 3677 promissa
854 3618 957 3677 est,
982 3592 1246 3665 terrarum
1276 3608 1409 3665 orbe
1429 3608 1769 3674 diffunditur,
1802 3626 1831 3665 a

229 3690 399 3752 causa
430 3697 698 3754 Caeciliani
719 3700 1120 3772 qualiscumque
1150 3701 1241 3757 illa
1268 3701 1478 3771 fuisset,
1527 3703 1606 3758 sic
1638 3703 1831 3759 distin-

229 3799 515 3861 gueretur,
545 3800 602 3846 ut
628 3791 1002 3849 ostenderetur
1043 3794 1212 3849 malos
1236 3793 1292 3847 in
1335 3792 1592 3861 Ecclesia,
1625 3795 1715 3865 qui
1748 3795 1834 3851 vel

232 3882 556 3953 ignoranter
605 3885 689 3941 vel
728 3902 826 3958 pro
854 3889 1057 3944 unitate
1098 3889 1247 3959 pacis
1276 3889 1570 3945 tolerantur
1596 3905 1627 3944 a
1655 3889 1831 3956 bonis,

230 3988 342 4029 non
375 3976 455 4030 eis
486 3975 553 4030 ad
599 3978 735 4032 mala
784 3980 1238 4036 consentientibus
1264 3979 1454 4037 obesse
1499 3996 1605 4036 non
1649 3996 1830 4052 posse,

236 4066 693 4123 similitudinibus
719 4072 1045 4141 evangelicis
1070 4080 1127 4127 et
1150 4072 1399 4143 exemplo
1424 4072 1832 4143 Prophetarum,

236 4168 293 4215 et
323 4159 499 4229 ipsius
522 4161 731 4216 Domini
762 4163 958 4218 Christi
998 4173 1052 4219 et
1102 4166 1498 4234 Apostolorum,
1532 4174 1586 4220 et
1631 4166 1837 4236 episco-

227 4267 455 4324 porum,
488 4264 541 4308 et
562 4255 762 4325 judicio
812 4256 1046 4327 ipsorum
1074 4258 1235 4313 etiam
1291 4258 1684 4313 Donatistarum
1712 4272 1837 4328 pro-

229 4354 361 4416 pter
405 4344 855 4403 Maximianistas:
913 4348 1107 4405 deinde
1139 4349 1304 4418 ipsius
1359 4348 1624 4403 Cteciliani
1675 4364 1833 4405 causa

229 4451 344 4493 non
376 4438 516 4492 mala
550 4436 714 4495 fuisse
763 4440 924 4495 certis
974 4440 1311 4495 documentis
1354 4439 1833 4506 demonstraretur,

227 4529 438 4601 quibus
466 4540 520 4585 et
551 4530 663 4600 ipse
685 4541 739 4587 ct
762 4532 1039 4587 ordinatur
1080 4532 1197 4603 ejus
1227 4531 1377 4587 Felix
1426 4533 1832 4603 Aptuginensis,

228 4636 401 4691 quem
434 4621 487 4675 in
516 4622 743 4677 concilio
778 4639 876 4679 sne
916 4624 1254 4680 criminosius
1280 4634 1689 4692 accusaverunt,
1711 4641 1836 4696 pro-

229 4712 465 4769 baretur
483 4728 604 4770 esse
640 4726 913 4786 purgatus.
957 4716 1023 4772 Et
1071 4726 1263 4773 czelcra
1308 4733 1428 4788 qure
1463 4718 1713 4774 mandato
1742 4734 1838 4774 eoÂ«

230 4804 365 4860 deni
393 4806 757 4875 continentur,
816 4808 931 4862 sive
974 4806 1039 4863 de
1073 4808 1364 4878 Baptismo,
1390 4810 1503 4864 sive
1549 4811 1618 4865 de
1649 4825 1833 4880 perse-

228 4897 620 4969 cntione,qu:e
664 4899 799 4953 solet
846 4897 1135 4954 Catholicis
1185 4899 1421 4969 objicere
1466 4917 1590 4971 pars
1623 4902 1832 4957 Donati.

228 4988 374 5044 Nam
406 4999 834 5046 commemorata
864 4990 933 5046 ibi
959 5000 1043 5047 est
1068 4992 1282 5060 iterum,
1312 4992 1452 5048 sicut
1488 4993 1543 5048 in
1593 4993 1837 5064 superio-

229 5082 395 5137 ribus
431 5082 641 5149 litteris,
674 5099 833 5139 causa
880 5084 1411 5153 Maximianistarum,
1457 5101 1559 5156 qua
1608 5086 1833 5141 demon-

228 5184 544 5230 strarcntur
567 5176 858 5232 Donatistze
887 5176 1204 5247 suojndicio
1232 5187 1421 5233 cuncta
1442 5177 1685 5246 diluisse,
1716 5194 1836 5249 quze

228 5266 482 5337 objicere
526 5267 817 5324 Catholicis
842 5269 925 5323 vel
947 5268 1015 5324 de
1046 5268 1340 5340 Baptismo,
1374 5270 1457 5324 vel
1484 5270 1551 5325 de
1580 5285 1834 5340 persecu-

230 5361 410 5428 tione,
446 5360 529 5415 vel
550 5360 618 5416 de
651 5362 1040 5418 communionis
1066 5363 1380 5434 contagione
1418 5373 1833 5421 consueverunt.

230 5451 528 5521 Adjectum
559 5462 641 5509 est
672 5455 857 5520 etiam,
878 5462 936 5510 ut
978 5454 1025 5510 si
1055 5470 1158 5525 qua
1189 5456 1351 5510 etiam
1400 5472 1543 5513 nunc
1571 5457 1836 5529 episcopis

230 5543 539 5599 Catholicis
559 5560 830 5602 morarum
877 5546 1385 5618 interponendarum
1425 5550 1596 5619 gratia
1632 5548 1836 5605 voluis-

228 5646 365 5694 sent
391 5637 616 5693 crimina
670 5639 927 5711 objicere,
960 5649 1179 5712 propter
1205 5639 1493 5696 finiendam
1523 5657 1642 5712 quae
1688 5642 1838 5713 prius

241 5739 469 5800 urgeret
503 5746 738 5798 causam,
769 5731 1031 5789 audienda
1051 5741 1104 5788 et
1147 5731 1476 5788 discutienda
1503 5742 1691 5804 postea
1737 5735 1840 5789 dif-

232 5823 537 5882 ferrentur.
574 5825 686 5881 Hoc
705 5835 904 5891 autem,
948 5826 999 5882 id
1045 5836 1146 5888 est.
1177 5835 1236 5883 ut
1259 5834 1367 5883 tota
1394 5841 1553 5884 causa
1599 5835 1655 5886 et
1681 5841 1840 5899 supe-

306 6028 386 6095 (a)
408 6035 569 6080 Exstat
591 6029 641 6078 in
665 6029 954 6093 Appendice.

532 6112 760 6178 Sacr.
808 6117 1085 6176 Ausus'r.
1113 6114 1231 6179 IX.

1098 526 1525 591 BREVICULUS
1561 478 2006 585 COLLATlONlS
2041 526 2183 584 CUM
2220 528 2640 589 DONATISTIS.

3410 520 3513 583 618

1939 644 2166 700 rioribus
2186 646 2377 702 litteris
2417 658 2472 704 et
2516 650 2617 705 isto
2658 646 2911 705 mandato
2951 648 3522 719 comprehenderetur,

1939 752 2003 791 eo
2028 739 2252 794 consilio
2275 755 2307 795 a
2325 740 2614 798 Catholicis
2640 742 2835 799 factum
2857 753 2960 810 est,
2989 760 3058 801 ne
3087 744 3243 812 forte,
3275 745 3417 801 sicut
3440 744 3521 801 fa-

1938 845 2025 885 ma
2047 829 2303 899 jactabat,
2327 834 2530 904 aliquas
2550 837 2866 894 moratorias
2891 839 3321 910 praescriptiones
3344 839 3525 896 Dona-

1938 921 2075 977 tista:
2102 923 2344 994 ingerere
2370 939 2694 1006 conarentur
2724 946 2739 997 ;
2786 940 2841 986 et
2890 930 3110 986 forsitan
3142 946 3245 986 non
3276 929 3530 1001 permissi

1937 1014 2004 1067 ab
2026 1014 2136 1083 ipsa
2182 1015 2478 1075 Collatione
2527 1021 2966 1087 resilirent;acta
2994 1022 3120 1077 licet
3160 1022 3395 1077 breviter
3422 1023 3529 1077 Ecâ€”

1938 1103 2113 1159 clesiae
2140 1106 2415 1164 catholicae
2441 1125 2623 1177 causa,
2654 1112 2708 1167 in
2732 1113 3123 1182 conscriptione
3149 1121 3417 1183 gestorum
3448 1113 3531 1169 le-

1936 1196 2105 1265 genda
2135 1211 2456 1267 remaneret,
2511 1218 2670 1272 quam
2714 1204 2955 1261 timuisse
3005 1204 3538 1275 intelligerentur,et

1938 1286 2060 1344 ideo
2087 1290 2325 1347 noluisse
2350 1294 2617 1349 conferre.

2006 1379 2231 1440 CAPUT
2268 1385 2359 1439 XI.
2385 1417 2458 1427 â€”
2482 1387 2775 1444 Undecimo
2804 1389 2943 1457 loco,
2986 1405 3109 1447 cum
3165 1392 3421 1462 Cognitor
3447 1394 3531 1448 in-

1936 1473 2229 1530 terlocutus
2254 1487 2416 1545 esset,
2455 1478 2508 1533 in
2540 1480 2790 1535 mandato
2811 1480 3209 1539 Catholicorum
3250 1485 3419 1554 magis
3446 1484 3530 1539 di-

1934 1564 2054 1618 vina
2083 1567 2382 1622 testimonia
2405 1586 2565 1639 quam
2600 1569 2831 1628 forensia
2881 1574 3093 1629 vincula
3130 1590 3249 1631 esse
3296 1576 3522 1645 prolata,

1936 1662 1992 1710 et
2007 1654 2257 1725 jussisset
2301 1659 2465 1715 etiam
2515 1663 2946 1734 subscriptiones
3004 1667 3242 1722 omnium
3288 1668 3524 1734 recitari,

1936 1748 2211 1804 conflictus
2256 1763 2473 1807 exortus
2502 1764 2607 1819 est,
2634 1764 2689 1810 et
2716 1756 3025 1826 aliquandiu
3070 1758 3365 1828 productus
3414 1770 3520 1827 est,

1936 1854 2057 1893 cum
2093 1841 2381 1899 Donatistae
2432 1846 2708 1917 exigerent
2759 1864 2946 1905 eorum
3010 1853 3383 1920 prasentiatn,
3435 1853 3528 1923 qui

1935 1934 2186 1990 mandato
2240 1937 2701 2009 subscripserant;
2734 1942 3049 2013 objicientes
3092 1944 3234 2015 quod
3275 1946 3354 2000 eis
3396 1960 3533 2015 sup.

1935 2027 2124 2097 positis
2148 2029 2235 2099 qui
2259 2031 2495 2101 episcOpi
2512 2048 2618 2088 non
2642 2032 2857 2101 fuerint,
2883 2038 3177 2106 potuissent
3211 2037 3398 2094 fallere
3416 2037 3532 2094 Co-

1935 2121 2219 2192 gnitorem,
2248 2139 2353 2194 quo
2399 2136 2665 2194 przesente
2691 2128 3076 2197 subscripsisse
3104 2129 3437 2199 legebantur,
3475 2139 3534 2185 et

1935 2214 2077 2283 quod
2103 2217 2334 2286 antiquis
2364 2218 2633 2277 cathedris
2658 2219 2794 2274 alios
2816 2221 3095 2291 episcopos
3144 2221 3448 2277 addiderint
3476 2232 3536 2276 ut

1936 2322 2191 2364 numerus
2218 2321 2519 2381 augeretur.
2566 2312 2825 2368 Catholici
2854 2323 3058 2383 autem,
3087 2330 3155 2370 ne
3193 2315 3275 2369 sui
3299 2329 3535 2385 praesen-

1936 2408 2195 2465 tarentur,
2223 2402 2579 2467 resistebant;
2611 2414 2859 2461 verentes
2895 2422 2963 2460 ne
2988 2406 3062 2461 illi
3104 2407 3390 2461 tumultum
3420 2406 3525 2461 ali-

1934 2506 2092 2560 quem
2123 2503 2505 2563 prazpararent,
2538 2509 2635 2565 per
2659 2510 2816 2566 quem
2870 2512 3089 2567 prorsus
3117 2497 3535 2568 abrumperetur

1935 2583 2050 2655 ipsa
2065 2585 2307 2653 Collatio,
2333 2604 2493 2660 quam
2512 2591 2627 2646 fieri
2656 2592 2949 2649 Donatistae
2973 2594 3117 2650 nolle
3145 2596 3365 2651 omnino
3384 2596 3535 2653 vide-

1934 2675 2147 2746 bantur,
2170 2682 2400 2737 maxime
2430 2684 2643 2754 quando
2676 2684 2745 2740 de
2769 2695 3033 2756 tempore,
3062 2690 3211 2759 quasi
3233 2688 3343 2759 jam
3371 2704 3534 2745 causa

1935 2768 2081 2841 lapsa
2107 2782 2251 2828 esset
2292 2774 2532 2830 etaudiri
2562 2790 2666 2830 non
2700 2786 2904 2848 posset,
2957 2779 3310 2849 praescribere
3342 2780 3532 2836 volue-

1935 2873 2076 2917 runt.
2107 2864 2275 2932 Quem
2296 2866 2579 2922 tumultum
2610 2850 2731 2923 ideo
2758 2869 3082 2938 putabantur
3100 2870 3337 2926 nondum
3363 2871 3526 2927 fecis-

1936 2967 2015 3019 se,
2045 2956 2169 3025 quia
2190 2957 2236 3011 si
2261 2956 2433 3022 ï¬eret,
2481 2958 2736 3015 videbant
2787 2974 2892 3015 non
2923 2976 3082 3031 posse
3134 2963 3383 3033 imputari
3428 2963 3539 3020 CaÂ«

1938 3046 2168 3115 tholieis,
2187 3050 2277 3120 qui
2306 3052 2613 3121 paucissimi
2642 3053 2907 3121 aderant;
2936 3054 3028 3110 sed
3051 3054 3150 3110 sibi
3173 3056 3368 3125 potius,
3395 3071 3505 3127 quo
3529 3088 3540 3099 Îº

1937 3154 2055 3196 rum
2083 3158 2320 3212 praesens
2372 3143 2544 3198 fuerat
2569 3145 2871 3201 multitudo.
2911 3145 3019 3201 Sed
3052 3146 3312 3201 voluntati
3342 3162 3533 3204 eorum

1938 3233 2249 3289 cedentibus
2292 3234 2595 3302 Catholicis,
2648 3244 2705 3291 ut
2731 3252 2919 3293 omnes
2956 3237 3048 3308 qui
3101 3238 3535 3309 subscripserant

1939 3324 2386 3396 ingrederentur;
2446 3329 2691 3399 apparuit
2732 3338 2919 3399 postea
2982 3328 3087 3385 hoc
3129 3330 3250 3385 ideo
3298 3331 3536 3386 voluisse

1939 3416 2260 3483 Donatistas,
2292 3418 2416 3489 quia
2458 3420 2835 3475 existimabant
2876 3435 2985 3476 non
3030 3421 3346 3477 convenisse
3399 3419 3535 3477 Car-

1939 3510 2208 3583 tbaginem
2242 3520 2319 3567 tot
2356 3512 2678 3582 Catholicos,
2733 3524 2866 3585 quot
2903 3514 3332 3585 subscriptiones
3356 3528 3539 3573 esten-

1939 3602 2222 3659 debantur.
2240 3604 2351 3659 Hoc
2373 3613 2550 3661 autem
2569 3616 2849 3677 propterea
2867 3606 3163 3663 credidisse
3187 3611 3356 3680 putati
3386 3617 3532 3676 sunt,

1940 3694 2061 3763 quia
2090 3694 2349 3750 Catholici
2395 3710 2501 3750 non
2527 3710 2591 3750 ea
2620 3711 2815 3766 pompa
2861 3713 2966 3767 qua
3015 3698 3092 3753 illi
3149 3697 3534 3769 Carthaginem

1942 3786 2151 3842 fuerant
2170 3788 2415 3858 ingressi,
2439 3798 2494 3844 et
2522 3787 2593 3843 ob
2639 3788 2741 3844 hoc
2761 3804 2854 3845 eos
2878 3804 3078 3861 paucos
3102 3791 3315 3846 venisse
3357 3791 3538 3861 suspi-

1940 3881 2215 3936 cabantur.

2012 3974 2239 4030 CAPUT
2277 3973 2392 4029 Î§Î .
2430 3973 2843 4031 â€”Duodeeimo
2882 3976 3003 4031 loco
3019 3975 3272 4048 ingressis
3310 3978 3529 4048 episco-

1943 4066 2025 4136 pis
2055 4065 2367 4135 Catholicis,
2410 4082 2636 4137 quorum
2686 4069 2971 4139 praesentia
3000 4069 3295 4139 petebatur,
3343 4084 3535 4126 omnes

1943 4158 2251 4229 singillatim
2297 4160 2523 4225 reeitati,
2572 4169 2630 4216 et
2670 4159 2724 4216 in
2784 4160 3020 4217 medium
3074 4161 3449 4232 procedentes,
3500 4178 3536 4219 a

1944 4247 2237 4304 Donatistis
2258 4250 2513 4321 recogniti
2539 4260 2684 4319 sunt,
2720 4236 2808 4306 vel
2854 4251 3044 4306 vicinis
3100 4251 3228 4318 suis,
3272 4253 3358 4308 vel
3410 4267 3537 4308 cum

1942 4340 2132 4409 quibus
2153 4340 2204 4395 in
2235 4356 2338 4396 uno
2359 4342 2477 4397 loco
2506 4352 2657 4397 erant
2684 4361 2697 4398 :
2738 4351 2795 4397 et
2817 4342 3140 4413 quicumque
3167 4344 3538 4401 recitabantur

1942 4432 2204 4491 Catholici
2233 4435 2468 4506 episcopi
2500 4452 2570 4492 ex
2602 4436 2686 4491 his
2716 4436 2865 4501 locis,
2890 4435 2980 4491 ubi
3001 4451 3107 4491 non
3129 4445 3245 4492 erat
3274 4452 3398 4507 pars
3424 4439 3543 4493 Do~

1943 4526 2075 4592 nati,
2107 4528 2235 4581 satis
2263 4534 2321 4582 et
2349 4527 2476 4598 ipsis
2514 4528 2806 4584 Donatistis
2844 4536 3029 4583 notum
3052 4538 3167 4584 erat
3215 4545 3275 4585 se
3326 4529 3397 4585 ibi
3425 4546 3536 4586 non

1943 4616 2143 4675 habere
2162 4619 2395 4690 collegas
2424 4620 2507 4675 vel
2539 4620 2970 4675 communionem
2994 4634 3167 4682 suam,
3194 4629 3248 4675 et
3272 4635 3393 4677 esse
3422 4620 3539 4676 illic

1942 4709 2264 4778 Catholicos,
2294 4712 2379 4767 vel
2403 4727 2537 4781 quos
2555 4720 2835 4779 noverant,
2849 4712 2934 4767 vel
2949 4712 3015 4767 de
3029 4712 3225 4783 quibus
3250 4714 3539 4770 audierant

1941 4802 1995 4857 in
2023 4820 2133 4859 sua:
2164 4804 2437 4860 vicinitate
2462 4803 2714 4874 regionis.
2757 4804 2834 4859 lta
2878 4804 3072 4861 factum
3100 4816 3185 4863 est
3228 4817 3285 4862 ut
3309 4810 3535 4869 omnino

1942 4897 2139 4953 nullius
2167 4896 2427 4951 Catholici
2483 4899 2800 4954 recitaretur
2850 4900 3193 4973 subscriptio,
3262 4902 3329 4957 de
3377 4903 3530 4973 cujus

1944 4990 2221 5061 pnescntia
2245 4989 2570 5046 dubitarent.
2598 4992 2738 5048 Sane
2769 5008 2891 5049 cum
2921 5004 3137 5051 ventum
3175 5003 3318 5050 esset
3337 4994 3404 5048 ad
3435 5010 3539 5049 no-

1942 5099 2063 5139 men
2098 5081 2386 5137 Victoriani
2409 5082 2676 5139 Mustitani
2704 5086 2950 5142 catholici
2964 5088 3219 5158 episcopi,
3242 5094 3296 5140 et
3334 5086 3388 5140 in
3415 5100 3540 5140 me-

1941 5179 2087 5234 dium
2131 5177 2427 5249 procedens
2474 5180 2839 5251 respondisset
2889 5196 2949 5236 se
3000 5180 3198 5236 habere
3230 5179 3540 5235 contrarios

1941 5271 2095 5340 duos,
2126 5270 2452 5327 Felicianum
2473 5274 2525 5327 in
2547 5273 2761 5329 civitate
2788 5273 3091 5339 Mustitana,
3120 5281 3174 5326 et
3195 5273 3455 5327 Donatum
3477 5272 3535 5327 in

1942 5365 2061 5420 loco
2079 5364 2333 5420 Turrensi
2354 5382 2368 5430 ;
2390 5375 2682 5436 exegerunt
2703 5365 2984 5431 Catholici,
3010 5374 3067 5419 ut
3104 5364 3238 5419 actis
3255 5372 3535 5419 constaret

1941 5457 2269 5514 Felicianum
2324 5456 2377 5513 in
2441 5460 2815 5513 communione
2863 5471 2983 5513 esse
3024 5457 3280 5513 Primiani
3314 5475 3327 5511 :
3357 5458 3536 5528 ipsum

1943 5550 2084 5606 enim
2117 5550 2255 5605 inter
2282 5551 2415 5605 alios
2460 5565 2581 5605 cum
2620 5549 2939 5605 Maximiano
2982 5550 3386 5617 damnaverant,
3429 5550 3531 5607 da-

1943 5652 2241 5700 mnatorem
2265 5643 2518 5699 Primiani
2535 5652 2589 5698 et
2609 5642 2973 5699 ordinatorem
3005 5643 3173 5714 ipsius
3203 5644 3533 5713 Maximiani,

1943 5753 2103 5808 quem
2140 5743 2325 5806 postea
2351 5736 2403 5789 in
2436 5736 2641 5805 integro
2688 5734 2892 5790 honore
2918 5746 3253 5806 receperant,
3310 5752 3409 5793 nec
3434 5738 3535 5793 de-

1944 5838 2250 5888 struxerant
2274 5826 2669 5899 Baptismumiu
2698 5828 2777 5883 eis
2797 5842 2931 5899 quos
2969 5828 3023 5883 in
3051 5828 3354 5885 Maximiani
3379 5829 3535 5885 schiâ€”

1945 5931 2117 5981 smate
2141 5921 2523 5993 baptizaverat.
2554 5918 2662 5978 Sed
2687 5920 2753 5977 ad
2780 5922 3251 5995 interrogationem
3293 5921 3539 5978 Catholi.

1946 6029 2134 6077 eorum
2158 6010 2488 6087 respondere
2539 6013 2846 6089 noluerunt,
2890 6014 3130 6073 dicentes
3174 6032 3284 6074 non
3333 6015 3536 6077 debui

2937 6114 3234 6198 (Viugt.)
