4010 6472
229 445 324 506 621
1098 436 1524 503 BREVICULUS
1556 442 2009 501 COLLATPONIS
2046 442 2186 503 CUM
2228 445 2650 507 DONATISTIS.

3398 453 3506 513 ϐυ

234 570 3511 613 Wm—W

1113 624 1669 767 Collatia
1745 626 2253 775 secanti
2328 629 2613 768 stet.

292 846 523 903 CAPUT
563 844 1098 903 PRIMUM.—Primo
1115 844 1253 909 loco,
1267 859 1389 898 cum
1416 845 1501 899 die
1518 845 1820 901 intermisso

219 942 286 997 ad
314 949 669 995 memoratum
701 942 895 1006 locum,
930 938 1065 993 sicut
1093 938 1360 1007 placuerat
1386 948 1440 993 et
1465 939 1811 1010 constitutum

221 1034 421 1098 iuerat,
452 1033 846 1098 conveniretur,
869 1031 1059 1085 obtulit
1076 1044 1384 1085 consessum
1412 1030 1603 1085 iterum
1623 1028 1815 1100 Cogni-

223 1134 330 1191 tor,
365 1124 663 1193 deprecans
689 1131 746 1178 ut
785 1122 956 1178 ﬁeret.
999 1123 1064 1176 Et
1090 1137 1212 1175 mox
1250 1120 1507 1175 Catholici
1554 1121 1814 1175 consede-

218 1225 348 1272 runt
380 1236 393 1270 :
425 1216 715 1271 Donatistae
745 1224 921 1270 autem
949 1225 1347 1270 recusaverunt.
1383 1214 1439 1268 in
1468 1230 1570 1284 qua
1599 1228 1816 1268 recusa-

222 1308 373 1363 tione
400 1309 539 1363 inter
567 1317 760 1363 caetera
787 1307 841 1362 id
870 1322 1079 1377 quoque
1096 1306 1361 1370 dixerunt,
1389 1304 1531 1375 quod
1559 1305 1813 1375 scriptum

220 1397 323 1455 sibi
395 1408 539 1453 esset
582 1412 704 1452 cum
744 1397 936 1453 talibus
978 1412 1084 1451 non
1131 1398 1319 1452 sedere
1372 1394 1811 1469 (Psal.xxv,4).

223 1490 307 1545 Ad
335 1489 441 1545 hoc
468 1488 745 1555 Catholici,
774 1504 843 1543 ne
873 1503 1035 1543 morae
1066 1488 1276 1554 fierem,
1302 1497 1431 1544 tunc
1450 1502 1555 1541 non
1587 1501 1813 1556 respon-

219 1582 436 1645 derunt,
460 1580 555 1636 sed
576 1580 956 1651 opportuniore
982 1579 1101 1635 loco
1124 1581 1177 1633 in
1199 1579 1339 1635 tertii
1371 1579 1475 1634 diei
1494 1576 1810 1635 Cellatione.

222 1674 379 1731 Tunc
421 1688 548 1746 ergo
568 1674 731 1729 etiam
761 1675 876 1743 ipse
912 1673 1170 1744 Cognitor
1189 1674 1378 1729 stando
1399 1688 1456 1729 se
1478 1674 1815 1746 cogniturum

219 1780 341 1822 esse
360 1765 657 1836 respondit.
1046 1796 1047 1799 η

287 1856 523 1913 CAPUT
559 1855 621 1910 li.
644 1884 716 1896 -—
746 1855 996 1912 Secundo
1035 1855 1155 1912 loco
1205 1856 1423 1911 recitata
1464 1864 1546 1912 est
1586 1857 1812 1925 notaria,

220 1963 381 2019 quam
420 1947 590 2018 pridie
616 1947 893 2014 dederant,
922 1955 1163 2019 petentes
1192 1957 1249 2002 ut
1273 1948 1372 2002 sibi
1390 1948 1697 2003 mandatum
1724 1948 1818 2003 Ca-

219 2043 543 2097 tholicorutn
575 2042 844 2108 ederetur,
866 2055 972 2111 quo
997 2042 1335 2097 considerato
1362 2053 1579 2112 possent
1596 2043 1649 2097 in
1670 2043 1812 2097 diem

220 2136 566 2190 constitutum
587 2134 826 2189 instructi
860 2133 1069 2202 adesse,
1100 2150 1168 2191 eo
1192 2136 1333 2205 quod
1352 2146 1662 2206 exceptores
1691 2151 1813 2191 cum

217 2228 615 2295 conscriptione
629 2236 903 2296 gestorum
916 2242 1197 2282 occurrere
1220 2226 1578 2297 nonivalercnt
1594 2244 1608 2280 :
1624 2236 1676 2281 et
1696 2242 1812 2282 res-

219 2320 410 2389 ponsio
449 2318 749 2388 Cognitoris
784 2318 835 2372 in
866 2317 1052 2374 eadem
1080 2319 1286 2373 notaria
1308 2318 1349 2382 ³,
1377 2332 1479 2388 qua
1508 2317 1667 2387 jussit
1700 2317 1814 2373 fieri

220 2410 363 2480 quod
398 2409 667 2480 petebant.

285 2498 519 2555 CAPUT
558 2500 1090 2567 Ill.—-Tertioloco,
1130 2515 1251 2555 cum
1294 2501 1573 2570 quaesisset
1614 2502 1811 2571 Cogni-

219 2600 323 2658 tor,
357 2591 485 2662 quid
512 2591 671 2647 etiam
698 2592 765 2647 de
798 2590 1281 2661 subseriptionibus
1308 2591 1718 2660 responderent,
1758 2593 1811 2647 id

221 2694 301 2741 est
344 2692 528 2739 utrum
553 2685 632 2739 eis
666 2684 901 2754 placeret
942 2683 1081 2753 quod
1128 2684 1305 2737 edicto
1338 2693 1705 2753 proposuerat,
1755 2694 1812 2739 ut

221 2778 684 2850 prosecutionibus
706 2777 817 2832 suis
841 2776 1069 2847 quisque
1097 2775 1485 2840 subscriberet;
1510 2786 1563 2831 et
1588 2792 1811 2845 respon-

220 2868 715 2938 dissentCatholici,
738 2870 849 2940 jam
873 2884 933 2925 se
973 2870 1024 2922 in
1052 2868 1155 2923 hoc
1180 2883 1498 2923 consensum
1539 2885 1693 2923 suum
1724 2870 1812 2923 iit-

221 2963 349 3019 teris
365 2964 697 3032 expressisse
718 2980 732 3017 :
757 2961 835 3017 illi
848 2977 908 3018 se
926 2962 1149 3017 multum
1166 2962 1367 3018 moveri
1387 2961 1655 3027 dixerunt,
1670 2961 1813 3031 quod

220 3057 323 3114 hoc
350 3056 687 3113 consuetudo
711 3070 819 3111 non
845 3055 1085 3112 haberet.
1120 3055 1330 3111 Etcum
1361 3055 1613 3125 Cognitor
1640 3055 1811 3109 inter-

220 3158 489 3221 rogasset,
520 3156 699 3205 utrum
727 3150 805 3203 eis
830 3146 1099 3203 suillceret
1119 3147 1259 3218 quod
1281 3148 1302 3181 ⁸
1328 3146 1435 3201 dati
1459 3146 1804 3213 iuerantges-

217 3249 403 3298 torum
435 3240 940 3297 conscribendon
967 3256 1038 3297 ex
1060 3248 1287 3310 utraque
1327 3248 1477 3310 parte
1517 3236 1810 3303 custodes;

227 3334 543 3391 dilationem
572 3342 758 3404 petere
784 3342 1083 3403 creperum,
1108 3342 1165 3388 ut
1184 3334 1284 3387 sibi
1324 3333 1623 3401 conscripta
1664 3339 1814 3401 gesta

216 3427 531 3492 ederentur,
548 3435 602 3481 et
627 3435 750 3481 tunc
773 3424 1192 3495 responderent:
1214 3424 1313 3479 ilic
1326 3432 1477 3478 ortus
1500 3430 1583 3476 est
1604 3421 1815 3475 diutur-

218 3532 331 3575 nus
377 3517 652 3574 conﬂictus
697 3532 818 3574 cum
844 3518 943 3581 eis,
972 3530 1094 3572 com
1128 3529 1421 3571 consensus
1458 3528 1666 3580 eorum,
1704 3527 1814 3583 quo

218 3608 501 3680 placuerat
525 3616 584 3663 ut
609 3609 699 3664 illo
722 3608 809 3663 die
832 3622 922 3664 res
942 3615 1207 3677 agantur,
1239 3620 1383 3675 saepe
1411 3604 1722 3659 recitaretur
1746 3617 1813 3657 ex

216 3700 442 3757 tabulis.
476 3700 687 3756 Etcum
734 3714 793 3755 se
829 3708 984 3754 notas
1007 3700 1251 3769 ignorare
1272 3697 1531 3760 dicerent,
1565 3701 1811 3764 petentes

217 3801 279 3849 ut
320 3792 474 3863 prius
518 3792 596 3848 eis
646 3793 936 3848 ederentur
974 3800 1124 3862 gesta
1167 3790 1509 3859 conscripta;
1559 3787 1814 3857 Cognitor

213 3886 400 3957 jussit,
430 3894 491 3941 ut
514 3886 654 3957 quod
677 3900 861 3941 eorum
890 3885 1083 3940 notarii
1110 3890 1429 3954 exceperant
1473 3880 1690 3951 perlatis
1721 3893 1813 3934 co-

285 3979 304 4013 ι
344 3984 505 4040 torte,
538 3978 604 4029 ad
618 3977 840 4040 eamdem
859 3976 1112 4040 notoriam.

286 4042 310 4073 ³
345 4037 507 4103 Forte,
530 4038 978 4105 manth
997 4037 1098 4103 qui.

1930 843 2135 899 dicibus
2161 845 2249 915 qui
2280 847 2470 917 signati
2502 851 2957 924 custodiebantur,
2983 856 3061 912 eis
3084 858 3421 929 recitaretur,
3446 877 3517 918 ne

1928 944 2112 990 contra
2155 951 2310 991 suum
2359 952 2679 998 consensum
2713 946 2977 1002 venirent.
3004 945 3271 1021 .Cumque
3316 959 3369 1006 et
3407 952 3512 1022 ipsi

1926 1042 2067 1097 saepe
2092 1029 2158 1084 de
2176 1040 2443 1099 gestorum
2458 1035 2692 1091 editione
2716 1048 3082 1105 causarentur,
3106 1042 3246 1113 quod
3271 1053 3514 1113 excepto-

1926 1134 2013 1175 rcs
2034 1135 2139 1174 non
2168 1125 2557 1181 occurrissent‘
2586 1138 2729 1198 gesta
2745 1133 3081 1188 conscribere
3100 1151 3115 1201 ;
3134 1135 3293 1190 etiam
3308 1136 3409 1191 hoc
3432 1139 3512 1191 eis

1926 1224 2239 1279 responsum
2267 1224 2367 1280 est,
2398 1217 2538 1286 quod
2567 1222 2772 1276 notaria
2794 1221 2889 1277 sua
2911 1224 3032 1279 ideo
3058 1239 3117 1281 se
3136 1227 3335 1295 petisse
3355 1227 3509 1281 dixe-

1926 1312 2044 1356 rant
2073 1304 2158 1358 edi
2188 1306 2288 1359 sibi
2309 1306 2707 1366 Catholicorum
2731 1313 3064 1383 mandatum,
3096 1323 3155 1370 ut
3173 1316 3240 1371 ad
3263 1330 3509 1387 praesen-

1928 1399 2034 1448 tem
2065 1395 2204 1449 diem
2236 1398 2476 1454 instructi
2499 1414 2864 1474 occurrerent,
2893 1408 3017 1477 quia
3061 1418 3378 1481 exceptores
3415 1424 3511 1466 oc-

1926 1499 2140 1542 currere
2165 1503 2284 1542 cum
2316 1502 2592 1561 gestorum
2610 1494 2842 1552 editione
2872 1513 2978 1554 non
3009 1507 3248 1570 possent.
3283 1500 3385 1557 Ubi
3404 1517 3512 1557 non

1927 1578 2258 1638 invenientes
2276 1584 2401 1654 quid
2446 1585 2701 1655 dicerent,
2724 1591 3009 1645 voluerunt
3041 1591 3234 1647 iterum
3268 1594 3515 1664 prescri-

1925 1671 2161 1741 ptionem
2188 1674 2291 1729 diei
2318 1677 2589 1746 refricare,
2617 1679 2682 1735 de
2698 1695 2797 1750 qua
2813 1680 2984 1737 fuerat
3009 1680 3089 1737 eis
3103 1683 3232 1738 satis
3248 1698 3514 1756 superque

1923 1778 2260 1835 responsum,
2304 1776 2358 1823 et
2387 1769 2510 1825 inde
2549 1772 2658 1840 jam
2694 1770 2865 1827 fuerat
2891 1774 3065 1843 primo
3095 1772 3181 1829 die
3208 1776 3510 1830 transitum.

1924 1856 2028 1911 Sed
2053 1866 2178 1911 tunc
2220 1858 2299 1913 eis
2340 1858 2603 1915 Catholici
2638 1861 2798 1916 etiam
2843 1861 2910 1917 ad
2949 1862 3054 1918 hoc
3096 1862 3511 1935 responderunt,

1924 1946 2065 2017 quod
2095 1962 2201 2002 non
2244 1949 2416 2004 solum
2437 1952 2490 2004 in
2518 1951 2691 2006 edicto
2713 1951 3016 2024 Cognitoris
3038 1954 3383 2010 calendarum
3419 1956 3512 2026 ju-

1926 2040 2133 2094 niarum
2162 2040 2277 2096 dies
2306 2042 2628 2097 constitutus
2653 2044 2945 2113 legeretur,
2977 2044 3075 2100 sed
3107 2036 3274 2100 etiam
3298 2047 3397 2116 ipsi
3421 2059 3517 2102 ee-

1925 2141 2045 2187 tavo
2065 2133 2313 2187 calendas
2326 2134 2504 2203 junias
2524 2148 2679 2188 suum
2693 2135 2999 2190 mandatum
3043 2138 3514 2208 conscripsissent,

1925 2239 2046 2279 cum
2066 2226 2175 2297 jam
2204 2226 2481 2281 transisset
2503 2226 2639 2294 dies,
2690 2242 2795 2299 quo
2837 2228 3086 2284 dicebant
3124 2230 3209 2301 agi
3260 2230 3549 2287 debuisse.

1924 2329 2160 2381 causam,
2187 2315 2239 2369 id
2256 2324 2358 2382 est,
2379 2325 2569 2385 quarto
2588 2318 2798 2373 decimo
2814 2318 3064 2375 calendas
3088 2319 3288 2391 iunias.
3306 2321 3519 2377 Dictum

1922 2416 2007 2463 est
2030 2408 2193 2461 etiam
2231 2409 2404 2478 ipsum
2457 2409 2783 2466 Primianum
2833 2411 2901 2466 ad
2952 2412 3203 2467 calendas
3235 2413 3415 2483 iunias
3456 2426 3520 2469 se

1920 2500 2220 2571 pollicitum
2268 2515 2573 2558 occurrere.
2616 2502 2748 2571 Quae
2791 2504 2970 2558 omnia
3001 2503 3179 2559 ideoa
3226 2504 3516 2560 Cathoiieis

1922 2591 2061 2647 dicta
2087 2602 2231 2658 sunt,
2254 2594 2395 2665 quod
2416 2594 2692 2650 audierant
2717 2610 2812 2651 eos
2838 2596 3076 2651 etiamin
3107 2597 3304 2667 populo
3328 2609 3428 2651 suo
3446 2595 3517 2652 de

1923 2687 2024 2742 bac
2053 2702 2113 2743 re
2138 2686 2402 2743 invidiose
2430 2688 2636 2743 locutos
2667 2706 2680 2742 :
2708 2697 2763 2745 et
2791 2698 2970 2744 tamen
2994 2690 3135 2744 inter
3180 2688 3296 2744 hmo
3334 2686 3513 2744 omnia

1922 2779 1994 2833 illi
2024 2781 2075 2833 in
2104 2778 2330 2849 petenda
2352 2779 2604 2835 dilatione
2635 2779 3105 2836 vehementissime
3131 2781 3505 2852 perstiterunt.

1921 2871 2073 2939 Quod
2098 2887 2217 2927 cum
2244 2873 2501 2928 vidissent
2528 2872 2785 2928 Catholici
2812 2872 2880 2927 ad
2910 2873 3013 2927 hoc
3039 2873 3116 2928 eis
3136 2872 3227 2927 diu
3272 2872 3456 2943 negari
3491 2872 3517 2905 '

1921 2973 1981 3019 ut
2007 2976 2154 3035 gesta
2174 2966 2349 3021 multis
2371 2966 2548 3022 verbis
2568 2975 2941 3032 onerarentur,
2964 2966 3234 3035 petierunt
3258 2962 3516 3035 Cognito-

1921 3073 2059 3124 rem,
2083 3067 2137 3112 ut
2163 3058 2239 3112 eis
2263 3074 2421 3128 quam
2448 3057 2699 3127 petebant
2721 3056 3031 3111 dilationem
3062 3056 3402 3112 concederet.
3448 3053 3518 3109 Et

1922 3162 2177 3203 concessa
2206 3157 2287 3202 est
2315 3163 2409 3202 sex
2433 3147 2636 3202 dierum
2666 3146 2867 3211 dilatio,
2916 3145 3364 3216 respondentibus
3411 3158 3517 3199 ex-

1922 3240 2247 3309 ceptoribns,
2273 3238 2482 3309 quando
2506 3238 2669 3293 editio
2691 3248 2963 3310 gestorum
2990 3246 3174 3307 posset
3202 3249 3513 3306 occurrere;

1921 3331 2106 3387 etillis
2146 3331 2593 3401 promittentibus,
2638 3346 2759 3387 cum
2804 3338 2951 3401 gesta
3001 3328 3143 3386 edita
3186 3328 3405 3398 fuerint,
3454 3343 3517 3385 se

1922 3425 2033 3479 suis
2053 3424 2513 3495 prosecutionibus
2540 3424 2954 3494 subscripturos.

1986 3599 2005 3631 ί
2038 3605 2197 3659 Forte,
2223 3598 2498 3663 potuissent.

1984 3664 2006 3695 ³
2038 3668 2113 3711 Er.
2140 3658 2194 3713 et
2215 3658 2345 3720 (om,
2360 3663 2428 3713 ad
2447 3660 2537 3710 hoc
2556 3673 2636 3712 cas
2658 3659 2746 3712 diu
2756 3658 2949 3720 augeri.
2963 3660 3208 3720 Antiquior
3222 3658 3372 3720 editio
3387 3665 3490 3720 ara.

1987 3693 2113 3711 κ
2141 3693 2194 3713 υ.
2215 3693 2428 3720 .....,....
2447 3693 2535 3710 ..ν
2556 3693 2636 3712 ..-
2658 3693 2746 3712 .....
2913 3693 2993 3711 ..-
3101 3693 3199 3715 ...ω
3222 3693 3490 3713 .............

1921 3723 1988 3794 ad
2010 3722 2098 3794 ιεοε
2121 3722 2191 3794 σεξ
2213 3724 2299 3772 diu
2335 3722 2502 3794 ηεξφανί
2537 3693 2926 3794 ᾐωρεξὲῖἶῗῖῗῖἷιὶ
2958 3693 3164 3794 εὲῗδίμι
3182 3718 3371 3794 esses;
3387 3693 3515 3794 ,ιὲἒιὲίί

1921 3784 2050 3835 aliud
2072 3784 2296 3833 conferre
2319 3779 2553 3831 vidissent
2569 3782 2812 3839 Catholici,
2837 3782 2928 3829 nisi
2946 3788 3001 3829 ut
3022 3786 3163 3842 gesta
3189 3779 3516 3829 redderentur

1923 3846 2200 3909 prolixiora.
2241 3854 2356 3909 nam
2391 3844 2485 3893 huc
2527 3844 2743 3909 pertinet
2774 3842 2903 3909 quod
2935 3841 3280 3909 patholioqrym
3317 3841 3515 3909 nomine

1924 3900 2215 3974 Augustinus
2238 3908 2285 3955 in
2310 3914 2445 3974 parte
2480 3900 2692 3974 secunda
2712 3900 3002 3974 (inﬂationis,
3026 3914 3145 3974 capi
3156 3900 3234 3961 56,
3262 3908 3439 3974 petens
3456 3910 3515 3974 ut

1923 3961 2178 4019 Donatistis
2190 3961 2481 4017 concedatur
2496 3963 2680 4024 dilatio,
2704 3976 2802 4014 me
2815 3961 3044 4013 nolentes
3052 3961 3277 4022 diferre,
3288 3978 3311 4008 ι
3334 3963 3511 4025 inquit,

1930 4048 1955 4080 ι
1976 4032 2236 4093 prolixiora
2255 4036 2398 4094 gesta
2418 4028 2664 4079 animum.
2680 4041 2704 4072 ι

220 4130 3515 4160 Mm

1208 4206 1766 4352 Qtollatio
1831 4205 2167 4347 tertii
2234 4206 2519 4346 aet.

295 4433 527 4493 CAPUT
563 4432 999 4491 PRIMUhL—i.
1041 4430 1220 4487 Tertio
1260 4429 1348 4484 die
1393 4426 1723 4491 Coliationis,
1764 4424 1815 4483 id

225 4537 330 4595 est,
353 4536 507 4583 sexto
529 4528 649 4583 idus
682 4526 881 4597 junias,
908 4524 1161 4595 ingressis
1184 4521 1444 4593 partibus,
1474 4519 1645 4589 primo
1673 4518 1808 4584 loco,

224 4629 406 4677 utrum
424 4621 567 4675 edita
591 4619 668 4675 eis
695 4627 845 4689 gesta
871 4618 1085 4684 iuerint,
1120 4615 1373 4687 Cognitor
1397 4612 1687 4683 inquisivit.
1717 4611 1817 4667 Rc-

223 4712 440 4782 spondit
460 4711 726 4776 Ofﬁcium,
754 4726 813 4765 se
836 4718 960 4765 ante
987 4710 1311 4779 diempquam
1340 4706 1658 4777 promiserat
1699 4704 1814 4760 edi-

224 4803 546 4874 disse,un
571 4819 636 4858 ex
656 4803 929 4871 utriusque
950 4803 1114 4870 partis
1132 4798 1462 4855 cautionibus
1478 4796 1811 4866 probaretur.

227 4895 300 4951 Et
324 4896 560 4950 recitatae
582 4903 708 4950 sunt
731 4892 1026 4957 cautiones,
1049 4890 1241 4961 quibus
1253 4888 1492 4944 constitit
1510 4886 1815 4943 Catholicos

225 4987 657 5057 accepissegesta
673 4993 861 5039 octavo
876 4982 993 5037 idus
1007 4982 1184 5051 junias
1206 4981 1335 5035 hora
1358 4978 1464 5035 diei
1483 4977 1687 5047 quinta,
1713 4974 1817 5031 Do-

225 5079 450 5133 natistas
473 5085 651 5131 autem
680 5074 869 5130 eodem
901 5073 1008 5143 die,
1040 5071 1220 5127 tertia.

295 5170 525 5226 CAPUT
554 5169 693 5223 il.—
711 5168 766 5222 2.
782 5167 1027 5224 Secundo
1050 5166 1169 5222 loco
1193 5179 1316 5221 cum
1343 5162 1598 5234 Cognitor
1618 5160 1813 5232 jussis-

223 5271 309 5320 set
353 5263 647 5333 principale
694 5261 963 5331 negotium
999 5260 1111 5328 jam
1148 5257 1404 5329 proponi;
1450 5254 1651 5311 dictum
1677 5262 1816 5311 esta

231 5356 541 5423 Catholicis,
564 5355 690 5410 olim
715 5369 774 5409 se
792 5366 951 5423 agere
968 5352 1104 5408 velle
1130 5350 1422 5421 principale
1441 5348 1734 5419 negotium,
1759 5354 1815 5403 et

227 5450 330 5504 hoc
355 5463 499 5516 esse,
532 5456 589 5504 ut
630 5448 855 5504 crimina
881 5462 998 5516 quae
1024 5446 1200 5501 solent
1227 5444 1513 5499 Donatista:
1538 5442 1716 5497 dicere
1760 5440 1815 5495 in

226 5540 529 5596 Ecciesiam
552 5547 663 5593 toto
686 5540 815 5595 orbe
847 5536 1115 5602 diﬂ‘usam,
1160 5534 1206 5590 si
1250 5542 1486 5604 possent,
1509 5531 1812 5600 probarent.

226 5632 569 5702 Responsum
596 5640 677 5687 est
699 5646 729 5684 a
762 5629 1070 5695 Donatistis,
1103 5638 1164 5684 ut
1194 5627 1338 5697 prius
1361 5631 1687 5696 quaireretur
1724 5620 1816 5693 qui

230 5734 416 5783 essent
434 5726 529 5796 qui
556 5732 792 5795 agerent,
823 5734 884 5780 ut
929 5737 1094 5777 morte
1142 5722 1331 5776 tierent
1374 5717 1441 5774 de
1483 5716 1815 5773 discussione

230 5834 605 5891 personarum.
633 5819 706 5873 De
731 5833 831 5889 qua
852 5832 910 5871 re
935 5831 1055 5871 cum
1076 5806 1168 5869 diu
1202 5811 1595 5881 conﬂigeretur,
1619 5806 1815 5862 Catho-

233 5912 351 5970 licis
379 5912 765 5981 recusantibus,
798 5918 928 5967 etut
954 5907 1173 5965 remotis
1204 5901 1586 5975 superfluarum
1636 5914 1811 5955 mora-

1925 4440 2042 4480 rum
2064 4426 2591 4496 tergiversationibus
2605 4426 2671 4482 ad
2688 4440 2905 4483 causam
2918 4423 3193 4482 veniretur
3216 4425 3515 4482 vehemen-

1925 4526 2005 4571 ter
2029 4519 2367 4588 insmntibus,
2382 4529 2567 4575 contra
2598 4518 2887 4575 Donatista:
2910 4516 3261 4575 obnixissime
3285 4526 3515 4574 conten-

1924 4607 2141 4678 debant,
2170 4620 2228 4665 ut
2269 4627 2511 4681 persona:
2553 4612 2966 4677 discuterentur,
3010 4620 3064 4666 et
3106 4610 3415 4683 ﬂagitabant
3454 4622 3515 4668 ut

1923 4702 2355 4770 exprimerentur
2379 4706 2466 4771 qui
2497 4703 2752 4774 petissent
2778 4702 2845 4756 ab
2871 4701 3197 4771 imperatore
3218 4702 3373 4757 istam
3393 4702 3511 4758 ﬁeri

1922 4791 2290 4847 Collationent.
2322 4792 2585 4846 Volabant
2617 4793 2759 4847 enim
2806 4800 2864 4847 ut
2898 4802 3172 4849 constaret
3203 4793 3510 4849 Catboiicos

1922 4897 2041 4938 esse
2057 4885 2331 4953 petitores,
2347 4891 2405 4937 ut
2425 4899 2488 4937 ex
2512 4883 2708 4938 forensi
2729 4884 2851 4954 jure
2872 4893 3089 4954 possent
3102 4884 3370 4939 discutere
3385 4898 3506 4954 per-

1922 4989 2079 5027 sonas
2097 4974 2415 5043 petitorum;
2435 4989 2555 5028 cum
2573 4973 2683 5044 jam
2722 4974 2775 5028 in
2804 4975 3016 5031 actione
3031 4976 3202 5045 prima
3222 4975 3506 5030 recitatum

1922 5063 2111 5120 ﬁxisset
2136 5064 2533 5119 Catholicorum
2570 5066 2901 5133 mandatum,
2930 5067 3019 5122 ubi
3056 5080 3118 5121 se
3152 5065 3511 5122 ostendebant

1924 5168 2029 5209 non
2060 5154 2315 5224 petitores
2340 5168 2479 5221 esse,
2511 5154 2607 5211 sed
2636 5156 2947 5217 defensores
2979 5156 3236 5212 adversus
3280 5155 3506 5210 crimina

1922 5261 2040 5316 qua:
2062 5245 2135 5301 illi
2160 5261 2344 5301 eorum
2366 5248 2726 5303 communioni
2747 5248 2980 5318 obiicere
3000 5247 3177 5303 solent
3207 5263 3222 5301 :
3254 5260 3376 5303 eam
3408 5249 3509 5318 ipsi

1924 5341 2069 5411 prius
2092 5342 2384 5411 exegerint,
2413 5350 2471 5396 ut
2497 5341 2754 5398 Ecclesia:
2775 5355 2934 5397 causa
2954 5354 3060 5397 non
3081 5338 3383 5397 fomeibus
3401 5340 3511 5396 ior-

1923 5434 2100 5501 mulis,
2155 5434 2249 5490 sed
2277 5436 2445 5506 magis
2491 5435 2787 5490 divinarum
2820 5433 3213 5504 Seripturarum
3260 5434 3508 5491 testimo-

1922 5527 2025 5583 niis
2052 5537 2328 5597 ageretur;
2360 5525 2691 5597 confessique
2716 5524 2928 5592 lnerint,
2952 5525 3092 5581 lecto
3111 5524 3504 5582 Catholicorum

1922 5619 2194 5685 mandato,
2221 5618 2511 5690 Scripturis
2540 5616 2747 5673 sanctis
2759 5632 2854 5673 eos
2884 5617 3138 5675 Ecclesiae
3165 5633 3380 5676 causam
3411 5620 3504 5676 lir-

1921 5727 2069 5768 mare
2096 5712 2345 5779 voluisse,
2372 5725 2536 5782 seque
2560 5725 2627 5767 ex
2651 5708 2837 5766 eadem
2866 5709 3058 5767 divinzn
3093 5710 3227 5783 legis
3268 5713 3504 5768 auctori-

1924 5812 2032 5861 tate
2079 5805 2312 5860 vicissim
2347 5812 2559 5858 acturos
2620 5816 2739 5859 esse
2777 5804 3139 5875 promiserint.
3174 5802 3327 5861 Tunc
3376 5818 3506 5875 ergo

1922 5898 2071 5970 quasi
2099 5896 2245 5953 obliti
2275 5895 2400 5965 quid
2449 5896 2740 5968 exegerint,
2774 5896 2971 5970 etquid
3017 5897 3179 5954 etiam
3206 5896 3306 5969 ipsi
3352 5893 3502 5968 polli-
