4010 6480
466 431 574 493 693
611 450 613 452 ·

467 554 562 611 citi
589 551 808 615 fuerint,
837 560 958 605 cum
984 545 1053 603 de
1071 543 1328 601 Ecclesiae
1351 541 1722 599 criminatione
1771 548 1826 595 et
1859 552 2058 608 purga-

466 657 615 702 tione
635 643 895 701 Catholici
917 639 1320 711 proposuissent
1342 638 1425 708 agi
1446 643 1715 705 oportere,
1745 631 2055 702 coeperunt‘

466 754 727 812 personas
749 751 990 807 quaerere
1007 733 1313 802 petitorum,
1334 739 1390 784 ut
1409 731 1499 784 cas
1529 736 1749 798 possent
1767 741 1832 782 ex
1858 725 2054 782 forensi

461 833 592 904 jure,
628 824 1140 896 discutere..Contra
1165 839 1293 894 ergo
1331 820 1589 876 Catholici
1635 817 1972 883 resistebant,
2004 824 2059 872 ct

467 931 691 993 prapter
718 916 1148 988 prmscindendas
1172 929 1370 980 moras,
1395 926 1528 983 quas
1553 926 1647 967 eos
1674 919 1730 965 et
1756 923 2058 980 praeparare

466 1012 770 1072 audierant,
807 1017 861 1063 et
890 1008 1160 1062 innectere
1181 1005 1290 1076 jam
1322 1003 1606 1066 videbant,
1656 1007 2058 1070 perseveranter

465 1105 755 1166 instabant,
789 1109 850 1156 ut
874 1101 1126 1156 Ecclesiae
1151 1113 1311 1154 causa
1336 1096 1513 1168 potius
1541 1101 1806 1165 ageretur.
1844 1091 1900 1146 In
1926 1105 2057 1145 con-

416 1209 418 1211 ’
466 1196 616 1252 ﬂictu
644 1202 962 1266 perventum
988 1201 1089 1256 est,
1118 1199 1177 1245 ut
1221 1187 1563 1260 Imperatoris
1600 1195 1923 1256 prteceptum
1952 1196 2058 1252 quo

465 1287 823 1344 Collationem
848 1284 1095 1354 iussisset
1125 1281 1239 1335 ﬁeri
1267 1279 1552 1348 legeretur,
1580 1285 1637 1331 ut
1660 1290 1726 1330 eo
1745 1273 1905 1329 modo
1925 1272 2061 1343 peti-

468 1389 648 1436 torum
679 1391 906 1449 persona
951 1381 1242 1429 constaret.
1277 1370 1564 1425 Videbatur
1590 1368 1731 1424 enim
1771 1375 1825 1421 et
1865 1365 2061 1434 Cogni-

469 1472 595 1538 tori,
625 1485 692 1536 ne
721 1467 846 1538 quid
881 1464 1168 1521 Donatistis
1206 1463 1366 1518 etiam
1413 1462 1480 1517 de
1521 1461 1638 1530 ipso
1670 1459 1792 1530 jure
1836 1457 2057 1524 forensi,

468 1563 632 1617 veluti
669 1561 810 1630 justa
855 1556 1198 1628 poscentibus
1236 1563 1541 1624 negaretur,
1591 1551 1737 1621 prius
1776 1549 2086 1618 petitorum.

469 1649 876 1708 constituendas
896 1662 1018 1704 esse
1043 1660 1318 1716 personas.
1338 1644 1615 1713 Praecepto
1640 1656 1768 1711 ergo
1800 1637 2060 1709 imperiali

469 1742 717 1804 recitato,
765 1739 1112 1794 Collationem
1153 1735 1352 1807 petisse
1397 1733 1702 1788 Catholicos
1737 1731 2062 1786 declaratum

470 1841 576 1904 est,
608 1846 835 1900 eamque
865 1842 984 1884 esse
1029 1841 1362 1883 concessam.
1395 1824 1546 1880 Tunc
1583 1823 1872 1878 Donatistae
1901 1820 2062 1876 etiam

471 1939 663 1996 preces
681 1923 876 1995 quibus
905 1922 972 1977 ab
1000 1922 1079 1976 eis
1106 1920 1195 1976 illa
1215 1919 1441 1975 Collatio
1475 1919 1637 1990 petita
1666 1925 1770 1983 est,
1797 1915 2065 1986 postulare

471 2025 770 2088 cmperunt.
798 2015 897 2069 Hic
929 2028 1049 2068 cum
1079 2013 1156 2066 eis
1184 2012 1298 2081 ipse
1320 2010 1575 2080 Cognitor
1613 2006 1982 2078 responderet,
2009 2006 2066 2060 in

471 2107 800 2180 pragmatico
830 2107 1095 2174 rescripto
1118 2116 1307 2173 preces
1333 2101 1496 2157 inseri
1536 2115 1643 2154 non
1673 2099 1848 2155 solere
1875 2115 1888 2152 :
1919 2097 1987 2152 ad
2013 2096 2066 2152 id

474 2215 538 2256 se
582 2204 966 2255 converterunt
1011 2206 1070 2250 ut
1121 2193 1429 2248 mandatum
1483 2191 1903 2254 Catholicorum,
1961 2205 2067 2255 quo

474 2289 861 2346 mandaverant
877 2287 984 2357 peti
998 2286 1068 2342 ab
1087 2286 1412 2356 lmperatore
1427 2283 1800 2350 Collationem,
1824 2282 2065 2338 eosdem-

477 2397 584 2453 que
609 2382 814 2452 legatos
837 2393 974 2450 quos
1003 2377 1069 2432 ad
1095 2376 1200 2432 hoc
1234 2374 1624 2446 impetrandum
1663 2375 1938 2441 miserant,
1967 2373 2067 2429 sibi

473 2473 698 2530 ederent
718 2481 880 2541 atque
906 2468 1222 2541 proderent;
1267 2475 1566 2523 asserentes
1591 2465 1860 2520 discutere
1886 2479 1946 2520 se
1968 2465 2068 2520 de-

475 2567 607 2622 bere
631 2579 751 2636 qure
775 2562 1026 2618 mandata
1045 2567 1187 2624 sunt,
1209 2568 1370 2629 atque
1390 2558 1461 2612 ibi
1482 2557 1720 2612 invenire
1739 2571 1896 2627 posse
1919 2571 2070 2610 man-

474 2656 599 2713 data
619 2654 1016 2712 Catholicorum
1038 2667 1157 2723 quae
1184 2649 1253 2705 de
1272 2649 1377 2705 illis
1406 2648 1717 2720 Imperatori
1744 2648 1905 2702 locuti
1919 2655 2067 2702 sunt.

474 2745 593 2803 Hoc
637 2761 758 2802 cum
804 2743 1164 2814 intelligerent
1207 2739 1467 2795 Catholici
1512 2739 1579 2794 ad
1619 2739 1721 2794 hoc
1757 2738 1981 2809 inquiri,
2012 2745 2073 2792 ut

475 2838 843 2894 invenirentur
868 2836 1178 2892 occasiones
1201 2833 1397 2903 quibus
1413 2832 1604 2902 prolixi
1629 2833 1885 2902 temporis
1907 2844 2071 2885 mora:

476 2943 543 2984 ac
562 2927 844 2983 dilationes
881 2926 1277 2997 ingererentur,
1323 2923 1639 2979 asserebant
1682 2924 1904 2978 omnino
1928 2919 2072 2992 quod

475 3026 725 3092 peterent
771 3016 839 3070 ad
877 3031 1095 3072 causam
1142 3030 1252 3069 non
1293 3015 1590 3084 pertinere;
1639 3011 2072 3084 quandoquidem

479 3108 829 3166 Collationem
855 3108 924 3164 ab
937 3107 1018 3162 eis
1035 3106 1140 3176 pet?
1147 3115 1254 3160 tam
1282 3105 1397 3175 ipse
1422 3105 1718 3174 Imperator
1737 3103 2073 3173 apertissime

481 3201 810 3268 ostenderet,
832 3199 921 3255 cui
944 3197 1285 3268 Cognitorem
1306 3195 1546 3261 dederat,
1567 3205 1624 3250 ut
1639 3195 2071 3265 superstitionem

478 3293 758 3350 manifesta
784 3293 921 3346 ratio
937 3287 1256 3345 confutaret.
1276 3287 1341 3343 Et
1363 3286 1708 3344 vehementer
1727 3286 2072 3357 urgebantur,

479 3393 543 3441 ut
577 3383 799 3440 remotis
849 3380 1098 3437 omnibus
1135 3395 1407 3436 morarum
1449 3378 1975 3448 interpositionibus,
2021 3385 2077 3434 et

482 3476 709 3531 aliarum
755 3471 1263 3543 interponendarum
1307 3470 1760 3541 inquisitionibus,
1798 3469 1851 3523 id
1899 3469 2075 3538 potius

466 3575 732 3638 ageretur
757 3563 898 3635 quod
925 3577 988 3618 ea
1014 3561 1312 3617 Collatioue
1345 3561 1428 3631 agi
1467 3560 1536 3616 ab
1576 3559 1904 3629 lmperatore
1933 3574 2074 3629 prae-

481 3667 694 3729 ceptum
720 3663 820 3722 est,
852 3668 1011 3725 quam
1037 3662 1091 3707 ct
1111 3653 1328 3722 petitam
1349 3651 1418 3707 ab
1439 3651 1532 3707 illo
1551 3658 1608 3706 et
1624 3664 1935 3706 concessam
1956 3663 2076 3705 esse

483 3747 782 3805 constabat.

555 3838 782 3896 CAPUT
823 3836 911 3892 Ill.
938 3866 1011 3878 -—
1056 3837 1109 3893 5.
1152 3834 1294 3890 Inter
1343 3835 1460 3890 haec
1496 3834 1656 3889 etiam
1699 3833 1767 3890 de
1809 3833 2076 3890 catholico

487 3934 728 4000 nomine,
779 3929 918 4002 apud
963 3943 1100 4000 quos
1142 3929 1317 4000 potius
1346 3936 1509 3993 esset,
1541 3942 1709 3996 pauca
1740 3927 1807 3982 ab
1853 3935 2077 3998 utraque

486 4038 639 4101 parte
681 4027 909 4082 invicem
938 4025 1079 4080 dicta
1117 4030 1173 4079 et
1217 4022 1426 4092 objecta
1474 4029 1618 4088 sunt,
1668 4029 1724 4076 et
1750 4020 1953 4092 iussum
1993 4028 2079 4076 est

485 4120 766 4193 principali
793 4132 970 4174 causae
1011 4115 1189 4186 potius
1230 4113 1514 4168 reservari.
1562 4113 1629 4166 Et
1655 4121 1776 4182 post
1806 4113 2075 4182 aliquanta
2120 4167 2122 4170 ,

490 4213 805 4280 identidem,
837 4225 959 4266 cum
989 4206 1237 4263 catholici
1264 4205 1496 4261 nominis
1522 4203 1660 4259 facta
1699 4205 1970 4259 mentione
1995 4203 2078 4258 di-

487 4315 675 4363 cerent
715 4302 1002 4358 Donatistae
1047 4299 1187 4370 apud
1229 4313 1288 4354 se
1326 4298 1502 4368 potius
1548 4311 1670 4352 esse
1711 4295 2072 4356 Catholicam;

487 4397 840 4455 interlocutus
874 4403 958 4449 est
982 4391 1258 4462 Cognitor,
1290 4404 1349 4444 se
1376 4390 1587 4444 interim
1619 4391 1734 4444 sine
1759 4390 2072 4461 cujusquam

490 4488 807 4565 praejudicio
854 4501 960 4541 non
1017 4498 1178 4555 posse
1235 4481 1392 4536 aliter
1434 4481 1702 4550 appellare
1750 4479 2070 4550 Catholicos,

489 4597 650 4654 quam
678 4595 774 4636 eos
795 4575 1079 4648 appellavit
1104 4573 1422 4644 Imperator,
1448 4587 1478 4625 a
1508 4587 1614 4642 quo
1645 4571 1900 4641 Cognitor
1920 4571 2078 4628 datus

489 4682 575 4731 est
603 4691 617 4726 :
646 4672 766 4727 illos
792 4676 977 4738 autem
1005 4675 1204 4737 quanto
1234 4663 1401 4733 magis
1431 4676 1489 4718 se
1527 4676 1648 4716 esse
1672 4661 1963 4718 catholicos
1995 4662 2078 4718 di-

487 4773 698 4831 cerent,
732 4758 1082 4828 tantogmagis
1105 4757 1216 4827 jam
1258 4769 1472 4810 causam
1502 4753 1672 4824 ipsam
1713 4754 1932 4809 remotis
1956 4769 2076 4809 mo-

487 4873 670 4918 rarum
717 4851 1208 4924 interpositionibus
1248 4863 1408 4920 agere
1454 4848 1670 4915 debere,
1712 4849 1768 4904 in
1813 4864 1914 4919 qua
1953 4864 2076 4920 pro-

486 4954 620 5010 bare
643 4957 864 5022 possent
893 4961 952 5001 se
975 4944 1151 5016 potius
1169 4957 1290 4998 esse
1313 4941 1629 4998 catholicos.
1667 4941 1762 4996 llic
1787 4941 2077 4997 Donatista:

487 5054 611 5119 post
649 5051 823 5098 tantas
859 5051 1038 5093 moras
1085 5044 1142 5092 et
1188 5043 1266 5089 tot
1310 5033 1748 5090 interlocutiones
1773 5032 2076 5104 Cognitoris

488 5145 674 5195 contra
713 5149 808 5191 eos
853 5130 1108 5202 prolatas,
1147 5128 1406 5200 exigentis
1443 5136 1501 5182 ut
1540 5142 1697 5183 causa
1734 5127 1910 5197 potius
1947 5142 2074 5198 age-

490 5239 660 5295 retur,
697 5235 873 5296 atque.
905 5222 1148 5278 testantis
1199 5219 1268 5275 de
1325 5220 1618 5290 legatorum
1669 5219 1934 5290 personis,
1989 5218 2075 5273 vel

490 5321 744 5378 mandato
784 5315 926 5389 quod
970 5315 1051 5371 eis
1095 5313 1391 5384 injunctum
1439 5321 1540 5377 est,
1597 5326 1698 5365 nec
1746 5312 1813 5366 ad
1859 5327 2074 5368 causam

491 5415 695 5488 aliquid
739 5411 1028 5484 pertinere,
1056 5422 1160 5462 nec
1188 5406 1288 5462 sibi
1317 5405 1515 5475 aliquid
1542 5413 1597 5458 ut
1627 5404 1751 5459 hinc
1780 5406 2078 5476 requireret

491 5512 658 5568 fuisse
689 5515 1048 5580 praeceptum;
1077 5501 1333 5556 dixerunt
1352 5507 1410 5553 ut
1438 5499 1481 5552 si
1511 5498 1564 5551 in
1592 5498 1798 5568 legatis,
1822 5499 1904 5554 vel
1925 5514 2076 5554 mau-

493 5605 619 5661 dato
661 5599 802 5671 quod
847 5597 927 5652 eis
972 5594 1156 5649 datum
1199 5600 1282 5647 est
1323 5589 1735 5655 manifestando,
1781 5591 2076 5647 noluissent

496 5691 761 5753 Catholici
792 5690 1164 5757 obtemperare
1193 5683 1467 5754 iudicatis,
1505 5683 1694 5740 saltem
1724 5683 1826 5740 hoc
1850 5700 2076 5755 respon-

492 5789 702 5848 derent,
732 5791 909 5839 utrum
943 5782 1063 5836 loco
1092 5779 1378 5849 petitorum
1421 5777 1780 5836 consisterent
1805 5797 1820 5835 :
1847 5779 2075 5839 multum

557 5878 571 5910 ¹
608 5884 710 5927 Am.
737 5881 791 5925 et
809 5879 884 5922 Fr.
904 5875 1166 5936 creperum.

1715 425 1774 482 S.
1813 413 2179 481 AUGUSTINI
2219 415 2521 477 EPISCOPI

3639 421 3750 478 ϐἏό

2165 534 2480 588 mirantibus
2508 530 2813 597 Catholicis,
2842 546 2937 588 cur
2961 543 3054 586 eos
3080 528 3370 588 Donatistae
3389 530 3662 600 dixerunt,
3686 534 3745 589 in

2165 625 2372 681 edendo
2425 626 2714 696 legatorum
2765 625 3016 680 mandato
3064 641 3169 681 non
3225 641 3413 696 parere
3451 625 3748 697 iudicatis;

2165 732 2286 773 cum
2309 718 2484 788 potius
2502 729 2688 773 contra
2715 719 2858 788 ipsos
2887 727 2992 772 tam
3031 719 3214 773 multis
3251 718 3753 776 interlocutionibus

2166 809 2420 880 Cognitor
2469 810 2920 880 pronuntiaverat.
2977 809 3444 880 Interrogaverunt
3487 826 3616 882 ergo
3645 811 3754 866 Ca-

2168 901 2369 968 tholici,
2400 901 2592 971 quibus
2626 900 2876 972 iudicatis
2907 916 3010 956 non
3041 903 3334 972 paruerint.
3371 903 3437 957 Et
3463 903 3759 958 Donatistis

2167 995 2234 1051 ad
2261 995 2363 1051 hoc
2386 1010 2495 1050 non
2537 996 3002 1066 respondentibus,
3053 981 3404 1052 interlocutus
3443 1006 3528 1052 est
3552 995 3758 1067 Cogni-

2165 1097 2270 1154 tor,
2303 1089 2369 1144 ad
2416 1089 2544 1143 illud
2595 1089 2736 1160 quod
2764 1089 2976 1145 deloco
3014 1089 3258 1160 petitoris
3288 1091 3578 1145 Donatista:
3607 1106 3762 1160 qua:—

2166 1183 2385 1248 sierant,
2416 1180 2676 1238 Catholici
2706 1183 3109 1253 responderent.
3151 1183 3218 1238 Et
3259 1182 3665 1253 responderunt
3701 1200 3762 1237 se

2167 1273 2270 1329 hoc
2312 1289 2633 1346 proponere,
2685 1283 2744 1330 ut
2787 1275 3013 1330 crimina
3063 1291 3182 1347 qua:
3232 1276 3406 1331 solent
3460 1276 3758 1349 Donatista:

2167 1366 2532 1422 communioni
2574 1381 2761 1422 eorum
2803 1367 3037 1438 objicere
3069 1367 3154 1423 vel
3191 1369 3507 1438 probentur,
3550 1367 3637 1423 vel
3669 1367 3760 1421 di-

2168 1456 2414 1525 luantur;
2455 1466 2515 1513 ut
2558 1459 2728 1530 possit
2767 1460 3166 1517 Donatistarum
3211 1462 3485 1532 separatio
3526 1462 3612 1517 vel
3661 1461 3762 1516 dc-

2169 1548 2312 1605 fendi
2340 1549 2427 1605 vel
2451 1551 2666 1622 corrigi.
2691 1550 2839 1606 Tunc
2863 1549 3118 1622 Cognitor
3141 1567 3262 1608 cum
3295 1554 3706 1622 responsionem
3732 1567 3765 1607 a

2171 1640 2458 1696 Donatistis
2503 1643 2757 1713 exigeret,
2799 1643 3214 1714 responderunt,
3246 1645 3406 1699 Afros
3432 1645 3522 1715 qui
3567 1659 3630 1700 se
3673 1659 3770 1700 ca-

2171 1733 2397 1790 tholicos
2438 1734 2698 1802 dicerent,
2745 1735 2974 1791 alienam
3020 1751 3235 1792 causam
3261 1739 3398 1794 velle
3440 1737 3762 1805 defendere,

2171 1826 2275 1882 hoc
2320 1836 2422 1894 est,
2465 1828 2626 1883 totius
2669 1827 2815 1884 orbis
2861 1826 3199 1895 Ecclesiam;
3245 1829 3317 1884 de
3345 1844 3450 1900 qua
3482 1829 3588 1884 sibi
3630 1829 3770 1885 nihil

2171 1917 2369 1974 debere
2408 1918 2764 1988 praejudicari,
2817 1934 2938 1974 cum
2984 1921 3124 1975 inter
3165 1919 3323 1975 Afros
3361 1919 3463 1976 hoc
3487 1922 3770 1992 negotium

2172 2012 2495 2077 ventiletur;
2539 2020 2595 2066 et
2621 2013 2919 2082 exspectari
2965 2013 3141 2082 potius
3169 2013 3463 2068 Ecclesiam
3494 2022 3775 2069 transma-

2172 2105 2365 2169 rinam,
2395 2112 2454 2158 ttt
2473 2105 2562 2175 qui
2586 2106 2833 2175 vicerint,
2865 2106 2968 2180 ipsi
2995 2105 3064 2161 ad
3092 2121 3210 2162 eam
3240 2107 3508 2177 pertinere
3546 2108 3776 2164 videan-

2172 2204 2280 2262 tur,
2311 2204 2366 2251 et
2407 2197 2506 2266 ipsi
2548 2197 2781 2254 habeant
2805 2198 3131 2254 catholicum
3162 2199 3518 2256 nomenzsed
3561 2201 3617 2256 in
3665 2201 3776 2258 ﬁne

2175 2289 2564 2358 presecutionis
2613 2304 2724 2344 suae
2775 2305 2961 2345 rursus
3009 2290 3078 2345 de
3127 2305 3358 2361 persona
3409 2291 3660 2361 petitoris
3719 2300 3778 2348 ut

2175 2382 2274 2436 sibi
2322 2381 2760 2450 responderetur,
2799 2383 3222 2453 postulaverunt.
3265 2383 3364 2439 IIic
3390 2382 3663 2440 Catholici
3711 2383 3778 2439 ad

2175 2483 2461 2546 utrumque
2502 2476 2739 2532 breviter
2783 2476 3214 2547 responderunt;
3245 2484 3300 2533 et
3327 2477 3450 2548 quia
3480 2477 3550 2532 de
3576 2491 3778 2548 perso-

2174 2571 2260 2626 nis
2280 2569 2390 2641 jam
2416 2571 2591 2642 primo
2629 2580 2684 2626 et
2725 2569 2964 2626 secundo
2984 2570 3186 2641 judicio
3215 2571 3439 2641 quaastio
3467 2570 3636 2626 fuerit
3667 2579 3780 2628 ter-

2176 2669 2411 2736 minata;
2439 2679 2495 2726 et
2517 2671 2641 2741 quia
2675 2669 2932 2726 Ecclesia:
2963 2677 3076 2725 toto
3106 2669 3238 2725 orbe
3263 2667 3471 2725 diffusae
3495 2669 3584 2724 cui
3613 2669 3780 2725 testi-

2177 2764 2416 2818 monium
2457 2763 2704 2834 perhibet
2745 2763 3021 2835 Scriptura
3055 2763 3259 2831 divina,
3300 2762 3422 2832 ipsi,
3456 2777 3568 2817 non
3600 2762 3780 2819 Dona-

2179 2854 2336 2921 tistae,
2364 2854 2780 2922 communicant,
2813 2853 2956 2910 unde
2984 2853 3234 2910 catholici
3260 2853 3456 2909 merito
3485 2863 3544 2908 et
3571 2861 3709 2908 sunt
3726 2860 3782 2908 et

2179 2955 2462 3001 vocantur.
2495 2946 2787 3002 Donatistae
2811 2955 2989 3002 autem
3013 2945 3426 3016 responderunt,
3455 2959 3565 3001 non
3588 2944 3780 3001 catho-

2181 3037 2343 3093 licum
2384 3054 2582 3095 nomen
2621 3055 2690 3096 ex
2730 3040 3077 3096 universitate
3113 3040 3374 3110 gentium,
3420 3039 3518 3095 scd
3556 3054 3624 3095 ex
3660 3039 3779 3109 ple-

2182 3131 2424 3186 nitudinc
2469 3131 2937 3188 Sacramentorum
2981 3131 3284 3187 institutum
3309 3150 3327 3185 :
3354 3139 3410 3186 et
3462 3131 3780 3202 petiverunt

2181 3232 2242 3279 ut
2271 3223 2558 3294 probarent
2583 3225 2843 3281 Catholici
2869 3224 2973 3280 sibi
3002 3224 3400 3280 communicare
3419 3233 3614 3280 omnes
3644 3239 3780 3294 gen-

2182 3327 2264 3374 tes
2289 3318 2386 3390 (a).
2408 3319 2558 3385 Quod
2585 3319 2847 3375 Catholici
2885 3334 3007 3374 cum
3034 3319 3337 3388 gratissime
3355 3319 3696 3390 acciperent,
3723 3325 3778 3374 et

2181 3417 2426 3481 peterent
2449 3419 2508 3464 ut
2545 3410 2648 3466 hoc
2686 3410 2917 3480 probare
2947 3410 3416 3480 permitterentur;
3462 3423 3662 3464 rursus
3707 3407 3780 3466 illi

2181 3501 2250 3557 de
2303 3501 2553 3558 mandato
2601 3502 2715 3568 illo,
2767 3501 2910 3572 quod
2953 3501 3139 3572 legatis
3188 3500 3504 3572 injunctum,
3535 3498 3625 3556 edi
3682 3499 3783 3554 sibi

2180 3594 2502 3664 petiverant,
2560 3594 2908 3668 quaestionem
2966 3591 3219 3648 refricare
3267 3599 3551 3662 ceperunt
3572 3633 3589 3659 ,
3638 3599 3698 3648 et
3747 3604 3779 3646 ι

2181 3699 2343 3740 causa
2372 3685 2649 3750 Ecclesiae,
2674 3700 2793 3757 quae
2810 3684 2919 3756 jam
2941 3684 2993 3739 in
3026 3684 3261 3740 medium
3291 3682 3626 3741 discutienda
3657 3699 3782 3755 per-

2177 3785 2435 3843 venerat,
2479 3777 2670 3832 iterum
2714 3775 2922 3832 resilire
2947 3819 2963 3845 ,
3014 3775 3176 3832 modo
3242 3775 3554 3832 mandatum
3603 3789 3774 3845 supra

2182 3867 2381 3924 dictum
2422 3868 2672 3939 petendo,
2717 3868 2881 3924 modo
2909 3868 2976 3924 de
3018 3869 3258 3939 petitoris
3285 3881 3519 3939 persona
3558 3875 3623 3921 ut
3655 3881 3783 3924 con-

2183 3971 2349 4016 staret
2376 3961 2644 4026 instando,
2659 3961 2819 4015 modo
2842 3961 2978 4016 utde
3017 3959 3102 4015 his
3130 3960 3259 4030 ipsis
3285 3975 3402 4030 qua:
3415 3959 3781 4029 petierantju.

2183 4053 2386 4109 dicaret
2399 4053 2670 4123 Cognitor,
2690 4053 2954 4124 exigendo
2973 4069 2988 4119 ;
3008 4052 3076 4109 de
3092 4053 3282 4123 quibus
3292 4052 3404 4122 jam
3423 4052 3584 4107 toties
3600 4050 3782 4106 fuerat

2184 4147 2548 4214 interlocutus,
2566 4157 2618 4203 et
2639 4162 2732 4203 eos
2759 4147 2848 4203 illa
2870 4149 3064 4202 frustra
3094 4154 3276 4217 petere
3301 4145 3773 4217 pronuntiaverat.

2255 4241 2478 4298 CAPUT
2518 4241 2607 4298 IV.
2632 4269 2700 4282 ——
2725 4242 2779 4296 4.
2819 4241 2924 4297 Sed
2966 4239 3242 4311 Cognitor,
3290 4253 3593 4309 quanquam
3623 4237 3777 4293 vide-

2183 4344 2370 4391 rentur
2397 4351 2503 4389 non
2535 4344 2681 4390 recte
2713 4341 2894 4404 petere
2920 4332 3004 4388 edi
3035 4332 3135 4387 sibi
3179 4331 3489 4386 mandatum
3513 4329 3665 4398 quod
3704 4330 3778 4383 Ie-

2183 4430 2319 4500 gatis
2340 4429 2634 4498 injunctum
2655 4436 2770 4492 cst;
2801 4426 2944 4496 quia,
2978 4424 3031 4478 id
3057 4423 3199 4494 quod
3225 4422 3522 4478 sufficiebat
3548 4422 3618 4477 ad
3645 4437 3774 4476 cau-

2183 4535 2319 4587 sam,
2367 4519 2712 4573 Collationem
2755 4517 2973 4587 petitam
3001 4512 3775 4583 concessamque,constabat;

2183 4627 2290 4667 non
2334 4612 2380 4666 ei
2411 4620 2587 4666 tamen
2612 4608 2909 4676 videbatur,
2940 4609 3137 4678 injuste
3172 4607 3291 4662 illos
3321 4615 3503 4676 petere
3545 4614 3607 4660 ut
3634 4605 3774 4675 peti-

2183 4705 2316 4761 toris
2358 4717 2586 4774 persona
2629 4710 2919 4757 constaret.
2963 4699 3223 4756 Catholici
3271 4706 3448 4753 autem
3498 4697 3771 4761 videntes,

2183 4795 2324 4867 quod
2347 4795 2456 4868 jam
2488 4794 2588 4849 sibi
2619 4793 2792 4850 fuerat
2818 4801 2974 4848 antea
3015 4793 3312 4848 nuntiatum
3340 4789 3544 4863 (ethoc
3582 4804 3770 4846 eorum

2183 4887 2477 4944 intentione
2506 4887 2635 4941 satis
2663 4883 3068 4957 intelligebant),
3115 4899 3226 4939 non
3267 4883 3337 4938 ob
3366 4883 3507 4938 aliud
3548 4882 3772 4937 Donati-~

2183 4989 2295 5036 stas
2338 4993 2592 5050 personas
2619 4992 2861 5048 quaerere
2901 4977 3208 5048 petitorum,
3251 4976 3353 5032 nisi
3397 4985 3453 5030 ut
3480 4976 3668 5031 liceret
3695 4975 3772 5030 eis

2184 5086 2532 5142 personarum
2560 5069 2892 5124 discussione
2916 5068 3254 5140 longissimas
3280 5075 3582 5138 temporum
3611 5079 3666 5123 et
3691 5067 3772 5122 di-

2184 5163 2442 5218 lationum
2469 5176 2646 5217 moras
2673 5161 2940 5228 inserere;
2971 5161 3218 5230 quoniam
3245 5159 3595 5215 vehementer
3622 5159 3771 5213 nole-

2182 5255 2312 5311 bant
2335 5265 2393 5311 ut
2423 5255 2792 5326 perveniretur
2816 5253 2885 5308 ad
2905 5250 3143 5320 causam,
3188 5254 3242 5308 in
3269 5246 3380 5322 qua
3411 5267 3470 5307 se
3508 5250 3637 5306 nihil
3670 5251 3767 5304 ha-

2185 5348 2314 5404 bere
2358 5347 2499 5418 quod
2528 5347 2789 5412 dicerent,
2839 5345 2979 5401 sicut
3020 5361 3106 5400 res
3147 5345 3260 5415 ipsa
3299 5345 3380 5399 vel
3424 5358 3547 5399 sero
3582 5353 3768 5414 postea

2185 5440 2452 5512 patefecit,
2502 5440 2814 5511 plenissime
2858 5438 3099 5494 sciebant
3141 5457 3155 5494 :
3197 5438 3299 5494 hoc
3347 5453 3475 5508 ergo
3526 5435 3768 5490 videntes

2183 5533 2462 5598 Catholici,
2505 5533 2791 5588 noluerunt
2819 5545 3100 5602 personam
3146 5530 3420 5600 suscipere
3456 5529 3765 5598 petitorum,

2185 5635 2486 5682 asserentes
2525 5640 2634 5680 non
2676 5641 2735 5680 se
2761 5624 2997 5694 objicere
3023 5622 3264 5688 crimina,
3294 5620 3389 5676 sed
3432 5619 3636 5689 objecta
3669 5618 3767 5672 de-

2183 5721 2430 5788 fendere;
2455 5737 2573 5792 qua:
2595 5736 2717 5776 cum
2743 5717 3130 5783 defendissent,
3159 5725 3213 5772 et
3239 5713 3369 5770 falsa
3395 5727 3517 5770 esse
3543 5711 3770 5770 demon—

2247 5876 2321 5941 (a)
2353 5873 2521 5924 Confer
2546 5873 2794 5937 Augustini
2819 5872 2962 5935 epist.
2978 5869 3058 5932 95,
3077 5881 3128 5919 n.
3151 5866 3230 5919 π
