  <div class='ocr_page' id='page_1' title='image "/cluster/home/n/w/nwhite01/storage/ocr_20150623/43/hvd.32044012717385/318.png"; bbox 0 0 4010 6480; ppageno 0'>
   <div class='ocr_carea' id='block_1_1' title="bbox 232 457 335 515">
    <p class='ocr_par' dir='ltr' id='par_1_1' title="bbox 232 457 335 515">
     <span class='ocr_line' id='line_1_1' title="bbox 232 457 335 515; baseline -0.039 1"><span class='ocrx_word' id='word_1_1' title='bbox 232 457 335 515; x_wconf 69' lang='grc'><strong>625</strong></span> 
     </span>
    </p>
   </div>
   <div class='ocr_carea' id='block_1_2' title="bbox 230 547 1815 631">
    <p class='ocr_par' dir='ltr' id='par_1_2' title="bbox 230 547 1815 631">
     <span class='ocr_line' id='line_1_2' title="bbox 230 547 1815 631; baseline -0.015 -8"><span class='ocrx_word' id='word_1_2' title='bbox 230 575 515 631; x_wconf 86' lang='lat' dir='ltr'><strong>strassent,</strong></span> <span class='ocrx_word' id='word_1_3' title='bbox 569 566 957 629; x_wconf 90' lang='lat' dir='ltr'><strong>consequenter</strong></span> <span class='ocrx_word' id='word_1_4' title='bbox 1009 566 1102 610; x_wconf 90' lang='lat' dir='ltr'><strong>eos</strong></span> <span class='ocrx_word' id='word_1_5' title='bbox 1147 566 1404 622; x_wconf 84' lang='lat' dir='ltr'><strong>apparere</strong></span> <span class='ocrx_word' id='word_1_6' title='bbox 1454 550 1546 620; x_wconf 87' lang='lat' dir='ltr'><strong>qui</strong></span> <span class='ocrx_word' id='word_1_7' title='bbox 1582 547 1712 607; x_wconf 84' lang='lat' dir='ltr'><strong>sint.</strong></span> <span class='ocrx_word' id='word_1_8' title='bbox 1761 554 1815 600; x_wconf 90' lang='lat' dir='ltr'><strong>et</strong></span> 
     </span>
    </p>
   </div>
   <div class='ocr_carea' id='block_1_3' title="bbox 230 638 1814 729">
    <p class='ocr_par' dir='ltr' id='par_1_3' title="bbox 230 638 1814 729">
     <span class='ocr_line' id='line_1_3' title="bbox 230 638 1814 729; baseline -0.016 -16"><span class='ocrx_word' id='word_1_9' title='bbox 230 668 432 729; x_wconf 88' lang='lat' dir='ltr'><strong>quanta</strong></span> <span class='ocrx_word' id='word_1_10' title='bbox 468 654 746 724; x_wconf 90' lang='lat' dir='ltr'><strong>iniquitate</strong></span> <span class='ocrx_word' id='word_1_11' title='bbox 786 664 845 705; x_wconf 92' lang='lat' dir='ltr'><strong>se</strong></span> <span class='ocrx_word' id='word_1_12' title='bbox 869 647 937 702; x_wconf 92' lang='lat' dir='ltr'><strong>ab</strong></span> <span class='ocrx_word' id='word_1_13' title='bbox 962 645 1162 700; x_wconf 90' lang='lat' dir='ltr'><strong>unitate</strong></span> <span class='ocrx_word' id='word_1_14' title='bbox 1190 642 1485 697; x_wconf 72' lang='lat' dir='ltr'><strong>diviserint.</strong></span> <span class='ocrx_word' id='word_1_15' title='bbox 1517 638 1613 693; x_wconf 86' lang='lat' dir='ltr'><strong>Hic</strong></span> <span class='ocrx_word' id='word_1_16' title='bbox 1636 638 1814 691; x_wconf 88' lang='lat' dir='ltr'><strong>Dona-</strong></span> 
     </span>
    </p>
   </div>
   <div class='ocr_carea' id='block_1_4' title="bbox 230 728 1817 813">
    <p class='ocr_par' dir='ltr' id='par_1_4' title="bbox 230 728 1817 813">
     <span class='ocr_line' id='line_1_4' title="bbox 230 728 1817 813; baseline -0.016 -7"><span class='ocrx_word' id='word_1_17' title='bbox 230 754 372 807; x_wconf 74' lang='lat' dir='ltr'><strong>tistae</strong></span> <span class='ocrx_word' id='word_1_18' title='bbox 421 746 751 811; x_wconf 78' lang='lat' dir='ltr'><strong>asserebant,</strong></span> <span class='ocrx_word' id='word_1_19' title='bbox 802 752 1133 813; x_wconf 91' lang='lat' dir='ltr'><strong>quocumque</strong></span> <span class='ocrx_word' id='word_1_20' title='bbox 1177 734 1335 789; x_wconf 89' lang='lat' dir='ltr'><strong>modo</strong></span> <span class='ocrx_word' id='word_1_21' title='bbox 1382 733 1541 788; x_wconf 89' lang='lat' dir='ltr'><strong>etiam</strong></span> <span class='ocrx_word' id='word_1_22' title='bbox 1579 729 1647 784; x_wconf 91' lang='lat' dir='ltr'><strong>de</strong></span> <span class='ocrx_word' id='word_1_23' title='bbox 1689 728 1817 797; x_wconf 88' lang='lat' dir='ltr'><strong>ipsis</strong></span> 
     </span>
    </p>
   </div>
   <div class='ocr_carea' id='block_1_5' title="bbox 231 821 1819 908">
    <p class='ocr_par' dir='ltr' id='par_1_5' title="bbox 231 821 1819 908">
     <span class='ocr_line' id='line_1_5' title="bbox 231 821 1819 908; baseline -0.017 -9"><span class='ocrx_word' id='word_1_24' title='bbox 231 842 553 899; x_wconf 81' lang='lat' dir='ltr'><strong>criminibus</strong></span> <span class='ocrx_word' id='word_1_25' title='bbox 579 852 697 908; x_wconf 74' lang='lat' dir='ltr'><strong>qua:</strong></span> <span class='ocrx_word' id='word_1_26' title='bbox 725 834 925 889; x_wconf 90' lang='lat' dir='ltr'><strong>vellent</strong></span> <span class='ocrx_word' id='word_1_27' title='bbox 950 831 1175 892; x_wconf 82' lang='lat' dir='ltr'><strong>diluere,</strong></span> <span class='ocrx_word' id='word_1_28' title='bbox 1205 826 1347 881; x_wconf 92' lang='lat' dir='ltr'><strong>ultro</strong></span> <span class='ocrx_word' id='word_1_29' title='bbox 1383 821 1639 879; x_wconf 84' lang='lat' dir='ltr'><strong>Catholici</strong></span> <span class='ocrx_word' id='word_1_30' title='bbox 1664 834 1819 889; x_wconf 88' lang='lat' dir='ltr'><strong>coge-</strong></span> 
     </span>
    </p>
   </div>
   <div class='ocr_carea' id='block_1_6' title="bbox 234 908 1821 992">
    <p class='ocr_par' dir='ltr' id='par_1_6' title="bbox 234 908 1821 992">
     <span class='ocr_line' id='line_1_6' title="bbox 234 908 1821 992; baseline -0.02 -1"><span class='ocrx_word' id='word_1_31' title='bbox 234 944 353 992; x_wconf 90' lang='lat' dir='ltr'><strong>rent</strong></span> <span class='ocrx_word' id='word_1_32' title='bbox 396 932 499 989; x_wconf 85' lang='lat' dir='ltr'><strong>sibi</strong></span> <span class='ocrx_word' id='word_1_33' title='bbox 526 926 861 985; x_wconf 80' lang='lat' dir='ltr'><strong>adversarios</strong></span> <span class='ocrx_word' id='word_1_34' title='bbox 901 919 1247 991; x_wconf 90' lang='lat' dir='ltr'><strong>respondere,</strong></span> <span class='ocrx_word' id='word_1_35' title='bbox 1275 915 1561 986; x_wconf 90' lang='lat' dir='ltr'><strong>petitorum</strong></span> <span class='ocrx_word' id='word_1_36' title='bbox 1606 926 1701 965; x_wconf 88' lang='lat' dir='ltr'><strong>eos</strong></span> <span class='ocrx_word' id='word_1_37' title='bbox 1726 908 1821 962; x_wconf 89' lang='lat' dir='ltr'><strong>ba-</strong></span> 
     </span>
    </p>
   </div>
   <div class='ocr_carea' id='block_1_7' title="bbox 233 998 1822 1092">
    <p class='ocr_par' dir='ltr' id='par_1_7' title="bbox 233 998 1822 1092">
     <span class='ocr_line' id='line_1_7' title="bbox 233 998 1822 1092; baseline -0.018 -12"><span class='ocrx_word' id='word_1_38' title='bbox 233 1026 362 1081; x_wconf 84' lang='lat' dir='ltr'><strong>bere</strong></span> <span class='ocrx_word' id='word_1_39' title='bbox 393 1034 696 1092; x_wconf 76' lang='lat' dir='ltr'><strong>personam.</strong></span> <span class='ocrx_word' id='word_1_40' title='bbox 739 1014 845 1071; x_wconf 87' lang='lat' dir='ltr'><strong>Sed</strong></span> <span class='ocrx_word' id='word_1_41' title='bbox 873 1008 1132 1069; x_wconf 87' lang='lat' dir='ltr'><strong>Catholici</strong></span> <span class='ocrx_word' id='word_1_42' title='bbox 1168 1005 1583 1077; x_wconf 87' lang='lat' dir='ltr'><strong>respondebant,</strong></span> <span class='ocrx_word' id='word_1_43' title='bbox 1612 1000 1678 1056; x_wconf 90' lang='lat' dir='ltr'><strong>ad</strong></span> <span class='ocrx_word' id='word_1_44' title='bbox 1719 998 1822 1053; x_wconf 89' lang='lat' dir='ltr'><strong>hoc</strong></span> 
     </span>
    </p>
   </div>
   <div class='ocr_carea' id='block_1_8' title="bbox 231 1087 1818 1182">
    <p class='ocr_par' dir='ltr' id='par_1_8' title="bbox 231 1087 1818 1182">
     <span class='ocr_line' id='line_1_8' title="bbox 231 1087 1818 1182; baseline -0.019 -12"><span class='ocrx_word' id='word_1_45' title='bbox 231 1130 292 1171; x_wconf 77' lang='lat' dir='ltr'><strong>se</strong></span> <span class='ocrx_word' id='word_1_46' title='bbox 323 1087 527 1182; x_wconf 74' lang='lat' dir='ltr'><strong>petisse</strong></span> <span class='ocrx_word' id='word_1_47' title='bbox 554 1107 925 1170; x_wconf 86' lang='lat' dir='ltr'><strong>Collationem,</strong></span> <span class='ocrx_word' id='word_1_48' title='bbox 958 1116 1063 1156; x_wconf 90' lang='lat' dir='ltr'><strong>non</strong></span> <span class='ocrx_word' id='word_1_49' title='bbox 1098 1099 1188 1153; x_wconf 90' lang='lat' dir='ltr'><strong>ubi</strong></span> <span class='ocrx_word' id='word_1_50' title='bbox 1227 1096 1520 1166; x_wconf 90' lang='lat' dir='ltr'><strong>objicerent</strong></span> <span class='ocrx_word' id='word_1_51' title='bbox 1549 1087 1818 1153; x_wconf 89' lang='lat' dir='ltr'><strong>diluenda,</strong></span> 
     </span>
    </p>
   </div>
   <div class='ocr_carea' id='block_1_9' title="bbox 232 1182 1823 1271">
    <p class='ocr_par' dir='ltr' id='par_1_9' title="bbox 232 1182 1823 1271">
     <span class='ocr_line' id='line_1_9' title="bbox 232 1182 1823 1271; baseline -0.019 -9"><span class='ocrx_word' id='word_1_52' title='bbox 232 1207 332 1263; x_wconf 77' lang='lat' dir='ltr'><strong>sed</strong></span> <span class='ocrx_word' id='word_1_53' title='bbox 387 1206 477 1259; x_wconf 86' lang='lat' dir='ltr'><strong>ubi</strong></span> <span class='ocrx_word' id='word_1_54' title='bbox 520 1203 727 1271; x_wconf 81' lang='lat' dir='ltr'><strong>objecta</strong></span> <span class='ocrx_word' id='word_1_55' title='bbox 777 1197 1043 1253; x_wconf 90' lang='lat' dir='ltr'><strong>diluerent</strong></span> <span class='ocrx_word' id='word_1_56' title='bbox 1072 1211 1086 1247; x_wconf 89' lang='lat'>:</span> <span class='ocrx_word' id='word_1_57' title='bbox 1117 1188 1367 1261; x_wconf 88' lang='lat' dir='ltr'><strong>quoniam</strong></span> <span class='ocrx_word' id='word_1_58' title='bbox 1411 1194 1466 1240; x_wconf 90' lang='lat' dir='ltr'><strong>et</strong></span> <span class='ocrx_word' id='word_1_59' title='bbox 1514 1182 1823 1238; x_wconf 89' lang='lat' dir='ltr'><strong>mandatum</strong></span> 
     </span>
    </p>
   </div>
   <div class='ocr_carea' id='block_1_10' title="bbox 232 1270 1822 1354">
    <p class='ocr_par' dir='ltr' id='par_1_10' title="bbox 232 1270 1822 1354">
     <span class='ocr_line' id='line_1_10' title="bbox 232 1270 1822 1354; baseline -0.02 0"><span class='ocrx_word' id='word_1_60' title='bbox 232 1270 637 1354; x_wconf 88' lang='lat' dir='ltr'><strong>Donatistarum</strong></span> <span class='ocrx_word' id='word_1_61' title='bbox 667 1290 921 1345; x_wconf 91' lang='lat' dir='ltr'><strong>adversus</strong></span> <span class='ocrx_word' id='word_1_62' title='bbox 952 1283 1236 1339; x_wconf 89' lang='lat' dir='ltr'><strong>traditores</strong></span> <span class='ocrx_word' id='word_1_63' title='bbox 1265 1287 1319 1333; x_wconf 90' lang='lat' dir='ltr'><strong>et</strong></span> <span class='ocrx_word' id='word_1_64' title='bbox 1350 1283 1720 1347; x_wconf 89' lang='lat' dir='ltr'><strong>persecutores</strong></span> <span class='ocrx_word' id='word_1_65' title='bbox 1742 1270 1822 1323; x_wconf 85' lang='lat' dir='ltr'><strong>fa-</strong></span> 
     </span>
    </p>
   </div>
   <div class='ocr_carea' id='block_1_11' title="bbox 234 1362 1827 1449">
    <p class='ocr_par' dir='ltr' id='par_1_11' title="bbox 234 1362 1827 1449">
     <span class='ocr_line' id='line_1_11' title="bbox 234 1362 1827 1449; baseline -0.019 -5"><span class='ocrx_word' id='word_1_66' title='bbox 234 1400 387 1444; x_wconf 90' lang='lat' dir='ltr'><strong>ctum</strong></span> <span class='ocrx_word' id='word_1_67' title='bbox 412 1369 564 1449; x_wconf 86' lang='lat' dir='ltr'><strong>erat;</strong></span> <span class='ocrx_word' id='word_1_68' title='bbox 593 1392 647 1437; x_wconf 90' lang='lat' dir='ltr'><strong>et</strong></span> <span class='ocrx_word' id='word_1_69' title='bbox 670 1380 832 1436; x_wconf 87' lang='lat' dir='ltr'><strong>verba</strong></span> <span class='ocrx_word' id='word_1_70' title='bbox 862 1375 1134 1440; x_wconf 87' lang='lat' dir='ltr'><strong>Primiani,</strong></span> <span class='ocrx_word' id='word_1_71' title='bbox 1164 1370 1377 1444; x_wconf 89' lang='lat' dir='ltr'><strong>quando</strong></span> <span class='ocrx_word' id='word_1_72' title='bbox 1402 1368 1546 1438; x_wconf 90' lang='lat' dir='ltr'><strong>prius</strong></span> <span class='ocrx_word' id='word_1_73' title='bbox 1573 1380 1602 1418; x_wconf 91' lang='lat' dir='ltr'><strong>a</strong></span> <span class='ocrx_word' id='word_1_74' title='bbox 1628 1362 1827 1417; x_wconf 86' lang='lat' dir='ltr'><strong>Catho-</strong></span> 
     </span>
    </p>
   </div>
   <div class='ocr_carea' id='block_1_12' title="bbox 233 1455 1827 1534">
    <p class='ocr_par' dir='ltr' id='par_1_12' title="bbox 233 1455 1827 1534">
     <span class='ocr_line' id='line_1_12' title="bbox 233 1455 1827 1534; baseline -0.018 0"><span class='ocrx_word' id='word_1_75' title='bbox 233 1480 355 1534; x_wconf 89' lang='lat' dir='ltr'><strong>licis</strong></span> <span class='ocrx_word' id='word_1_76' title='bbox 402 1477 471 1531; x_wconf 90' lang='lat' dir='ltr'><strong>de</strong></span> <span class='ocrx_word' id='word_1_77' title='bbox 507 1474 803 1530; x_wconf 88' lang='lat' dir='ltr'><strong>Collatione</strong></span> <span class='ocrx_word' id='word_1_78' title='bbox 852 1473 1145 1523; x_wconf 90' lang='lat' dir='ltr'><strong>conventus</strong></span> <span class='ocrx_word' id='word_1_79' title='bbox 1183 1472 1288 1529; x_wconf 87' lang='lat' dir='ltr'><strong>est,</strong></span> <span class='ocrx_word' id='word_1_80' title='bbox 1335 1459 1539 1514; x_wconf 88' lang='lat' dir='ltr'><strong>crimen</strong></span> <span class='ocrx_word' id='word_1_81' title='bbox 1581 1455 1659 1511; x_wconf 90' lang='lat' dir='ltr'><strong>eis</strong></span> <span class='ocrx_word' id='word_1_82' title='bbox 1703 1468 1827 1509; x_wconf 92' lang='lat' dir='ltr'><strong>eum</strong></span> 
     </span>
    </p>
   </div>
   <div class='ocr_carea' id='block_1_13' title="bbox 237 1544 1830 1637">
    <p class='ocr_par' dir='ltr' id='par_1_13' title="bbox 237 1544 1830 1637">
     <span class='ocr_line' id='line_1_13' title="bbox 237 1544 1830 1637; baseline -0.019 -12"><span class='ocrx_word' id='word_1_83' title='bbox 237 1569 481 1637; x_wconf 90' lang='lat' dir='ltr'><strong>objicere</strong></span> <span class='ocrx_word' id='word_1_84' title='bbox 510 1563 860 1623; x_wconf 82' lang='lat' dir='ltr'><strong>testabantur,</strong></span> <span class='ocrx_word' id='word_1_85' title='bbox 906 1556 996 1611; x_wconf 91' lang='lat' dir='ltr'><strong>ubi</strong></span> <span class='ocrx_word' id='word_1_86' title='bbox 1022 1554 1249 1617; x_wconf 81' lang='lat' dir='ltr'><strong>dixerat,</strong></span> <span class='ocrx_word' id='word_1_87' title='bbox 1278 1549 1559 1620; x_wconf 83' lang='lat' dir='ltr'><strong>Indignum</strong></span> <span class='ocrx_word' id='word_1_88' title='bbox 1586 1554 1661 1599; x_wconf 86' lang='lat' dir='ltr'><strong>est</strong></span> <span class='ocrx_word' id='word_1_89' title='bbox 1696 1552 1750 1597; x_wconf 84' lang='lat' dir='ltr'><strong>ut</strong></span> <span class='ocrx_word' id='word_1_90' title='bbox 1774 1544 1830 1597; x_wconf 85' lang='lat' dir='ltr'><strong>in</strong></span> 
     </span>
    </p>
   </div>
   <div class='ocr_carea' id='block_1_14' title="bbox 237 1636 1828 1721">
    <p class='ocr_par' dir='ltr' id='par_1_14' title="bbox 237 1636 1828 1721">
     <span class='ocr_line' id='line_1_14' title="bbox 237 1636 1828 1721; baseline -0.017 -7"><span class='ocrx_word' id='word_1_91' title='bbox 237 1636 404 1714; x_wconf 69' lang='lat' dir='ltr'><strong>unum</strong></span> <span class='ocrx_word' id='word_1_92' title='bbox 443 1655 739 1712; x_wconf 82' lang='lat' dir='ltr'><strong>conveniant</strong></span> <span class='ocrx_word' id='word_1_93' title='bbox 783 1651 877 1721; x_wconf 81' lang='lat' dir='ltr'><strong>ﬁlii</strong></span> <span class='ocrx_word' id='word_1_94' title='bbox 908 1656 1185 1717; x_wconf 83' lang='lat' dir='ltr'><strong>martyrum</strong></span> <span class='ocrx_word' id='word_1_95' title='bbox 1227 1652 1275 1698; x_wconf 86' lang='lat' dir='ltr'><strong>et</strong></span> <span class='ocrx_word' id='word_1_96' title='bbox 1316 1640 1576 1714; x_wconf 79' lang='lat' dir='ltr'><strong>progenies</strong></span> <span class='ocrx_word' id='word_1_97' title='bbox 1616 1636 1828 1690; x_wconf 85' lang='lat' dir='ltr'><strong>tradito-</strong></span> 
     </span>
    </p>
   </div>
   <div class='ocr_carea' id='block_1_15' title="bbox 238 1732 1831 1820">
    <p class='ocr_par' dir='ltr' id='par_1_15' title="bbox 238 1732 1831 1820">
     <span class='ocr_line' id='line_1_15' title="bbox 238 1732 1831 1820; baseline -0.016 -15"><span class='ocrx_word' id='word_1_98' title='bbox 238 1768 359 1805; x_wconf 86' lang='lat' dir='ltr'><strong>rum</strong></span> <span class='ocrx_word' id='word_1_99' title='bbox 386 1749 464 1820; x_wconf 90' lang='lat' dir='ltr'><strong>(a)</strong></span> <span class='ocrx_word' id='word_1_100' title='bbox 494 1766 509 1802; x_wconf 89' lang='lat'><strong>:</strong></span> <span class='ocrx_word' id='word_1_101' title='bbox 541 1756 595 1801; x_wconf 93' lang='lat' dir='ltr'><strong>et</strong></span> <span class='ocrx_word' id='word_1_102' title='bbox 625 1743 866 1816; x_wconf 81' lang='lat' dir='ltr'><strong>quamvis</strong></span> <span class='ocrx_word' id='word_1_103' title='bbox 903 1751 1029 1796; x_wconf 92' lang='lat' dir='ltr'><strong>tunc</strong></span> <span class='ocrx_word' id='word_1_104' title='bbox 1057 1735 1303 1792; x_wconf 91' lang='lat' dir='ltr'><strong>conferre</strong></span> <span class='ocrx_word' id='word_1_105' title='bbox 1342 1732 1619 1796; x_wconf 89' lang='lat' dir='ltr'><strong>noluisset,</strong></span> <span class='ocrx_word' id='word_1_106' title='bbox 1649 1736 1831 1798; x_wconf 89' lang='lat' dir='ltr'><strong>postea</strong></span> 
     </span>
    </p>
   </div>
   <div class='ocr_carea' id='block_1_16' title="bbox 241 1817 1835 1908">
    <p class='ocr_par' dir='ltr' id='par_1_16' title="bbox 241 1817 1835 1908">
     <span class='ocr_line' id='line_1_16' title="bbox 241 1817 1835 1908; baseline -0.017 -10"><span class='ocrx_word' id='word_1_107' title='bbox 241 1817 529 1897; x_wconf 79' lang='lat' dir='ltr'><strong>tamenin</strong></span> <span class='ocrx_word' id='word_1_108' title='bbox 567 1836 766 1908; x_wconf 88' lang='lat' dir='ltr'><strong>judicio</strong></span> <span class='ocrx_word' id='word_1_109' title='bbox 814 1832 1186 1904; x_wconf 64' lang='lat' dir='ltr'><strong>praefectorum</strong></span> <span class='ocrx_word' id='word_1_110' title='bbox 1228 1842 1287 1881; x_wconf 91' lang='lat' dir='ltr'><strong>se</strong></span> <span class='ocrx_word' id='word_1_111' title='bbox 1328 1822 1500 1879; x_wconf 88' lang='lat' dir='ltr'><strong>audiri</strong></span> <span class='ocrx_word' id='word_1_112' title='bbox 1549 1828 1603 1876; x_wconf 90' lang='lat' dir='ltr'><strong>et</strong></span> <span class='ocrx_word' id='word_1_113' title='bbox 1643 1817 1835 1874; x_wconf 90' lang='lat' dir='ltr'><strong>discuti</strong></span> 
     </span>
    </p>
   </div>
   <div class='ocr_carea' id='block_1_17' title="bbox 241 1915 1835 1994">
    <p class='ocr_par' dir='ltr' id='par_1_17' title="bbox 241 1915 1835 1994">
     <span class='ocr_line' id='line_1_17' title="bbox 241 1915 1835 1994; baseline -0.018 -5"><span class='ocrx_word' id='word_1_114' title='bbox 241 1934 385 1989; x_wconf 84' lang='lat' dir='ltr'><strong>velle</strong></span> <span class='ocrx_word' id='word_1_115' title='bbox 409 1931 635 1986; x_wconf 81' lang='lat' dir='ltr'><strong>dixerat.</strong></span> <span class='ocrx_word' id='word_1_116' title='bbox 664 1926 833 1994; x_wconf 87' lang='lat' dir='ltr'><strong>Quem</strong></span> <span class='ocrx_word' id='word_1_117' title='bbox 871 1936 1057 1978; x_wconf 89' lang='lat' dir='ltr'><strong>eorum</strong></span> <span class='ocrx_word' id='word_1_118' title='bbox 1086 1920 1157 1974; x_wconf 89' lang='lat' dir='ltr'><strong>de</strong></span> <span class='ocrx_word' id='word_1_119' title='bbox 1194 1915 1487 1973; x_wconf 88' lang='lat' dir='ltr'><strong>Collatione</strong></span> <span class='ocrx_word' id='word_1_120' title='bbox 1513 1923 1835 1967; x_wconf 80' lang='lat' dir='ltr'><strong>consensum</strong></span> 
     </span>
    </p>
   </div>
   <div class='ocr_carea' id='block_1_18' title="bbox 245 1999 1835 2084">
    <p class='ocr_par' dir='ltr' id='par_1_18' title="bbox 245 1999 1835 2084">
     <span class='ocr_line' id='line_1_18' title="bbox 245 1999 1835 2084; baseline -0.016 -5"><span class='ocrx_word' id='word_1_121' title='bbox 245 2030 495 2079; x_wconf 88' lang='lat' dir='ltr'><strong>tenentes</strong></span> <span class='ocrx_word' id='word_1_122' title='bbox 523 2016 804 2084; x_wconf 87' lang='lat' dir='ltr'><strong>Catholici,</strong></span> <span class='ocrx_word' id='word_1_123' title='bbox 850 2013 952 2069; x_wconf 90' lang='lat' dir='ltr'><strong>hoc</strong></span> <span class='ocrx_word' id='word_1_124' title='bbox 979 2022 1037 2067; x_wconf 90' lang='lat' dir='ltr'><strong>ut</strong></span> <span class='ocrx_word' id='word_1_125' title='bbox 1072 2010 1224 2065; x_wconf 84' lang='lat' dir='ltr'><strong>ﬂeret</strong></span> <span class='ocrx_word' id='word_1_126' title='bbox 1250 2008 1316 2062; x_wconf 89' lang='lat' dir='ltr'><strong>ab</strong></span> <span class='ocrx_word' id='word_1_127' title='bbox 1347 2004 1673 2075; x_wconf 89' lang='lat' dir='ltr'><strong>lmperatore</strong></span> <span class='ocrx_word' id='word_1_128' title='bbox 1699 1999 1835 2071; x_wconf 88' lang='lat' dir='ltr'><strong>peti-</strong></span> 
     </span>
    </p>
   </div>
   <div class='ocr_carea' id='block_1_19' title="bbox 245 2123 461 2172">
    <p class='ocr_par' dir='ltr' id='par_1_19' title="bbox 245 2123 461 2172">
     <span class='ocr_line' id='line_1_19' title="bbox 245 2123 461 2172; baseline -0.019 0"><span class='ocrx_word' id='word_1_129' title='bbox 245 2123 461 2172; x_wconf 89' lang='lat' dir='ltr'><strong>verant.</strong></span> 
     </span>
    </p>
   </div>
   <div class='ocr_carea' id='block_1_20' title="bbox 320 2185 1841 2275">
    <p class='ocr_par' dir='ltr' id='par_1_20' title="bbox 320 2185 1841 2275">
     <span class='ocr_line' id='line_1_20' title="bbox 320 2185 1841 2275; baseline -0.018 -10"><span class='ocrx_word' id='word_1_130' title='bbox 320 2211 377 2265; x_wconf 85' lang='lat'><strong>5.</strong></span> <span class='ocrx_word' id='word_1_131' title='bbox 418 2207 568 2263; x_wconf 86' lang='lat' dir='ltr'><strong>Tunc</strong></span> <span class='ocrx_word' id='word_1_132' title='bbox 587 2204 747 2275; x_wconf 86' lang='lat' dir='ltr'><strong>jussit</strong></span> <span class='ocrx_word' id='word_1_133' title='bbox 785 2216 879 2257; x_wconf 88' lang='lat' dir='ltr'><strong>eos</strong></span> <span class='ocrx_word' id='word_1_134' title='bbox 908 2195 1163 2267; x_wconf 90' lang='lat' dir='ltr'><strong>Cognitor</strong></span> <span class='ocrx_word' id='word_1_135' title='bbox 1199 2192 1406 2262; x_wconf 84' lang='lat' dir='ltr'><strong>objecta</strong></span> <span class='ocrx_word' id='word_1_136' title='bbox 1446 2204 1476 2242; x_wconf 91' lang='lat' dir='ltr'><strong>a</strong></span> <span class='ocrx_word' id='word_1_137' title='bbox 1517 2202 1576 2243; x_wconf 89' lang='lat' dir='ltr'><strong>se</strong></span> <span class='ocrx_word' id='word_1_138' title='bbox 1617 2185 1841 2240; x_wconf 88' lang='lat' dir='ltr'><strong>crimina</strong></span> 
     </span>
    </p>
   </div>
   <div class='ocr_carea' id='block_1_21' title="bbox 247 2275 1841 2377">
    <p class='ocr_par' dir='ltr' id='par_1_21' title="bbox 247 2275 1841 2377">
     <span class='ocr_line' id='line_1_21' title="bbox 247 2275 1841 2377; baseline -0.02 -18"><span class='ocrx_word' id='word_1_139' title='bbox 247 2305 360 2377; x_wconf 90' lang='lat' dir='ltr'><strong>jam</strong></span> <span class='ocrx_word' id='word_1_140' title='bbox 386 2299 635 2372; x_wconf 90' lang='lat' dir='ltr'><strong>probare,</strong></span> <span class='ocrx_word' id='word_1_141' title='bbox 670 2309 769 2351; x_wconf 89' lang='lat' dir='ltr'><strong>nec</strong></span> <span class='ocrx_word' id='word_1_142' title='bbox 794 2292 865 2348; x_wconf 89' lang='lat' dir='ltr'><strong>de</strong></span> <span class='ocrx_word' id='word_1_143' title='bbox 894 2290 1057 2361; x_wconf 91' lang='lat' dir='ltr'><strong>petita</strong></span> <span class='ocrx_word' id='word_1_144' title='bbox 1082 2283 1377 2343; x_wconf 89' lang='lat' dir='ltr'><strong>Collatione</strong></span> <span class='ocrx_word' id='word_1_145' title='bbox 1404 2293 1683 2351; x_wconf 88' lang='lat' dir='ltr'><strong>personam</strong></span> <span class='ocrx_word' id='word_1_146' title='bbox 1708 2275 1841 2346; x_wconf 80' lang='lat' dir='ltr'><strong>peti-</strong></span> 
     </span>
    </p>
   </div>
   <div class='ocr_carea' id='block_1_22' title="bbox 253 2372 1838 2455">
    <p class='ocr_par' dir='ltr' id='par_1_22' title="bbox 253 2372 1838 2455">
     <span class='ocr_line' id='line_1_22' title="bbox 253 2372 1838 2455; baseline -0.019 -5"><span class='ocrx_word' id='word_1_147' title='bbox 253 2372 391 2450; x_wconf 78' lang='lat' dir='ltr'><strong>toris</strong></span> <span class='ocrx_word' id='word_1_148' title='bbox 429 2388 658 2455; x_wconf 91' lang='lat' dir='ltr'><strong>ostendi,</strong></span> <span class='ocrx_word' id='word_1_149' title='bbox 705 2387 751 2441; x_wconf 91' lang='lat' dir='ltr'><strong>si</strong></span> <span class='ocrx_word' id='word_1_150' title='bbox 790 2385 950 2440; x_wconf 90' lang='lat' dir='ltr'><strong>etiam</strong></span> <span class='ocrx_word' id='word_1_151' title='bbox 982 2381 1191 2450; x_wconf 90' lang='lat' dir='ltr'><strong>utrique</strong></span> <span class='ocrx_word' id='word_1_152' title='bbox 1230 2378 1425 2447; x_wconf 88' lang='lat' dir='ltr'><strong>petisse</strong></span> <span class='ocrx_word' id='word_1_153' title='bbox 1462 2372 1838 2443; x_wconf 87' lang='lat' dir='ltr'><strong>probarentur.</strong></span> 
     </span>
    </p>
   </div>
   <div class='ocr_carea' id='block_1_23' title="bbox 253 2461 1843 2545">
    <p class='ocr_par' dir='ltr' id='par_1_23' title="bbox 253 2461 1843 2545">
     <span class='ocr_line' id='line_1_23' title="bbox 253 2461 1843 2545; baseline -0.019 -4"><span class='ocrx_word' id='word_1_154' title='bbox 253 2484 355 2541; x_wconf 80' lang='lat' dir='ltr'><strong>llic</strong></span> <span class='ocrx_word' id='word_1_155' title='bbox 385 2482 675 2545; x_wconf 67' lang='lat' dir='ltr'><strong>Donatistaa</strong></span> <span class='ocrx_word' id='word_1_156' title='bbox 699 2474 987 2531; x_wconf 90' lang='lat' dir='ltr'><strong>identidem</strong></span> <span class='ocrx_word' id='word_1_157' title='bbox 1015 2479 1193 2541; x_wconf 89' lang='lat' dir='ltr'><strong>petere</strong></span> <span class='ocrx_word' id='word_1_158' title='bbox 1219 2472 1515 2535; x_wconf 67' lang='lat' dir='ltr'><strong>creperum,</strong></span> <span class='ocrx_word' id='word_1_159' title='bbox 1548 2470 1604 2516; x_wconf 91' lang='lat' dir='ltr'><strong>ut</strong></span> <span class='ocrx_word' id='word_1_160' title='bbox 1630 2461 1695 2515; x_wconf 90' lang='lat' dir='ltr'><strong>de</strong></span> <span class='ocrx_word' id='word_1_161' title='bbox 1721 2474 1843 2529; x_wconf 92' lang='lat' dir='ltr'><strong>per-</strong></span> 
     </span>
    </p>
   </div>
   <div class='ocr_carea' id='block_1_24' title="bbox 259 2552 1839 2643">
    <p class='ocr_par' dir='ltr' id='par_1_24' title="bbox 259 2552 1839 2643">
     <span class='ocr_line' id='line_1_24' title="bbox 259 2552 1839 2643; baseline -0.017 -12"><span class='ocrx_word' id='word_1_162' title='bbox 259 2589 393 2631; x_wconf 88' lang='lat' dir='ltr'><strong>sona</strong></span> <span class='ocrx_word' id='word_1_163' title='bbox 423 2569 812 2643; x_wconf 86' lang='lat' dir='ltr'><strong>pronuntiaret.</strong></span> <span class='ocrx_word' id='word_1_164' title='bbox 842 2566 910 2621; x_wconf 88' lang='lat' dir='ltr'><strong>Et</strong></span> <span class='ocrx_word' id='word_1_165' title='bbox 936 2559 1302 2636; x_wconf 86' lang='lat' dir='ltr'><strong>pronuntiavit</strong></span> <span class='ocrx_word' id='word_1_166' title='bbox 1329 2556 1603 2626; x_wconf 91' lang='lat' dir='ltr'><strong>Cognitor,</strong></span> <span class='ocrx_word' id='word_1_167' title='bbox 1632 2552 1839 2619; x_wconf 85' lang='lat' dir='ltr'><strong>dicens,</strong></span> 
     </span>
    </p>
   </div>
   <div class='ocr_carea' id='block_1_25' title="bbox 256 2650 1844 2729">
    <p class='ocr_par' dir='ltr' id='par_1_25' title="bbox 256 2650 1844 2729">
     <span class='ocr_line' id='line_1_25' title="bbox 256 2650 1844 2729; baseline -0.018 -6"><span class='ocrx_word' id='word_1_168' title='bbox 256 2668 302 2724; x_wconf 89' lang='lat' dir='ltr'><strong>si</strong></span> <span class='ocrx_word' id='word_1_169' title='bbox 356 2664 709 2721; x_wconf 84' lang='lat' dir='ltr'><strong>Collationem</strong></span> <span class='ocrx_word' id='word_1_170' title='bbox 763 2673 888 2729; x_wconf 90' lang='lat' dir='ltr'><strong>pars</strong></span> <span class='ocrx_word' id='word_1_171' title='bbox 939 2665 1163 2723; x_wconf 88' lang='lat' dir='ltr'><strong>utraque</strong></span> <span class='ocrx_word' id='word_1_172' title='bbox 1210 2650 1505 2721; x_wconf 88' lang='lat' dir='ltr'><strong>petivisset,</strong></span> <span class='ocrx_word' id='word_1_173' title='bbox 1552 2660 1673 2700; x_wconf 92' lang='lat' dir='ltr'><strong>eum</strong></span> <span class='ocrx_word' id='word_1_174' title='bbox 1724 2657 1844 2697; x_wconf 86' lang='lat' dir='ltr'><strong>esse</strong></span> 
     </span>
    </p>
   </div>
   <div class='ocr_carea' id='block_1_26' title="bbox 259 2734 1844 2829">
    <p class='ocr_par' dir='ltr' id='par_1_26' title="bbox 259 2734 1844 2829">
     <span class='ocr_line' id='line_1_26' title="bbox 259 2734 1844 2829; baseline -0.018 -16"><span class='ocrx_word' id='word_1_175' title='bbox 259 2758 541 2829; x_wconf 85' lang='lat' dir='ltr'><strong>petitorem</strong></span> <span class='ocrx_word' id='word_1_176' title='bbox 571 2752 660 2823; x_wconf 93' lang='lat' dir='ltr'><strong>qui</strong></span> <span class='ocrx_word' id='word_1_177' title='bbox 685 2748 911 2805; x_wconf 90' lang='lat' dir='ltr'><strong>crimina</strong></span> <span class='ocrx_word' id='word_1_178' title='bbox 936 2744 1212 2814; x_wconf 90' lang='lat' dir='ltr'><strong>objiceret.</strong></span> <span class='ocrx_word' id='word_1_179' title='bbox 1256 2740 1322 2794; x_wconf 88' lang='lat' dir='ltr'><strong>Et</strong></span> <span class='ocrx_word' id='word_1_180' title='bbox 1346 2743 1638 2807; x_wconf 75' lang='lat' dir='ltr'><strong>exegerunt</strong></span> <span class='ocrx_word' id='word_1_181' title='bbox 1667 2734 1844 2787; x_wconf 87' lang='lat' dir='ltr'><strong>Dona-</strong></span> 
     </span>
    </p>
   </div>
   <div class='ocr_carea' id='block_1_27' title="bbox 260 2824 1845 2915">
    <p class='ocr_par' dir='ltr' id='par_1_27' title="bbox 260 2824 1845 2915">
     <span class='ocr_line' id='line_1_27' title="bbox 260 2824 1845 2915; baseline -0.018 -12"><span class='ocrx_word' id='word_1_182' title='bbox 260 2824 423 2915; x_wconf 70' lang='lat' dir='ltr'><strong>tistae,</strong></span> <span class='ocrx_word' id='word_1_183' title='bbox 456 2853 513 2900; x_wconf 92' lang='lat' dir='ltr'><strong>ut</strong></span> <span class='ocrx_word' id='word_1_184' title='bbox 539 2842 855 2915; x_wconf 85' lang='lat' dir='ltr'><strong>probaretur</strong></span> <span class='ocrx_word' id='word_1_185' title='bbox 879 2853 910 2891; x_wconf 91' lang='lat' dir='ltr'><strong>a</strong></span> <span class='ocrx_word' id='word_1_186' title='bbox 945 2832 1258 2897; x_wconf 89' lang='lat' dir='ltr'><strong>Catholicis,</strong></span> <span class='ocrx_word' id='word_1_187' title='bbox 1291 2839 1468 2883; x_wconf 90' lang='lat' dir='ltr'><strong>utrum</strong></span> <span class='ocrx_word' id='word_1_188' title='bbox 1494 2824 1845 2880; x_wconf 91' lang='lat' dir='ltr'><strong>Collationem</strong></span> 
     </span>
    </p>
   </div>
   <div class='ocr_carea' id='block_1_28' title="bbox 262 2913 1846 3008">
    <p class='ocr_par' dir='ltr' id='par_1_28' title="bbox 262 2913 1846 3008">
     <span class='ocr_line' id='line_1_28' title="bbox 262 2913 1846 3008; baseline -0.018 -14"><span class='ocrx_word' id='word_1_189' title='bbox 262 2913 476 3008; x_wconf 86' lang='lat' dir='ltr'><strong>utrique</strong></span> <span class='ocrx_word' id='word_1_190' title='bbox 508 2913 812 3006; x_wconf 84' lang='lat' dir='ltr'><strong>petiverint.</strong></span> <span class='ocrx_word' id='word_1_191' title='bbox 856 2929 955 2985; x_wconf 88' lang='lat' dir='ltr'><strong>Ubi</strong></span> <span class='ocrx_word' id='word_1_192' title='bbox 993 2924 1247 2996; x_wconf 90' lang='lat' dir='ltr'><strong>Cognitor</strong></span> <span class='ocrx_word' id='word_1_193' title='bbox 1287 2936 1411 2976; x_wconf 92' lang='lat' dir='ltr'><strong>cum</strong></span> <span class='ocrx_word' id='word_1_194' title='bbox 1453 2918 1696 2980; x_wconf 84' lang='lat' dir='ltr'><strong>dixisset,</strong></span> <span class='ocrx_word' id='word_1_195' title='bbox 1733 2913 1846 2967; x_wconf 86' lang='lat' dir='ltr'><strong>Hoc</strong></span> 
     </span>
    </p>
   </div>
   <div class='ocr_carea' id='block_1_29' title="bbox 264 3012 1847 3099">
    <p class='ocr_par' dir='ltr' id='par_1_29' title="bbox 264 3012 1847 3099">
     <span class='ocr_line' id='line_1_29' title="bbox 264 3012 1847 3099; baseline -0.019 -13"><span class='ocrx_word' id='word_1_196' title='bbox 264 3029 514 3087; x_wconf 78' lang='lat' dir='ltr'><strong>Catholici</strong></span> <span class='ocrx_word' id='word_1_197' title='bbox 544 3026 756 3099; x_wconf 84' lang='lat' dir='ltr'><strong>probare</strong></span> <span class='ocrx_word' id='word_1_198' title='bbox 782 3021 1024 3076; x_wconf 85' lang='lat' dir='ltr'><strong>debebunt</strong></span> <span class='ocrx_word' id='word_1_199' title='bbox 1048 3034 1063 3082; x_wconf 92' lang='lat'><strong>;</strong></span> <span class='ocrx_word' id='word_1_200' title='bbox 1089 3024 1238 3070; x_wconf 90' lang='lat' dir='ltr'><strong>ortus</strong></span> <span class='ocrx_word' id='word_1_201' title='bbox 1266 3021 1349 3067; x_wconf 91' lang='lat' dir='ltr'><strong>est</strong></span> <span class='ocrx_word' id='word_1_202' title='bbox 1389 3012 1581 3065; x_wconf 90' lang='lat' dir='ltr'><strong>iterum</strong></span> <span class='ocrx_word' id='word_1_203' title='bbox 1610 3014 1847 3060; x_wconf 90' lang='lat' dir='ltr'><strong>morato-</strong></span> 
     </span>
    </p>
   </div>
   <div class='ocr_carea' id='block_1_30' title="bbox 263 3099 1846 3179">
    <p class='ocr_par' dir='ltr' id='par_1_30' title="bbox 263 3099 1846 3179">
     <span class='ocr_line' id='line_1_30' title="bbox 263 3099 1846 3179; baseline -0.02 0"><span class='ocrx_word' id='word_1_204' title='bbox 263 3123 375 3179; x_wconf 90' lang='lat' dir='ltr'><strong>rius</strong></span> <span class='ocrx_word' id='word_1_205' title='bbox 404 3117 682 3177; x_wconf 89' lang='lat' dir='ltr'><strong>conﬂictus</strong></span> <span class='ocrx_word' id='word_1_206' title='bbox 719 3115 786 3169; x_wconf 92' lang='lat' dir='ltr'><strong>de</strong></span> <span class='ocrx_word' id='word_1_207' title='bbox 810 3110 1072 3168; x_wconf 89' lang='lat' dir='ltr'><strong>catholico</strong></span> <span class='ocrx_word' id='word_1_208' title='bbox 1098 3105 1314 3161; x_wconf 91' lang='lat' dir='ltr'><strong>nomine</strong></span> <span class='ocrx_word' id='word_1_209' title='bbox 1356 3111 1409 3156; x_wconf 89' lang='lat' dir='ltr'><strong>et</strong></span> <span class='ocrx_word' id='word_1_210' title='bbox 1449 3099 1846 3155; x_wconf 87' lang='lat' dir='ltr'><strong>Donatistarum</strong></span> 
     </span>
    </p>
   </div>
   <div class='ocr_carea' id='block_1_31' title="bbox 264 3188 1846 3279">
    <p class='ocr_par' dir='ltr' id='par_1_31' title="bbox 264 3188 1846 3279">
     <span class='ocr_line' id='line_1_31' title="bbox 264 3188 1846 3279; baseline -0.02 -9"><span class='ocrx_word' id='word_1_211' title='bbox 264 3224 319 3270; x_wconf 91' lang='lat' dir='ltr'><strong>et</strong></span> <span class='ocrx_word' id='word_1_212' title='bbox 344 3209 837 3279; x_wconf 65' lang='lat' dir='ltr'><strong>Catc&#39;tlianistarum.</strong></span> <span class='ocrx_word' id='word_1_213' title='bbox 879 3199 1087 3259; x_wconf 84' lang='lat' dir='ltr'><strong>Deinde</strong></span> <span class='ocrx_word' id='word_1_214' title='bbox 1114 3196 1423 3251; x_wconf 91' lang='lat' dir='ltr'><strong>obtulerunt</strong></span> <span class='ocrx_word' id='word_1_215' title='bbox 1462 3188 1724 3245; x_wconf 87' lang='lat' dir='ltr'><strong>Catholici</strong></span> <span class='ocrx_word' id='word_1_216' title='bbox 1752 3202 1846 3257; x_wconf 89' lang='lat' dir='ltr'><strong>ge-</strong></span> 
     </span>
    </p>
   </div>
   <div class='ocr_carea' id='block_1_32' title="bbox 265 3280 1854 3368">
    <p class='ocr_par' dir='ltr' id='par_1_32' title="bbox 265 3280 1854 3368">
     <span class='ocr_line' id='line_1_32' title="bbox 265 3280 1854 3368; baseline -0.018 -8"><span class='ocrx_word' id='word_1_217' title='bbox 265 3314 350 3361; x_wconf 88' lang='lat' dir='ltr'><strong>sta</strong></span> <span class='ocrx_word' id='word_1_218' title='bbox 394 3301 574 3356; x_wconf 86' lang='lat' dir='ltr'><strong>habita</strong></span> <span class='ocrx_word' id='word_1_219' title='bbox 618 3299 671 3353; x_wconf 91' lang='lat' dir='ltr'><strong>in</strong></span> <span class='ocrx_word' id='word_1_220' title='bbox 697 3295 897 3368; x_wconf 92' lang='lat' dir='ltr'><strong>judicio</strong></span> <span class='ocrx_word' id='word_1_221' title='bbox 942 3290 1293 3361; x_wconf 62' lang='lat' dir='ltr'><strong>praefecturae,</strong></span> <span class='ocrx_word' id='word_1_222' title='bbox 1344 3285 1535 3355; x_wconf 88' lang='lat' dir='ltr'><strong>quibus</strong></span> <span class='ocrx_word' id='word_1_223' title='bbox 1566 3280 1854 3352; x_wconf 86' lang='lat' dir='ltr'><strong>probarent</strong></span> 
     </span>
    </p>
   </div>
   <div class='ocr_carea' id='block_1_33' title="bbox 267 3370 1855 3453">
    <p class='ocr_par' dir='ltr' id='par_1_33' title="bbox 267 3370 1855 3453">
     <span class='ocr_line' id='line_1_33' title="bbox 267 3370 1855 3453; baseline -0.018 -1"><span class='ocrx_word' id='word_1_224' title='bbox 267 3396 432 3453; x_wconf 88' lang='lat' dir='ltr'><strong>etiam</strong></span> <span class='ocrx_word' id='word_1_225' title='bbox 456 3391 757 3448; x_wconf 89' lang='lat' dir='ltr'><strong>Donatistas</strong></span> <span class='ocrx_word' id='word_1_226' title='bbox 794 3385 1145 3442; x_wconf 90' lang='lat' dir='ltr'><strong>Collationem</strong></span> <span class='ocrx_word' id='word_1_227' title='bbox 1173 3378 1393 3449; x_wconf 87' lang='lat' dir='ltr'><strong>petisse.</strong></span> <span class='ocrx_word' id='word_1_228' title='bbox 1423 3374 1552 3441; x_wconf 72' lang='lat' dir='ltr'><strong>Qum</strong></span> <span class='ocrx_word' id='word_1_229' title='bbox 1593 3386 1713 3425; x_wconf 92' lang='lat' dir='ltr'><strong>cum</strong></span> <span class='ocrx_word' id='word_1_230' title='bbox 1738 3370 1855 3439; x_wconf 90' lang='lat' dir='ltr'><strong>jus-</strong></span> 
     </span>
    </p>
   </div>
   <div class='ocr_carea' id='block_1_34' title="bbox 270 3460 1852 3554">
    <p class='ocr_par' dir='ltr' id='par_1_34' title="bbox 270 3460 1852 3554">
     <span class='ocr_line' id='line_1_34' title="bbox 270 3460 1852 3554; baseline -0.02 -11"><span class='ocrx_word' id='word_1_231' title='bbox 270 3488 434 3543; x_wconf 87' lang='lat' dir='ltr'><strong>sisset</strong></span> <span class='ocrx_word' id='word_1_232' title='bbox 464 3483 712 3554; x_wconf 89' lang='lat' dir='ltr'><strong>Cognitor</strong></span> <span class='ocrx_word' id='word_1_233' title='bbox 749 3475 992 3537; x_wconf 88' lang='lat' dir='ltr'><strong>recitari;</strong></span> <span class='ocrx_word' id='word_1_234' title='bbox 1031 3484 1217 3526; x_wconf 90' lang='lat' dir='ltr'><strong>rursus</strong></span> <span class='ocrx_word' id='word_1_235' title='bbox 1259 3467 1335 3521; x_wconf 92' lang='lat' dir='ltr'><strong>illi</strong></span> <span class='ocrx_word' id='word_1_236' title='bbox 1375 3464 1440 3519; x_wconf 93' lang='lat' dir='ltr'><strong>ad</strong></span> <span class='ocrx_word' id='word_1_237' title='bbox 1470 3460 1734 3533; x_wconf 70' lang='lat' dir='ltr'><strong>praeterita</strong></span> <span class='ocrx_word' id='word_1_238' title='bbox 1763 3475 1852 3513; x_wconf 88' lang='lat' dir='ltr'><strong>re-</strong></span> 
     </span>
    </p>
   </div>
   <div class='ocr_carea' id='block_1_35' title="bbox 268 3552 1857 3643">
    <p class='ocr_par' dir='ltr' id='par_1_35' title="bbox 268 3552 1857 3643">
     <span class='ocr_line' id='line_1_35' title="bbox 268 3552 1857 3643; baseline -0.018 -10"><span class='ocrx_word' id='word_1_239' title='bbox 268 3578 503 3643; x_wconf 90' lang='lat' dir='ltr'><strong>dierunt,</strong></span> <span class='ocrx_word' id='word_1_240' title='bbox 543 3552 693 3630; x_wconf 82' lang='lat' dir='ltr'><strong>etde</strong></span> <span class='ocrx_word' id='word_1_241' title='bbox 730 3572 815 3625; x_wconf 89' lang='lat' dir='ltr'><strong>his</strong></span> <span class='ocrx_word' id='word_1_242' title='bbox 852 3577 909 3623; x_wconf 91' lang='lat' dir='ltr'><strong>ut</strong></span> <span class='ocrx_word' id='word_1_243' title='bbox 936 3562 1303 3637; x_wconf 88' lang='lat' dir='ltr'><strong>pronuntiaret</strong></span> <span class='ocrx_word' id='word_1_244' title='bbox 1339 3555 1593 3626; x_wconf 87' lang='lat' dir='ltr'><strong>Cognitor</strong></span> <span class='ocrx_word' id='word_1_245' title='bbox 1617 3552 1857 3623; x_wconf 90' lang='lat' dir='ltr'><strong>ﬂagitare</strong></span> 
     </span>
    </p>
   </div>
   <div class='ocr_carea' id='block_1_36' title="bbox 267 3644 1859 3738">
    <p class='ocr_par' dir='ltr' id='par_1_36' title="bbox 267 3644 1859 3738">
     <span class='ocr_line' id='line_1_36' title="bbox 267 3644 1859 3738; baseline -0.018 -12"><span class='ocrx_word' id='word_1_246' title='bbox 267 3676 573 3738; x_wconf 77' lang='lat' dir='ltr'><strong>cmperunt,</strong></span> <span class='ocrx_word' id='word_1_247' title='bbox 605 3666 672 3720; x_wconf 91' lang='lat' dir='ltr'><strong>de</strong></span> <span class='ocrx_word' id='word_1_248' title='bbox 687 3663 877 3734; x_wconf 88' lang='lat' dir='ltr'><strong>quibus</strong></span> <span class='ocrx_word' id='word_1_249' title='bbox 906 3658 1064 3713; x_wconf 89' lang='lat' dir='ltr'><strong>toties</strong></span> <span class='ocrx_word' id='word_1_250' title='bbox 1089 3651 1550 3727; x_wconf 89' lang='lat' dir='ltr'><strong>pronuntiaverat,</strong></span> <span class='ocrx_word' id='word_1_251' title='bbox 1575 3647 1627 3701; x_wconf 92' lang='lat' dir='ltr'><strong>id</strong></span> <span class='ocrx_word' id='word_1_252' title='bbox 1656 3654 1762 3713; x_wconf 89' lang='lat' dir='ltr'><strong>est,</strong></span> <span class='ocrx_word' id='word_1_253' title='bbox 1788 3644 1859 3699; x_wconf 91' lang='lat' dir='ltr'><strong>de</strong></span> 
     </span>
    </p>
   </div>
   <div class='ocr_carea' id='block_1_37' title="bbox 271 3734 1856 3829">
    <p class='ocr_par' dir='ltr' id='par_1_37' title="bbox 271 3734 1856 3829">
     <span class='ocr_line' id='line_1_37' title="bbox 271 3734 1856 3829; baseline -0.018 -13"><span class='ocrx_word' id='word_1_254' title='bbox 271 3734 502 3829; x_wconf 68' lang='lat' dir='ltr'><strong>persona</strong></span> <span class='ocrx_word' id='word_1_255' title='bbox 530 3766 585 3811; x_wconf 91' lang='lat' dir='ltr'><strong>et</strong></span> <span class='ocrx_word' id='word_1_256' title='bbox 622 3754 689 3810; x_wconf 91' lang='lat' dir='ltr'><strong>de</strong></span> <span class='ocrx_word' id='word_1_257' title='bbox 714 3751 966 3807; x_wconf 89' lang='lat' dir='ltr'><strong>mandato</strong></span> <span class='ocrx_word' id='word_1_258' title='bbox 989 3748 1305 3817; x_wconf 77' lang='lat' dir='ltr'><strong>legatorum,</strong></span> <span class='ocrx_word' id='word_1_259' title='bbox 1333 3739 1476 3811; x_wconf 89' lang='lat' dir='ltr'><strong>quod</strong></span> <span class='ocrx_word' id='word_1_260' title='bbox 1514 3737 1613 3792; x_wconf 86' lang='lat' dir='ltr'><strong>sibi</strong></span> <span class='ocrx_word' id='word_1_261' title='bbox 1644 3734 1856 3791; x_wconf 91' lang='lat' dir='ltr'><strong>ut‘ede-</strong></span> 
     </span>
    </p>
   </div>
   <div class='ocr_carea' id='block_1_38' title="bbox 270 3832 1860 3915">
    <p class='ocr_par' dir='ltr' id='par_1_38' title="bbox 270 3832 1860 3915">
     <span class='ocr_line' id='line_1_38' title="bbox 270 3832 1860 3915; baseline -0.017 -8"><span class='ocrx_word' id='word_1_262' title='bbox 270 3862 419 3907; x_wconf 90' lang='lat' dir='ltr'><strong>retur</strong></span> <span class='ocrx_word' id='word_1_263' title='bbox 445 3849 601 3903; x_wconf 89' lang='lat' dir='ltr'><strong>toties</strong></span> <span class='ocrx_word' id='word_1_264' title='bbox 634 3843 903 3915; x_wconf 87' lang='lat' dir='ltr'><strong>superﬂuo</strong></span> <span class='ocrx_word' id='word_1_265' title='bbox 932 3840 1347 3911; x_wconf 90' lang='lat' dir='ltr'><strong>postulaverant.</strong></span> <span class='ocrx_word' id='word_1_266' title='bbox 1380 3832 1494 3887; x_wconf 84' lang='lat' dir='ltr'><strong>Hoc</strong></span> <span class='ocrx_word' id='word_1_267' title='bbox 1522 3839 1701 3885; x_wconf 90' lang='lat' dir='ltr'><strong>autem</strong></span> <span class='ocrx_word' id='word_1_268' title='bbox 1736 3842 1860 3897; x_wconf 89' lang='lat' dir='ltr'><strong>age-</strong></span> 
     </span>
    </p>
   </div>
   <div class='ocr_carea' id='block_1_39' title="bbox 271 3928 1859 4013">
    <p class='ocr_par' dir='ltr' id='par_1_39' title="bbox 271 3928 1859 4013">
     <span class='ocr_line' id='line_1_39' title="bbox 271 3928 1859 4013; baseline -0.018 -14"><span class='ocrx_word' id='word_1_269' title='bbox 271 3944 419 4009; x_wconf 87' lang='lat' dir='ltr'><strong>bant,</strong></span> <span class='ocrx_word' id='word_1_270' title='bbox 451 3949 706 4013; x_wconf 88' lang='lat' dir='ltr'><strong>quantum</strong></span> <span class='ocrx_word' id='word_1_271' title='bbox 738 3933 1149 4005; x_wconf 81' lang='lat' dir='ltr'><strong>intelligebatur,</strong></span> <span class='ocrx_word' id='word_1_272' title='bbox 1181 3928 1428 3982; x_wconf 90' lang='lat' dir='ltr'><strong>timentes</strong></span> <span class='ocrx_word' id='word_1_273' title='bbox 1453 3939 1522 3979; x_wconf 90' lang='lat' dir='ltr'><strong>ne</strong></span> <span class='ocrx_word' id='word_1_274' title='bbox 1550 3930 1696 3992; x_wconf 88' lang='lat' dir='ltr'><strong>gesta</strong></span> <span class='ocrx_word' id='word_1_275' title='bbox 1725 3934 1859 3989; x_wconf 78' lang='lat' dir='ltr'><strong>prae-</strong></span> 
     </span>
    </p>
   </div>
   <div class='ocr_carea' id='block_1_40' title="bbox 272 4009 1859 4101">
    <p class='ocr_par' dir='ltr' id='par_1_40' title="bbox 272 4009 1859 4101">
     <span class='ocr_line' id='line_1_40' title="bbox 272 4009 1859 4101; baseline -0.019 -10"><span class='ocrx_word' id='word_1_276' title='bbox 272 4034 492 4091; x_wconf 90' lang='lat' dir='ltr'><strong>fectoria</strong></span> <span class='ocrx_word' id='word_1_277' title='bbox 549 4033 886 4101; x_wconf 79' lang='lat' dir='ltr'><strong>legerentur,</strong></span> <span class='ocrx_word' id='word_1_278' title='bbox 943 4024 1031 4079; x_wconf 91' lang='lat' dir='ltr'><strong>ubi</strong></span> <span class='ocrx_word' id='word_1_279' title='bbox 1081 4035 1231 4077; x_wconf 91' lang='lat' dir='ltr'><strong>suam</strong></span> <span class='ocrx_word' id='word_1_280' title='bbox 1276 4030 1491 4073; x_wconf 88' lang='lat' dir='ltr'><strong>causam</strong></span> <span class='ocrx_word' id='word_1_281' title='bbox 1545 4009 1859 4083; x_wconf 88' lang='lat' dir='ltr'><strong>quibusdam</strong></span> 
     </span>
    </p>
   </div>
   <div class='ocr_carea' id='block_1_41' title="bbox 274 4105 1861 4182">
    <p class='ocr_par' dir='ltr' id='par_1_41' title="bbox 274 4105 1861 4182">
     <span class='ocr_line' id='line_1_41' title="bbox 274 4105 1861 4182; baseline -0.016 0"><span class='ocrx_word' id='word_1_282' title='bbox 274 4124 684 4182; x_wconf 89' lang='lat' dir='ltr'><strong>inconsideratis</strong></span> <span class='ocrx_word' id='word_1_283' title='bbox 729 4132 783 4175; x_wconf 90' lang='lat' dir='ltr'><strong>et</strong></span> <span class='ocrx_word' id='word_1_284' title='bbox 814 4116 1113 4173; x_wconf 90' lang='lat' dir='ltr'><strong>temerariis</strong></span> <span class='ocrx_word' id='word_1_285' title='bbox 1144 4108 1581 4182; x_wconf 90' lang='lat' dir='ltr'><strong>responsionibus</strong></span> <span class='ocrx_word' id='word_1_286' title='bbox 1610 4105 1861 4159; x_wconf 85' lang='lat' dir='ltr'><strong>vulnera-</strong></span> 
     </span>
    </p>
   </div>
   <div class='ocr_carea' id='block_1_42' title="bbox 274 4196 1863 4282">
    <p class='ocr_par' dir='ltr' id='par_1_42' title="bbox 274 4196 1863 4282">
     <span class='ocr_line' id='line_1_42' title="bbox 274 4196 1863 4282; baseline -0.016 -7"><span class='ocrx_word' id='word_1_287' title='bbox 274 4227 486 4275; x_wconf 88' lang='lat' dir='ltr'><strong>verant.</strong></span> <span class='ocrx_word' id='word_1_288' title='bbox 512 4216 612 4271; x_wconf 94' lang='lat' dir='ltr'><strong>Diu</strong></span> <span class='ocrx_word' id='word_1_289' title='bbox 643 4214 822 4282; x_wconf 90' lang='lat' dir='ltr'><strong>itaque</strong></span> <span class='ocrx_word' id='word_1_290' title='bbox 846 4209 1210 4264; x_wconf 90' lang='lat' dir='ltr'><strong>conﬂictatum</strong></span> <span class='ocrx_word' id='word_1_291' title='bbox 1239 4211 1321 4258; x_wconf 91' lang='lat' dir='ltr'><strong>est</strong></span> <span class='ocrx_word' id='word_1_292' title='bbox 1349 4200 1417 4255; x_wconf 92' lang='lat' dir='ltr'><strong>ab</strong></span> <span class='ocrx_word' id='word_1_293' title='bbox 1437 4200 1534 4263; x_wconf 91' lang='lat' dir='ltr'><strong>eis,</strong></span> <span class='ocrx_word' id='word_1_294' title='bbox 1554 4207 1607 4253; x_wconf 90' lang='lat' dir='ltr'><strong>et</strong></span> <span class='ocrx_word' id='word_1_295' title='bbox 1632 4196 1863 4251; x_wconf 86' lang='lat' dir='ltr'><strong>maxime</strong></span> 
     </span>
    </p>
   </div>
   <div class='ocr_carea' id='block_1_43' title="bbox 276 4290 1864 4380">
    <p class='ocr_par' dir='ltr' id='par_1_43' title="bbox 276 4290 1864 4380">
     <span class='ocr_line' id='line_1_43' title="bbox 276 4290 1864 4380; baseline -0.018 -12"><span class='ocrx_word' id='word_1_296' title='bbox 276 4328 398 4368; x_wconf 91' lang='lat' dir='ltr'><strong>cum</strong></span> <span class='ocrx_word' id='word_1_297' title='bbox 426 4312 542 4380; x_wconf 89' lang='lat' dir='ltr'><strong>ipso</strong></span> <span class='ocrx_word' id='word_1_298' title='bbox 565 4306 884 4377; x_wconf 86' lang='lat' dir='ltr'><strong>Cognitore;</strong></span> <span class='ocrx_word' id='word_1_299' title='bbox 913 4317 1035 4358; x_wconf 91' lang='lat' dir='ltr'><strong>cum</strong></span> <span class='ocrx_word' id='word_1_300' title='bbox 1068 4299 1169 4371; x_wconf 89' lang='lat' dir='ltr'><strong>ipsi</strong></span> <span class='ocrx_word' id='word_1_301' title='bbox 1200 4303 1441 4368; x_wconf 88' lang='lat' dir='ltr'><strong>peterent</strong></span> <span class='ocrx_word' id='word_1_302' title='bbox 1466 4292 1553 4348; x_wconf 94' lang='lat' dir='ltr'><strong>edi</strong></span> <span class='ocrx_word' id='word_1_303' title='bbox 1584 4290 1685 4345; x_wconf 91' lang='lat' dir='ltr'><strong>sibi</strong></span> <span class='ocrx_word' id='word_1_304' title='bbox 1713 4304 1864 4343; x_wconf 89' lang='lat' dir='ltr'><strong>man-</strong></span> 
     </span>
    </p>
   </div>
   <div class='ocr_carea' id='block_1_44' title="bbox 278 4381 1865 4471">
    <p class='ocr_par' dir='ltr' id='par_1_44' title="bbox 278 4381 1865 4471">
     <span class='ocr_line' id='line_1_44' title="bbox 278 4381 1865 4471; baseline -0.014 -13"><span class='ocrx_word' id='word_1_305' title='bbox 278 4403 460 4458; x_wconf 89' lang='lat' dir='ltr'><strong>datum</strong></span> <span class='ocrx_word' id='word_1_306' title='bbox 502 4399 690 4471; x_wconf 81' lang='lat' dir='ltr'><strong>legatis</strong></span> <span class='ocrx_word' id='word_1_307' title='bbox 734 4396 1048 4466; x_wconf 91' lang='lat' dir='ltr'><strong>injunctum,</strong></span> <span class='ocrx_word' id='word_1_308' title='bbox 1092 4398 1183 4444; x_wconf 90' lang='lat' dir='ltr'><strong>aut</strong></span> <span class='ocrx_word' id='word_1_309' title='bbox 1208 4387 1587 4459; x_wconf 76' lang='lat' dir='ltr'><strong>pronuntiaret</strong></span> <span class='ocrx_word' id='word_1_310' title='bbox 1628 4396 1723 4438; x_wconf 82' lang='lat' dir='ltr'><strong>eos</strong></span> <span class='ocrx_word' id='word_1_311' title='bbox 1764 4381 1865 4437; x_wconf 90' lang='lat' dir='ltr'><strong>hoc</strong></span> 
     </span>
    </p>
   </div>
   <div class='ocr_carea' id='block_1_45' title="bbox 280 4474 1864 4563">
    <p class='ocr_par' dir='ltr' id='par_1_45' title="bbox 280 4474 1864 4563">
     <span class='ocr_line' id='line_1_45' title="bbox 280 4474 1864 4563; baseline -0.015 -15"><span class='ocrx_word' id='word_1_312' title='bbox 280 4491 549 4563; x_wconf 89' lang='lat' dir='ltr'><strong>superﬂuo</strong></span> <span class='ocrx_word' id='word_1_313' title='bbox 599 4489 847 4560; x_wconf 88' lang='lat' dir='ltr'><strong>petivisse</strong></span> <span class='ocrx_word' id='word_1_314' title='bbox 881 4504 893 4540; x_wconf 87' lang='lat'><strong>:</strong></span> <span class='ocrx_word' id='word_1_315' title='bbox 948 4485 1034 4538; x_wconf 90' lang='lat' dir='ltr'><strong>ille</strong></span> <span class='ocrx_word' id='word_1_316' title='bbox 1076 4489 1253 4535; x_wconf 88' lang='lat' dir='ltr'><strong>autem</strong></span> <span class='ocrx_word' id='word_1_317' title='bbox 1296 4486 1351 4531; x_wconf 90' lang='lat' dir='ltr'><strong>et</strong></span> <span class='ocrx_word' id='word_1_318' title='bbox 1394 4474 1764 4546; x_wconf 87' lang='lat' dir='ltr'><strong>pronuntiasse</strong></span> <span class='ocrx_word' id='word_1_319' title='bbox 1806 4485 1864 4525; x_wconf 87' lang='lat' dir='ltr'><strong>se</strong></span> 
     </span>
    </p>
   </div>
   <div class='ocr_carea' id='block_1_46' title="bbox 280 4568 1863 4650">
    <p class='ocr_par' dir='ltr' id='par_1_46' title="bbox 280 4568 1863 4650">
     <span class='ocr_line' id='line_1_46' title="bbox 280 4568 1863 4650; baseline -0.016 -10"><span class='ocrx_word' id='word_1_320' title='bbox 280 4584 505 4649; x_wconf 87' lang='lat' dir='ltr'><strong>diceret,</strong></span> <span class='ocrx_word' id='word_1_321' title='bbox 549 4591 602 4637; x_wconf 89' lang='lat' dir='ltr'><strong>et</strong></span> <span class='ocrx_word' id='word_1_322' title='bbox 627 4580 991 4650; x_wconf 87' lang='lat' dir='ltr'><strong>pronuntiaret</strong></span> <span class='ocrx_word' id='word_1_323' title='bbox 1022 4574 1122 4628; x_wconf 89' lang='lat' dir='ltr'><strong>hoc</strong></span> <span class='ocrx_word' id='word_1_324' title='bbox 1154 4572 1372 4625; x_wconf 89' lang='lat' dir='ltr'><strong>omnino</strong></span> <span class='ocrx_word' id='word_1_325' title='bbox 1400 4568 1463 4622; x_wconf 88' lang='lat' dir='ltr'><strong>ad</strong></span> <span class='ocrx_word' id='word_1_326' title='bbox 1492 4579 1727 4636; x_wconf 65' lang='lat' dir='ltr'><strong>praesens</strong></span> <span class='ocrx_word' id='word_1_327' title='bbox 1758 4578 1863 4616; x_wconf 92' lang='lat' dir='ltr'><strong>non</strong></span> 
     </span>
    </p>
   </div>
   <div class='ocr_carea' id='block_1_47' title="bbox 283 4655 1866 4748">
    <p class='ocr_par' dir='ltr' id='par_1_47' title="bbox 283 4655 1866 4748">
     <span class='ocr_line' id='line_1_47' title="bbox 283 4655 1866 4748; baseline -0.015 -17"><span class='ocrx_word' id='word_1_328' title='bbox 283 4676 548 4748; x_wconf 88' lang='lat' dir='ltr'><strong>pertinere</strong></span> <span class='ocrx_word' id='word_1_329' title='bbox 568 4671 843 4743; x_wconf 87' lang='lat' dir='ltr'><strong>judicium,</strong></span> <span class='ocrx_word' id='word_1_330' title='bbox 866 4667 950 4722; x_wconf 91' lang='lat' dir='ltr'><strong>ubi</strong></span> <span class='ocrx_word' id='word_1_331' title='bbox 965 4666 1324 4721; x_wconf 88' lang='lat' dir='ltr'><strong>declararelur</strong></span> <span class='ocrx_word' id='word_1_332' title='bbox 1340 4658 1703 4729; x_wconf 88' lang='lat' dir='ltr'><strong>imperialibus</strong></span> <span class='ocrx_word' id='word_1_333' title='bbox 1727 4655 1866 4709; x_wconf 86' lang='lat' dir='ltr'><strong>litte-</strong></span> 
     </span>
    </p>
   </div>
   <div class='ocr_carea' id='block_1_48' title="bbox 282 4745 1866 4835">
    <p class='ocr_par' dir='ltr' id='par_1_48' title="bbox 282 4745 1866 4835">
     <span class='ocr_line' id='line_1_48' title="bbox 282 4745 1866 4835; baseline -0.016 -13"><span class='ocrx_word' id='word_1_334' title='bbox 282 4745 359 4823; x_wconf 75' lang='lat' dir='ltr'><strong>ris</strong></span> <span class='ocrx_word' id='word_1_335' title='bbox 391 4763 519 4835; x_wconf 85' lang='lat' dir='ltr'><strong>quid</strong></span> <span class='ocrx_word' id='word_1_336' title='bbox 545 4763 765 4833; x_wconf 89' lang='lat' dir='ltr'><strong>petitum</strong></span> <span class='ocrx_word' id='word_1_337' title='bbox 794 4765 937 4813; x_wconf 91' lang='lat' dir='ltr'><strong>esset</strong></span> <span class='ocrx_word' id='word_1_338' title='bbox 963 4754 1157 4825; x_wconf 84' lang='lat' dir='ltr'><strong>quidve</strong></span> <span class='ocrx_word' id='word_1_339' title='bbox 1181 4764 1517 4806; x_wconf 89' lang='lat' dir='ltr'><strong>concessum.</strong></span> <span class='ocrx_word' id='word_1_340' title='bbox 1564 4748 1629 4801; x_wconf 87' lang='lat' dir='ltr'><strong>Et</strong></span> <span class='ocrx_word' id='word_1_341' title='bbox 1655 4745 1866 4800; x_wconf 86' lang='lat' dir='ltr'><strong>tandem</strong></span> 
     </span>
    </p>
   </div>
   <div class='ocr_carea' id='block_1_49' title="bbox 284 4837 1868 4929">
    <p class='ocr_par' dir='ltr' id='par_1_49' title="bbox 284 4837 1868 4929">
     <span class='ocr_line' id='line_1_49' title="bbox 284 4837 1868 4929; baseline -0.015 -16"><span class='ocrx_word' id='word_1_342' title='bbox 284 4856 568 4929; x_wconf 86' lang='lat' dir='ltr'><strong>aliquando</strong></span> <span class='ocrx_word' id='word_1_343' title='bbox 594 4854 659 4909; x_wconf 88' lang='lat' dir='ltr'><strong>ad</strong></span> <span class='ocrx_word' id='word_1_344' title='bbox 682 4854 887 4923; x_wconf 89' lang='lat' dir='ltr'><strong>jussum</strong></span> <span class='ocrx_word' id='word_1_345' title='bbox 913 4848 1029 4917; x_wconf 87' lang='lat' dir='ltr'><strong>ejus</strong></span> <span class='ocrx_word' id='word_1_346' title='bbox 1060 4850 1333 4914; x_wconf 85' lang='lat' dir='ltr'><strong>coeperant</strong></span> <span class='ocrx_word' id='word_1_347' title='bbox 1357 4850 1502 4912; x_wconf 87' lang='lat' dir='ltr'><strong>gesta</strong></span> <span class='ocrx_word' id='word_1_348' title='bbox 1534 4837 1868 4909; x_wconf 80' lang='lat' dir='ltr'><strong>praefectoria</strong></span> 
     </span>
    </p>
   </div>
   <div class='ocr_carea' id='block_1_50' title="bbox 285 4929 1868 5013">
    <p class='ocr_par' dir='ltr' id='par_1_50' title="bbox 285 4929 1868 5013">
     <span class='ocr_line' id='line_1_50' title="bbox 285 4929 1868 5013; baseline -0.016 -8"><span class='ocrx_word' id='word_1_349' title='bbox 285 4948 518 5006; x_wconf 88' lang='lat' dir='ltr'><strong>recitari.</strong></span> <span class='ocrx_word' id='word_1_350' title='bbox 571 4946 808 5013; x_wconf 86' lang='lat' dir='ltr'><strong>Quorum</strong></span> <span class='ocrx_word' id='word_1_351' title='bbox 864 4948 1135 5011; x_wconf 89' lang='lat' dir='ltr'><strong>gestorum</strong></span> <span class='ocrx_word' id='word_1_352' title='bbox 1178 4950 1301 4989; x_wconf 91' lang='lat' dir='ltr'><strong>cum</strong></span> <span class='ocrx_word' id='word_1_353' title='bbox 1353 4933 1467 4986; x_wconf 90' lang='lat' dir='ltr'><strong>dies</strong></span> <span class='ocrx_word' id='word_1_354' title='bbox 1516 4939 1572 4986; x_wconf 90' lang='lat' dir='ltr'><strong>et</strong></span> <span class='ocrx_word' id='word_1_355' title='bbox 1621 4929 1868 4984; x_wconf 90' lang='lat' dir='ltr'><strong>consules</strong></span> 
     </span>
    </p>
   </div>
   <div class='ocr_carea' id='block_1_51' title="bbox 288 5021 1867 5103">
    <p class='ocr_par' dir='ltr' id='par_1_51' title="bbox 288 5021 1867 5103">
     <span class='ocr_line' id='line_1_51' title="bbox 288 5021 1867 5103; baseline -0.016 -7"><span class='ocrx_word' id='word_1_356' title='bbox 288 5040 513 5096; x_wconf 80' lang='lat' dir='ltr'><strong>fuissent</strong></span> <span class='ocrx_word' id='word_1_357' title='bbox 551 5034 755 5091; x_wconf 88' lang='lat' dir='ltr'><strong>recitati</strong></span> <span class='ocrx_word' id='word_1_358' title='bbox 788 5030 887 5103; x_wconf 70' lang='grc' dir='ltr'><strong>(ὁ),</strong></span> <span class='ocrx_word' id='word_1_359' title='bbox 917 5027 1168 5083; x_wconf 91' lang='lat' dir='ltr'><strong>continuo</strong></span> <span class='ocrx_word' id='word_1_360' title='bbox 1182 5039 1366 5079; x_wconf 90' lang='lat' dir='ltr'><strong>rursus</strong></span> <span class='ocrx_word' id='word_1_361' title='bbox 1384 5021 1669 5076; x_wconf 77' lang='lat' dir='ltr'><strong>Donatista:</strong></span> <span class='ocrx_word' id='word_1_362' title='bbox 1698 5021 1867 5073; x_wconf 88' lang='lat' dir='ltr'><strong>inter-</strong></span> 
     </span>
    </p>
   </div>
   <div class='ocr_carea' id='block_1_52' title="bbox 288 5114 1865 5200">
    <p class='ocr_par' dir='ltr' id='par_1_52' title="bbox 288 5114 1865 5200">
     <span class='ocr_line' id='line_1_52' title="bbox 288 5114 1865 5200; baseline -0.017 -14"><span class='ocrx_word' id='word_1_363' title='bbox 288 5136 568 5200; x_wconf 86' lang='lat' dir='ltr'><strong>ruperunt,</strong></span> <span class='ocrx_word' id='word_1_364' title='bbox 596 5136 649 5180; x_wconf 91' lang='lat' dir='ltr'><strong>et</strong></span> <span class='ocrx_word' id='word_1_365' title='bbox 676 5121 861 5178; x_wconf 88' lang='lat' dir='ltr'><strong>eadem</strong></span> <span class='ocrx_word' id='word_1_366' title='bbox 898 5118 987 5173; x_wconf 92' lang='lat' dir='ltr'><strong>illa</strong></span> <span class='ocrx_word' id='word_1_367' title='bbox 1027 5114 1292 5186; x_wconf 81' lang='lat' dir='ltr'><strong>praeterita</strong></span> <span class='ocrx_word' id='word_1_368' title='bbox 1326 5127 1544 5183; x_wconf 89' lang='lat' dir='ltr'><strong>poscere</strong></span> <span class='ocrx_word' id='word_1_369' title='bbox 1567 5116 1865 5179; x_wconf 87' lang='lat' dir='ltr'><strong>coeperunt.</strong></span> 
     </span>
    </p>
   </div>
   <div class='ocr_carea' id='block_1_53' title="bbox 285 5197 1873 5281">
    <p class='ocr_par' dir='ltr' id='par_1_53' title="bbox 285 5197 1873 5281">
     <span class='ocr_line' id='line_1_53' title="bbox 285 5197 1873 5281; baseline -0.018 -6"><span class='ocrx_word' id='word_1_370' title='bbox 285 5197 391 5274; x_wconf 83' lang='lat' dir='ltr'><strong>Sed</strong></span> <span class='ocrx_word' id='word_1_371' title='bbox 419 5227 541 5269; x_wconf 91' lang='lat' dir='ltr'><strong>cum</strong></span> <span class='ocrx_word' id='word_1_372' title='bbox 570 5209 821 5281; x_wconf 89' lang='lat' dir='ltr'><strong>Cognitor</strong></span> <span class='ocrx_word' id='word_1_373' title='bbox 849 5204 1317 5270; x_wconf 88' lang='lat' dir='ltr'><strong>interloqueretur,</strong></span> <span class='ocrx_word' id='word_1_374' title='bbox 1367 5197 1565 5249; x_wconf 88' lang='lat' dir='ltr'><strong>debere</strong></span> <span class='ocrx_word' id='word_1_375' title='bbox 1609 5201 1754 5263; x_wconf 88' lang='lat' dir='ltr'><strong>gesta</strong></span> <span class='ocrx_word' id='word_1_376' title='bbox 1785 5206 1873 5247; x_wconf 89' lang='lat' dir='ltr'><strong>re-</strong></span> 
     </span>
    </p>
   </div>
   <div class='ocr_carea' id='block_1_54' title="bbox 290 5286 1914 5370">
    <p class='ocr_par' dir='ltr' id='par_1_54' title="bbox 290 5286 1914 5370">
     <span class='ocr_line' id='line_1_54' title="bbox 290 5286 1914 5370; baseline -0.016 -4"><span class='ocrx_word' id='word_1_377' title='bbox 290 5307 466 5370; x_wconf 80' lang='lat' dir='ltr'><strong>citari,</strong></span> <span class='ocrx_word' id='word_1_378' title='bbox 496 5313 555 5359; x_wconf 89' lang='lat' dir='ltr'><strong>ut</strong></span> <span class='ocrx_word' id='word_1_379' title='bbox 594 5302 662 5357; x_wconf 92' lang='lat' dir='ltr'><strong>de</strong></span> <span class='ocrx_word' id='word_1_380' title='bbox 689 5298 930 5370; x_wconf 89' lang='lat' dir='ltr'><strong>petitoris</strong></span> <span class='ocrx_word' id='word_1_381' title='bbox 961 5307 1189 5364; x_wconf 91' lang='lat' dir='ltr'><strong>persona</strong></span> <span class='ocrx_word' id='word_1_382' title='bbox 1235 5297 1539 5352; x_wconf 89' lang='lat' dir='ltr'><strong>constaret;</strong></span> <span class='ocrx_word' id='word_1_383' title='bbox 1570 5286 1645 5340; x_wconf 90' lang='lat' dir='ltr'><strong>illi</strong></span> <span class='ocrx_word' id='word_1_384' title='bbox 1685 5292 1873 5340; x_wconf 93' lang='lat' dir='ltr'><strong>contra</strong></span> <span class='ocrx_word' id='word_1_385' title='bbox 1908 5332 1914 5339; x_wconf 91' lang='lat'><strong>.</strong></span> 
     </span>
    </p>
   </div>
   <div class='ocr_carea' id='block_1_55' title="bbox 322 5379 1874 5463">
    <p class='ocr_par' dir='ltr' id='par_1_55' title="bbox 322 5379 1874 5463">
     <span class='ocr_line' id='line_1_55' title="bbox 322 5379 1874 5463; baseline -0.015 -9"><span class='ocrx_word' id='word_1_386' title='bbox 322 5400 357 5454; x_wconf 90' lang='lat' dir='ltr'><strong>b</strong></span> <span class='ocrx_word' id='word_1_387' title='bbox 387 5396 538 5453; x_wconf 91' lang='lat' dir='ltr'><strong>initio</strong></span> <span class='ocrx_word' id='word_1_388' title='bbox 576 5399 853 5463; x_wconf 80' lang='lat' dir='ltr'><strong>cceperunt</strong></span> <span class='ocrx_word' id='word_1_389' title='bbox 904 5387 1103 5450; x_wconf 88' lang='lat' dir='ltr'><strong>dicere,</strong></span> <span class='ocrx_word' id='word_1_390' title='bbox 1148 5397 1267 5437; x_wconf 88' lang='lat' dir='ltr'><strong>esse</strong></span> <span class='ocrx_word' id='word_1_391' title='bbox 1313 5390 1459 5452; x_wconf 88' lang='lat' dir='ltr'><strong>gesta</strong></span> <span class='ocrx_word' id='word_1_392' title='bbox 1509 5379 1706 5449; x_wconf 90' lang='lat' dir='ltr'><strong>priora,</strong></span> <span class='ocrx_word' id='word_1_393' title='bbox 1755 5391 1874 5447; x_wconf 73' lang='lat' dir='ltr'><strong>qua:</strong></span> 
     </span>
    </p>
   </div>
   <div class='ocr_carea' id='block_1_56' title="bbox 304 5469 1875 5555">
    <p class='ocr_par' dir='ltr' id='par_1_56' title="bbox 304 5469 1875 5555">
     <span class='ocr_line' id='line_1_56' title="bbox 304 5469 1875 5555; baseline -0.017 -8"><span class='ocrx_word' id='word_1_394' title='bbox 304 5489 551 5546; x_wconf 66' lang='lat' dir='ltr'><strong>deberent</strong></span> <span class='ocrx_word' id='word_1_395' title='bbox 578 5485 755 5555; x_wconf 90' lang='lat' dir='ltr'><strong>potius</strong></span> <span class='ocrx_word' id='word_1_396' title='bbox 784 5478 1016 5536; x_wconf 89' lang='lat' dir='ltr'><strong>recitari.</strong></span> <span class='ocrx_word' id='word_1_397' title='bbox 1057 5475 1251 5529; x_wconf 87' lang='lat' dir='ltr'><strong>Contra</strong></span> <span class='ocrx_word' id='word_1_398' title='bbox 1282 5490 1313 5529; x_wconf 86' lang='lat' dir='ltr'><strong>a</strong></span> <span class='ocrx_word' id='word_1_399' title='bbox 1353 5470 1642 5527; x_wconf 90' lang='lat' dir='ltr'><strong>Catholicis</strong></span> <span class='ocrx_word' id='word_1_400' title='bbox 1674 5469 1875 5524; x_wconf 90' lang='lat' dir='ltr'><strong>dictum</strong></span> 
     </span>
    </p>
   </div>
   <div class='ocr_carea' id='block_1_57' title="bbox 368 5629 1575 5703">
    <p class='ocr_par' dir='ltr' id='par_1_57' title="bbox 368 5629 1575 5703">
     <span class='ocr_line' id='line_1_57' title="bbox 368 5629 1575 5703; baseline -0.022 -1"><span class='ocrx_word' id='word_1_401' title='bbox 368 5656 419 5703; x_wconf 65' lang='grc' dir='ltr'><strong>α)</strong></span> <span class='ocrx_word' id='word_1_402' title='bbox 457 5650 572 5698; x_wconf 77' lang='lat' dir='ltr'><strong>Vide</strong></span> <span class='ocrx_word' id='word_1_403' title='bbox 594 5644 736 5703; x_wconf 80' lang='lat' dir='ltr'><strong>infra,</strong></span> <span class='ocrx_word' id='word_1_404' title='bbox 756 5641 841 5691; x_wconf 92' lang='lat' dir='ltr'><strong>lib.</strong></span> <span class='ocrx_word' id='word_1_405' title='bbox 869 5643 977 5702; x_wconf 87' lang='lat' dir='ltr'><strong>post</strong></span> <span class='ocrx_word' id='word_1_406' title='bbox 994 5634 1430 5703; x_wconf 33' lang='lat' dir='ltr'><strong>ppllationerrthnn.</strong></span> <span class='ocrx_word' id='word_1_407' title='bbox 1460 5630 1505 5689; x_wconf 80' lang='lat' dir='ltr'><strong>l,</strong></span> 
     </span>
    </p>
   </div>
   <div class='ocr_carea' id='block_1_58' title="bbox 352 5656 1874 5777">
    <p class='ocr_par' dir='ltr' id='par_1_58' title="bbox 352 5656 1874 5777">
     <span class='ocr_line' id='line_1_58' title="bbox 352 5656 1575 5716; baseline -0.021 -14"><span class='ocrx_word' id='word_1_408' title='bbox 352 5656 398 5716; x_wconf 79' lang='grc' dir='ltr'><strong>[α</strong></span> <span class='ocrx_word' id='word_1_409' title='bbox 457 5656 572 5698; x_wconf 75' lang='lat' dir='ltr'><strong>Vide</strong></span> <span class='ocrx_word' id='word_1_410' title='bbox 594 5656 736 5703; x_wconf 83' lang='lat' dir='ltr'><strong>intra,</strong></span> <span class='ocrx_word' id='word_1_411' title='bbox 758 5656 841 5691; x_wconf 86' lang='lat' dir='ltr'><strong>Ill).</strong></span> <span class='ocrx_word' id='word_1_412' title='bbox 869 5656 977 5702; x_wconf 65' lang='lat' dir='ltr'><strong>p05!</strong></span> <span class='ocrx_word' id='word_1_413' title='bbox 996 5656 1323 5692; x_wconf 71' lang='lat' dir='ltr'><strong>UUIIEIUUHL&#39;III,</strong></span> <span class='ocrx_word' id='word_1_414' title='bbox 1351 5656 1430 5681; x_wconf 88' lang='lat' dir='ltr'><strong>uu.</strong></span> <span class='ocrx_word' id='word_1_415' title='bbox 1460 5656 1505 5689; x_wconf 81' lang='grc' dir='ltr'><strong>ι,</strong></span> <span class='ocrx_word' id='word_1_416' title='bbox 1532 5656 1575 5678; x_wconf 66' lang='grc' dir='ltr'><strong>ι.</strong></span> 
     </span>
     <span class='ocr_line' id='line_1_59' title="bbox 352 5656 1874 5777; baseline -0.005 6"><span class='ocrx_word' id='word_1_417' title='bbox 352 5656 422 5777; x_wconf 61' lang='lat' dir='ltr'><strong>ei</strong></span> <span class='ocrx_word' id='word_1_418' title='bbox 457 5717 507 5759; x_wconf 80' lang='grc' dir='ltr'><strong>ιιι</strong></span> <span class='ocrx_word' id='word_1_419' title='bbox 550 5706 715 5758; x_wconf 71' lang='grc' dir='ltr'><strong>(ιοιιειι⁸</strong></span> <span class='ocrx_word' id='word_1_420' title='bbox 739 5705 801 5777; x_wconf 64' lang='grc' dir='ltr'><strong>,δν</strong></span> <span class='ocrx_word' id='word_1_421' title='bbox 840 5713 945 5777; x_wconf 58' lang='lat' dir='ltr'><strong>ea»;</strong></span> <span class='ocrx_word' id='word_1_422' title='bbox 961 5699 1093 5777; x_wconf 52' lang='grc' dir='ltr'><strong>ων</strong></span> <span class='ocrx_word' id='word_1_423' title='bbox 1118 5694 1371 5777; x_wconf 59' lang='lat' dir='ltr'><strong>aere&quot;.</strong></span> <span class='ocrx_word' id='word_1_424' title='bbox 1386 5687 1874 5777; x_wconf 53' lang='lat' dir='ltr'><strong>assesasses</strong></span> 
     </span>
    </p>
   </div>
   <div class='ocr_carea' id='block_1_59' title="bbox 317 5748 1874 5837">
    <p class='ocr_par' dir='ltr' id='par_1_59' title="bbox 317 5748 1874 5837">
     <span class='ocr_line' id='line_1_60' title="bbox 317 5748 1874 5837; baseline -0.02 -10"><span class='ocrx_word' id='word_1_425' title='bbox 317 5748 433 5837; x_wconf 48' lang='lat' dir='ltr'><strong>(epit</strong></span> <span class='ocrx_word' id='word_1_426' title='bbox 557 5748 1091 5828; x_wconf 37' lang='lat' dir='ltr'><strong>Exempluinvactorutn</strong></span> <span class='ocrx_word' id='word_1_427' title='bbox 1121 5759 1211 5837; x_wconf 63' lang='lat' dir='ltr'><strong>sub</strong></span> <span class='ocrx_word' id='word_1_428' title='bbox 1243 5757 1323 5805; x_wconf 88' lang='lat' dir='ltr'><strong>die</strong></span> <span class='ocrx_word' id='word_1_429' title='bbox 1361 5748 1773 5837; x_wconf 47' lang='lat' dir='ltr'><strong>tertio-calendas</strong></span> <span class='ocrx_word' id='word_1_430' title='bbox 1802 5748 1874 5798; x_wconf 84' lang='lat' dir='ltr'><strong>fe-</strong></span> 
     </span>
    </p>
   </div>
   <div class='ocr_carea' id='block_1_60' title="bbox 302 5813 1874 5889">
    <p class='ocr_par' dir='ltr' id='par_1_60' title="bbox 302 5813 1874 5889">
     <span class='ocr_line' id='line_1_61' title="bbox 302 5813 1874 5889; baseline -0.015 -2"><span class='ocrx_word' id='word_1_431' title='bbox 302 5813 835 5889; x_wconf 49' lang='lat' dir='ltr'><strong>.&quot;it&#39;r&#39;iiahis&#39;méhme,</strong></span> <span class='ocrx_word' id='word_1_432' title='bbox 855 5834 906 5874; x_wconf 91' lang='lat' dir='ltr'><strong>D.</strong></span> <span class='ocrx_word' id='word_1_433' title='bbox 934 5832 983 5872; x_wconf 77' lang='grc' dir='ltr'><strong>Ν.</strong></span> <span class='ocrx_word' id='word_1_434' title='bbox 1018 5822 1213 5889; x_wconf 60' lang='lat' dir='ltr'><strong>arcadio</strong></span> <span class='ocrx_word' id='word_1_435' title='bbox 1236 5827 1313 5869; x_wconf 80' lang='lat' dir='ltr'><strong>PP.</strong></span> <span class='ocrx_word' id='word_1_436' title='bbox 1350 5824 1560 5880; x_wconf 80' lang='lat' dir='ltr'><strong>Auguste</strong></span> <span class='ocrx_word' id='word_1_437' title='bbox 1584 5822 1635 5867; x_wconf 88' lang='lat' dir='ltr'><strong>et</strong></span> <span class='ocrx_word' id='word_1_438' title='bbox 1657 5813 1807 5862; x_wconf 84' lang='lat' dir='ltr'><strong>Probo</strong></span> <span class='ocrx_word' id='word_1_439' title='bbox 1826 5824 1874 5864; x_wconf 77' lang='lat' dir='ltr'><strong>tv</strong></span> 
     </span>
    </p>
   </div>
   <div class='ocr_carea' id='block_1_61' title="bbox 305 5884 1161 5955">
    <p class='ocr_par' dir='ltr' id='par_1_61' title="bbox 305 5884 1161 5955">
     <span class='ocr_line' id='line_1_62' title="bbox 305 5884 1161 5955; baseline -0.019 -5"><span class='ocrx_word' id='word_1_440' title='bbox 305 5884 498 5953; x_wconf 52' lang='lat' dir='ltr'><strong>tesi...</strong></span> <span class='ocrx_word' id='word_1_441' title='bbox 530 5896 577 5947; x_wconf 80' lang='lat' dir='ltr'><strong>id</strong></span> <span class='ocrx_word' id='word_1_442' title='bbox 602 5902 695 5955; x_wconf 89' lang='lat' dir='ltr'><strong>est,</strong></span> <span class='ocrx_word' id='word_1_443' title='bbox 723 5884 848 5942; x_wconf 85' lang='lat' dir='ltr'><strong>anno</strong></span> <span class='ocrx_word' id='word_1_444' title='bbox 869 5886 1035 5943; x_wconf 79' lang='lat' dir='ltr'><strong>Ciuisti</strong></span> <span class='ocrx_word' id='word_1_445' title='bbox 1054 5884 1161 5935; x_wconf 65' lang='lat'><strong>406.</strong></span> 
     </span>
    </p>
   </div>
   <div class='ocr_carea' id='block_1_62' title="bbox 1088 428 2631 497">
    <p class='ocr_par' dir='ltr' id='par_1_62' title="bbox 1088 428 2631 497">
     <span class='ocr_line' id='line_1_63' title="bbox 1088 428 2631 497; baseline -0.008 0"><span class='ocrx_word' id='word_1_446' title='bbox 1088 435 1517 497; x_wconf 81' lang='lat' dir='ltr'><strong>BREVICULUS</strong></span> <span class='ocrx_word' id='word_1_447' title='bbox 1552 428 1996 492; x_wconf 81' lang='lat' dir='ltr'><strong>COLLATIONIS</strong></span> <span class='ocrx_word' id='word_1_448' title='bbox 2031 432 2173 489; x_wconf 77' lang='lat' dir='ltr'><strong>CUM</strong></span> <span class='ocrx_word' id='word_1_449' title='bbox 2214 431 2631 489; x_wconf 80' lang='lat' dir='ltr'><strong>DONATISTIS.</strong></span> 
     </span>
    </p>
   </div>
   <div class='ocr_carea' id='block_1_63' title="bbox 3393 428 3501 486">
    <p class='ocr_par' dir='ltr' id='par_1_63' title="bbox 3393 428 3501 486">
     <span class='ocr_line' id='line_1_64' title="bbox 3393 428 3501 486; baseline -0.019 0"><span class='ocrx_word' id='word_1_450' title='bbox 3393 428 3501 486; x_wconf 61' lang='lat'><strong>6$6</strong></span> 
     </span>
    </p>
   </div>
   <div class='ocr_carea' id='block_1_64' title="bbox 1920 540 3499 615">
    <p class='ocr_par' dir='ltr' id='par_1_64' title="bbox 1920 540 3499 615">
     <span class='ocr_line' id='line_1_65' title="bbox 1920 540 3499 615; baseline -0.002 -15"><span class='ocrx_word' id='word_1_451' title='bbox 1920 554 2024 612; x_wconf 92' lang='lat' dir='ltr'><strong>est,</strong></span> <span class='ocrx_word' id='word_1_452' title='bbox 2059 545 2178 600; x_wconf 87' lang='lat' dir='ltr'><strong>ideo</strong></span> <span class='ocrx_word' id='word_1_453' title='bbox 2206 545 2323 601; x_wconf 89' lang='lat' dir='ltr'><strong>illos</strong></span> <span class='ocrx_word' id='word_1_454' title='bbox 2356 545 2495 601; x_wconf 90' lang='lat' dir='ltr'><strong>nolle</strong></span> <span class='ocrx_word' id='word_1_455' title='bbox 2541 554 2599 600; x_wconf 92' lang='lat' dir='ltr'><strong>ut</strong></span> <span class='ocrx_word' id='word_1_456' title='bbox 2634 550 2782 615; x_wconf 89' lang='lat' dir='ltr'><strong>gesta</strong></span> <span class='ocrx_word' id='word_1_457' title='bbox 2810 540 3141 614; x_wconf 66' lang='lat' dir='ltr'><strong>praefectoria</strong></span> <span class='ocrx_word' id='word_1_458' title='bbox 3171 540 3499 612; x_wconf 85' lang='lat' dir='ltr'><strong>legerentur.</strong></span> 
     </span>
    </p>
   </div>
   <div class='ocr_carea' id='block_1_65' title="bbox 1921 636 3335 709">
    <p class='ocr_par' dir='ltr' id='par_1_65' title="bbox 1921 636 3335 709">
     <span class='ocr_line' id='line_1_66' title="bbox 1921 636 3335 709; baseline -0.002 -16"><span class='ocrx_word' id='word_1_459' title='bbox 1921 637 2061 709; x_wconf 91' lang='lat' dir='ltr'><strong>quod</strong></span> <span class='ocrx_word' id='word_1_460' title='bbox 2093 639 2143 692; x_wconf 91' lang='lat' dir='ltr'><strong>in</strong></span> <span class='ocrx_word' id='word_1_461' title='bbox 2172 638 2250 693; x_wconf 91' lang='lat' dir='ltr'><strong>eis</strong></span> <span class='ocrx_word' id='word_1_462' title='bbox 2274 639 2672 707; x_wconf 86' lang='lat' dir='ltr'><strong>prosecutiones</strong></span> <span class='ocrx_word' id='word_1_463' title='bbox 2699 638 2941 708; x_wconf 87' lang='lat' dir='ltr'><strong>proprias</strong></span> <span class='ocrx_word' id='word_1_464' title='bbox 2968 636 3335 693; x_wconf 86' lang='lat' dir='ltr'><strong>formidarent.</strong></span> 
     </span>
    </p>
   </div>
   <div class='ocr_carea' id='block_1_66' title="bbox 1993 728 3507 801">
    <p class='ocr_par' dir='ltr' id='par_1_66' title="bbox 1993 728 3507 801">
     <span class='ocr_line' id='line_1_67' title="bbox 1993 728 3507 801; baseline -0.001 -17"><span class='ocrx_word' id='word_1_465' title='bbox 1993 728 2219 785; x_wconf 84' lang='lat' dir='ltr'><strong>CAPUT</strong></span> <span class='ocrx_word' id='word_1_466' title='bbox 2256 730 2320 783; x_wconf 84' lang='lat' dir='ltr'><strong>V.</strong></span> <span class='ocrx_word' id='word_1_467' title='bbox 2343 761 2413 771; x_wconf 94' lang='lat'><strong><em>—</em></strong></span> <span class='ocrx_word' id='word_1_468' title='bbox 2440 729 2493 785; x_wconf 92' lang='lat'><strong>6.</strong></span> <span class='ocrx_word' id='word_1_469' title='bbox 2533 729 2851 787; x_wconf 90' lang='lat' dir='ltr'><strong>Obtulerunt</strong></span> <span class='ocrx_word' id='word_1_470' title='bbox 2878 744 3006 801; x_wconf 92' lang='lat' dir='ltr'><strong>ergo</strong></span> <span class='ocrx_word' id='word_1_471' title='bbox 3034 729 3324 784; x_wconf 67' lang='lat' dir='ltr'><strong>Donatistae</strong></span> <span class='ocrx_word' id='word_1_472' title='bbox 3353 735 3507 797; x_wconf 73' lang='lat' dir='ltr'><strong>geste</strong></span> 
     </span>
    </p>
   </div>
   <div class='ocr_carea' id='block_1_67' title="bbox 1925 819 3503 893">
    <p class='ocr_par' dir='ltr' id='par_1_67' title="bbox 1925 819 3503 893">
     <span class='ocr_line' id='line_1_68' title="bbox 1925 819 3503 893; baseline -0.001 -16"><span class='ocrx_word' id='word_1_473' title='bbox 1925 822 2342 893; x_wconf 90' lang='lat' dir='ltr'><strong>proconsularia,</strong></span> <span class='ocrx_word' id='word_1_474' title='bbox 2370 832 2423 877; x_wconf 91' lang='lat' dir='ltr'><strong>et</strong></span> <span class='ocrx_word' id='word_1_475' title='bbox 2456 823 2665 877; x_wconf 72' lang='lat' dir='ltr'><strong>vicaria:</strong></span> <span class='ocrx_word' id='word_1_476' title='bbox 2706 823 3031 893; x_wconf 77' lang='lat' dir='ltr'><strong>praefectura:</strong></span> <span class='ocrx_word' id='word_1_477' title='bbox 3057 820 3156 892; x_wconf 90' lang='lat' dir='ltr'><strong>(a),</strong></span> <span class='ocrx_word' id='word_1_478' title='bbox 3189 821 3280 877; x_wconf 90' lang='lat' dir='ltr'><strong>ubi</strong></span> <span class='ocrx_word' id='word_1_479' title='bbox 3308 819 3503 876; x_wconf 85' lang='lat' dir='ltr'><strong>Catho-</strong></span> 
     </span>
    </p>
   </div>
   <div class='ocr_carea' id='block_1_68' title="bbox 1925 909 3506 983">
    <p class='ocr_par' dir='ltr' id='par_1_68' title="bbox 1925 909 3506 983">
     <span class='ocr_line' id='line_1_69' title="bbox 1925 909 3506 983; baseline -0.001 -16"><span class='ocrx_word' id='word_1_480' title='bbox 1925 912 2012 967; x_wconf 92' lang='lat' dir='ltr'><strong>lici</strong></span> <span class='ocrx_word' id='word_1_481' title='bbox 2041 913 2305 983; x_wconf 87' lang='lat' dir='ltr'><strong>petierant</strong></span> <span class='ocrx_word' id='word_1_482' title='bbox 2350 927 2446 967; x_wconf 90' lang='lat' dir='ltr'><strong>eos</strong></span> <span class='ocrx_word' id='word_1_483' title='bbox 2489 913 2621 967; x_wconf 90' lang='lat' dir='ltr'><strong>actis</strong></span> <span class='ocrx_word' id='word_1_484' title='bbox 2664 912 3072 983; x_wconf 86' lang='lat' dir='ltr'><strong>municipalibus</strong></span> <span class='ocrx_word' id='word_1_485' title='bbox 3116 909 3417 975; x_wconf 85' lang='lat' dir='ltr'><strong>conveniri,</strong></span> <span class='ocrx_word' id='word_1_486' title='bbox 3446 920 3506 966; x_wconf 87' lang='lat' dir='ltr'><strong>ut</strong></span> 
     </span>
    </p>
   </div>
   <div class='ocr_carea' id='block_1_69' title="bbox 1925 1000 3506 1076">
    <p class='ocr_par' dir='ltr' id='par_1_69' title="bbox 1925 1000 3506 1076">
     <span class='ocr_line' id='line_1_70' title="bbox 1925 1000 3506 1076; baseline -0.002 -19"><span class='ocrx_word' id='word_1_487' title='bbox 1925 1002 2221 1059; x_wconf 88' lang='lat' dir='ltr'><strong>Collatione</strong></span> <span class='ocrx_word' id='word_1_488' title='bbox 2253 1012 2599 1076; x_wconf 90' lang='lat' dir='ltr'><strong>utrorumque</strong></span> <span class='ocrx_word' id='word_1_489' title='bbox 2641 1003 2776 1059; x_wconf 87' lang='lat' dir='ltr'><strong>facta</strong></span> <span class='ocrx_word' id='word_1_490' title='bbox 2825 1018 2977 1058; x_wconf 84' lang='lat' dir='ltr'><strong>error</strong></span> <span class='ocrx_word' id='word_1_491' title='bbox 3020 1002 3090 1057; x_wconf 91' lang='lat' dir='ltr'><strong>de</strong></span> <span class='ocrx_word' id='word_1_492' title='bbox 3128 1001 3307 1057; x_wconf 88' lang='lat' dir='ltr'><strong>medio</strong></span> <span class='ocrx_word' id='word_1_493' title='bbox 3344 1000 3506 1056; x_wconf 87' lang='lat' dir='ltr'><strong>tolle-</strong></span> 
     </span>
    </p>
   </div>
   <div class='ocr_carea' id='block_1_70' title="bbox 1927 1092 3507 1166">
    <p class='ocr_par' dir='ltr' id='par_1_70' title="bbox 1927 1092 3507 1166">
     <span class='ocr_line' id='line_1_71' title="bbox 1927 1092 3507 1166; baseline -0.003 -16"><span class='ocrx_word' id='word_1_494' title='bbox 1927 1104 2092 1163; x_wconf 88' lang='lat' dir='ltr'><strong>retur,</strong></span> <span class='ocrx_word' id='word_1_495' title='bbox 2140 1096 2296 1166; x_wconf 88' lang='lat' dir='ltr'><strong>longe</strong></span> <span class='ocrx_word' id='word_1_496' title='bbox 2344 1105 2628 1166; x_wconf 87' lang='lat' dir='ltr'><strong>antequam</strong></span> <span class='ocrx_word' id='word_1_497' title='bbox 2675 1096 2843 1165; x_wconf 89' lang='lat' dir='ltr'><strong>ipsam</strong></span> <span class='ocrx_word' id='word_1_498' title='bbox 2889 1094 3241 1151; x_wconf 89' lang='lat' dir='ltr'><strong>Collationem</strong></span> <span class='ocrx_word' id='word_1_499' title='bbox 3283 1093 3352 1147; x_wconf 91' lang='lat' dir='ltr'><strong>ab</strong></span> <span class='ocrx_word' id='word_1_500' title='bbox 3401 1092 3507 1146; x_wconf 55' lang='grc' dir='ltr'><strong>ιω.</strong></span> 
     </span>
    </p>
   </div>
   <div class='ocr_carea' id='block_1_71' title="bbox 1927 1186 3509 1259">
    <p class='ocr_par' dir='ltr' id='par_1_71' title="bbox 1927 1186 3509 1259">
     <span class='ocr_line' id='line_1_72' title="bbox 1927 1186 3509 1259; baseline 0 -17"><span class='ocrx_word' id='word_1_501' title='bbox 1927 1198 2175 1258; x_wconf 87' lang='lat' dir='ltr'><strong>peratore</strong></span> <span class='ocrx_word' id='word_1_502' title='bbox 2202 1188 2516 1258; x_wconf 85' lang='lat' dir='ltr'><strong>petivissent</strong></span> <span class='ocrx_word' id='word_1_503' title='bbox 2538 1207 2552 1243; x_wconf 86' lang='lat'><strong>:</strong></span> <span class='ocrx_word' id='word_1_504' title='bbox 2581 1196 2636 1243; x_wconf 90' lang='lat' dir='ltr'><strong>et</strong></span> <span class='ocrx_word' id='word_1_505' title='bbox 2653 1188 2738 1244; x_wconf 88' lang='lat' dir='ltr'><strong>his</strong></span> <span class='ocrx_word' id='word_1_506' title='bbox 2755 1189 2919 1259; x_wconf 89' lang='lat' dir='ltr'><strong>gestis</strong></span> <span class='ocrx_word' id='word_1_507' title='bbox 2937 1187 3240 1244; x_wconf 87' lang='lat' dir='ltr'><strong>Catholicos</strong></span> <span class='ocrx_word' id='word_1_508' title='bbox 3260 1186 3509 1242; x_wconf 88' lang='lat' dir='ltr'><strong>volebant</strong></span> 
     </span>
    </p>
   </div>
   <div class='ocr_carea' id='block_1_72' title="bbox 1929 1279 3512 1352">
    <p class='ocr_par' dir='ltr' id='par_1_72' title="bbox 1929 1279 3512 1352">
     <span class='ocr_line' id='line_1_73' title="bbox 1929 1279 3512 1352; baseline -0.003 -15"><span class='ocrx_word' id='word_1_509' title='bbox 1929 1282 2233 1349; x_wconf 90' lang='lat' dir='ltr'><strong>ostendere,</strong></span> <span class='ocrx_word' id='word_1_510' title='bbox 2285 1283 2404 1337; x_wconf 93' lang='lat' dir='ltr'><strong>loco</strong></span> <span class='ocrx_word' id='word_1_511' title='bbox 2447 1282 2700 1338; x_wconf 87' lang='lat' dir='ltr'><strong>assistere</strong></span> <span class='ocrx_word' id='word_1_512' title='bbox 2735 1283 3043 1352; x_wconf 90' lang='lat' dir='ltr'><strong>petitorum,</strong></span> <span class='ocrx_word' id='word_1_513' title='bbox 3086 1281 3209 1352; x_wconf 88' lang='lat' dir='ltr'><strong>quia</strong></span> <span class='ocrx_word' id='word_1_514' title='bbox 3257 1279 3368 1334; x_wconf 91' lang='lat' dir='ltr'><strong>illic</strong></span> <span class='ocrx_word' id='word_1_515' title='bbox 3416 1292 3512 1333; x_wconf 88' lang='lat' dir='ltr'><strong>eos</strong></span> 
     </span>
    </p>
   </div>
   <div class='ocr_carea' id='block_1_73' title="bbox 1930 1371 3513 1443">
    <p class='ocr_par' dir='ltr' id='par_1_73' title="bbox 1930 1371 3513 1443">
     <span class='ocr_line' id='line_1_74' title="bbox 1930 1371 3513 1443; baseline -0.003 -16"><span class='ocrx_word' id='word_1_516' title='bbox 1930 1372 2176 1429; x_wconf 88' lang='lat' dir='ltr'><strong>dixerant</strong></span> <span class='ocrx_word' id='word_1_517' title='bbox 2203 1375 2485 1442; x_wconf 61' lang='lat' dir='ltr'><strong>haereticos,</strong></span> <span class='ocrx_word' id='word_1_518' title='bbox 2532 1372 2694 1427; x_wconf 81' lang='lat' dir='ltr'><strong>multa</strong></span> <span class='ocrx_word' id='word_1_519' title='bbox 2740 1383 2915 1428; x_wconf 85' lang='lat' dir='ltr'><strong>contra</strong></span> <span class='ocrx_word' id='word_1_520' title='bbox 2940 1372 3135 1427; x_wconf 70' lang='lat' dir='ltr'><strong>divinas</strong></span> <span class='ocrx_word' id='word_1_521' title='bbox 3167 1372 3299 1443; x_wconf 82' lang='lat' dir='ltr'><strong>leges</strong></span> <span class='ocrx_word' id='word_1_522' title='bbox 3326 1371 3513 1424; x_wconf 83' lang='lat' dir='ltr'><strong>Imma-</strong></span> 
     </span>
    </p>
   </div>
   <div class='ocr_carea' id='block_1_74' title="bbox 1932 1463 3515 1535">
    <p class='ocr_par' dir='ltr' id='par_1_74' title="bbox 1932 1463 3515 1535">
     <span class='ocr_line' id='line_1_75' title="bbox 1932 1463 3515 1535; baseline -0.002 -18"><span class='ocrx_word' id='word_1_523' title='bbox 1932 1480 2119 1535; x_wconf 78' lang='lat' dir='ltr'><strong>nasque</strong></span> <span class='ocrx_word' id='word_1_524' title='bbox 2175 1466 2500 1520; x_wconf 81' lang='lat' dir='ltr'><strong>committere.</strong></span> <span class='ocrx_word' id='word_1_525' title='bbox 2558 1465 2754 1520; x_wconf 89' lang='lat' dir='ltr'><strong>Contra</strong></span> <span class='ocrx_word' id='word_1_526' title='bbox 2809 1465 2912 1520; x_wconf 92' lang='lat' dir='ltr'><strong>hoc</strong></span> <span class='ocrx_word' id='word_1_527' title='bbox 2945 1464 3204 1519; x_wconf 87' lang='lat' dir='ltr'><strong>Catholici</strong></span> <span class='ocrx_word' id='word_1_528' title='bbox 3245 1463 3515 1527; x_wconf 89' lang='lat' dir='ltr'><strong>dicebant,</strong></span> 
     </span>
    </p>
   </div>
   <div class='ocr_carea' id='block_1_75' title="bbox 1934 1552 3517 1627">
    <p class='ocr_par' dir='ltr' id='par_1_75' title="bbox 1934 1552 3517 1627">
     <span class='ocr_line' id='line_1_76' title="bbox 1934 1552 3517 1627; baseline 0 -20"><span class='ocrx_word' id='word_1_529' title='bbox 1934 1552 2054 1611; x_wconf 87' lang='lat' dir='ltr'><strong>ideo</strong></span> <span class='ocrx_word' id='word_1_530' title='bbox 2078 1570 2139 1611; x_wconf 87' lang='lat' dir='ltr'><strong>se</strong></span> <span class='ocrx_word' id='word_1_531' title='bbox 2170 1557 2328 1611; x_wconf 92' lang='lat' dir='ltr'><strong>etiam</strong></span> <span class='ocrx_word' id='word_1_532' title='bbox 2360 1565 2487 1611; x_wconf 92' lang='lat' dir='ltr'><strong>tunc</strong></span> <span class='ocrx_word' id='word_1_533' title='bbox 2527 1555 2794 1627; x_wconf 88' lang='lat' dir='ltr'><strong>ﬂagitasse</strong></span> <span class='ocrx_word' id='word_1_534' title='bbox 2840 1554 3212 1619; x_wconf 89' lang='lat' dir='ltr'><strong>Collationem,</strong></span> <span class='ocrx_word' id='word_1_535' title='bbox 3245 1564 3303 1608; x_wconf 91' lang='lat' dir='ltr'><strong>ut</strong></span> <span class='ocrx_word' id='word_1_536' title='bbox 3329 1562 3517 1608; x_wconf 86' lang='lat' dir='ltr'><strong>contra</strong></span> 
     </span>
    </p>
   </div>
   <div class='ocr_carea' id='block_1_76' title="bbox 1934 1646 3518 1719">
    <p class='ocr_par' dir='ltr' id='par_1_76' title="bbox 1934 1646 3518 1719">
     <span class='ocr_line' id='line_1_77' title="bbox 1934 1646 3518 1719; baseline -0.001 -17"><span class='ocrx_word' id='word_1_537' title='bbox 1934 1661 2117 1702; x_wconf 91' lang='lat' dir='ltr'><strong>eorum</strong></span> <span class='ocrx_word' id='word_1_538' title='bbox 2148 1647 2373 1702; x_wconf 91' lang='lat' dir='ltr'><strong>erimina</strong></span> <span class='ocrx_word' id='word_1_539' title='bbox 2400 1663 2496 1719; x_wconf 88' lang='lat' dir='ltr'><strong>pro</strong></span> <span class='ocrx_word' id='word_1_540' title='bbox 2522 1647 2759 1703; x_wconf 86' lang='lat' dir='ltr'><strong>Ecclesia</strong></span> <span class='ocrx_word' id='word_1_541' title='bbox 2782 1646 3188 1717; x_wconf 90' lang='lat' dir='ltr'><strong>responderent.</strong></span> <span class='ocrx_word' id='word_1_542' title='bbox 3218 1646 3401 1716; x_wconf 85' lang='lat' dir='ltr'><strong>itaque</strong></span> <span class='ocrx_word' id='word_1_543' title='bbox 3426 1661 3518 1715; x_wconf 86' lang='lat' dir='ltr'><strong>pe-</strong></span> 
     </span>
    </p>
   </div>
   <div class='ocr_carea' id='block_1_77' title="bbox 1936 1739 3521 1812">
    <p class='ocr_par' dir='ltr' id='par_1_77' title="bbox 1936 1739 3521 1812">
     <span class='ocr_line' id='line_1_78' title="bbox 1936 1739 3521 1812; baseline -0.003 -17"><span class='ocrx_word' id='word_1_544' title='bbox 1936 1743 2167 1796; x_wconf 90' lang='lat' dir='ltr'><strong>tiverunt</strong></span> <span class='ocrx_word' id='word_1_545' title='bbox 2195 1742 2411 1812; x_wconf 81' lang='lat' dir='ltr'><strong>saepius,</strong></span> <span class='ocrx_word' id='word_1_546' title='bbox 2442 1749 2499 1795; x_wconf 92' lang='lat' dir='ltr'><strong>ut</strong></span> <span class='ocrx_word' id='word_1_547' title='bbox 2527 1742 2570 1796; x_wconf 88' lang='lat' dir='ltr'><strong>si</strong></span> <span class='ocrx_word' id='word_1_548' title='bbox 2597 1756 2657 1795; x_wconf 90' lang='lat' dir='ltr'><strong>ea</strong></span> <span class='ocrx_word' id='word_1_549' title='bbox 2687 1750 2834 1811; x_wconf 88' lang='lat' dir='ltr'><strong>gesta</strong></span> <span class='ocrx_word' id='word_1_550' title='bbox 2864 1739 3141 1795; x_wconf 89' lang='lat' dir='ltr'><strong>recitanda</strong></span> <span class='ocrx_word' id='word_1_551' title='bbox 3167 1747 3365 1802; x_wconf 89' lang='lat' dir='ltr'><strong>essent,</strong></span> <span class='ocrx_word' id='word_1_552' title='bbox 3400 1753 3521 1807; x_wconf 76' lang='lat' dir='ltr'><strong>qua:</strong></span> 
     </span>
    </p>
   </div>
   <div class='ocr_carea' id='block_1_78' title="bbox 1937 1829 3521 1903">
    <p class='ocr_par' dir='ltr' id='par_1_78' title="bbox 1937 1829 3521 1903">
     <span class='ocr_line' id='line_1_79' title="bbox 1937 1829 3521 1903; baseline -0.002 -17"><span class='ocrx_word' id='word_1_553' title='bbox 1937 1834 2115 1902; x_wconf 88' lang='lat' dir='ltr'><strong>priora</strong></span> <span class='ocrx_word' id='word_1_554' title='bbox 2140 1846 2258 1887; x_wconf 86' lang='lat' dir='ltr'><strong>esse</strong></span> <span class='ocrx_word' id='word_1_555' title='bbox 2285 1840 2589 1895; x_wconf 88' lang='lat' dir='ltr'><strong>constaret;</strong></span> <span class='ocrx_word' id='word_1_556' title='bbox 2618 1832 2703 1886; x_wconf 87' lang='lat' dir='ltr'><strong>illa</strong></span> <span class='ocrx_word' id='word_1_557' title='bbox 2735 1832 2912 1903; x_wconf 88' lang='lat' dir='ltr'><strong>potius</strong></span> <span class='ocrx_word' id='word_1_558' title='bbox 2939 1832 3263 1901; x_wconf 79' lang='lat' dir='ltr'><strong>legerentur,</strong></span> <span class='ocrx_word' id='word_1_559' title='bbox 3296 1830 3383 1883; x_wconf 92' lang='lat' dir='ltr'><strong>ubi</strong></span> <span class='ocrx_word' id='word_1_560' title='bbox 3412 1829 3521 1883; x_wconf 89' lang='lat' dir='ltr'><strong>Do-</strong></span> 
     </span>
    </p>
   </div>
   <div class='ocr_carea' id='block_1_79' title="bbox 1938 1922 3523 1995">
    <p class='ocr_par' dir='ltr' id='par_1_79' title="bbox 1938 1922 3523 1995">
     <span class='ocr_line' id='line_1_80' title="bbox 1938 1922 3523 1995; baseline -0.005 -14"><span class='ocrx_word' id='word_1_561' title='bbox 1938 1926 2147 1981; x_wconf 68' lang='lat' dir='ltr'><strong>natistae</strong></span> <span class='ocrx_word' id='word_1_562' title='bbox 2190 1926 2435 1995; x_wconf 89' lang='lat' dir='ltr'><strong>primitus</strong></span> <span class='ocrx_word' id='word_1_563' title='bbox 2483 1940 2698 1980; x_wconf 91' lang='lat' dir='ltr'><strong>causam</strong></span> <span class='ocrx_word' id='word_1_564' title='bbox 2724 1923 2994 1979; x_wconf 81' lang='lat' dir='ltr'><strong>Caeciliani</strong></span> <span class='ocrx_word' id='word_1_565' title='bbox 3033 1922 3100 1977; x_wconf 89' lang='lat' dir='ltr'><strong>ad</strong></span> <span class='ocrx_word' id='word_1_566' title='bbox 3142 1924 3523 1993; x_wconf 87' lang='lat' dir='ltr'><strong>imperatorem</strong></span> 
     </span>
    </p>
   </div>
   <div class='ocr_carea' id='block_1_80' title="bbox 1940 2010 3524 2087">
    <p class='ocr_par' dir='ltr' id='par_1_80' title="bbox 1940 2010 3524 2087">
     <span class='ocr_line' id='line_1_81' title="bbox 1940 2010 3524 2087; baseline -0.004 -14"><span class='ocrx_word' id='word_1_567' title='bbox 1940 2018 2343 2075; x_wconf 88' lang='lat' dir='ltr'><strong>Constantinum</strong></span> <span class='ocrx_word' id='word_1_568' title='bbox 2377 2032 2474 2087; x_wconf 92' lang='lat' dir='ltr'><strong>per</strong></span> <span class='ocrx_word' id='word_1_569' title='bbox 2502 2016 2787 2071; x_wconf 85' lang='lat' dir='ltr'><strong>Anulinum</strong></span> <span class='ocrx_word' id='word_1_570' title='bbox 2822 2014 3193 2085; x_wconf 89' lang='lat' dir='ltr'><strong>proconsulem</strong></span> <span class='ocrx_word' id='word_1_571' title='bbox 3222 2010 3524 2068; x_wconf 88' lang='lat' dir='ltr'><strong>accusando</strong></span> 
     </span>
    </p>
   </div>
   <div class='ocr_carea' id='block_1_81' title="bbox 1941 2103 3524 2176">
    <p class='ocr_par' dir='ltr' id='par_1_81' title="bbox 1941 2103 3524 2176">
     <span class='ocr_line' id='line_1_82' title="bbox 1941 2103 3524 2176; baseline -0.005 -12"><span class='ocrx_word' id='word_1_572' title='bbox 1941 2109 2203 2165; x_wconf 87' lang='lat' dir='ltr'><strong>miserunt</strong></span> <span class='ocrx_word' id='word_1_573' title='bbox 2234 2126 2247 2162; x_wconf 91' lang='lat'><strong>:</strong></span> <span class='ocrx_word' id='word_1_574' title='bbox 2282 2107 2622 2176; x_wconf 83' lang='lat' dir='ltr'><strong>recitatisque</strong></span> <span class='ocrx_word' id='word_1_575' title='bbox 2663 2107 2828 2176; x_wconf 81' lang='lat' dir='ltr'><strong>gestis</strong></span> <span class='ocrx_word' id='word_1_576' title='bbox 2856 2122 2974 2176; x_wconf 67' lang='lat' dir='ltr'><strong>qute</strong></span> <span class='ocrx_word' id='word_1_577' title='bbox 3018 2106 3118 2174; x_wconf 90' lang='lat' dir='ltr'><strong>ipsi</strong></span> <span class='ocrx_word' id='word_1_578' title='bbox 3160 2103 3524 2173; x_wconf 87' lang='lat' dir='ltr'><strong>proferebant,</strong></span> 
     </span>
    </p>
   </div>
   <div class='ocr_carea' id='block_1_82' title="bbox 1942 2192 3529 2268">
    <p class='ocr_par' dir='ltr' id='par_1_82' title="bbox 1942 2192 3529 2268">
     <span class='ocr_line' id='line_1_83' title="bbox 1942 2192 3529 2268; baseline -0.007 -12"><span class='ocrx_word' id='word_1_579' title='bbox 1942 2215 2049 2256; x_wconf 91' lang='lat' dir='ltr'><strong>non</strong></span> <span class='ocrx_word' id='word_1_580' title='bbox 2080 2208 2205 2255; x_wconf 91' lang='lat' dir='ltr'><strong>sunt</strong></span> <span class='ocrx_word' id='word_1_581' title='bbox 2233 2202 2451 2256; x_wconf 88' lang='lat' dir='ltr'><strong>recitata</strong></span> <span class='ocrx_word' id='word_1_582' title='bbox 2478 2199 2564 2253; x_wconf 88' lang='lat' dir='ltr'><strong>illa</strong></span> <span class='ocrx_word' id='word_1_583' title='bbox 2594 2214 2713 2268; x_wconf 71' lang='lat' dir='ltr'><strong>qua:</strong></span> <span class='ocrx_word' id='word_1_584' title='bbox 2736 2196 2876 2267; x_wconf 90' lang='lat' dir='ltr'><strong>apud</strong></span> <span class='ocrx_word' id='word_1_585' title='bbox 2906 2194 3188 2266; x_wconf 73' lang='lat' dir='ltr'><strong>prrefectos</strong></span> <span class='ocrx_word' id='word_1_586' title='bbox 3215 2194 3390 2248; x_wconf 75' lang='lat' dir='ltr'><strong>habita</strong></span> <span class='ocrx_word' id='word_1_587' title='bbox 3416 2192 3529 2263; x_wconf 88' lang='lat' dir='ltr'><strong>jam</strong></span> 
     </span>
    </p>
   </div>
   <div class='ocr_carea' id='block_1_83' title="bbox 1943 2285 3534 2361">
    <p class='ocr_par' dir='ltr' id='par_1_83' title="bbox 1943 2285 3534 2361">
     <span class='ocr_line' id='line_1_84' title="bbox 1943 2285 3534 2361; baseline -0.007 -13"><span class='ocrx_word' id='word_1_588' title='bbox 1943 2299 2219 2361; x_wconf 74' lang='lat' dir='ltr'><strong>cmperant</strong></span> <span class='ocrx_word' id='word_1_589' title='bbox 2245 2291 2477 2345; x_wconf 90' lang='lat' dir='ltr'><strong>recitari.</strong></span> <span class='ocrx_word' id='word_1_590' title='bbox 2508 2290 2575 2343; x_wconf 88' lang='lat' dir='ltr'><strong>Et</strong></span> <span class='ocrx_word' id='word_1_591' title='bbox 2600 2289 2761 2359; x_wconf 71' lang='lat' dir='ltr'><strong>cmpit</strong></span> <span class='ocrx_word' id='word_1_592' title='bbox 2787 2304 2907 2343; x_wconf 90' lang='lat' dir='ltr'><strong>esse</strong></span> <span class='ocrx_word' id='word_1_593' title='bbox 2926 2286 3223 2349; x_wconf 84' lang='lat' dir='ltr'><strong>conﬂictus,</strong></span> <span class='ocrx_word' id='word_1_594' title='bbox 3256 2294 3315 2339; x_wconf 92' lang='lat' dir='ltr'><strong>ut</strong></span> <span class='ocrx_word' id='word_1_595' title='bbox 3341 2285 3387 2338; x_wconf 84' lang='lat' dir='ltr'><strong>si</strong></span> <span class='ocrx_word' id='word_1_596' title='bbox 3409 2298 3534 2353; x_wconf 88' lang='lat' dir='ltr'><strong>pro-</strong></span> 
     </span>
    </p>
   </div>
   <div class='ocr_carea' id='block_1_84' title="bbox 1945 2377 3533 2454">
    <p class='ocr_par' dir='ltr' id='par_1_84' title="bbox 1945 2377 3533 2454">
     <span class='ocr_line' id='line_1_85' title="bbox 1945 2377 3533 2454; baseline -0.005 -17"><span class='ocrx_word' id='word_1_597' title='bbox 1945 2392 2124 2454; x_wconf 88' lang='lat' dir='ltr'><strong>pterea</strong></span> <span class='ocrx_word' id='word_1_598' title='bbox 2156 2390 2301 2452; x_wconf 87' lang='lat' dir='ltr'><strong>gesta</strong></span> <span class='ocrx_word' id='word_1_599' title='bbox 2329 2397 2447 2451; x_wconf 84' lang='lat' dir='ltr'><strong>quae</strong></span> <span class='ocrx_word' id='word_1_600' title='bbox 2477 2381 2766 2434; x_wconf 73' lang='lat' dir='ltr'><strong>Donatista:</strong></span> <span class='ocrx_word' id='word_1_601' title='bbox 2796 2380 3128 2450; x_wconf 90' lang='lat' dir='ltr'><strong>protulerant</strong></span> <span class='ocrx_word' id='word_1_602' title='bbox 3160 2377 3376 2447; x_wconf 77' lang='lat' dir='ltr'><strong>praelata</strong></span> <span class='ocrx_word' id='word_1_603' title='bbox 3403 2383 3533 2430; x_wconf 91' lang='lat' dir='ltr'><strong>sunt</strong></span> 
     </span>
    </p>
   </div>
   <div class='ocr_carea' id='block_1_85' title="bbox 1946 2469 3531 2546">
    <p class='ocr_par' dir='ltr' id='par_1_85' title="bbox 1946 2469 3531 2546">
     <span class='ocr_line' id='line_1_86' title="bbox 1946 2469 3531 2546; baseline -0.006 -17"><span class='ocrx_word' id='word_1_604' title='bbox 1946 2476 2110 2546; x_wconf 84' lang='lat' dir='ltr'><strong>gestis</strong></span> <span class='ocrx_word' id='word_1_605' title='bbox 2137 2490 2255 2543; x_wconf 76' lang='lat' dir='ltr'><strong>qua:</strong></span> <span class='ocrx_word' id='word_1_606' title='bbox 2283 2472 2575 2527; x_wconf 90' lang='lat' dir='ltr'><strong>Catholicis</strong></span> <span class='ocrx_word' id='word_1_607' title='bbox 2597 2472 2800 2541; x_wconf 91' lang='lat' dir='ltr'><strong>prolata</strong></span> <span class='ocrx_word' id='word_1_608' title='bbox 2826 2470 3057 2535; x_wconf 89' lang='lat' dir='ltr'><strong>fuerant,</strong></span> <span class='ocrx_word' id='word_1_609' title='bbox 3084 2469 3206 2538; x_wconf 88' lang='lat' dir='ltr'><strong>quia</strong></span> <span class='ocrx_word' id='word_1_610' title='bbox 3236 2469 3409 2537; x_wconf 85' lang='lat' dir='ltr'><strong>priora</strong></span> <span class='ocrx_word' id='word_1_611' title='bbox 3442 2480 3531 2520; x_wconf 88' lang='lat' dir='ltr'><strong>re-</strong></span> 
     </span>
    </p>
   </div>
   <div class='ocr_carea' id='block_1_86' title="bbox 1950 2561 3535 2637">
    <p class='ocr_par' dir='ltr' id='par_1_86' title="bbox 1950 2561 3535 2637">
     <span class='ocr_line' id='line_1_87' title="bbox 1950 2561 3535 2637; baseline -0.006 -16"><span class='ocrx_word' id='word_1_612' title='bbox 1950 2578 2097 2637; x_wconf 92' lang='lat' dir='ltr'><strong>perta</strong></span> <span class='ocrx_word' id='word_1_613' title='bbox 2137 2574 2282 2631; x_wconf 90' lang='lat' dir='ltr'><strong>sunt,</strong></span> <span class='ocrx_word' id='word_1_614' title='bbox 2322 2574 2379 2619; x_wconf 89' lang='lat' dir='ltr'><strong>ut</strong></span> <span class='ocrx_word' id='word_1_615' title='bbox 2406 2566 2520 2635; x_wconf 87' lang='lat' dir='ltr'><strong>ipsa</strong></span> <span class='ocrx_word' id='word_1_616' title='bbox 2549 2565 2722 2634; x_wconf 90' lang='lat' dir='ltr'><strong>potius</strong></span> <span class='ocrx_word' id='word_1_617' title='bbox 2757 2564 3141 2627; x_wconf 87' lang='lat' dir='ltr'><strong>recitarentur;</strong></span> <span class='ocrx_word' id='word_1_618' title='bbox 3184 2561 3372 2616; x_wconf 87' lang='lat' dir='ltr'><strong>saltem</strong></span> <span class='ocrx_word' id='word_1_619' title='bbox 3415 2566 3535 2627; x_wconf 89' lang='lat' dir='ltr'><strong>post</strong></span> 
     </span>
    </p>
   </div>
   <div class='ocr_carea' id='block_1_87' title="bbox 1949 2653 3531 2732">
    <p class='ocr_par' dir='ltr' id='par_1_87' title="bbox 1949 2653 3531 2732">
     <span class='ocr_line' id='line_1_88' title="bbox 1949 2653 3531 2732; baseline -0.007 -16"><span class='ocrx_word' id='word_1_620' title='bbox 1949 2661 2185 2732; x_wconf 87' lang='lat' dir='ltr'><strong>ipsorum</strong></span> <span class='ocrx_word' id='word_1_621' title='bbox 2231 2659 2596 2714; x_wconf 86' lang='lat' dir='ltr'><strong>recitationem</strong></span> <span class='ocrx_word' id='word_1_622' title='bbox 2644 2659 2997 2713; x_wconf 89' lang='lat' dir='ltr'><strong>recitarentur</strong></span> <span class='ocrx_word' id='word_1_623' title='bbox 3039 2656 3197 2712; x_wconf 86' lang='lat' dir='ltr'><strong>etiam</strong></span> <span class='ocrx_word' id='word_1_624' title='bbox 3243 2654 3331 2708; x_wconf 88' lang='lat' dir='ltr'><strong>illa</strong></span> <span class='ocrx_word' id='word_1_625' title='bbox 3375 2653 3531 2721; x_wconf 84' lang='lat' dir='ltr'><strong>longe</strong></span> 
     </span>
    </p>
   </div>
   <div class='ocr_carea' id='block_1_88' title="bbox 1954 2748 3535 2823">
    <p class='ocr_par' dir='ltr' id='par_1_88' title="bbox 1954 2748 3535 2823">
     <span class='ocr_line' id='line_1_89' title="bbox 1954 2748 3535 2823; baseline -0.006 -17"><span class='ocrx_word' id='word_1_626' title='bbox 1954 2753 2159 2823; x_wconf 85' lang='lat' dir='ltr'><strong>priora,</strong></span> <span class='ocrx_word' id='word_1_627' title='bbox 2206 2751 2294 2805; x_wconf 91' lang='lat' dir='ltr'><strong>ubi</strong></span> <span class='ocrx_word' id='word_1_628' title='bbox 2337 2765 2429 2805; x_wconf 91' lang='lat' dir='ltr'><strong>eos</strong></span> <span class='ocrx_word' id='word_1_629' title='bbox 2475 2758 2760 2819; x_wconf 90' lang='lat' dir='ltr'><strong>appareret</strong></span> <span class='ocrx_word' id='word_1_630' title='bbox 2806 2750 2858 2803; x_wconf 90' lang='lat' dir='ltr'><strong>in</strong></span> <span class='ocrx_word' id='word_1_631' title='bbox 2908 2748 3010 2802; x_wconf 87' lang='lat' dir='ltr'><strong>hac</strong></span> <span class='ocrx_word' id='word_1_632' title='bbox 3051 2756 3159 2801; x_wconf 87' lang='lat' dir='ltr'><strong>tota</strong></span> <span class='ocrx_word' id='word_1_633' title='bbox 3207 2759 3368 2800; x_wconf 88' lang='lat' dir='ltr'><strong>causa</strong></span> <span class='ocrx_word' id='word_1_634' title='bbox 3414 2758 3535 2812; x_wconf 65' lang='lat' dir='ltr'><strong>quae</strong></span> 
     </span>
    </p>
   </div>
   <div class='ocr_carea' id='block_1_89' title="bbox 1949 2841 3535 2916">
    <p class='ocr_par' dir='ltr' id='par_1_89' title="bbox 1949 2841 3535 2916">
     <span class='ocr_line' id='line_1_90' title="bbox 1949 2841 3535 2916; baseline -0.008 -16"><span class='ocrx_word' id='word_1_635' title='bbox 1949 2846 2218 2916; x_wconf 86' lang='lat' dir='ltr'><strong>agebatur,</strong></span> <span class='ocrx_word' id='word_1_636' title='bbox 2261 2844 2503 2913; x_wconf 89' lang='lat' dir='ltr'><strong>primitus</strong></span> <span class='ocrx_word' id='word_1_637' title='bbox 2523 2852 2863 2897; x_wconf 88' lang='lat' dir='ltr'><strong>accusatores</strong></span> <span class='ocrx_word' id='word_1_638' title='bbox 2883 2841 3151 2897; x_wconf 81' lang='lat' dir='ltr'><strong>exstitisse</strong></span> <span class='ocrx_word' id='word_1_639' title='bbox 3182 2853 3275 2907; x_wconf 87' lang='lat' dir='ltr'><strong>per</strong></span> <span class='ocrx_word' id='word_1_640' title='bbox 3300 2849 3535 2907; x_wconf 84' lang='lat' dir='ltr'><strong>procon-</strong></span> 
     </span>
    </p>
   </div>
   <div class='ocr_carea' id='block_1_90' title="bbox 1953 2929 3532 3003">
    <p class='ocr_par' dir='ltr' id='par_1_90' title="bbox 1953 2929 3532 3003">
     <span class='ocr_line' id='line_1_91' title="bbox 1953 2929 3532 3003; baseline -0.008 -13"><span class='ocrx_word' id='word_1_641' title='bbox 1953 2936 2121 2991; x_wconf 90' lang='lat' dir='ltr'><strong>sulem</strong></span> <span class='ocrx_word' id='word_1_642' title='bbox 2162 2934 2301 3003; x_wconf 91' lang='lat' dir='ltr'><strong>apud</strong></span> <span class='ocrx_word' id='word_1_643' title='bbox 2329 2934 2733 3002; x_wconf 86' lang='lat' dir='ltr'><strong>Imperatorem.</strong></span> <span class='ocrx_word' id='word_1_644' title='bbox 2763 2932 2863 2986; x_wconf 85' lang='lat' dir='ltr'><strong>Ista</strong></span> <span class='ocrx_word' id='word_1_645' title='bbox 2908 2946 3036 3000; x_wconf 88' lang='lat' dir='ltr'><strong>ergo</strong></span> <span class='ocrx_word' id='word_1_646' title='bbox 3064 2945 3131 2983; x_wconf 91' lang='lat' dir='ltr'><strong>ne</strong></span> <span class='ocrx_word' id='word_1_647' title='bbox 3157 2929 3532 3001; x_wconf 76' lang='lat' dir='ltr'><strong>recitarentur,</strong></span> 
     </span>
    </p>
   </div>
   <div class='ocr_carea' id='block_1_91' title="bbox 1952 3014 3541 3085">
    <p class='ocr_par' dir='ltr' id='par_1_91' title="bbox 1952 3014 3541 3085">
     <span class='ocr_line' id='line_1_92' title="bbox 1952 3014 3541 3085; baseline -0.008 -4"><span class='ocrx_word' id='word_1_648' title='bbox 1952 3027 2300 3081; x_wconf 82' lang='lat' dir='ltr'><strong>vehementer</strong></span> <span class='ocrx_word' id='word_1_649' title='bbox 2329 3026 2619 3079; x_wconf 60' lang='lat' dir='ltr'><strong>Donatistae</strong></span> <span class='ocrx_word' id='word_1_650' title='bbox 2656 3023 3084 3085; x_wconf 86' lang='lat' dir='ltr'><strong>obluctabantur,</strong></span> <span class='ocrx_word' id='word_1_651' title='bbox 3114 3019 3295 3073; x_wconf 85' lang='lat' dir='ltr'><strong>multis</strong></span> <span class='ocrx_word' id='word_1_652' title='bbox 3322 3026 3376 3072; x_wconf 93' lang='lat' dir='ltr'><strong>et</strong></span> <span class='ocrx_word' id='word_1_653' title='bbox 3402 3014 3541 3069; x_wconf 89' lang='lat' dir='ltr'><strong>mul-</strong></span> 
     </span>
    </p>
   </div>
   <div class='ocr_carea' id='block_1_92' title="bbox 1955 3107 3541 3187">
    <p class='ocr_par' dir='ltr' id='par_1_92' title="bbox 1955 3107 3541 3187">
     <span class='ocr_line' id='line_1_93' title="bbox 1955 3107 3541 3187; baseline -0.008 -15"><span class='ocrx_word' id='word_1_654' title='bbox 1955 3118 2219 3187; x_wconf 89' lang='lat' dir='ltr'><strong>tiplicibus</strong></span> <span class='ocrx_word' id='word_1_655' title='bbox 2251 3115 2712 3186; x_wconf 88' lang='lat' dir='ltr'><strong>prosecutionibus</strong></span> <span class='ocrx_word' id='word_1_656' title='bbox 2742 3114 3078 3176; x_wconf 85' lang='lat' dir='ltr'><strong>resistentes,</strong></span> <span class='ocrx_word' id='word_1_657' title='bbox 3119 3110 3257 3166; x_wconf 89' lang='lat' dir='ltr'><strong>sicut</strong></span> <span class='ocrx_word' id='word_1_658' title='bbox 3283 3107 3541 3162; x_wconf 85' lang='lat' dir='ltr'><strong>obluctati</strong></span> 
     </span>
    </p>
   </div>
   <div class='ocr_carea' id='block_1_93' title="bbox 1957 3202 3537 3275">
    <p class='ocr_par' dir='ltr' id='par_1_93' title="bbox 1957 3202 3537 3275">
     <span class='ocr_line' id='line_1_94' title="bbox 1957 3202 3537 3275; baseline -0.009 -10"><span class='ocrx_word' id='word_1_659' title='bbox 1957 3212 2165 3266; x_wconf 87' lang='lat' dir='ltr'><strong>fuerant</strong></span> <span class='ocrx_word' id='word_1_660' title='bbox 2190 3218 2245 3265; x_wconf 90' lang='lat' dir='ltr'><strong>et</strong></span> <span class='ocrx_word' id='word_1_661' title='bbox 2269 3217 2605 3265; x_wconf 84' lang='lat' dir='ltr'><strong>extorserant</strong></span> <span class='ocrx_word' id='word_1_662' title='bbox 2630 3224 2698 3263; x_wconf 84' lang='lat' dir='ltr'><strong>ne</strong></span> <span class='ocrx_word' id='word_1_663' title='bbox 2737 3207 2823 3260; x_wconf 90' lang='lat' dir='ltr'><strong>illa</strong></span> <span class='ocrx_word' id='word_1_664' title='bbox 2850 3204 3182 3275; x_wconf 68' lang='lat' dir='ltr'><strong>prazfectoria</strong></span> <span class='ocrx_word' id='word_1_665' title='bbox 3213 3202 3537 3271; x_wconf 87' lang='lat' dir='ltr'><strong>legerentur.</strong></span> 
     </span>
    </p>
   </div>
   <div class='ocr_carea' id='block_1_94' title="bbox 1960 3292 3541 3367">
    <p class='ocr_par' dir='ltr' id='par_1_94' title="bbox 1960 3292 3541 3367">
     <span class='ocr_line' id='line_1_95' title="bbox 1960 3292 3541 3367; baseline -0.009 -9"><span class='ocrx_word' id='word_1_666' title='bbox 1960 3304 2017 3359; x_wconf 86' lang='lat' dir='ltr'><strong>In</strong></span> <span class='ocrx_word' id='word_1_667' title='bbox 2044 3304 2143 3358; x_wconf 91' lang='lat' dir='ltr'><strong>hac</strong></span> <span class='ocrx_word' id='word_1_668' title='bbox 2170 3313 2345 3357; x_wconf 89' lang='lat' dir='ltr'><strong>autem</strong></span> <span class='ocrx_word' id='word_1_669' title='bbox 2375 3301 2738 3356; x_wconf 87' lang='lat' dir='ltr'><strong>obluctatione</strong></span> <span class='ocrx_word' id='word_1_670' title='bbox 2768 3314 2911 3367; x_wconf 82' lang='lat' dir='ltr'><strong>saepe</strong></span> <span class='ocrx_word' id='word_1_671' title='bbox 2938 3296 3251 3366; x_wconf 84' lang='lat' dir='ltr'><strong>repetebant</strong></span> <span class='ocrx_word' id='word_1_672' title='bbox 3278 3292 3404 3346; x_wconf 92' lang='lat' dir='ltr'><strong>illud</strong></span> <span class='ocrx_word' id='word_1_673' title='bbox 3427 3292 3541 3361; x_wconf 91' lang='lat' dir='ltr'><strong>jam</strong></span> 
     </span>
    </p>
   </div>
   <div class='ocr_carea' id='block_1_95' title="bbox 1957 3382 3544 3461">
    <p class='ocr_par' dir='ltr' id='par_1_95' title="bbox 1957 3382 3544 3461">
     <span class='ocr_line' id='line_1_96' title="bbox 1957 3382 3544 3461; baseline -0.01 -10"><span class='ocrx_word' id='word_1_674' title='bbox 1957 3397 2233 3461; x_wconf 89' lang='lat' dir='ltr'><strong>detritum,</strong></span> <span class='ocrx_word' id='word_1_675' title='bbox 2280 3404 2332 3449; x_wconf 92' lang='lat' dir='ltr'><strong>et</strong></span> <span class='ocrx_word' id='word_1_676' title='bbox 2364 3402 2440 3448; x_wconf 91' lang='lat' dir='ltr'><strong>tot</strong></span> <span class='ocrx_word' id='word_1_677' title='bbox 2483 3390 2980 3446; x_wconf 88' lang='lat' dir='ltr'><strong>interlocutionibus</strong></span> <span class='ocrx_word' id='word_1_678' title='bbox 3024 3386 3327 3455; x_wconf 87' lang='lat' dir='ltr'><strong>Cognitoris</strong></span> <span class='ocrx_word' id='word_1_679' title='bbox 3365 3382 3544 3453; x_wconf 88' lang='lat' dir='ltr'><strong>repul-</strong></span> 
     </span>
    </p>
   </div>
   <div class='ocr_carea' id='block_1_96' title="bbox 1960 3474 3543 3553">
    <p class='ocr_par' dir='ltr' id='par_1_96' title="bbox 1960 3474 3543 3553">
     <span class='ocr_line' id='line_1_97' title="bbox 1960 3474 3543 3553; baseline -0.01 -11"><span class='ocrx_word' id='word_1_680' title='bbox 1960 3503 2099 3553; x_wconf 89' lang='lat' dir='ltr'><strong>sum,</strong></span> <span class='ocrx_word' id='word_1_681' title='bbox 2127 3486 2194 3541; x_wconf 88' lang='lat' dir='ltr'><strong>de</strong></span> <span class='ocrx_word' id='word_1_682' title='bbox 2220 3484 2469 3540; x_wconf 89' lang='lat' dir='ltr'><strong>mandato</strong></span> <span class='ocrx_word' id='word_1_683' title='bbox 2504 3484 2797 3553; x_wconf 85' lang='lat' dir='ltr'><strong>legatorum</strong></span> <span class='ocrx_word' id='word_1_684' title='bbox 2825 3480 2924 3536; x_wconf 88' lang='lat' dir='ltr'><strong>sibi</strong></span> <span class='ocrx_word' id='word_1_685' title='bbox 2950 3478 3178 3534; x_wconf 84' lang='lat' dir='ltr'><strong>edendo.</strong></span> <span class='ocrx_word' id='word_1_686' title='bbox 3212 3474 3543 3545; x_wconf 82' lang='lat' dir='ltr'><strong>Repetebant</strong></span> 
     </span>
    </p>
   </div>
   <div class='ocr_carea' id='block_1_97' title="bbox 1961 3572 3542 3649">
    <p class='ocr_par' dir='ltr' id='par_1_97' title="bbox 1961 3572 3542 3649">
     <span class='ocr_line' id='line_1_98' title="bbox 1961 3572 3542 3649; baseline -0.012 -14"><span class='ocrx_word' id='word_1_687' title='bbox 1961 3583 2121 3637; x_wconf 89' lang='lat' dir='ltr'><strong>etiam</strong></span> <span class='ocrx_word' id='word_1_688' title='bbox 2161 3580 2530 3649; x_wconf 72' lang='lat' dir='ltr'><strong>quaestionem,</strong></span> <span class='ocrx_word' id='word_1_689' title='bbox 2575 3592 2693 3646; x_wconf 82' lang='lat' dir='ltr'><strong>quae</strong></span> <span class='ocrx_word' id='word_1_690' title='bbox 2736 3574 2909 3629; x_wconf 89' lang='lat' dir='ltr'><strong>fuerat</strong></span> <span class='ocrx_word' id='word_1_691' title='bbox 2944 3572 3056 3643; x_wconf 90' lang='lat' dir='ltr'><strong>jam</strong></span> <span class='ocrx_word' id='word_1_692' title='bbox 3101 3580 3226 3624; x_wconf 89' lang='lat' dir='ltr'><strong>ante</strong></span> <span class='ocrx_word' id='word_1_693' title='bbox 3254 3573 3542 3630; x_wconf 77' lang='lat' dir='ltr'><strong>transacta,</strong></span> 
     </span>
    </p>
   </div>
   <div class='ocr_carea' id='block_1_98' title="bbox 1962 3657 3541 3738">
    <p class='ocr_par' dir='ltr' id='par_1_98' title="bbox 1962 3657 3541 3738">
     <span class='ocr_line' id='line_1_99' title="bbox 1962 3657 3541 3738; baseline -0.015 -7"><span class='ocrx_word' id='word_1_694' title='bbox 1962 3674 2152 3731; x_wconf 91' lang='lat' dir='ltr'><strong>Utrum</strong></span> <span class='ocrx_word' id='word_1_695' title='bbox 2178 3672 2499 3727; x_wconf 85' lang='lat' dir='ltr'><strong>testimoniis</strong></span> <span class='ocrx_word' id='word_1_696' title='bbox 2530 3670 2704 3738; x_wconf 83' lang='lat' dir='ltr'><strong>Legis,</strong></span> <span class='ocrx_word' id='word_1_697' title='bbox 2734 3683 2800 3721; x_wconf 89' lang='lat' dir='ltr'><strong>an</strong></span> <span class='ocrx_word' id='word_1_698' title='bbox 2846 3666 3067 3736; x_wconf 89' lang='lat' dir='ltr'><strong>publicis</strong></span> <span class='ocrx_word' id='word_1_699' title='bbox 3099 3662 3257 3731; x_wconf 77' lang='lat' dir='ltr'><strong>gestis</strong></span> <span class='ocrx_word' id='word_1_700' title='bbox 3282 3657 3541 3712; x_wconf 73' lang='lat' dir='ltr'><strong>Catholici</strong></span> 
     </span>
    </p>
   </div>
   <div class='ocr_carea' id='block_1_99' title="bbox 1963 3750 3543 3835">
    <p class='ocr_par' dir='ltr' id='par_1_99' title="bbox 1963 3750 3543 3835">
     <span class='ocr_line' id='line_1_100' title="bbox 1963 3750 3543 3835; baseline -0.012 -15"><span class='ocrx_word' id='word_1_701' title='bbox 1963 3780 2123 3835; x_wconf 90' lang='lat' dir='ltr'><strong>agere</strong></span> <span class='ocrx_word' id='word_1_702' title='bbox 2164 3765 2401 3817; x_wconf 90' lang='lat' dir='ltr'><strong>mallent.</strong></span> <span class='ocrx_word' id='word_1_703' title='bbox 2434 3763 2501 3815; x_wconf 86' lang='lat' dir='ltr'><strong>Et</strong></span> <span class='ocrx_word' id='word_1_704' title='bbox 2529 3760 2797 3824; x_wconf 88' lang='lat' dir='ltr'><strong>dicebant,</strong></span> <span class='ocrx_word' id='word_1_705' title='bbox 2842 3766 2900 3811; x_wconf 91' lang='lat' dir='ltr'><strong>ut</strong></span> <span class='ocrx_word' id='word_1_706' title='bbox 2945 3764 2989 3809; x_wconf 86' lang='lat' dir='ltr'><strong>st</strong></span> <span class='ocrx_word' id='word_1_707' title='bbox 3018 3755 3319 3809; x_wconf 85' lang='lat' dir='ltr'><strong>testimonia</strong></span> <span class='ocrx_word' id='word_1_708' title='bbox 3348 3750 3543 3803; x_wconf 81' lang='lat' dir='ltr'><strong>divinae</strong></span> 
     </span>
    </p>
   </div>
   <div class='ocr_carea' id='block_1_100' title="bbox 1965 3845 3545 3929">
    <p class='ocr_par' dir='ltr' id='par_1_100' title="bbox 1965 3845 3545 3929">
     <span class='ocr_line' id='line_1_101' title="bbox 1965 3845 3545 3929; baseline -0.012 -16"><span class='ocrx_word' id='word_1_709' title='bbox 1965 3859 2121 3929; x_wconf 86' lang='lat' dir='ltr'><strong>Legis</strong></span> <span class='ocrx_word' id='word_1_710' title='bbox 2160 3857 2438 3926; x_wconf 87' lang='lat' dir='ltr'><strong>eligerent,</strong></span> <span class='ocrx_word' id='word_1_711' title='bbox 2467 3853 2704 3907; x_wconf 88' lang='lat' dir='ltr'><strong>facerent</strong></span> <span class='ocrx_word' id='word_1_712' title='bbox 2747 3850 2986 3925; x_wconf 90' lang='lat' dir='ltr'><strong>omnium</strong></span> <span class='ocrx_word' id='word_1_713' title='bbox 3012 3848 3186 3916; x_wconf 87' lang='lat' dir='ltr'><strong>legum</strong></span> <span class='ocrx_word' id='word_1_714' title='bbox 3215 3845 3545 3915; x_wconf 88' lang='lat' dir='ltr'><strong>publicarum</strong></span> 
     </span>
    </p>
   </div>
   <div class='ocr_carea' id='block_1_101' title="bbox 1965 3936 3548 4025">
    <p class='ocr_par' dir='ltr' id='par_1_101' title="bbox 1965 3936 3548 4025">
     <span class='ocr_line' id='line_1_102' title="bbox 1965 3936 3548 4025; baseline -0.013 -16"><span class='ocrx_word' id='word_1_715' title='bbox 1965 3962 2341 4025; x_wconf 87' lang='lat' dir='ltr'><strong>gestorumque</strong></span> <span class='ocrx_word' id='word_1_716' title='bbox 2359 3947 2652 4017; x_wconf 90' lang='lat' dir='ltr'><strong>jacturam;</strong></span> <span class='ocrx_word' id='word_1_717' title='bbox 2698 3943 2744 3998; x_wconf 92' lang='lat' dir='ltr'><strong>si</strong></span> <span class='ocrx_word' id='word_1_718' title='bbox 2785 3951 2961 3996; x_wconf 89' lang='lat' dir='ltr'><strong>autem</strong></span> <span class='ocrx_word' id='word_1_719' title='bbox 3005 3939 3225 4009; x_wconf 83' lang='lat' dir='ltr'><strong>publicis</strong></span> <span class='ocrx_word' id='word_1_720' title='bbox 3262 3936 3466 4006; x_wconf 84' lang='lat' dir='ltr'><strong>legibus</strong></span> <span class='ocrx_word' id='word_1_721' title='bbox 3492 3943 3548 3989; x_wconf 90' lang='lat' dir='ltr'><strong>et</strong></span> 
     </span>
    </p>
   </div>
   <div class='ocr_carea' id='block_1_102' title="bbox 1965 4028 3548 4118">
    <p class='ocr_par' dir='ltr' id='par_1_102' title="bbox 1965 4028 3548 4118">
     <span class='ocr_line' id='line_1_103' title="bbox 1965 4028 3548 4118; baseline -0.013 -17"><span class='ocrx_word' id='word_1_722' title='bbox 1965 4046 2128 4118; x_wconf 87' lang='lat' dir='ltr'><strong>gestis</strong></span> <span class='ocrx_word' id='word_1_723' title='bbox 2166 4057 2325 4113; x_wconf 90' lang='lat' dir='ltr'><strong>agere</strong></span> <span class='ocrx_word' id='word_1_724' title='bbox 2361 4041 2536 4109; x_wconf 89' lang='lat' dir='ltr'><strong>potius</strong></span> <span class='ocrx_word' id='word_1_725' title='bbox 2567 4038 2783 4103; x_wconf 88' lang='lat' dir='ltr'><strong>vellent,</strong></span> <span class='ocrx_word' id='word_1_726' title='bbox 2822 4036 3130 4089; x_wconf 87' lang='lat' dir='ltr'><strong>omitterent</strong></span> <span class='ocrx_word' id='word_1_727' title='bbox 3166 4031 3343 4086; x_wconf 82' lang='lat' dir='ltr'><strong>divina</strong></span> <span class='ocrx_word' id='word_1_728' title='bbox 3379 4028 3548 4083; x_wconf 86' lang='lat' dir='ltr'><strong>docu-</strong></span> 
     </span>
    </p>
   </div>
   <div class='ocr_carea' id='block_1_103' title="bbox 1968 4121 3544 4197">
    <p class='ocr_par' dir='ltr' id='par_1_103' title="bbox 1968 4121 3544 4197">
     <span class='ocr_line' id='line_1_104' title="bbox 1968 4121 3544 4197; baseline -0.013 -4"><span class='ocrx_word' id='word_1_729' title='bbox 1968 4147 2166 4193; x_wconf 88' lang='lat' dir='ltr'><strong>menta.</strong></span> <span class='ocrx_word' id='word_1_730' title='bbox 2215 4136 2281 4189; x_wconf 88' lang='lat' dir='ltr'><strong>Et</strong></span> <span class='ocrx_word' id='word_1_731' title='bbox 2317 4143 2492 4187; x_wconf 90' lang='lat' dir='ltr'><strong>tamen</strong></span> <span class='ocrx_word' id='word_1_732' title='bbox 2531 4130 2578 4184; x_wconf 92' lang='lat' dir='ltr'><strong>si</strong></span> <span class='ocrx_word' id='word_1_733' title='bbox 2618 4129 2720 4183; x_wconf 91' lang='lat' dir='ltr'><strong>hoc</strong></span> <span class='ocrx_word' id='word_1_734' title='bbox 2748 4127 3007 4197; x_wconf 90' lang='lat' dir='ltr'><strong>eligerent</strong></span> <span class='ocrx_word' id='word_1_735' title='bbox 3033 4121 3314 4186; x_wconf 86' lang='lat' dir='ltr'><strong>Catholici,</strong></span> <span class='ocrx_word' id='word_1_736' title='bbox 3358 4128 3416 4173; x_wconf 93' lang='lat' dir='ltr'><strong>ut</strong></span> <span class='ocrx_word' id='word_1_737' title='bbox 3444 4134 3544 4188; x_wconf 88' lang='lat' dir='ltr'><strong>pu-</strong></span> 
     </span>
    </p>
   </div>
   <div class='ocr_carea' id='block_1_104' title="bbox 1969 4210 3548 4295">
    <p class='ocr_par' dir='ltr' id='par_1_104' title="bbox 1969 4210 3548 4295">
     <span class='ocr_line' id='line_1_105' title="bbox 1969 4210 3548 4295; baseline -0.013 -10"><span class='ocrx_word' id='word_1_738' title='bbox 1969 4229 2225 4285; x_wconf 91' lang='lat' dir='ltr'><strong>blicorum</strong></span> <span class='ocrx_word' id='word_1_739' title='bbox 2256 4231 2528 4295; x_wconf 89' lang='lat' dir='ltr'><strong>gestorum</strong></span> <span class='ocrx_word' id='word_1_740' title='bbox 2556 4218 2887 4276; x_wconf 91' lang='lat' dir='ltr'><strong>documentis</strong></span> <span class='ocrx_word' id='word_1_741' title='bbox 2915 4216 3087 4287; x_wconf 88' lang='lat' dir='ltr'><strong>potius</strong></span> <span class='ocrx_word' id='word_1_742' title='bbox 3125 4219 3364 4286; x_wconf 85' lang='lat' dir='ltr'><strong>agerent,</strong></span> <span class='ocrx_word' id='word_1_743' title='bbox 3396 4210 3548 4265; x_wconf 91' lang='lat' dir='ltr'><strong>dice-</strong></span> 
     </span>
    </p>
   </div>
   <div class='ocr_carea' id='block_1_105' title="bbox 1969 4309 3547 4381">
    <p class='ocr_par' dir='ltr' id='par_1_105' title="bbox 1969 4309 3547 4381">
     <span class='ocr_line' id='line_1_106' title="bbox 1969 4309 3547 4381; baseline -0.013 -5"><span class='ocrx_word' id='word_1_744' title='bbox 1969 4322 2096 4377; x_wconf 89' lang='lat' dir='ltr'><strong>bant</strong></span> <span class='ocrx_word' id='word_1_745' title='bbox 2119 4333 2177 4373; x_wconf 89' lang='lat' dir='ltr'><strong>se</strong></span> <span class='ocrx_word' id='word_1_746' title='bbox 2205 4316 2496 4372; x_wconf 84' lang='lat' dir='ltr'><strong>Donatistae</strong></span> <span class='ocrx_word' id='word_1_747' title='bbox 2521 4328 2619 4367; x_wconf 90' lang='lat' dir='ltr'><strong>nec</strong></span> <span class='ocrx_word' id='word_1_748' title='bbox 2644 4312 2745 4366; x_wconf 91' lang='lat' dir='ltr'><strong>hoc</strong></span> <span class='ocrx_word' id='word_1_749' title='bbox 2770 4309 3144 4381; x_wconf 88' lang='lat' dir='ltr'><strong>permissuros,</strong></span> <span class='ocrx_word' id='word_1_750' title='bbox 3190 4314 3244 4360; x_wconf 91' lang='lat' dir='ltr'><strong>ut</strong></span> <span class='ocrx_word' id='word_1_751' title='bbox 3278 4319 3341 4359; x_wconf 88' lang='lat' dir='ltr'><strong>ea</strong></span> <span class='ocrx_word' id='word_1_752' title='bbox 3371 4318 3488 4373; x_wconf 76' lang='lat' dir='ltr'><strong>quae</strong></span> <span class='ocrx_word' id='word_1_753' title='bbox 3517 4319 3547 4357; x_wconf 89' lang='lat' dir='ltr'><strong>a</strong></span> 
     </span>
    </p>
   </div>
   <div class='ocr_carea' id='block_1_106' title="bbox 1969 4393 3548 4473">
    <p class='ocr_par' dir='ltr' id='par_1_106' title="bbox 1969 4393 3548 4473">
     <span class='ocr_line' id='line_1_107' title="bbox 1969 4393 3548 4473; baseline -0.012 -5"><span class='ocrx_word' id='word_1_754' title='bbox 1969 4410 2256 4468; x_wconf 89' lang='lat' dir='ltr'><strong>Catholicis</strong></span> <span class='ocrx_word' id='word_1_755' title='bbox 2301 4406 2657 4462; x_wconf 81' lang='lat' dir='ltr'><strong>oﬂ&#39;erebantur</strong></span> <span class='ocrx_word' id='word_1_756' title='bbox 2699 4411 2847 4473; x_wconf 89' lang='lat' dir='ltr'><strong>gesta</strong></span> <span class='ocrx_word' id='word_1_757' title='bbox 2899 4400 3241 4470; x_wconf 88' lang='lat' dir='ltr'><strong>legerentur;</strong></span> <span class='ocrx_word' id='word_1_758' title='bbox 3298 4411 3363 4452; x_wconf 90' lang='lat' dir='ltr'><strong>eo</strong></span> <span class='ocrx_word' id='word_1_759' title='bbox 3405 4393 3548 4465; x_wconf 92' lang='lat' dir='ltr'><strong>quod</strong></span> 
     </span>
    </p>
   </div>
   <div class='ocr_carea' id='block_1_107' title="bbox 1972 4487 3551 4565">
    <p class='ocr_par' dir='ltr' id='par_1_107' title="bbox 1972 4487 3551 4565">
     <span class='ocr_line' id='line_1_108' title="bbox 1972 4487 3551 4565; baseline -0.012 -7"><span class='ocrx_word' id='word_1_760' title='bbox 1972 4503 2232 4558; x_wconf 86' lang='lat' dir='ltr'><strong>haberent</strong></span> <span class='ocrx_word' id='word_1_761' title='bbox 2288 4497 2517 4552; x_wconf 90' lang='lat' dir='ltr'><strong>validam</strong></span> <span class='ocrx_word' id='word_1_762' title='bbox 2568 4494 2821 4565; x_wconf 90' lang='lat' dir='ltr'><strong>temporis</strong></span> <span class='ocrx_word' id='word_1_763' title='bbox 2868 4492 3343 4562; x_wconf 82' lang='lat' dir='ltr'><strong>praescriptionem,</strong></span> <span class='ocrx_word' id='word_1_764' title='bbox 3403 4487 3551 4541; x_wconf 89' lang='lat' dir='ltr'><strong>illam</strong></span> 
     </span>
    </p>
   </div>
   <div class='ocr_carea' id='block_1_108' title="bbox 1972 4579 3559 4661">
    <p class='ocr_par' dir='ltr' id='par_1_108' title="bbox 1972 4579 3559 4661">
     <span class='ocr_line' id='line_1_109' title="bbox 1972 4579 3559 4661; baseline -0.01 -11"><span class='ocrx_word' id='word_1_765' title='bbox 1972 4596 2195 4660; x_wconf 88' lang='lat' dir='ltr'><strong>scilicet,</strong></span> <span class='ocrx_word' id='word_1_766' title='bbox 2224 4592 2292 4647; x_wconf 90' lang='lat' dir='ltr'><strong>de</strong></span> <span class='ocrx_word' id='word_1_767' title='bbox 2321 4606 2422 4661; x_wconf 92' lang='lat' dir='ltr'><strong>qua</strong></span> <span class='ocrx_word' id='word_1_768' title='bbox 2470 4589 2548 4644; x_wconf 90' lang='lat' dir='ltr'><strong>eis</strong></span> <span class='ocrx_word' id='word_1_769' title='bbox 2578 4588 2747 4642; x_wconf 73' lang='lat' dir='ltr'><strong>fuerat</strong></span> <span class='ocrx_word' id='word_1_770' title='bbox 2784 4584 3117 4640; x_wconf 89' lang='lat' dir='ltr'><strong>sufﬁcienter</strong></span> <span class='ocrx_word' id='word_1_771' title='bbox 3154 4592 3209 4638; x_wconf 91' lang='lat' dir='ltr'><strong>ct</strong></span> <span class='ocrx_word' id='word_1_772' title='bbox 3244 4597 3273 4635; x_wconf 94' lang='lat' dir='ltr'><strong>a</strong></span> <span class='ocrx_word' id='word_1_773' title='bbox 3318 4579 3559 4636; x_wconf 87' lang='lat' dir='ltr'><strong>Catholi-</strong></span> 
     </span>
    </p>
   </div>
   <div class='ocr_carea' id='block_1_109' title="bbox 1973 4673 3553 4753">
    <p class='ocr_par' dir='ltr' id='par_1_109' title="bbox 1973 4673 3553 4753">
     <span class='ocr_line' id='line_1_110' title="bbox 1973 4673 3553 4753; baseline -0.013 -10"><span class='ocrx_word' id='word_1_774' title='bbox 1973 4689 2072 4753; x_wconf 89' lang='lat' dir='ltr'><strong>cis,</strong></span> <span class='ocrx_word' id='word_1_775' title='bbox 2118 4695 2172 4741; x_wconf 90' lang='lat' dir='ltr'><strong>et</strong></span> <span class='ocrx_word' id='word_1_776' title='bbox 2211 4686 2277 4739; x_wconf 91' lang='lat' dir='ltr'><strong>ab</strong></span> <span class='ocrx_word' id='word_1_777' title='bbox 2334 4684 2450 4753; x_wconf 89' lang='lat' dir='ltr'><strong>ipso</strong></span> <span class='ocrx_word' id='word_1_778' title='bbox 2490 4680 2776 4750; x_wconf 89' lang='lat' dir='ltr'><strong>Cognitore</strong></span> <span class='ocrx_word' id='word_1_779' title='bbox 2823 4691 3163 4747; x_wconf 88' lang='lat' dir='ltr'><strong>responsum,</strong></span> <span class='ocrx_word' id='word_1_780' title='bbox 3214 4676 3337 4745; x_wconf 90' lang='lat' dir='ltr'><strong>quia</strong></span> <span class='ocrx_word' id='word_1_781' title='bbox 3384 4673 3553 4742; x_wconf 88' lang='lat' dir='ltr'><strong>ipsam</strong></span> 
     </span>
    </p>
   </div>
   <div class='ocr_carea' id='block_1_110' title="bbox 1974 4764 3556 4845">
    <p class='ocr_par' dir='ltr' id='par_1_110' title="bbox 1974 4764 3556 4845">
     <span class='ocr_line' id='line_1_111' title="bbox 1974 4764 3556 4845; baseline -0.012 -11"><span class='ocrx_word' id='word_1_782' title='bbox 1974 4794 2188 4834; x_wconf 86' lang='lat' dir='ltr'><strong>causam</strong></span> <span class='ocrx_word' id='word_1_783' title='bbox 2222 4778 2425 4845; x_wconf 91' lang='lat' dir='ltr'><strong>lapsam</strong></span> <span class='ocrx_word' id='word_1_784' title='bbox 2451 4782 2505 4828; x_wconf 89' lang='lat' dir='ltr'><strong>et</strong></span> <span class='ocrx_word' id='word_1_785' title='bbox 2542 4772 2627 4841; x_wconf 88' lang='lat' dir='ltr'><strong>agi</strong></span> <span class='ocrx_word' id='word_1_786' title='bbox 2649 4773 2758 4839; x_wconf 90' lang='lat' dir='ltr'><strong>jam</strong></span> <span class='ocrx_word' id='word_1_787' title='bbox 2791 4784 2897 4824; x_wconf 90' lang='lat' dir='ltr'><strong>non</strong></span> <span class='ocrx_word' id='word_1_788' title='bbox 2934 4784 3093 4839; x_wconf 86' lang='lat' dir='ltr'><strong>posse</strong></span> <span class='ocrx_word' id='word_1_789' title='bbox 3131 4766 3399 4829; x_wconf 90' lang='lat' dir='ltr'><strong>dicebant,</strong></span> <span class='ocrx_word' id='word_1_790' title='bbox 3433 4764 3556 4833; x_wconf 87' lang='lat' dir='ltr'><strong>quia</strong></span> 
     </span>
    </p>
   </div>
   <div class='ocr_carea' id='block_1_111' title="bbox 1973 4858 3555 4934">
    <p class='ocr_par' dir='ltr' id='par_1_111' title="bbox 1973 4858 3555 4934">
     <span class='ocr_line' id='line_1_112' title="bbox 1973 4858 3555 4934; baseline -0.011 -9"><span class='ocrx_word' id='word_1_791' title='bbox 1973 4871 2089 4925; x_wconf 88' lang='lat' dir='ltr'><strong>dies</strong></span> <span class='ocrx_word' id='word_1_792' title='bbox 2137 4868 2417 4922; x_wconf 85' lang='lat' dir='ltr'><strong>transierat</strong></span> <span class='ocrx_word' id='word_1_793' title='bbox 2465 4879 2570 4934; x_wconf 89' lang='lat' dir='ltr'><strong>quo</strong></span> <span class='ocrx_word' id='word_1_794' title='bbox 2614 4876 2826 4917; x_wconf 89' lang='lat' dir='ltr'><strong>menses</strong></span> <span class='ocrx_word' id='word_1_795' title='bbox 2863 4869 3091 4931; x_wconf 90' lang='lat' dir='ltr'><strong>quatuor</strong></span> <span class='ocrx_word' id='word_1_796' title='bbox 3135 4858 3555 4927; x_wconf 91' lang='lat' dir='ltr'><strong>complerentur.</strong></span> 
     </span>
    </p>
   </div>
   <div class='ocr_carea' id='block_1_112' title="bbox 1976 4945 3558 5027">
    <p class='ocr_par' dir='ltr' id='par_1_112' title="bbox 1976 4945 3558 5027">
     <span class='ocr_line' id='line_1_113' title="bbox 1976 4945 3558 5027; baseline -0.011 -10"><span class='ocrx_word' id='word_1_797' title='bbox 1976 4962 2333 5017; x_wconf 76' lang='lat' dir='ltr'><strong>Vehementer</strong></span> <span class='ocrx_word' id='word_1_798' title='bbox 2361 4956 2504 5010; x_wconf 91' lang='lat' dir='ltr'><strong>enim</strong></span> <span class='ocrx_word' id='word_1_799' title='bbox 2529 4968 2622 5009; x_wconf 88' lang='lat' dir='ltr'><strong>eos</strong></span> <span class='ocrx_word' id='word_1_800' title='bbox 2650 4953 2837 5008; x_wconf 90' lang='lat' dir='ltr'><strong>timere</strong></span> <span class='ocrx_word' id='word_1_801' title='bbox 2870 4953 3179 5027; x_wconf 86' lang='lat' dir='ltr'><strong>apparebat,</strong></span> <span class='ocrx_word' id='word_1_802' title='bbox 3211 4963 3280 5003; x_wconf 88' lang='lat' dir='ltr'><strong>ne</strong></span> <span class='ocrx_word' id='word_1_803' title='bbox 3304 4954 3454 5017; x_wconf 86' lang='lat' dir='ltr'><strong>gesta</strong></span> <span class='ocrx_word' id='word_1_804' title='bbox 3480 4945 3558 4999; x_wconf 65' lang='lat' dir='ltr'><strong>leo</strong></span> 
     </span>
    </p>
   </div>
   <div class='ocr_carea' id='block_1_113' title="bbox 1975 5037 3557 5125">
    <p class='ocr_par' dir='ltr' id='par_1_113' title="bbox 1975 5037 3557 5125">
     <span class='ocr_line' id='line_1_114' title="bbox 1975 5037 3557 5125; baseline -0.012 -16"><span class='ocrx_word' id='word_1_805' title='bbox 1975 5059 2244 5125; x_wconf 86' lang='lat' dir='ltr'><strong>gerentur,</strong></span> <span class='ocrx_word' id='word_1_806' title='bbox 2275 5048 2467 5118; x_wconf 90' lang='lat' dir='ltr'><strong>quibus</strong></span> <span class='ocrx_word' id='word_1_807' title='bbox 2495 5046 2775 5101; x_wconf 89' lang='lat' dir='ltr'><strong>doceretur</strong></span> <span class='ocrx_word' id='word_1_808' title='bbox 2801 5061 2831 5099; x_wconf 91' lang='lat' dir='ltr'><strong>a</strong></span> <span class='ocrx_word' id='word_1_809' title='bbox 2862 5043 3153 5113; x_wconf 89' lang='lat' dir='ltr'><strong>majoribus</strong></span> <span class='ocrx_word' id='word_1_810' title='bbox 3181 5054 3365 5095; x_wconf 90' lang='lat' dir='ltr'><strong>eorum</strong></span> <span class='ocrx_word' id='word_1_811' title='bbox 3388 5037 3557 5091; x_wconf 61' lang='lat' dir='ltr'><strong>Catci-</strong></span> 
     </span>
    </p>
   </div>
   <div class='ocr_carea' id='block_1_114' title="bbox 1977 5135 3562 5208">
    <p class='ocr_par' dir='ltr' id='par_1_114' title="bbox 1977 5135 3562 5208">
     <span class='ocr_line' id='line_1_115' title="bbox 1977 5135 3562 5208; baseline -0.009 -12"><span class='ocrx_word' id='word_1_812' title='bbox 1977 5143 2174 5197; x_wconf 90' lang='lat' dir='ltr'><strong>lianum</strong></span> <span class='ocrx_word' id='word_1_813' title='bbox 2211 5138 2351 5208; x_wconf 91' lang='lat' dir='ltr'><strong>apud</strong></span> <span class='ocrx_word' id='word_1_814' title='bbox 2389 5137 2769 5207; x_wconf 86' lang='lat' dir='ltr'><strong>imperatorem</strong></span> <span class='ocrx_word' id='word_1_815' title='bbox 2819 5135 3062 5205; x_wconf 90' lang='lat' dir='ltr'><strong>primitus</strong></span> <span class='ocrx_word' id='word_1_816' title='bbox 3119 5137 3459 5193; x_wconf 89' lang='lat' dir='ltr'><strong>accusatum,</strong></span> <span class='ocrx_word' id='word_1_817' title='bbox 3506 5136 3562 5182; x_wconf 90' lang='lat' dir='ltr'><strong>et</strong></span> 
     </span>
    </p>
   </div>
   <div class='ocr_carea' id='block_1_115' title="bbox 1979 5217 3562 5302">
    <p class='ocr_par' dir='ltr' id='par_1_115' title="bbox 1979 5217 3562 5302">
     <span class='ocr_line' id='line_1_116' title="bbox 1979 5217 3562 5302; baseline -0.012 -13"><span class='ocrx_word' id='word_1_818' title='bbox 1979 5233 2170 5289; x_wconf 89' lang='lat' dir='ltr'><strong>deinde</strong></span> <span class='ocrx_word' id='word_1_819' title='bbox 2184 5230 2397 5302; x_wconf 88' lang='lat' dir='ltr'><strong>judiciis</strong></span> <span class='ocrx_word' id='word_1_820' title='bbox 2414 5237 2467 5284; x_wconf 91' lang='lat' dir='ltr'><strong>et</strong></span> <span class='ocrx_word' id='word_1_821' title='bbox 2486 5227 2861 5284; x_wconf 85' lang='lat' dir='ltr'><strong>ecclesiasticis</strong></span> <span class='ocrx_word' id='word_1_822' title='bbox 2881 5232 2937 5280; x_wconf 89' lang='lat' dir='ltr'><strong>et</strong></span> <span class='ocrx_word' id='word_1_823' title='bbox 2952 5219 3315 5293; x_wconf 87' lang='lat' dir='ltr'><strong>imperialibus</strong></span> <span class='ocrx_word' id='word_1_824' title='bbox 3340 5217 3562 5274; x_wconf 88' lang='lat' dir='ltr'><strong>absolu-</strong></span> 
     </span>
    </p>
   </div>
   <div class='ocr_carea' id='block_1_116' title="bbox 1982 5310 3561 5394">
    <p class='ocr_par' dir='ltr' id='par_1_116' title="bbox 1982 5310 3561 5394">
     <span class='ocr_line' id='line_1_117' title="bbox 1982 5310 3561 5394; baseline -0.009 -14"><span class='ocrx_word' id='word_1_825' title='bbox 1982 5336 2089 5381; x_wconf 91' lang='lat' dir='ltr'><strong>tum</strong></span> <span class='ocrx_word' id='word_1_826' title='bbox 2121 5334 2277 5394; x_wconf 89' lang='lat' dir='ltr'><strong>atque</strong></span> <span class='ocrx_word' id='word_1_827' title='bbox 2304 5332 2583 5394; x_wconf 87' lang='lat' dir='ltr'><strong>purgatum</strong></span> <span class='ocrx_word' id='word_1_828' title='bbox 2613 5338 2626 5373; x_wconf 91' lang='lat'>:</span> <span class='ocrx_word' id='word_1_829' title='bbox 2657 5320 2758 5374; x_wconf 92' lang='lat' dir='ltr'><strong>hoc</strong></span> <span class='ocrx_word' id='word_1_830' title='bbox 2782 5326 2883 5384; x_wconf 86' lang='lat' dir='ltr'><strong>cst,</strong></span> <span class='ocrx_word' id='word_1_831' title='bbox 2908 5330 2975 5370; x_wconf 91' lang='lat' dir='ltr'><strong>ne</strong></span> <span class='ocrx_word' id='word_1_832' title='bbox 3000 5315 3111 5384; x_wconf 86' lang='lat' dir='ltr'><strong>ipsa</strong></span> <span class='ocrx_word' id='word_1_833' title='bbox 3134 5326 3291 5367; x_wconf 88' lang='lat' dir='ltr'><strong>causa</strong></span> <span class='ocrx_word' id='word_1_834' title='bbox 3319 5310 3561 5377; x_wconf 91' lang='lat' dir='ltr'><strong>omnino,</strong></span> 
     </span>
    </p>
   </div>
   <div class='ocr_carea' id='block_1_117' title="bbox 1982 5403 3564 5487">
    <p class='ocr_par' dir='ltr' id='par_1_117' title="bbox 1982 5403 3564 5487">
     <span class='ocr_line' id='line_1_118' title="bbox 1982 5403 3564 5487; baseline -0.009 -16"><span class='ocrx_word' id='word_1_835' title='bbox 1982 5426 2197 5487; x_wconf 74' lang='lat' dir='ltr'><strong>promer</strong></span> <span class='ocrx_word' id='word_1_836' title='bbox 2231 5429 2388 5485; x_wconf 87' lang='lat' dir='ltr'><strong>quam</strong></span> <span class='ocrx_word' id='word_1_837' title='bbox 2429 5421 2645 5469; x_wconf 89' lang='lat' dir='ltr'><strong>ventum</strong></span> <span class='ocrx_word' id='word_1_838' title='bbox 2689 5410 2879 5474; x_wconf 89' lang='lat' dir='ltr'><strong>fuerat,</strong></span> <span class='ocrx_word' id='word_1_839' title='bbox 2926 5414 3193 5477; x_wconf 90' lang='lat' dir='ltr'><strong>ageretur,</strong></span> <span class='ocrx_word' id='word_1_840' title='bbox 3238 5404 3325 5459; x_wconf 92' lang='lat' dir='ltr'><strong>ubi</strong></span> <span class='ocrx_word' id='word_1_841' title='bbox 3364 5418 3424 5459; x_wconf 90' lang='lat' dir='ltr'><strong>se</strong></span> <span class='ocrx_word' id='word_1_842' title='bbox 3452 5403 3564 5459; x_wconf 87' lang='lat' dir='ltr'><strong>evi-</strong></span> 
     </span>
    </p>
   </div>
   <div class='ocr_carea' id='block_1_118' title="bbox 1980 5497 3563 5577">
    <p class='ocr_par' dir='ltr' id='par_1_118' title="bbox 1980 5497 3563 5577">
     <span class='ocr_line' id='line_1_119' title="bbox 1980 5497 3563 5577; baseline -0.009 -14"><span class='ocrx_word' id='word_1_843' title='bbox 1980 5508 2290 5565; x_wconf 77' lang='lat' dir='ltr'><strong>dentissima</strong></span> <span class='ocrx_word' id='word_1_844' title='bbox 2317 5505 2556 5577; x_wconf 89' lang='lat' dir='ltr'><strong>superari</strong></span> <span class='ocrx_word' id='word_1_845' title='bbox 2583 5518 2743 5573; x_wconf 89' lang='lat' dir='ltr'><strong>posse</strong></span> <span class='ocrx_word' id='word_1_846' title='bbox 2782 5498 3105 5556; x_wconf 86' lang='lat' dir='ltr'><strong>sentiebant.</strong></span> <span class='ocrx_word' id='word_1_847' title='bbox 3146 5497 3235 5553; x_wconf 89' lang='lat' dir='ltr'><strong>Sic</strong></span> <span class='ocrx_word' id='word_1_848' title='bbox 3256 5503 3434 5551; x_wconf 88' lang='lat' dir='ltr'><strong>autem</strong></span> <span class='ocrx_word' id='word_1_849' title='bbox 3460 5510 3563 5551; x_wconf 90' lang='lat' dir='ltr'><strong>no-</strong></span> 
     </span>
    </p>
   </div>
   <div class='ocr_carea' id='block_1_119' title="bbox 1981 5589 3559 5662">
    <p class='ocr_par' dir='ltr' id='par_1_119' title="bbox 1981 5589 3559 5662">
     <span class='ocr_line' id='line_1_120' title="bbox 1981 5589 3559 5662; baseline -0.008 -6"><span class='ocrx_word' id='word_1_850' title='bbox 1981 5601 2163 5656; x_wconf 90' lang='lat' dir='ltr'><strong>lehant</strong></span> <span class='ocrx_word' id='word_1_851' title='bbox 2186 5608 2239 5654; x_wconf 90' lang='lat' dir='ltr'><strong>et</strong></span> <span class='ocrx_word' id='word_1_852' title='bbox 2270 5597 2544 5661; x_wconf 88' lang='lat' dir='ltr'><strong>timebant,</strong></span> <span class='ocrx_word' id='word_1_853' title='bbox 2574 5604 2631 5650; x_wconf 92' lang='lat' dir='ltr'><strong>ut</strong></span> <span class='ocrx_word' id='word_1_854' title='bbox 2652 5595 2755 5649; x_wconf 89' lang='lat' dir='ltr'><strong>hoc</strong></span> <span class='ocrx_word' id='word_1_855' title='bbox 2775 5592 2937 5647; x_wconf 91' lang='lat' dir='ltr'><strong>etiam</strong></span> <span class='ocrx_word' id='word_1_856' title='bbox 2953 5589 3196 5647; x_wconf 85' lang='lat' dir='ltr'><strong>conﬁteri</strong></span> <span class='ocrx_word' id='word_1_857' title='bbox 3217 5595 3559 5662; x_wconf 88' lang='lat' dir='ltr'><strong>cogerentur,</strong></span> 
     </span>
    </p>
   </div>
   <div class='ocr_carea' id='block_1_120' title="bbox 1985 5682 3565 5762">
    <p class='ocr_par' dir='ltr' id='par_1_120' title="bbox 1985 5682 3565 5762">
     <span class='ocr_line' id='line_1_121' title="bbox 1985 5682 3565 5762; baseline -0.008 -12"><span class='ocrx_word' id='word_1_858' title='bbox 1985 5694 2222 5750; x_wconf 89' lang='lat' dir='ltr'><strong>dicentes</strong></span> <span class='ocrx_word' id='word_1_859' title='bbox 2250 5690 2391 5762; x_wconf 89' lang='lat' dir='ltr'><strong>quod</strong></span> <span class='ocrx_word' id='word_1_860' title='bbox 2421 5689 2642 5755; x_wconf 89' lang='lat' dir='ltr'><strong>sensim,</strong></span> <span class='ocrx_word' id='word_1_861' title='bbox 2675 5687 2729 5742; x_wconf 89' lang='lat' dir='ltr'><strong>id</strong></span> <span class='ocrx_word' id='word_1_862' title='bbox 2747 5692 2850 5753; x_wconf 91' lang='lat' dir='ltr'><strong>est,</strong></span> <span class='ocrx_word' id='word_1_863' title='bbox 2874 5683 3154 5756; x_wconf 88' lang='lat' dir='ltr'><strong>paulatim,</strong></span> <span class='ocrx_word' id='word_1_864' title='bbox 3184 5682 3565 5754; x_wconf 79' lang='lat' dir='ltr'><strong>inducerentur</strong></span> 
     </span>
    </p>
   </div>
   <div class='ocr_carea' id='block_1_121' title="bbox 2050 5862 2981 5932">
    <p class='ocr_par' dir='ltr' id='par_1_121' title="bbox 2050 5862 2981 5932">
     <span class='ocr_line' id='line_1_122' title="bbox 2050 5862 2981 5932; baseline -0.002 -13"><span class='ocrx_word' id='word_1_865' title='bbox 2050 5871 2122 5932; x_wconf 90' lang='lat' dir='ltr'><strong>(a)</strong></span> <span class='ocrx_word' id='word_1_866' title='bbox 2155 5868 2449 5918; x_wconf 77' lang='lat' dir='ltr'><strong>Exhibentur</strong></span> <span class='ocrx_word' id='word_1_867' title='bbox 2470 5863 2591 5917; x_wconf 82' lang='lat' dir='ltr'><strong>infra</strong></span> <span class='ocrx_word' id='word_1_868' title='bbox 2612 5865 2664 5917; x_wconf 85' lang='lat' dir='ltr'><strong>in</strong></span> <span class='ocrx_word' id='word_1_869' title='bbox 2690 5862 2981 5928; x_wconf 75' lang='lat' dir='ltr'><strong>Appendtco.</strong></span> 
     </span>
    </p>
   </div>
  </div>
