4010 6542
435 486 541 550 ηερ

438 608 757 674 iam,
787 610 843 662 et
862 598 932 661 ad
954 604 1131 659 casse
1158 598 1367 659 interna
1405 600 1840 679 deducerentur:
1869 582 2013 661 quod

441 699 623 769 utique
662 702 851 768 optare
877 686 1157 765 deberent,
1189 690 1233 751 si
1262 700 1368 751 non
1411 692 1481 750 de
1520 692 1769 749 inanibus
1808 699 1865 746 et
1902 702 2024 744 mo-

439 791 659 847 moﬁis
680 788 1185 861 prescriptlonibus,
1232 780 1329 845 sed
1372 787 1439 844 de
1469 785 1638 859 ipsius
1678 796 1855 843 causa:
1885 784 2024 840 veri-

438 886 547 938 ure
569 880 917 937 conﬁderent.

507 962 736 1028 CAPUT
754 970 842 1027 Vl.
865 990 937 1013 -θ-
958 969 1016 1027 7.
1038 969 1238 1027 Gtmtra
1264 976 1393 1042 ergo
1419 966 1682 1027 Catholici
1707 982 1830 1025 cum
1857 968 2021 1025 vehe-

439 1070 647 1122 metuar
665 1070 992 1123 conarentur
1011 1107 1026 1134 ,
1052 1066 1115 1121 ut
1132 1065 1200 1122 ad
1230 1072 1444 1122 causam
1468 1067 1863 1136 perveniretur,
1918 1082 2026 1136 quo

440 1161 772 1228 etlsprm'sus
801 1156 946 1214 nolle
969 1157 1250 1229 pervenire
1278 1156 1586 1224 cernebant,
1624 1155 2025 1228 respondebant

441 1248 617 1304 mirer:
660 1249 852 1305 iterum
878 1254 1038 1321 atque
1067 1250 1258 1305 iterum
1294 1249 1497 1305 eisdem
1528 1249 1658 1319 ipsis
1688 1263 1804 1319 quat
1834 1247 1907 1303 illi
1938 1255 2022 1303 to-

441 1338 541 1395 ies
564 1340 674 1410 jem
704 1346 968 1396 hensum
995 1341 1327 1410 repetebant.
1358 1340 1426 1395 Et
1452 1339 1706 1410 quoniam
1733 1336 1839 1394 duo
1873 1346 2028 1395 erant

438 1441 559 1502 qum
581 1434 636 1488 in
664 1424 899 1489 mediam
926 1437 1187 1489 Veneram
1204 1474 1218 1500 ,
1249 1438 1412 1489 unum
1439 1434 1505 1489 de
1532 1432 1764 1489 editione
1788 1430 2028 1487 mandati

439 1527 584 1597 quod
621 1529 807 1599 legatis
836 1527 1132 1600 iniunctum
1170 1537 1286 1596 est,
1331 1529 1557 1585 alterum
1603 1536 1780 1583 utrum
1832 1524 2027 1582 divinis

438 1619 779 1687 testlmmiis,
801 1635 867 1676 an
883 1621 1047 1691 gestis
1068 1621 1292 1692 publicis
1313 1619 1571 1678 Catholici
1588 1637 1747 1692 agere
1766 1616 1987 1676 mallent
2008 1637 2025 1688 ;

442 1710 510 1765 de
536 1710 772 1767 mandati
794 1711 942 1767 illitis
966 1712 1202 1769 editione
1228 1723 1281 1769 et
1297 1712 1559 1769 Catholici
1591 1714 2026 1785 responderunt,

440 1808 549 1857 non
579 1801 798 1869 adeon,
854 1806 1027 1875 neque
1072 1805 1140 1861 ad
1187 1814 1504 1876 praesentem
1550 1816 1768 1861 causam
1810 1805 2031 1861 omnino

440 1894 747 1964 pertinere;
773 1899 828 1949 et
853 1894 968 1965 ipse
993 1893 1251 1966 Cognitor
1269 1938 1284 1962 ,
1314 1895 1457 1967 quod
1484 1895 1680 1965 saepius
1718 1896 2031 1965 pronuntia-

439 1990 591 2041 verat
612 2026 629 2050 ,
668 1987 859 2043 iterum
889 1988 1288 2058 pronuntiavit,
1319 1989 1615 2059 legatorum
1664 2002 1946 2058 personam
1975 1990 2032 2045 et

366 2104 371 2113 ν
439 2077 750 2132 nummatum
790 2078 933 2149 quod
971 2084 1327 2149 sueceperunt
1370 2079 1589 2135 omnino
1617 2095 1677 2135 se
1718 2095 1824 2135 non
1871 2094 2029 2152 posse

441 2165 711 2223 discutere
727 2208 744 2235 ,
770 2176 828 2224 et
854 2169 924 2225 ab
949 2183 1015 2224 eo
1039 2166 1181 2239 quod
1222 2169 1325 2225 sibi
1354 2168 1647 2239 iniunctum
1693 2179 1775 2226 est
1804 2185 1911 2225 non
1938 2168 2033 2226 de-

440 2256 575 2313 bere
599 2257 918 2315 discedere:
963 2256 1388 2330 quandoquidem
1421 2260 1552 2315 satis
1592 2256 1884 2331 apparebat
1928 2252 2031 2314 im-

441 2348 735 2418 politith
783 2349 977 2405 litteris
1025 2350 1216 2420 Quibus
1261 2349 1424 2420 iudex
1455 2348 1578 2406 huic
1632 2356 1808 2406 causa:
1860 2348 2034 2407 fuerat

443 2439 799 2508 constitutae,
831 2439 1181 2497 Collatlonem
1217 2440 1286 2497 ab
1324 2439 1652 2511 Imperatore
1696 2456 2028 2499 concessam.

439 2531 522 2588 De
558 2532 652 2589 illo
684 2540 863 2590 autem
891 2534 1060 2590 altero
1079 2576 1095 2603 ,
1127 2534 1218 2589 ubi
1248 2535 1557 2605 qurerebant
1600 2535 1729 2607 quid
1767 2537 2027 2608 eligerent

441 2621 738 2691 Melici,
768 2632 947 2680 utnun
989 2624 1169 2681 divina
1198 2624 1551 2693 (loeumenta,
1609 2641 1676 2682 an
1727 2636 1877 2699 gesta
1925 2645 2023 2698 pu-

442 2713 622 2781 m;
651 2715 847 2786 saepius
871 2712 1139 2771 Catholici
1177 2715 1602 2786 responderunt,
1645 2714 1697 2774 si
1742 2719 2033 2776 Donatistae

444 2800 725 2859 hominm
752 2804 976 2861 crimina
1006 2812 1115 2860 hen
1134 2804 1465 2876 emicet-ent,
1493 2822 1612 2877 qua:
1632 2808 1777 2864 velut
1809 2809 2032 2867 tradito-

442 2891 1271 2964 rhobjieeteeonstiﬂeruut,
1294 2897 1395 2953 sed
1414 2901 1780 2956 tantummodo
1810 2902 1863 2957 id
1889 2918 2037 2973 qua:-

443 2991 657 3039 reretur
674 3024 689 3049 ,
712 2998 832 3056 quas
850 3027 866 3051 ,
894 2986 981 3042 vel
1006 2987 1096 3041 ubi
1117 2996 1261 3044 esset
1288 2987 1549 3057 Ecclesia,
1578 2989 1709 3046 nihil
1737 3007 1796 3047 se
1822 3003 2035 3050 acturos

444 3074 678 3143 publicis
702 3077 867 3146 gestis
885 3117 901 3141 ,
929 3076 1433 3147 sedBcripturarum
1463 3079 1763 3137 divinarum
1796 3092 2034 3140 tantum-

445 3165 613 3220 nodo
643 3167 963 3222 testimoniis
989 3168 1079 3224 :si
1098 3174 1276 3225 autem
1311 3170 1367 3225 in
1396 3172 1482 3227 ilia
1514 3172 1788 3230 hominum
1819 3191 2036 3233 accusa-

449 3253 603 3312 tione
622 3264 681 3311 et
707 3254 1082 3314 criminatione
1126 3260 1478 3329 persisterent
1498 3303 1514 3329 ,
1556 3264 1678 3334 quia
1703 3270 1757 3320 et
1805 3266 1905 3336 ipsi
1935 3267 2038 3325 ista

445 3344 559 3401 nisi
600 3346 796 3403 idibus
839 3350 1002 3421 σθειῆ
1029 3350 1401 3407 demonstrare
1455 3367 1562 3409 non
1615 3365 1867 3425 possent,
1921 3361 2039 3417 sine

448 3437 613 3496 dubio
640 3448 697 3496 et
720 3440 1026 3498 Catholicos
1051 3442 1356 3514 huiusmodi
1381 3446 1603 3500 crimina
1624 3449 1787 3517 gestis
1814 3448 2038 3518 publicis

450 3529 802 3598 ὡραιουωες
838 3532 997 3589 aliter
1024 3535 1168 3589 enim
1198 3535 1298 3590 ista
1329 3542 1430 3590 nec
1465 3536 1704 3591 accusari
1740 3547 1987 3608 poterant
2018 3582 2035 3609 ,

449 3628 555 3678 nec
578 3619 812 3677 moi.
843 3622 969 3680 Haec
991 3624 1072 3680 eis
1091 3626 1286 3696 sapius
1302 3634 1355 3681 et
1380 3639 1410 3679 a
1428 3626 1718 3684 Catholicis
1745 3636 1799 3684 et
1826 3629 1895 3684 ab
1920 3630 2039 3701 ipso

450 3707 742 3782 Gognltore
780 3713 1008 3783 repetita
1034 3723 1089 3771 et
1118 3716 1379 3772 inculcata
1404 3725 1530 3773 sunt
1548 3760 1564 3786 ,
1592 3719 1773 3775 multis
1801 3730 1855 3776 et
1878 3723 2039 3778 variis

449 3803 626 3858 ldis
643 3804 927 3861 multarum
943 3808 1377 3878 presecutionom
1396 3810 1500 3865 illis
1514 3809 1580 3866 ad
1601 3811 1789 3868 eadem
1809 3810 2041 3869 redeun-

451 3895 629 3963 tia,
654 3903 711 3952 et
733 3897 922 3953 eadem
959 3901 1324 3971 repetentibus
1344 3942 1359 3968 ,
1388 3916 1458 3957 ne
1483 3912 1734 3973 ageretur
1758 3918 1918 3962 causa
1936 3948 1953 3975 ,
1986 3914 2041 3963 et

452 3995 691 4056 aegesta
718 3987 1021 4063 legerentur
1050 3998 1171 4060 qua:
1190 3991 1301 4061 iam
1328 3992 1382 4047 in
1420 3993 1666 4050 manibus
1690 4010 1812 4053 esse
1855 4010 2043 4055 cerne-

454 4073 604 4131 bant.
628 4076 735 4132 Sed
758 4078 1040 4149 aliquando
1069 4080 1193 4136 vicit
1223 4081 1479 4153 Oogrﬁtor
1526 4092 1631 4140 tam
1667 4087 1851 4158 longas
1879 4087 2046 4146 obsti-

454 4167 722 4236 nationes,
738 4176 795 4225 et
813 4169 978 4240 jussit
996 4173 1211 4228 unitati
1227 4188 1347 4244 qute
1367 4190 1398 4230 ιι
1421 4175 1713 4235 Catholicis
1736 4180 1857 4236 data
1882 4191 2041 4251 sunt;

456 4267 515 4315 et
536 4261 697 4331 «epit
716 4262 927 4319 tam
953 4266 1045 4336 agi-
1059 4276 1237 4334 πωπω,
1271 4277 1493 4342 propter
1518 4282 1677 4343 quam
1702 4280 1780 4329 tet
1804 4275 2045 4347 episcOpi

457 4351 631 4422 partis
655 4353 936 4425 urinaque
961 4368 1342 4415 convenerant.
1387 4362 1538 4428 Quod
1579 4365 1892 4423 mirabiliter
1932 4366 2047 4425 fac-

459 4451 581 4501 ω.
600 4453 719 4512 est,
743 4454 801 4501 ut
825 4460 947 4502 eum
986 4450 1281 4509 Donatistae
1308 4460 1589 4524 preptere'a
1620 4464 1923 4526 quaererent
1952 4475 2046 4531 pe-

460 4537 636 4595 tiaris
677 4553 962 4610 personam
1001 4548 1072 4600 ne
1119 4545 1489 4615 perveniretur
1528 4548 1595 4604 ad
1633 4562 1876 4619 causam,
1933 4553 2047 4624 ipsa

462 4629 735 4703 leguleii!)
782 4636 1030 4704 petitoris
1071 4636 1249 4696 δαὶ)κο
1278 4640 1331 4695 in
1381 4636 1618 4698 medium
1661 4645 1898 4702 mitteret
1925 4662 2049 4703 cau-

534 4815 762 4875 CAPUT
791 4816 902 4875 Vit.
927 4846 1002 4863 -ι-
1023 4821 1079 4878 8.
1107 4823 1290 4880 Tertio
1313 4834 1444 4898 ergo
1468 4826 1589 4886 loco
1609 4826 1725 4887 hrec
1749 4840 1866 4888 acta
1901 4843 2047 4890 sunt.

462 4906 626 4965 Laeta
653 4910 739 4966 eet
765 4912 954 4968 relatio
974 4914 1189 4970 annuat
1215 4918 1549 4987 proconsulis
1573 4920 1640 4977 ad
1668 4918 2050 4992 imperatorem

464 4994 917 5060 Melanium:
966 5014 1127 5077 quam
1175 5010 1536 5079 quaerentibus
1580 5012 1872 5072 Donatistis
1908 5015 2051 5073 unde

463 5095 670 5165 prolata
684 5096 788 5162 sit;
814 5097 1075 5153 Catholici
1097 5100 1491 5169 responderunt
1519 5103 1570 5157 in
1588 5105 1803 5163 archivo
1823 5120 2051 5178 procon-

465 5185 623 5252 sulis,
642 5187 689 5241 ei
713 5187 1036 5256 dubitarent,
1054 5196 1177 5246 esse
1194 5193 1559 5262 quaerendum.
1590 5193 1646 5249 In
1668 5212 1767 5266 qua
1794 5200 2050 5258 relatione

469 5278 869 5335 evidentissime
890 5282 1227 5349 contiﬁetar,
1276 5284 1422 5355 ipsos
1449 5284 1694 5354 primitus
1725 5288 1791 5343 ad
1819 5288 2048 5361 impera-

465 5380 643 5429 torem
664 5372 1067 5431 Constantinum
1095 5384 1195 5447 per
1215 5386 1567 5433 memoratum
1595 5384 1966 5449 proconsulem
1988 5401 2050 5441 ea

468 5478 587 5534 qure
601 5464 889 5521 Caeciliano
908 5467 1132 5523 crimina
1152 5464 1473 5539 objiciebant
1501 5475 1804 5530 accusando
1821 5478 2046 5533 misisse.

468 5555 583 5624 Qua
607 5556 841 5629 perlecta
867 5557 1157 5616 Dom
1176 5568 1421 5631 timerem
1447 5575 1746 5635 coeperunt,
1769 5584 1926 5639 quem
1951 5571 2051 5627 snbi

468 5646 727 5703 Catholici
752 5648 993 5706 dicerent
1029 5658 1255 5721 patrem.
1297 5650 1499 5722 Quibus
1535 5668 1657 5712 cum
1698 5658 1765 5715 ab
1795 5661 1873 5717 eis
1910 5671 2050 5719 esset

467 5742 1101 5808 meammeam
1128 5742 1475 5817 Bvungelium
1494 5790 1507 5811 ,
1540 5747 1629 5804 ubi
1659 5751 1917 5822 scriptum
1944 5765 2045 5824 est,

466 5826 555 5886 Ne
578 5830 713 5886 vobis
737 5833 915 5889 dicatis
941 5845 1137 5906 patrem
1163 5838 1218 5892 in
1248 5847 1418 5906 terra;
1442 5856 1572 5895 unus
1622 5853 1693 5897 est
1738 5848 1870 5901 enim
1910 5859 2048 5917 pater

463 5928 625 5975 vester
653 5920 793 5985 Deus
812 5922 1020 5997 (Matth.
1050 5930 1179 5985 xi'm‘
1200 5969 1215 5998 ,
1237 5920 1297 6002 9)
1329 5940 1343 5985 :
1375 5926 1537 5987 etiam
1570 5928 1673 5991 hoc
1698 5934 1879 5996 audito
1907 5942 2045 5999 nihi-

1660 476 1719 539 S.
1758 472 1925 537 Αυρι
1938 460 2135 527 ιετίέςι
2174 466 2479 531 EPBCOPI

2141 586 2374 643 l'ominu‘s
2426 590 2667 659 quan-ere
2708 595 3019 660 cmperunt,
3051 596 3229 645 utrum
3273 589 3351 646 eis
3406 582 3748 651 Caecilianus

2136 690 2288 751 pater
2317 689 2489 748 esset,
2521 686 2588 735 an
2618 688 2810 737 mater.
2839 681 2974 736 Cum
2990 680 3101 752 jam
3127 671 3327 738 dictum
3351 683 3546 740 fuisset
3572 701 3603 740 a
3623 686 3755 743 C3-

2134 772 2379 841 tholicis,
2417 784 2516 828 nec
2541 780 2749 844 patrem
2778 772 2879 829 sibi
2906 788 3029 828 cum
3056 788 3176 830 esse
3207 782 3305 831 nec
3332 785 3597 843 matrem;
3632 776 3741 835 sed

2135 865 2357 922 fratrem
2376 909 2389 931 ,
2422 867 2537 922 sive
2565 866 2763 921 bonum
2784 907 2799 932 ,
2830 866 2877 922 si
2906 862 3079 923 bonus
3103 876 3273 935 esset,
3295 868 3409 925 sive
3430 869 3656 934 malum,
3692 871 3747 927 si

2135 958 2308 1014 malus
2334 964 2508 1025 esset,
2541 959 2662 1028 quia
2688 966 2741 1014 et
2767 957 2940 1013 malus
2967 966 3183 1030 propter
3209 959 3556 1018 Sacramenta
3586 977 3747 1019 com-

2136 1050 2317 1105 munia
2360 1049 2529 1106 frater
2556 1056 2699 1106 esset
2732 1070 2745 1105 :
2790 1052 2914 1107 hinc
2941 1053 3214 1124 aliquanto
3241 1052 3440 1110 diutius
3468 1053 3744 1112 conﬂixe-

2135 1150 2291 1211 runt,
2323 1138 2616 1198 Donatistis
2667 1144 2855 1200 eadem
2894 1147 3296 1216 repetentibus,
3336 1157 3393 1205 ct
3438 1148 3744 1207 Catholicis

2134 1233 2324 1289 eadem
2353 1233 2819 1302 respondentibus.
2847 1235 2980 1291 Nam
3008 1237 3186 1294 ethoc
3213 1239 3531 1311 objecerunt
3556 1242 3745 1298 Dona-

2136 1323 2277 1379 tistae
2297 1366 2312 1391 ,
2341 1322 2609 1393 quomodo
2635 1323 2839 1381 diceret
2870 1328 3185 1397 Apostolus,
3221 1326 3291 1384 Et
3323 1331 3367 1384 si
3396 1330 3587 1387 multo:
3627 1349 3740 1404 ρωο

2135 1412 2361 1486 dagogos
2382 1416 2574 1471 habetis
2597 1418 2650 1471 in
2669 1412 2869 1472 Christo
2887 1458 2902 1486 ,
2930 1416 3022 1472 sed
3066 1435 3168 1474 non
3200 1421 3386 1477 multo:
3425 1433 3599 1493 patres
3620 1441 3639 1478 :
3683 1425 3745 1480 in

2139 1500 2340 1561 Christo
2365 1507 2498 1561 enim
2515 1506 2640 1564 Jesu
2660 1514 2751 1578 per
2772 1506 3110 1581 Evangelium
3129 1527 3219 1582 ego
3245 1528 3332 1567 vos
3361 1514 3518 1585 genui
3544 1514 3590 1587 (Ι
3617 1515 3742 1572 Cor.

2138 1602 2191 1652 tv
2210 1637 2226 1664 ,
2249 1596 2360 1671 l5).
2384 1588 2451 1653 Et
2477 1614 2795 1671 responsum
2824 1610 2904 1656 est
2927 1617 2958 1656 a
2985 1598 3276 1659 Catholicis
3293 1645 3309 1672 ,
3339 1602 3441 1661 hoc
3468 1605 3745 1663 honorifi-

2135 1689 2327 1746 centia:
2356 1705 2517 1747 causa
2543 1689 2740 1747 dictum
2760 1698 2979 1762 propter
2994 1694 3359 1765 evangelicum
3376 1696 3745 1753 ministerium

2135 1781 2283 1853 quod
2317 1781 2660 1853 di'spenSabat
2697 1783 3009 1854 Apostolus.
3040 1780 3175 1840 Nam
3213 1794 3423 1858 patrem
3462 1785 3534 1843 ad
3575 1787 3747 1845 [idem

2137 1874 2473 1947 salutemque
2497 1885 2753 1931 aeternam
2775 1892 2880 1932 non
2901 1892 3022 1933 esse
3046 1877 3148 1933 nisi
3165 1878 3353 1935 Deum.
3379 1876 3569 1951 Neque
3595 1881 3747 1937 enim

2136 1974 2323 2038 posset
2345 1965 2674 2022 contrarium
2721 1956 2936 2023 Christo
2964 1968 3255 2039 Apostolus
3296 1970 3479 2042 loqui,
3530 1980 3590 2026 ut
3618 1986 3746 2028 omn

2136 2048 2228 2115 ille
2242 2048 2463 2125 diceret,
2489 2055 2572 2112 Ne
2595 2054 2728 2111 vobis
2754 2056 2939 2112 dicatis
2958 2068 3157 2128 patrem
3176 2058 3231 2113 in
3252 2068 3419 2125 terra;
3446 2078 3582 2118 unus
3607 2062 3748 2119 enim

2138 2158 2285 2220 pater
2311 2159 2469 2203 vester
2495 2147 2636 2203 Deus
2658 2166 2680 2214 ;
2700 2156 2889 2203 contra
2914 2148 3203 2219 Apostolus
3221 2189 3238 2216 ,
3274 2159 3532 2221 tanquam
3570 2152 3744 2207 resis-

2140 2242 2260 2294 tens
2287 2238 2463 2295 verbis
2488 2236 2719 2307 Christi,
2743 2247 2953 2310 patrem
2976 2252 3036 2295 se
3051 2238 3259 2295 diceret
3287 2248 3474 2296 eorum
3499 2284 3517 2309 ,
3546 2242 3749 2313 quibus

2140 2329 2549 2386 annuntiaverat
2572 2329 2960 2400 Evangelium:
2992 2329 3097 2385 nisi
3126 2336 3273 2386 esset
3312 2328 3498 2402 utique
3544 2329 3746 2388 distin-

2139 2421 2407 2494 guendum
2429 2463 2444 2488 ,
2475 2420 2602 2492 quid
2628 2420 2823 2477 divinae
2862 2421 3050 2493 gratia:
3066 2463 3084 2491 ,
3114 2420 3243 2495 quid
3271 2422 3522 2479 humanae.
3564 2423 3745 2489 honoo

2139 2513 2418 2570 riﬁccntiae
2446 2529 2606 2569 causa
2633 2513 2925 2571 diceretur.
3496 2514 3513 2531 ‘

2212 2608 2267 2664 9.
2296 2604 2633 2675 Quaesierunt
2662 2608 2980 2679 etiam,quis
2996 2606 3324 2667 ordinaverit
3351 2610 3742 2683 Augustinum,

2140 2700 2325 2757 nescio
2354 2717 2486 2771 quas
2506 2742 2521 2768 ,
2551 2701 2690 2757 sicut
2711 2702 3047 2773 iactabatur,
3079 2705 3375 2761 calumnias
3419 2721 3743 2777 praeparan-

2141 2802 2243 2850 tes.
2267 2793 2369 2850 Ubi
2393 2809 2515 2850 cum
2546 2794 2625 2850 eis
2650 2794 2915 2866 intrepide
2953 2797 3337 2867 responderet,
3364 2813 3394 2852 a
3424 2798 3656 2870 Megalia
3681 2814 3745 2856 se

2145 2886 2471 2955 ordinatum,
2494 2886 2583 2957 qui
2608 2894 2733 2941 tunc
2754 2885 2916 2942 fuerit
2931 2889 3128 2958 primas
3153 2889 3531 2961 episcoporum
3560 2878 3620 2947 in
3642 2892 3747 2948 Nu-

2140 2977 2303 3033 midia
2332 2977 2587 3033 Ecclesia:
2623 2976 2930 3044 catholica);
2973 2987 3027 3034 et
3069 2989 3283 3050 urgeret
3329 2980 3638 3054 instanter,
3684 2992 3746 3040 ut

2136 3071 2249 3142 jam
2279 3069 2582 3140 proferrent
2610 3085 2729 3140 qute
2763 3081 3231 3140 praeparaverunt,
3258 3081 3318 3127 ut
3343 3073 3417 3130 ibi
3447 3075 3616 3130 etiam
3644 3090 3741 3132 ca-

2141 3161 2394 3217 lumniosi
2423 3160 2914 3216 demonstrarentur
2948 3180 2962 3216 :
2992 3162 3071 3216 illi
3098 3162 3454 3221 intentionem
3495 3165 3552 3221 in
3592 3167 3743 3224 aliud

2143 3251 2485 3307 detorserunt
2502 3294 2518 3318 ,
2549 3250 2834 3307 redeuntes
2851 3250 2920 3306 ad
2943 3250 3209 3309 Caeciliani
3235 3246 3547 3325 personam,
3576 3273 3743 3329 quam

2144 3340 2390 3398 dicebant
2417 3343 2693 3399 catholicae
2718 3342 2793 3415 (a)
2839 3344 3093 3402 Ecclesiae
3129 3361 3236 3402 non
3261 3346 3489 3416 obesse,
3524 3349 3745 3407 etiamsi

2144 3448 2269 3489 vera
2292 3433 2407 3504 ejus
2423 3433 2649 3489 crimina
2669 3444 3128 3504 monstrarentur;
3158 3445 3214 3494 et
3241 3446 3421 3495 tamen
3446 3440 3611 3497 etiam
3629 3441 3746 3512 ipsa

2145 3540 2255 3580 non
2284 3539 2441 3595 posse
2468 3542 2595 3581 vera
2623 3528 2935 3601 monstrari.

2215 3608 2442 3672 CAPUT
2474 3608 2607 3672 Vill.
2635 3648 2705 3658 —
2735 3619 2824 3673 10.
2853 3617 3004 3675 Tunc
3028 3618 3206 3689 itaque
3233 3620 3529 3677 Donatistae
3554 3630 3744 3693 protu-

2145 3706 2325 3763 lerunt
2350 3708 2580 3776 litteras,
2611 3724 2743 3779 quas
2761 3710 2830 3765 ab
2852 3711 3101 3767 universo
3128 3712 3358 3768 concilio
3383 3728 3482 3769 suo
3505 3728 3570 3770 se
3589 3729 3745 3771 acce-

2146 3800 2290 3872 pisse
2337 3800 2586 3857 dicebant
2633 3799 2739 3876 (b),
2770 3803 2963 3874 quibus
3014 3807 3434 3874 responderetur
3486 3808 3744 3864 mandato

2145 3890 2567 3962 Catholicorum,
2596 3893 2738 3971 quod
2770 3894 2944 3964 primo
2969 3893 3059 3950 die
3087 3896 3314 3952 actionis
3339 3896 3511 3953 fuerat
3538 3899 3743 3969 allega-

2147 3994 2300 4051 tum;
2329 3994 2385 4040 et
2410 3984 2495 4039 die
2527 3984 2771 4054 sequenti
2814 3994 3104 4057 antequam
3139 3986 3207 4042 ad
3244 3988 3535 4044 secundam
3575 3989 3746 4046 actio-

2148 4092 2273 4132 nem
2289 4074 2374 4131 die
2402 4076 2559 4131 tertio
2597 4074 2869 4131 veniretur
2889 4116 2903 4141 ,
2931 4076 3056 4133 data
3086 4079 3295 4134 notoria
3325 4079 3620 4135 Donatista:
3657 4080 3744 4136 edi

2151 4167 2251 4223 sibi
2280 4177 2636 4239 poposcerant
2654 4209 2670 4235 ,
2694 4177 2752 4222 ut
2775 4168 3025 4225 instructi
3046 4179 3269 4240 possent
3293 4170 3362 4226 ad
3381 4172 3744 4253 cognitionem

2148 4261 2353 4316 venire.
2386 4259 2453 4316 Et
2478 4256 2703 4316 fortasse
2724 4271 2942 4331 propter
2967 4263 3063 4319 has
3090 4263 3298 4320 litteras
3313 4264 3599 4336 diligenter
3610 4266 3746 4321 scri-

2150 4350 2353 4409 bendas
2383 4353 2541 4407 etiam
2568 4353 2684 4423 ipsa
2736 4344 2973 4410 secunda
3019 4356 3230 4411 actione
3256 4356 3572 4414 dilationem
3602 4359 3744 4429 peti-

2150 4452 2371 4511 verunt,
2400 4460 2518 4516 quae
2561 4444 2666 4499 illis
2697 4460 2793 4502 sex
2842 4444 3050 4502 dierum
3103 4461 3357 4506 concessa
3405 4457 3509 4504 est.
3538 4450 3743 4519 Quarto

2153 4537 2459 4607 itaqueloco
2486 4536 2602 4592 haec
2623 4544 2740 4593 acta
2765 4546 2891 4593 sunt
2921 4556 2935 4593 :
2968 4539 3118 4596 lectae
3144 4549 3269 4595 sunt
3292 4556 3453 4611 supra
3472 4541 3631 4599 dictas
3660 4543 3747 4599 lit-

2156 4636 2286 4685 tera:
2335 4628 2763 4696 Donatistarum,
2802 4629 2994 4699 quibus
3041 4632 3223 4686 conati
3265 4640 3390 4688 sunt
3417 4634 3746 4703 respondere

2154 4720 2407 4777 mandato
2446 4719 2873 4787 Catholicorum,
2902 4721 3046 4792 quod
3083 4723 3244 4793 gestis
3285 4724 3477 4795 prima:
3515 4725 3746 4781 actionis

2156 4813 2409 4870 insertum
2434 4822 2534 4870 est.
2566 4813 2664 4869 Cui
2684 4814 2934 4870 mandato
2960 4829 3069 4869 non
3096 4829 3193 4870 eos
3227 4816 3466 4885 potuisse
3512 4831 3745 4887 respon-

2157 4904 2284 4962 dere
2317 4905 2550 4961 inveniet
2580 4902 2673 4976 qui
2711 4914 2934 4977 utraque
2975 4906 3158 4976 legere
3186 4914 3243 4962 et
3285 4907 3633 4963 considerare
3658 4923 3739 4961 vo-

2156 4995 2316 5051 luerit
2344 5014 2357 5049 :
2402 4996 2628 5065 primum
2658 4996 2676 5028 ι
2701 5038 2716 5064 ,
2761 4996 2888 5066 quia
2919 4996 3223 5053 testimonia
3250 5011 3317 5052 ex
3362 4995 3505 5068 Lege
3530 5006 3587 5053 et
3612 4998 3740 5053 Pro-

2157 5087 2331 5159 phetis
2351 5097 2404 5143 et
2424 5087 2649 5143 Psalmis
2686 5095 2742 5142 et
2767 5088 3071 5158 apostolicis
3098 5098 3259 5160 atque
3286 5090 3608 5160 evangelicis
3633 5090 3740 5145 Lit-

2156 5178 2286 5236 teris
2312 5178 2649 5250 deprompta,
2677 5180 2870 5249 quibus
2897 5180 3197 5237 ostenditur
3220 5180 3458 5238 Ecclesia
3485 5181 3742 5237 calliohca

2155 5286 2253 5343 per
2281 5278 2446 5326 totum
2481 5269 2737 5326 mundum
2765 5270 2985 5327 diil‘undi
3003 5312 3020 5338 ,
3051 5271 3310 5342 incipiens
3328 5273 3397 5329 ab
3423 5272 3740 5336 Jerusalem.

2154 5362 2297 5421 unde
2322 5363 2377 5418 in
2417 5364 2713 5434 propinqua
2742 5371 2797 5419 et
2834 5362 3121 5434 longinqua
3164 5364 3459 5421 crescendo
3482 5365 3642 5421 etiam
3690 5365 3738 5419 in

2154 5452 2393 5511 Africam
2419 5454 2595 5523 venit,
2626 5464 2683 5512 et
2718 5456 2771 5511 in
2815 5456 2922 5512 alia
2958 5456 3077 5513 loca
3115 5464 3172 5515 et
3203 5458 3445 5515 civitates
3487 5474 3588 5530 per
3614 5472 3740 5529 quas

2155 5545 2402 5617 primitus
2427 5545 2643 5601 dilatata
2670 5554 2787 5613 est,
2819 5548 2874 5602 in
2927 5548 3119 5618 quibus
3170 5549 3352 5605 multa:
3393 5550 3648 5606 Ecclesiae
3675 5549 3737 5603 ad

2216 5701 2236 5733 ⁸
2263 5701 2355 5765 tie
2388 5698 2707 5762 resutuimus,
2752 5699 2981 5765 prmum,
3022 5713 3088 5752 ex
3115 5703 3330 5753 eﬂtione
3370 5710 3469 5754 Am.
3515 5714 3601 5765 pre
3646 5711 3735 5763 quo

2151 5762 2279 5830 apud
2307 5771 2417 5812 ιον.
2441 5774 2700 5830 perperam
2722 5762 3038 5830 substitutum
3062 5774 3185 5828 erat,
3206 5768 3481 5830 compertu.

2204 5824 2288 5937 sa)
2323 5832 2464 5875 Juxta
2481 5824 2622 5897 more}
2645 5825 2909 5898 legendum
2933 5824 3189 5890 95%un
3230 5824 3453 5881 eam
3492 5827 3732 5880 cum

2239 5901 2269 5937 e
2292 5888 2528 5936 Element.
2546 5892 2723 5937 Crtttc..
2749 5900 2858 5937 nae.
2884 5886 2993 5937 $4.
3056 5895 3115 5937 ι.

2149 5886 2275 5951 Vide
2292 5888 2531 5951 Element.
2546 5886 2723 5951 critici,
2749 5900 2858 5951 pag.
2884 5886 2993 5951 ῆι.
3014 5886 3020 5887 ί
3055 5886 3115 5940 1.

2215 5949 2288 6015 (b)
2312 5955 2507 6002 Exstant
2519 5947 2642 6001 intra
2655 5947 2714 6005 in,
2727 5947 3016 6014 appendice-

3714 6074 3717 6075 ,
3748 6042 3763 6074 ι
