4010 6476
516 313 613 371 851

1735 332 1796 389 8.
1833 326 2197 388 AUGUSTINI
2233 331 2550 427 EPISCOPlA

3681 373 3784 432 65%

515 426 790 486 dazmoniis
816 432 953 490 velle
989 437 1383 496 communicare
1407 426 1604 511 {quasi
1639 444 1908 503 hmreticis
1936 462 2087 503 com-
2112 453 2155 526 ξς
2208 463 2513 525 posuerant,
2540 466 2594 515 et
2617 473 2681 517 ea
2698 477 2828 555 quae
2855 464 2930 522 im
2947 455 2981 501 ἰ
3005 482 3574 555 commemonveram,
3601 501 3782 548 oste“-

515 520 812 555 muniam-u-
859 525 1066 555 nllnnt‘n
1098 542 1280 555 ..Α-...η
1309 532 1778 555 -..ηιμ-.-.ε--.ηη
1814 540 1826 552 ο
1873 540 1884 552 ι
1966 541 2000 555 σ-
2221 541 2234 555 .
2572 551 2586 555 _

511 520 830 591 municetur,
859 525 1068 596 quando
1097 542 1282 584 eorum
1306 532 1785 593 anathematizatur
1812 540 2088 611 iniquitas,

509 613 755 680 quamvis
783 615 836 669 in
863 631 1048 672 eorum
1075 623 1476 682 consecratione
1511 627 1760 686 inventus
1785 633 2089 703 Baptismus

507 715 615 756 non
644 702 979 772 destruatur;
1010 708 1150 764 sicut
1174 703 1665 775 lanathematizatur
1696 721 1949 793 iniquitas
1973 725 2086 782 dae-

503 807 722 850 monum
745 837 759 861 ,
787 800 1028 867 quamvis
1054 801 1109 857 in
1133 817 1321 861 eorum
1345 808 1682 869 confessione
1724 815 1960 873 auditum
1989 835 2089 875 no-

499 898 627 938 men
657 885 865 942 Domini
904 904 1010 945 non
1038 903 1282 964 negetur.
1384 929 1388 933 ρ
1533 980 1537 981 ί

572 977 658 1033 15.
702 979 777 1034 De
804 987 1261 1050 persecutionibus
1285 989 1445 1046 etiam
1475 980 1607 1064 quas
1633 1001 1838 1070 perpeti
1865 1016 1924 1058 se
1951 1017 2084 1074 que-

495 1073 706 1135 runtur,
738 1071 903 1128 multa
942 1075 1138 1152 insuis
1166 1079 1356 1137 litteris
1401 1097 1695 1153 posuerunt
1723 1107 1738 1144 :
1766 1106 1866 1147 nec
1905 1101 2082 1152 tamen

493 1159 824 1226 respondere
863 1166 978 1221 ausi
1006 1150 1129 1224 Sunt
1163 1170 1229 1225 ad
1260 1150 1567 1246 illud'quod
1598 1179 1651 1233 in
1693 1182 1946 1239 mandato
1975 1185 2078 1240 Ca-

407 1289 412 1291 .
498 1245 816 1306 tliolicorum
843 1253 1041 1311 dictum
1071 1268 1174 1327 est,
1204 1262 1348 1332 quod
1374 1245 1473 1334 ipsi
1500 1267 1745 1336 primitus
1768 1273 1909 1344 apud
1933 1273 2078 1330 Con-

490 1338 784 1396 stantinum
833 1343 1208 1414 imperatorem
1256 1367 1643 1414 accusaverunt
1690 1360 2074 1436 Caecilianum;

487 1426 579 1495 qui
635 1428 702 1484 de
762 1431 1145 1502 imperatorum
1195 1441 1401 1514 legibus
1448 1462 1881 1524 conqueruntur,
1933 1460 2072 1516 invi-

486 1514 630 1571 diam
673 1518 754 1593 (a)
798 1521 1190 1585 Catholicorum
1241 1548 1643 1610 exaggerantes,
1692 1545 1805 1600 sive
1851 1558 2069 1620 mortes,

483 1620 619 1675 quas
669 1625 855 1668 eorum
905 1617 1370 1681 Circumcelliones
1421 1629 1765 1704 sibimetipsis
1813 1639 2066 1712 inferunt,

481 1696 597 1753 sive
641 1704 816 1758 omnia
862 1721 980 1776 quae
1026 1726 1130 1766 non
1177 1729 1276 1784 pro
1305 1724 1684 1784 communione
1714 1729 1924 1798 Donati,
1971 1738 2065 1793 sed

482 1799 584 1856 pro
621 1788 920 1852 sceleribus
955 1802 1146 1869 quibus
1173 1807 1433 1866 violenter
1470 1817 1730 1888 saeviunt,
1760 1825 2067 1900 nefarieque

478 1876 697 1947 vivunt,
728 1898 824 1951 per
849 1885 994 1958 leges
1025 1893 1262 1960 publicas
1300 1876 1729 1979 disciplinasque’
1754 1876 2063 1982 patiuttttir:

475 1967 616 2024 sicut
659 1974 817 2030 etiam
859 1979 925 2034 de
969 1985 1163 2052 oppido
1188 1967 1479 2060 Vagaitano
1511 1996 1587 2070 (ὁ)
1614 1967 2064 2068 commemorasse

476 2063 594 2115 ausi
636 2076 795 2132 sunt;
843 2072 930 2126 ubi
959 2077 1353 2138 manifestatum
1381 2095 1464 2142 est
1501 2063 1696 2159 quanta
1734 2099 1870 2155 mala
1911 2117 2060 2159 com-

473 2151 738 2220 miserint,
772 2169 825 2213 et
851 2179 1007 2232 quam
1036 2169 1240 2225 minora
1271 2178 1509 2246 perpessi
1537 2193 1679 2238 sunt.

545 2243 633 2297 14.
674 2248 756 2302 Ad
807 2251 936 2308 illud
979 2271 1191 2330 quoque
1238 2264 1293 2319 in
1341 2243 1734 2331 Catholicorum
1783 2283 2055 2354 mandato,

468 2334 611 2400 quod
640 2336 840 2394 dictum
867 2353 952 2399 est
990 2347 1057 2404 de
1091 2357 1401 2423 purgatione
1442 2372 1497 2416 et
1521 2364 1856 2428 absolutione
1881 2374 2053 2433 Caeci-

465 2421 594 2478 liani
625 2438 677 2482 et
709 2431 904 2490 Felicis
934 2421 1330 2516 Aptuginensis,
1369 2453 1436 2509 de
1474 2444 1700 2526 quorum
1742 2467 2054 2528 criminibus

463 2517 605 2585 apud
631 2521 904 2590 imperitos
932 2533 1173 2592 solebant
1199 2517 1506 2601 Catholicis-
1523 2517 2050 2622 magnamﬁinvidiam

461 2611 769 2682 concitare;
811 2633 931 2674 cum
970 2623 1079 2680 illic
1119 2636 1225 2684 tota
1264 2647 1423 2690 causa
1450 2651 1669 2710 pr0pter
1694 2662 1852 2716 quam
1887 2669 2048 2711 renc-

459 2712 602 2763 rant,
651 2719 985 2780 versaretur,
1031 2717 1164 2775 nihil
1208 2725 1428 2782 omnino
1471 2736 1797 2809 respondere
1841 2742 1892 2796 in
1940 2754 2046 2803 tam

457 2791 679 2860 prolixis
718 2798 910 2857 litteris
944 2807 1225 2866 voluerunt
1253 2833 1266 2868 :
1298 2818 1418 2888 quia
1449 2829 1504 2876 et
1540 2807 1597 2880 in
1638 2842 1703 2881 eo
1731 2833 1872 2899 quod
1898 2835 2044 2892 dice-

1315 2878 1330 2888 .
1567 2878 1596 2880 ντ
1655 2878 1695 2881 -ν
1736 2878 1872 2899 1""
1900 2878 2042 2892 “""“'

456 2878 606 2949 bant,
631 2898 684 2942 et
704 2891 898 2949 divinis
925 2900 1245 2960 testimoniis
1269 2911 1412 2965 velut
1438 2919 1767 2990 astruebant,
1791 2940 1898 2981 non
1923 2945 2042 2987 csse

455 2973 630 3028 malos
660 2977 712 3032 in
740 2981 977 3040 Ecclesia
1007 2992 1332 3063 tolerandos,
1361 3003 1455 3058 sed
1484 3006 1554 3060 ab
1581 3009 1657 3062 eis
1684 3015 2038 3077 recedendum

451 3073 673 3131 propter
697 3075 998 3144 contagium
1028 3094 1402 3154 peccatorum;
1434 3095 1502 3148 ita
1531 3112 1588 3152 se
1613 3100 1792 3159 dicere
1819 3106 2041 3166 demon-

448 3153 711 3222 strabant,
739 3171 795 3214 ut
821 3171 995 3220 tamen
1030 3171 1282 3240 ignoratis
1304 3187 1534 3248 peccatis
1555 3189 1748 3266 alienis
1767 3200 2034 3258 neminem

445 3248 703 3304 maculari
751 3269 907 3322 posse
953 3259 1267 3322 faterentur.
1325 3271 1436 3327 Hoc
1483 3279 1625 3334 enim
1668 3262 1834 3342 etde
1879 3294 2032 3349 malis

445 3333 681 3400 piscibus
719 3341 985 3414 dixerant,
1018 3356 1160 3422 quod
1186 3359 1321 3415 sicut
1359 3364 1480 3420 illos
1525 3369 1750 3430 latentes
1783 3378 1833 3433 in
1862 3380 2032 3439 [lucti-

439 3423 565 3491 bus,
592 3436 834 3499 quamvis
867 3439 977 3507 jam
1006 3445 1139 3500 intra
1171 3453 1326 3520 retia,
1357 3473 1461 3512 non
1489 3461 1667 3519 vident
1696 3469 1984 3536 piscatores
2009 3497 2024 3545 ;

439 3516 533 3545 οἶηι
564 3519 786 3545 1η.Α-.ι,.-
921 3533 928 3545 .
1037 3537 1048 3545 .
1138 3541 1174 3545 __
1245 3543 1256 3545 μ

1313 3516 1322 3520 -
1591 3516 1666 3519 νην
1696 3516 1984 3536 r-vvu-v-vo
2009 3522 2021 3545 ,

439 3516 533 3570 sic‘
563 3519 788 3580 latentes
829 3533 995 3588 malos
1034 3537 1088 3591 in
1136 3541 1370 3600 Ecclesia
1415 3554 1660 3610 nesciunt
1696 3565 2021 3637 sacerdotes,

439 3613 493 3637 nl
518 3607 584 3637 ..ιι
614 3615 686 3637 ης...
718 3615 830 3637 :J-_,
921 3623 931 3632 ο
977 3625 989 3636 ο
1177 3631 1209 3637 --

1696 3607 2021 3637 --ννηηηωη

437 3607 585 3662 etab
611 3615 689 3666 eis
717 3615 838 3671 ideo
860 3623 1081 3682 minime
1100 3631 1430 3699 polluuntur.
1453 3642 1562 3699 Nec
1584 3655 1761 3706 tamen
1784 3655 1868 3710 vel
1894 3660 2025 3714 levi-

431 3702 519 3750 ter
555 3699 638 3754 vel
683 3708 916 3764 tenuiter
957 3715 1011 3768 in
1059 3725 1165 3774 tam
1212 3727 1434 3793 prolixis
1482 3742 1536 3786 et
1579 3743 1724 3794 tanta
1767 3743 2022 3806 dilatione

432 3797 651 3858 accepta
674 3800 989 3870 conscriptis
1014 3806 1204 3865 litteris
1243 3817 1468 3883 probare
1498 3827 1673 3882 conati
1707 3843 1852 3902 sunt,
1874 3839 2018 3908 quod

1243 3879 1258 3883 _
1642 3879 1673 3882 ~—
1707 3879 1852 3902 ~—--'I
1875 3879 2014 3908 *ιι-ν’·

427 3879 662 3936 maxime
705 3885 758 3940 in
801 3893 1050 3951 mandato
1093 3897 1491 3965 Catholicorum
1540 3929 2014 3985 commemoratum

426 3975 529 4032 est,
563 3981 618 4025 ut
642 3977 927 4041 probarent
953 4001 1058 4042 non
1088 3993 1264 4049 solum
1286 4013 1410 4055 vera
1437 4019 1558 4061 esse
1595 4011 1819 4071 crimina
1839 4017 2011 4077 Casci-

1450 4056 1556 4061 ___-
1599 4056 1819 4071 --.υ-ιιικ
1841 4056 2006 4077 υαᾱυι“

427 4056 477 4110 ia
490 4061 547 4114 ni
580 4062 726 4134 (nam
755 4069 856 4128 hoc
877 4091 1060 4144 parum
1097 4085 1201 4157 est)
1225 4105 1240 4153 ;
1271 4092 1364 4145 sed
1395 4095 1554 4152 etiam
1581 4099 1857 4176 Ecclesiae,
1886 4129 2006 4185 qua:

427 4162 522 4185 nm-
545 4166 729 4185 ηαυπτ-ιη
758 4174 941 4185 *ιλ-μμ
1218 4177 1230 4185 “

1889 4160 2005 4185 ,ΓΝ

421 4160 522 4216 per
545 4166 731 4212 omnes
755 4174 944 4231 εθηιρε
971 4186 1136 4241 usque
1164 4177 1232 4230 ad
1257 4187 1414 4237 terrae
1448 4190 1701 4248 terminos
1732 4197 2005 4274 dilatatur,

421 4254 483 4274 nn
529 4246 738 4274 ῇκηιιημε
774 4264 817 4274 ,ι
849 4257 883 4274 5,
983 4269 991 4274 .

1653 4246 1694 4248 ,_
1737 4246 2005 4274 ____-_____,

421 4254 484 4292 ea
528 4246 738 4309 Probari
769 4264 822 4306 et
848 4257 1182 4322 innotescere
1223 4273 1477 4342 potuisse,
1521 4289 1579 4334 ut
1615 4299 2006 4360 consequenter

421 4329 608 4360 nullam
652 4353 804 4360 ..-μω
832 4343 848 4360 ι
976 4350 987 4360 .

1223 4329 1238 4337 _
1384 4329 1387 4330 ν
1438 4329 1477 4342 κ,
1526 4329 1578 4334 μ-
1619 4329 1996 4360 νν..υνι¹υνυισι

416 4329 609 4410 saltem
650 4343 942 4400 secundum
974 4350 1118 4419 ipsos
1157 4371 1340 4425 posset
1378 4368 1710 4436 cognitorum
1753 4394 2001 4448 peccato-

415 4407 536 4476 rum
559 4432 878 4500 contagione
912 4444 1189 4500 maculari.

410 4517 414 4519 ’
487 4510 715 4576 CAPUT
754 4523 845 4579 lX.
867 4557 940 4568 —
967 4532 1052 4587 15.
1081 4535 1211 4592 Cum
1251 4541 1427 4612 itaque
1469 4549 1660 4609 littera:
1693 4557 1998 4623 Donatista-

415 4619 536 4660 rum
574 4611 810 4672 recitatas
834 4619 1085 4693 fuissent,
1111 4630 1275 4688 voluit
1295 4635 1571 4710 Cognitor,
1599 4655 1655 4701 ut
1681 4651 1838 4708 etiam
1874 4675 1994 4727 qua;

415 4692 667 4727 Γηιιυειξιιε
705 4708 852 4727 -ΑΑεμ
925 4713 936 4727 .
1029 4717 1041 4727 .
1098 4719 1110 4727 .
1308 4726 1319 4727 γ

407 4692 667 4756 Catholici
703 4708 970 4784 recita‘nda
1009 4692 1268 4777 dederant
1306 4692 1986 4804 legerenturjvged-Doqn‘:

406 4784 550 4844 tista:
577 4791 644 4848 ad
671 4809 734 4850 ea
761 4813 881 4869 qua:
908 4805 1236 4877 scripserant
1275 4824 1334 4870 ut
1357 4784 1802 4900 iesponderetur,
1833 4837 1983 4910 ﬂagi-

1020 4875 1035 4877 *
1465 4875 1478 4890 ι
1507 4875 1802 4900 ⁷--νυννιιι,
1833 4875 1896 4891 ua
1939 4875 1982 4895 ι-

400 4875 513 4939 tare
544 4902 840 4958 cmpcrunt.
874 4895 1026 4963 Quod
1079 4911 1132 4955 et
1181 4901 1441 4966 Catholici
1491 4923 1662 4990 magis
1697 4875 1982 5002 'volebafn,

400 4989 464 5002 ..Α
494 4977 592 5002 ill...
627 4980 803 5002 I1..-__,
863 4988 896 5002 ,-

1580 4977 1611 4990 ν
1725 4977 1982 5002 τν-η-..η

396 4989 464 5030 ne
492 4977 593 5030 illa:
624 4980 816 5037 littera:
855 4988 931 5041 sic
973 5006 1270 5066 manerent,
1301 5008 1451 5072 quasi
1491 5011 1570 5066 eis
1613 5031 1720 5074 non
1745 5025 1984 5090 pomeri;

396 5069 705 5090 hn-‘A_-.‘_,.
759 5072 779 5090 Ι
854 5077 864 5087 ι
909 5079 919 5090 ι
1022 5081 1054 5090 .-

390 5069 727 5134 responderi.
758 5072 1138 5147 Incipientibus
1164 5103 1291 5160 ergo
1318 5069 1607 5158 Catholicis
1627 5069 1976 5188 respbndere,

391 5155 685 5188 “(\nn0:nlm
734 5165 898 5188 :_.--,,,
1271 5185 1281 5188 -

1227 5155 1248 5160 ν
1563 5155 1601 5158 η
1627 5155 1644 5160 -
1660 5155 1970 5188 -νιιν-ωνινι

389 5155 686 5218 Donatistae
732 5165 1126 5244 interrumpere
1153 5191 1207 5235 et
1231 5185 1544 5260 obstrepere
1571 5213 1869 5277 coeperunt,
1902 5227 1970 5269 ne

387 5261 674 5319 perpetuus
700 5265 1075 5330 respondentis
1115 5285 1294 5331 sermo
1334 5279 1659 5357 decurreret,
1701 5296 1838 5354 sicut
1876 5318 1972 5360 eo-

386 5355 504 5398 rum
560 5345 752 5406 littera:
808 5356 957 5412 nullo
1013 5360 1384 5434 interpellante
1449 5377 1657 5438 fuerant
1712 5393 1965 5454 recitatae.

386 5432 508 5454 .,_._
879 5447 912 5454 ρ
974 5451 984 5454 -

385 5432 698 5497 Volentibus
717 5458 847 5512 ergo
869 5432 1168 5512 Catholicis
1186 5459 1365 5520 divina
1397 5471 1696 5532 testimonia
1727 5497 1846 5551 quae
1866 5489 1963 5558 ipsi

432 5680 506 5800 8;
515 5688 654 5731 Juxta
667 5685 829 5758 Morel,
847 5689 996 5742 Elem.
1012 5695 1187 5758 Critic.,
1201 5711 1279 5761 pp.
1299 5699 1408 5764 9.79,
1427 5701 1533 5765 280,
1545 5706 1851 5767 inint't'diam.
1890 5725 1946 5772 Μ.

537 5750 640 5800 Pro,
669 5755 936 5800 summano.

537 5750 640 5804 Pro,
669 5750 936 5810 Bttgat'tho.

2201 541 2330 600 dere
2363 551 2807 616 quemadmodum
2846 570 3026 617 essent
3061 548 3370 638 accipienda
3393 616 3409 641 ,
3450 591 3520 634 ne
3558 579 3703 639 inter
3728 603 3786 648 se

2199 634 2724 706 deprehenderentur
2747 665 2866 709 esse
2888 661 3174 728 contraria,
3198 677 3320 721 cum
3345 683 3526 730 essent
3549 687 3780 754 utraun

2199 725 2369 754 δεκε..-
2429 742 2472 754 ,ι
2502 737 2594 754 -..9.
3124 753 3127 754 ,

3161 725 3168 728 ,
3554 725 3780 754 “mw,

2197 725 2394 798 divina,
2422 742 2476 788 et
2501 737 2680 809 utique
2702 755 2955 812 consona,
2980 765 3086 807 non
3103 753 3473 829 dissona,esse
3496 769 3780 850 deberent,

2197 818 2436 850 m-imh..-
2464 825 2527 850 ιι..
2552 842 2686 850 -.μμ
2723 832 2789 850 ,ργ
2824 835 2898 850 ι..-
2959 839 2993 850 ..

2195 818 2438 886 primitus
2461 825 2528 881 de
2550 842 2692 885 arcte
2718 832 3067 898 similitudine
3089 860 3369 918 cmperunt
3391 856 3595 918 dicere.
3631 818 3779 927 Tun:

2193 907 2486 970 Donatistae
2534 919 3016 1002 interrumpentes,
3057 907 3313 999 dixerunt
3352 949 3492 1017 quod
3537 953 3610 1009 de
3653 973 3776 1016 area

2190 1013 2298 1054 non
2339 1002 2604 1075 legeretur
2649 1013 2703 1068 in
2741 1016 3027 1091 Evangelia
3082 1031 3338 1102 scriptum
3368 1002 3488 1112 ⁸(ιι).
3535 1043 3776 1121 Cumque
3856 1107 3866 1121 ,

3189 1097 3207 1102 _
3397 1097 3410 1110 \
3449 1097 3464 1112 I
3548 1097 3774 1121 "‘_"‘I“'“

2189 1097 2493 1162 expressius
2533 1115 2564 1156 a
2603 1103 2886 1167 Catholicis
2933 1114 3083 1174 locus
3123 1120 3398 1199 Evangelii
3436 1149 3774 1199 commemo-

2185 1194 2436 1256 raretur;
2481 1206 2668 1253 rursus
2719 1199 3155 1278 interrumpendo
3205 1215 3491 1291 dixerunt,
3534 1233 3773 1291 occultos

2185 1279 2354 1334 malos
2383 1281 2553 1342 dictos
2593 1303 2715 1348 esse
2753 1297 2959 1365 paleam
3001 1315 3185 1373 postea
3220 1315 3602 1376 ventilandam.
3642 1325 3769 1386 Inde

3001 1365 3017 1373 _
3266 1365 3602 1376 ,ηπ----ω-
3642 1365 3768 1386 ...μυ

2184 1365 2326 1425 inter
2361 1378 2616 1447 strepitus
2654 1391 2709 1439 et
2745 1385 3162 1463 interruptiones
3202 1416 3410 1475 eorum,
3441 1412 3510 1467 de
3549 1416 3768 1478 zizaniis

2181 1466 2238 1513 et
2265 1462 2440 1520 tritico
2476 1467 2740 1532 dissensio
2779 1487 2903 1537 nata
2931 1462 3032 1552 est,
3076 1502 3296 1562 propter
3332 1502 3516 1558 mundi
3545 1520 3768 1580 nomen,

2181 1565 2285 1580 nun
2313 1555 2585 1580 n..--.:-.,,
2690 1569 2703 1580 ι
2743 1570 2754 1580 .
2893 1575 2906 1580 -

2179 1565 2287 1621 quo
2311 1555 2597 1619 Donatistae
2617 1569 2866 1628 nolebant
2892 1555 3113 1652 intelligi
3141 1555 3457 1660 E'cclesiain,
3483 1599 3610 1667 quia
3639 1555 3771 1658 seri:

2177 1651 2326 1711 ptum
2355 1657 2467 1719 est,
2497 1653 2632 1726 Ager
2663 1669 2738 1714 est
2764 1663 2847 1727 hic
2871 1651 3110 1726 mundus.
3156 1675 3222 1730 Et
3261 1681 3425 1738 multa
3445 1651 3768 1752 vte'stimonia

2175 1737 2532 1812 protulerunt,
2579 1749 2773 1817 quibus
2813 1766 2996 1814 sancta
3037 1761 3309 1837 Scriptura
3355 1777 3615 1834 mundum
3660 1799 3767 1841 non

2174 1825 2275 1879 nisi
2303 1831 2472 1888 malos
2496 1849 3007 1917 commemorasset;
3049 1854 3206 1912 sicuti
3246 1871 3363 1927 est,
3396 1864 3495 1930 Qui
3531 1871 3767 1930 dilexerit

2173 1919 2437 1988 mundum,
2461 1940 2563 1980 non
2587 1939 2659 1984 est
2682 1932 2904 1992 charitt'ts
2918 1937 3092 1998 Patris
3116 1946 3170 2000 in
3192 1948 3282 2004 illo
3303 1953 3322 2022 (
3336 1952 3355 2005 l
3374 1953 3534 2012 Joan.
3556 1977 3617 2029 ιι,
3641 1964 3760 2035 l5);

2170 2016 2225 2062 et
2253 2017 2444 2067 caetera
2489 2017 2609 2074 talia
2641 2037 2655 2075 :
2686 2033 2743 2076 ut
2767 2029 2916 2095 quasi
2947 2047 3013 2087 ex
3042 2033 3144 2092 hoc
3167 2016 3535 2116 ostenderent,
3576 2057 3762 2113 mundi

2168 2100 2384 2157 nomine
2406 2104 2704 2168 Ecclesium
2724 2116 3010 2188 significari
3032 2129 3253 2187 minime
3276 2139 3531 2203 potuisse.
3557 2143 3759 2204 Contra

2167 2187 2422 2248 Catholici
2452 2197 2554 2254 alia
2582 2205 2884 2264 testi-monia
2913 2187 3584 2297 proferebant,‘quibus.in
3614 2237 3760 2295 bono

2164 2282 2348 2337 mundi
2373 2299 2569 2344 nomen
2601 2307 2720 2350 esse
2747 2282 2978 2368 positum
3005 2311 3419 2384 ostenderetur;
3460 2323 3621 2380 sicuti
3652 2341 3758 2398 est,

2173 2367 2301 2398 nn..-
2329 2386 2428 2398 -.__.
2457 2379 2501 2398 si,
2540 2380 2596 2398 ιη
2645 2386 2656 2396 .
2693 2395 2700 2398 _
2912 2392 2923 2398 -

2756 2367 2761 2368 ί
3238 2367 3244 2368 ,
3271 2367 3370 2371 μη-
3404 2367 3419 2384 ,
3460 2367 3621 2380 _.......
3652 2367 3748 2398 -..η

2162 2367 2301 2426 Deus
2321 2386 2428 2429 erat
2452 2379 2505 2432 in
2536 2380 2732 2440 Christo
2762 2392 3008 2450 mundum
3034 2404 3366 2463 reconcilians
3393 2412 3488 2466 sibi
3517 2413 3598 2485 (ll
3623 2416 3748 2474 Cor.

2162 2473 2193 2485 -.
2242 2462 2328 2485 Ιηὶ
2360 2483 2367 2485 .
2411 2477 2449 2485 -ι
2491 2484 2499 2485 κ
2563 2481 2572 2485 Α
2696 2475 2709 2485 “
2774 2479 2784 2485 ·

2160 2473 2213 2526 v,
2239 2462 2330 2534 19)
2358 2483 2370 2519 :
2400 2477 2454 2522 et
2478 2481 2668 2528 caetera
2693 2475 3021 2555 bujusmodi,
3048 2489 3137 2544 ubi
3161 2462 3538 2557 ostenderetur
3563 2506 3754 2566 Eccle-

2159 2555 2236 2610 sia
2259 2599 2274 2624 ,
2305 2563 2554 2629 quoniam
2582 2567 2694 2637 ipsa
2723 2575 2909 2644 utique
2938 2593 3033 2648 per
3072 2581 3341 2644 Christum
3371 2599 3754 2660 reconciliatur

2159 2646 2287 2703 Deo.
2329 2652 2398 2706 Et
2437 2657 2552 2712 bac
2581 2664 2893 2736 agebantur,
2923 2646 3210 2734 Catholicis
3249 2697 3556 2744 sermonem
3591 2708 3747 2752 suum

2154 2747 2527 2814 prosequendo
2573 2765 2889 2824 perpetuare
2930 2767 3266 2839 conantibus,
3314 2774 3419 2831 illis
3456 2789 3638 2838 autem
3677 2801 3748 2843 ne

2152 2829 2206 2884 id
2243 2831 2397 2890 fieret
2435 2847 2931 2918 perstrepentibus';
2978 2870 3100 2912 cum
3140 2874 3292 2918 suam
3331 2875 3743 2939 responsionem

2149 2935 2256 2977 non
2285 2939 2639 3001 reservarent,
2662 2936 2802 2994 sicut
2824 2940 3082 3002 Catholici
3109 2947 3363 3021 fecerant,
3397 2973 3523 3015 cum
3549 2978 3741 3023 eorum

2149 3015 2373 3084 epistola
2400 3021 2702 3096 legeretur;
2735 3032 2829 3088 sed
2851 3036 3070 3096 crebras
3092 3047 3547 3110 contradictiones
3574 3055 3739 3115 inter-

2145 3110 2421 3179 ponendo,
2455 3130 2522 3170 ne
2561 3118 2959 3182 Catholicorum
3006 3139 3310 3201 prosecutio
3348 3143 3735 3214 imperturbata

2142 3210 2514 3272 procurreret,
2543 3208 2881 3279 impedirent.

2215 3288 2302 3343 16.
2344 3291 2732 3366 Flagitantibus
2773 3305 2951 3379 itaque
2979 3313 3290 3382 patientiam
3319 3335 3508 3381 eorum
3533 3327 3731 3390 Catho-

2139 3378 2276 3447 licis,
2324 3394 2380 3440 et
2433 3403 2528 3458 per
2566 3395 2761 3452 multas
2805 3378 3106 3472 Cugnitoris
3154 3410 3596 3478 interlocutiones
3641 3426 3729 3483 vix

2137 3468 2576 3547 impetrantibus;
2625 3468 3020 3557 responderunt
3062 3497 3254 3557 litteris
3299 3519 3508 3577 eorum,
3537 3522 3722 3570 osten-

2135 3560 2325 3620 dentes
2357 3571 2540 3628 multis
2565 3588 2870 3638 sanctarum
2897 3585 3293 3659 Scripturarum
3321 3599 3646 3661 testimoniis
3668 3616 3722 3665 et

2133 3657 2414 3728 exemplis,
2440 3664 2610 3721 malos
2634 3667 2686 3723 in
2715 3670 2956 3732 Ecclesia
2985 3657 3128 3739 nunc
3150 3687 3229 3742 sic
3256 3703 3376 3747 esse
3399 3698 3713 3768 permixtos,

2129 3752 2190 3799 ut
2229 3751 2472 3816 quamvis
2496 3753 2688 3814 debeat
2733 3763 2950 3834 vigilare
2993 3773 3353 3835 ecclesiastica
3401 3751 3708 3861 disciplina,

2129 3835 2193 3861 ..Α
2228 3852 2316 3861 -.η
2365 3857 2462 3861 μυ
2581 3849 2596 3861 -
2821 3856 2834 3861 ·
2859 3858 2869 3861 -

3413 3835 3708 3861 ---ν-ι’·--·-ν

2128 3835 2196 3890 ad
2224 3852 2317 3894 eos
2365 3857 2471 3898 non
2517 3849 2690 3905 solum
2721 3856 2922 3927 verbis,
2952 3863 3046 3918 sed
3088 3868 3248 3926 etiam
3276 3883 3710 3940 excommunica-

2125 3927 2358 3988 tionibus
2385 3945 2440 3991 et
2468 3937 2933 4010 degradationibus
2964 3959 3352 4035 corripiendos,
3386 3978 3565 4030 tamen
3603 3992 3706 4034 non

2121 4024 2297 4080 solum
2325 4028 2380 4083 in
2401 4044 2461 4084 ea
2490 4032 2719 4095 latentes
2757 4045 3085 4119 nesciantur,
3109 4024 3206 4110 sed
3245 4059 3558 4136 plerumque
3587 4085 3705 4139 pro-

2119 4124 2238 4183 pter
2279 4133 2465 4188 pacem
2509 4127 2727 4187 unitatis
2771 4136 2933 4192 etiam
2981 4145 3180 4213 cogniti
3229 4124 3526 4212 tolerentur
3568 4124 3602 4213 τ’
3626 4163 3701 4218 sic

2117 4209 2457 4269 ostendentes
2499 4216 2676 4275 divina
2722 4228 3027 4287 testimonia
3066 4249 3383 4312 consonare,
3411 4257 3470 4302 ut
3513 4260 3570 4305 et
3614 4253 3696 4308 illa

2115 4298 2308 4366 quibus
2331 4308 2797 4371 commendaretur
2823 4318 3064 4379 Ecclesia
3102 4343 3222 4384 cum
3262 4335 3526 4394 malorum
3552 4357 3699 4400 com-

2097 4937 2217 5004 erit,
2255 4943 2464 5009 quando
2503 4947 2557 5002 in
2595 4965 2658 5006 ea
2697 4969 2856 5011 nemo
2880 4963 3175 5023 morietur:
3207 4973 3344 5030 sicut
3373 4978 3490 5047 ipse
3520 4982 3680 5040 Chri-

2092 5032 2206 5080 stus
2231 5027 2334 5085 isto
2363 5039 2604 5106 tempore
2632 5039 2730 5097 fuit
2758 5060 2856 5114 pro
2882 5049 2970 5106 illa
2995 5059 3257 5130 mortalis,
3289 5027 3423 5134 postr
3437 5085 3678 5130 resurre-

2089 5115 2320 5173 ctionem
2339 5133 2516 5182 autem
2537 5129 2645 5197 iam
2663 5148 2771 5189 non
2801 5143 3050 5213 moritur,
3067 5155 3121 5202 et
3141 5165 3285 5208 mors
3309 5155 3384 5211 illi
3408 5160 3546 5218 ultra
3571 5181 3672 5224 non

2085 5205 2447 5272 dominabitur
2483 5221 2663 5291 (Rom.
2693 5242 2764 5294 vi,
2795 5229 2885 5301 9);

2918 5239 3060 5305 quod
3085 5243 3245 5300 etiam
3274 5247 3536 5312 Ecclesiae
3563 5276 3672 5316 sua:

2082 5298 2135 5353 in
2165 5300 2271 5358 fine
2301 5309 2480 5364 sawculi
2503 5318 2840 5388 praestiturps
2858 5335 2960 5381 est.
2987 5330 3113 5390 Haec
3147 5337 3253 5396 duo
3281 5350 3522 5417 tempora
3561 5354 3664 5410 Ec-

2082 5389 2254 5417 ..i..-:....

3098 5389 3103 5390 ,
3155 5389 3248 5396 μ---
3282 5389 3522 5417 --...,......
3561 5389 3657 5410 υς.-

2078 5389 2274 5459 clesiae,
2313 5413 2430 5466 quae
2475 5417 2618 5462 nunc
2652 5419 2754 5477 est,
2788 5423 2842 5468 et
2870 5421 3038 5488 qualis
3064 5433 3190 5484 tunc
3219 5433 3338 5501 erit,
3368 5438 3657 5507 signiﬁcata

2073 5491 2157 5538 est
2191 5487 2350 5543 etiam
2395 5493 2600 5554 duabus
2655 5487 3036 5574 piscatiouibus
3074 5536 3090 5574 :
3135 5539 3237 5581 una
3308 5542 3432 5590 ante
3479 5553 3654 5597 resur-

2129 5666 2149 5775 F
2180 5671 2382 5780 grtiam.
2411 5681 2462 5724 et
2483 5681 2612 5739 Lov.,
2638 5681 2754 5734 illic.
2781 5693 3074 5758 Legendum,
3098 5697 3210 5764 illi;
3230 5711 3281 5755 ut
3299 5708 3358 5759 ad
3383 5717 3645 5780 Donatista;

2139 5743 2192 5778 er
2309 5767 2320 5779 .

2061 5727 2320 5780 referatur.

2128 5793 2198 5854 (τι)
2231 5793 2404 5851 confer
2424 5795 2508 5850 lib.
2535 5799 2582 5870 2,
2600 5815 2766 5859 contra
2787 5814 3114 5884 Gaudentium,
3131 5837 3236 5889 cap.
3253 5829 3300 5892 4,
3324 5845 3374 5883 n.
3400 5836 3446 5896 4,
