4010 6474
489 476 595 540 ὂῦὃ

489 594 712 656 omnino
739 588 871 649 nihil
910 584 1025 643 ausi
1068 582 1277 637 fuerant
1316 568 1673 644 respondere;
1719 578 1843 620 cum
1884 568 2069 616 aucto-

491 692 707 749 ritatem
735 680 982 757 Cypriani
1012 676 1140 733 tanti
1172 672 1419 735 habeant,
1445 671 1504 721 ut
1525 678 1619 735 per
1643 660 1787 715 illam
1813 661 2074 712 conentur
2128 709 2150 715 _

496 746 949 845 defendere-quod
987 769 1127 825 male
1151 766 1219 821 de
1256 758 1499 819 iterando
1526 754 1797 824 Baptism
1842 746 2079 803 sentiunt

493 837 559 933 et.
588 837 936 928 iaciam-De
984 861 1187 918 duabus
1244 855 1407 911 etiam
1457 845 1714 906 Ecclesiis
1757 837 2078 897 calumniam

496 980 680 1026 eorum
726 957 987 1016 Catholici
1050 952 1374 1014 refutatum,
1432 940 1725 999 identidem
1772 928 2079 1003 expressius

497 1020 846 1115 ostendentes
880 1047 1009 1120 quid
1051 1043 1304 1108 dixerint,
1332 1037 1386 1093 id
1432 1041 1535 1102 est,
1574 1044 1682 1087 non
1726 1040 1847 1082 eam
1890 1020 2079 1079 Eccle-

496 1151 632 1205 siam
676 1160 796 1216 quae
834 1115 975 1197 nunc
1003 1136 1163 1193 habet
1208 1128 1503 1204 permixtos
1546 1121 1716 1179 malos
1761 1115 1993 1172 alienam
2022 1124 2083 1168 se

498 1201 763 1296 dixissea
801 1246 966 1304 regno
1010 1228 1127 1293 Dei,
1148 1201 1239 1282 ubi
1284 1235 1391 1279 non
1438 1222 1597 1274 erunt
1629 1209 1755 1268 mali
1777 1201 2081 1268 commixti;

498 1332 595 1389 sed
616 1300 1058 1395 eamdemvipsam
1090 1332 1252 1375 unam
1280 1323 1334 1370 et
1357 1317 1594 1368 sanctam
1620 1300 1915 1360 Ecclesiam
1944 1308 2088 1351 nunc

501 1388 623 1481 esse
656 1421 834 1485 aliter,
863 1388 987 1473 tunc
1010 1420 1191 1469 autem
1218 1406 1375 1462 aliter
1408 1402 1679 1461 futuram;
1719 1406 1861 1450 nunc
1890 1388 2088 1446 habere

502 1514 676 1571 malos
702 1512 931 1574 mixtos;
964 1513 1091 1561 tunc
1114 1516 1221 1558 non
1248 1496 1580 1554 habituram:
1613 1489 1751 1545 sicut
1776 1497 1919 1540 nunc
1944 1493 2088 1535 rnor-

504 1606 691 1674 talem,
714 1599 859 1673 quosl
883 1614 951 1655 ex
974 1593 1289 1654 mortalibus
1312 1592 1582 1644 constaret
1601 1577 1934 1640 hominibus;
1964 1580 2091 1629 tunc

505 1666 687 1754 autem
726 1666 1102 1753 immortalem,
1135 1681 1278 1755 quod
1305 1682 1361 1737 in
1386 1694 1447 1735 ea
1486 1674 1664 1731 nullus
1690 1676 1834 1727 esset
1860 1666 1942 1722 vel
1967 1678 2089 1720 cor-

504 1803 639 1862 pore
681 1785 1012 1843 moriturus:
1043 1779 1180 1834 sicut
1222 1789 1329 1830 non
1376 1770 1497 1826 ideo
1543 1765 1650 1821 duo
1693 1759 1919 1823 Christi,
1968 1756 2094 1827 quia

506 1847 654 1954 prior
664 1882 908 1935 mortuus
922 1874 939 1904 ί
956 1877 1138 1942 postea
1151 1881 1261 1923 non
1280 1861 1589 1919 moriturus.
1605 1855 1811 1912 Dictum
1835 1860 1917 1905 est
1929 1847 2094 1904 etiam

509 1974 579 2029 de
604 1970 823 2028 homine
863 1964 1128 2023 exteriore
1155 1967 1211 2016 et
1238 1954 1514 2017 interiore,
1546 1962 1665 2019 quae
1706 1958 1828 2000 cum
1859 1940 1966 1996 sint
2010 1939 2095 1993 di-

507 2078 684 2130 versa,
711 2073 820 2116 non
845 2066 1028 2113 tamen
1052 2052 1159 2110 dici
1199 2048 1337 2106 duos
1362 2042 1608 2099 homines
1638 2056 1652 2094 :
1684 2042 1884 2108 quanto
1920 2032 2097 2087 minus

509 2157 617 2214 dici
659 2126 792 2211 uuas
830 2149 1123 2214 Ecclesiae,
1152 2159 1275 2202 cum
1316 2140 1476 2198 iidem
1520 2136 1619 2207 ipsi
1658 2134 1750 2203 qui
1792 2144 1933 2186 nunc
1970 2126 2099 2182 boni

513 2251 748 2307 tolerant
777 2244 1070 2318 permist
1098 2238 1273 2295 malos
1298 2244 1354 2291 et
1394 2227 1749 2289 resurrecturi
1778 2223 2096 2287 moriuntur,

513 2351 641 2399 tunc
679 2313 795 2396 nec—
828 2339 1025 2394 mixtos
1068 2332 1237 2389 malos
1286 2325 1519 2383 habituri
1565 2322 1691 2388 sint,
1738 2331 1837 2374 nec
1882 2313 2102 2370 otnnino

513 2432 805 2493 morituri?
852 2431 927 2485 De
974 2429 1091 2498 ipso
1113 2435 1327 2496 quoque
1356 2430 1602 2482 numero,
1632 2412 1885 2483 quoniam
1930 2409 2104 2461 Dona-

513 2530 654 2585 tistae
678 2523 1075 2594 Scripturarum
1104 2513 1411 2573 testimonio
1438 2524 1598 2565 unam
1629 2503 1923 2561 Ecclesium
1951 2513 2102 2555 com-

519 2590 926 2679 mendaverunt,
944 2611 1093 2668 velut
1114 2615 1301 2665 contra
1320 2605 1453 2660 duas
1477 2616 1609 2671 quas
1628 2596 1932 2653 Catholicos
1960 2590 2108 2647 amr-

518 2724 701 2769 masse
728 2706 1033 2781 iactabant;
1078 2712 1397 2770 responsum
1439 2701 1524 2751 est
1550 2707 1579 2746 a
1608 2688 1915 2753 Catholicis,
1945 2685 2107 2741 etiam

519 2804 714 2859 multas
743 2799 1015 2856 Ecclesiae
1057 2794 1113 2850 in
1136 2789 1424 2862 Scripturis
1449 2783 1677 2841 inveniri
1700 2781 1891 2846 dictas,
1933 2785 1987 2832 et
2023 2790 2110 2831 se-

519 2903 664 2966 ptem
692 2892 761 2948 ad
794 2904 927 2962 quas
951 2888 1185 2944 Joannes
1221 2881 1409 2938 scribit
1448 2877 1634 2949 (Apoc.
1665 2874 1737 2945 ι),
1767 2886 1885 2943 quae
1928 2878 2109 2925 tamen

522 2987 704 3043 multa:
745 2984 887 3039 illius
916 2982 1090 3037 unicae
1133 2976 1374 3032 membra
1402 2986 1524 3028 esse
1560 2968 2022 3036 intelligerentur:
2054 2966 2113 3013 ut

524 3076 652 3133 hinc
676 3080 963 3145 appareret
998 3068 1169 3125 multo
1193 3066 1371 3121 minus
1414 3062 1515 3117 sibi
1541 3060 1739 3115 debere
1767 3055 1925 3125 obiici
1956 3047 2110 3118 duas,

524 3181 646 3223 cum
671 3164 917 3222 eamdem
945 3163 1116 3233 ipsam
1150 3173 1311 3214 unam
1340 3155 1573 3211 dixerint
1614 3165 1722 3205 non
1764 3148 1925 3203 talem
1970 3158 2113 3199 nunc

525 3272 646 3316 esse
670 3256 842 3330 qualis
868 3256 925 3309 in
961 3249 1357 3309 resurrectione
1379 3245 1555 3301 futura
1581 3247 1753 3307 esset,
1778 3234 2115 3309 quandoqui-

530 3350 651 3406 dem
692 3328 1003 3418 apostolicis
1046 3341 1263 3399 Litteris
1306 3352 1412 3394 non
1458 3333 1778 3405 obiiciuntur
1824 3328 2021 3391 multae,
2052 3338 2119 3378 ex

529 3442 723 3513 quibus
760 3441 876 3509 ipsa
897 3451 1008 3492 una
1030 3439 1323 3491 constaret.
1352 3429 1436 3485 Ad
1472 3428 1587 3482 haec
1615 3421 1904 3479 Donatistae
1933 3430 2120 3473 rursus

529 3509 717 3587 eadem
763 3528 1026 3597 replicare
1050 3538 1158 3579 non
1186 3522 1525 3581 destiterunt,
1564 3516 1780 3583 insuper
1810 3509 2122 3579 adiicientes

532 3633 589 3681 et
615 3621 877 3679 invidiose
902 3620 1186 3689 iactantes,
1209 3613 1353 3687 quod
1379 3610 1674 3667 Ecclesiam
1701 3602 1985 3660 mortalem
2019 3600 2124 3655 Ca-

536 3716 719 3773 tholici
738 3713 1003 3776 dixerint;
1033 3718 1092 3765 et
1116 3709 1236 3764 ideo
1266 3712 1523 3775 negantes
1536 3715 1654 3757 eam
1678 3697 1955 3753 mortalem
1976 3707 2122 3759 esse,

534 3808 660 3881 quia
698 3805 930 3862 Trinitas
958 3799 1280 3858 immortalis
1308 3806 1411 3861 est,
1438 3792 1592 3863 cuius
1637 3791 1805 3861 gratia
1846 3799 2129 3842 consecra-

534 3910 622 3957 tur
646 3898 923 3964 Ecclesia;
966 3904 1024 3951 et
1058 3894 1183 3965 quia
1210 3891 1459 3947 Christus
1498 3886 1621 3942 ideo
1662 3897 1759 3953 pro
1793 3896 1857 3937 ea
1888 3886 2127 3935 mortuus

536 3999 628 4065 sit,
650 4005 708 4050 ut
731 4010 850 4051 eam
868 3993 1072 4048 faceret
1101 3986 1496 4044 immortalem:
1527 3978 1678 4050 quasi
1699 3974 1960 4032 Catholici
1980 3972 2131 4027 dixe-

538 4062 650 4142 rint
690 4101 798 4142 non
845 4099 964 4141 eam
1008 4081 1124 4137 fieri
1153 4075 1510 4136 immortalem
1536 4069 1705 4143 gratia
1732 4067 1852 4133 Dei,
1882 4073 1935 4120 et
1962 4062 2130 4118 elluso

539 4191 641 4250 pro
660 4191 724 4233 ea
750 4176 1012 4247 sanguine
1033 4169 1331 4230 Salvatoris
1356 4186 1370 4222 :
1402 4165 1497 4223 sed
1523 4171 1761 4231 tempora
1784 4171 1904 4213 esse
1930 4155 2132 4209 discer-

541 4247 720 4325 nenda
762 4269 1050 4331 dixerunt,
1106 4276 1344 4335 praesens
1387 4256 1639 4313 videlicet
1685 4266 1789 4323 quo
1835 4247 2135 4305 moriuntur

544 4373 732 4417 omnes
754 4359 948 4423 sancti,
986 4357 1123 4411 sicut
1146 4361 1390 4410 mortuus
1419 4357 1502 4405 est
1526 4348 1642 4416 ipse
1667 4343 1936 4404 Christus;
1975 4344 2029 4393 et
2052 4335 2137 4391 th-

544 4459 748 4515 tururn,
768 4463 878 4520 quo
906 4451 1210 4515 resurgent,
1238 4449 1293 4499 et
1333 4440 1478 4495 nullo
1518 4436 1780 4492 morituro
1805 4431 1985 4488 vivent
2013 4440 2137 4484 cum

547 4542 643 4598 ille
662 4542 757 4612 qui
778 4542 888 4611 iam
915 4535 1229 4594 resurrexit.

610 4630 841 4690 CAPUT
865 4630 958 4687 Χῖ.
988 4659 1059 4671 —-
1082 4629 1174 4684 21.
1217 4624 1345 4682 Haec
1366 4623 1513 4679 inter
1537 4633 1630 4677 eos
1662 4631 1785 4674 cum
1825 4620 2134 4687 agerentur,

546 4740 603 4790 et
625 4727 874 4801 quamvis
908 4722 1198 4781 manifesta
1247 4729 1407 4791 atque
1435 4713 1666 4773 dilucida
1705 4708 1993 4767 Donatistis
2018 4721 2140 4763 cer-

548 4796 790 4881 tantibus
806 4812 1502 4889 superﬂuarep‘licarentnr;
1531 4802 1778 4877 promisit
1798 4800 2052 4871 Cognitor
2076 4796 2145 4852 de

551 4917 638 4973 his
666 4930 726 4971 se
755 4927 872 4985 quae
898 4909 1030 4966 satis
1058 4907 1296 4964 audisset
1323 4912 1565 4961 extrema
1593 4896 1853 4955 sententia
1877 4893 2146 4969 iudicatu-

550 5024 691 5074 rum,
724 4984 787 5062 et
814 5005 974 5075 iussit
1000 5000 1128 5056 illud
1156 4998 1241 5070 agi
1279 4996 1475 5068 potius,
1508 4992 1650 5047 unde
1679 4986 1945 5045 exstiterit
1975 4984 2147 5055 prima

550 5114 711 5157 causa
739 5097 967 5154 discidii.
1001 5093 1152 5149 Tunc
1196 5089 1486 5146 Donatistae
1531 5097 1721 5155 urgere
1750 5087 2048 5152 coeperunt,
2090 5084 2150 5131 ut

553 5193 619 5249 de
662 5191 748 5247 his
796 5201 915 5259 qua:
958 5180 1194 5241 audisset
1231 5181 1476 5253 primitus
1520 5176 1799 5247 iudicaret.
1844 5170 1996 5241 Quod
2025 5184 2149 5225 cum

552 5284 714 5341 etiam
746 5277 1006 5336 Catholici
1036 5276 1328 5346 exigerent,
1368 5280 1422 5326 et
1447 5268 1540 5324 ille
1570 5269 1623 5322 in
1664 5281 1729 5321 eo
1755 5263 1897 5336 quod
1942 5263 2149 5318 «ﬁxerat

551 5380 918 5445 permaneret,
955 5367 1275 5440 iuberctque
1313 5360 1453 5416 illud
1498 5357 1583 5429 agi
1629 5358 1830 5426 potius,
1880 5362 1941 5409 ut
1990 5366 2149 5408 causa

554 5466 714 5539 primi
758 5462 966 5519 discidii
1006 5466 1427 5520 monstraretur;
1476 5452 1745 5524 petierunt
1788 5447 2066 5515 Catholici,
2094 5454 2153 5501 ut

557 5574 677 5633 qua:
702 5558 997 5615 oﬂ‘erebant
1037 5555 1409 5611 recitarentur.
1454 5545 1608 5615 Quod
1654 5559 1773 5600 cum
1802 5543 1913 5597 ﬁeri
1956 5555 2155 5611 praece-

557 5654 749 5725 pisset,
777 5650 1021 5707 obnixius
1061 5647 1351 5702 Donatista:
1379 5642 1630 5698 resistere
1656 5642 1953 5706 coeperunt,
1977 5642 2031 5687 et
2058 5647 2153 5688 co-

562 5760 689 5816 gere
717 5753 776 5799 ut
797 5744 904 5813 iam
931 5743 997 5797 de
1024 5741 1248 5812 cognitis
1271 5737 1554 5810 iudicaret,
1580 5730 1765 5789 eadem
1812 5742 1929 5799 qua:
1983 5734 2156 5781 trans-

566 5847 682 5893 aCta
710 5837 915 5889 fuerant
958 5843 1293 5904 repetentes;
1345 5842 1396 5886 et
1443 5828 1723 5892 addentes,
1756 5822 1897 5895 quod
1937 5822 2155 5877 omnino

633 5948 651 5980 ¹
686 5946 965 6011 chendum
986 5946 1131 6009 forte,
1162 5945 1274 6009 quia
1296 5943 1431 6010 prius
1453 5946 1523 5996 est
1542 5944 1773 5995 marum.

1726 451 1784 507 S.
1826 435 2190 504 AUGUSTI?“
2228 432 2529 493 EPISCOPI

2180 550 2419 622 iudicare
2448 547 2513 605 de
2542 544 2633 603 illa
2660 555 2821 601 causa
2850 551 2956 599 non
2990 535 3227 602 deberet.
3255 546 3413 605 quam
3436 528 3657 589 volebat
3680 528 3767 601 agi

3661 413 3771 479 ῦῦο

2183 643 2493 700 recitatione
2522 652 2708 699 eorum
2732 648 2851 706 qua
2878 646 2909 688 a
2937 628 3223 689 Catholicis
3244 625 3417 683 oblata
3445 624 3667 683 fuerant
3680 636 3768 678 re-

2185 734 2393 793 citanda
2423 751 2437 789 :
2468 732 2705 788 dicentes
2725 727 2881 797 huius
2906 738 3079 783 causae
3101 720 3371 781 Christum
3386 717 3628 791 iudicem
3648 731 3771 773 esse

2186 830 2412 893 debere;
2444 835 2496 884 et
2523 823 2776 883 invidiam
2801 820 3055 879 facientes
3084 814 3392 882 Catltolicis,
3419 811 3567 884 quod
3596 811 3775 867 homi-

2187 937 2310 977 nem
2356 918 2655 989 petiverant
2701 912 2967 984 iudicem;
3018 910 3258 969 dicentes
3307 906 3469 967 etiam
3506 903 3672 961 solita
3711 902 3779 959 de

2189 1009 2646 1085 persecutionibus
2674 1020 2809 1077 quas
2836 1002 3041 1075 perpeti
3068 1000 3395 1059 viderentur.
3424 995 3510 1055 Ad
3541 995 3648 1050 hoc
3674 992 3777 1049 Ca—

2189 1103 2373 1163 tholici
2397 1100 2804 1171 responderunt,
2838 1110 2938 1153 nec
2960 1093 3026 1151 de
3053 1092 3268 1151 homine
3290 1088 3471 1167 iudice
3506 1086 3786 1156 postulato

2156 1244 2161 1245 κ
2190 1211 2283 1254 eos
2307 1193 2504 1253 debere
2526 1192 2703 1248 facere
2732 1187 3003 1252 invidiam,
3030 1184 3122 1255 qui
3145 1193 3201 1241 et
3222 1181 3291 1241 de
3313 1194 3476 1237 causa
3501 1175 3784 1233 Maximis-

2191 1288 2450 1345 nistarum
2470 1284 2861 1355 iudicaverunt,
2898 1293 2996 1337 nec
3019 1292 3137 1335 eam
3165 1274 3378 1335 Christo
3397 1269 3567 1341 iudici
3588 1281 3782 1324 serva-

2191 1387 2414 1446 verunt;
2444 1385 2501 1433 et
2527 1376 2697 1446 ipsam
2722 1368 2993 1431 Caeciliani
3010 1381 3223 1425 causam
3248 1364 3493 1435 primitus
3514 1359 3585 1421 ad
3610 1358 3787 1419 homi~

2194 1488 2340 1541 nem,
2370 1471 2474 1527 hoc
2514 1475 2617 1536 est,
2660 1464 2729 1523 ad
2762 1464 3139 1534 immutarem
3179 1455 3585 1517 Constantinum
3625 1464 3787 1508 accu-

2195 1572 2375 1622 santes
2394 1562 2652 1619 miserunt
2674 1577 2688 1615 :
2715 1571 2816 1615 nec
2838 1555 2906 1613 de
2926 1550 3405 1625 persecutionibus,
3423 1544 3569 1617 quod
3584 1541 3791 1613 aliquid

2196 1658 2263 1715 ab
2291 1652 2701 1725 imperatoribus
2721 1664 2817 1720 pro
2838 1646 3077 1706 Ecclesia
3095 1641 3355 1704 Catholici
3376 1644 3645 1709 peterent,
3669 1648 3795 1725 cum

2198 1724 2383 1806 eorum
2412 1742 2889 1803 Circumcelliones
2916 1737 3140 1795 ducibus
3158 1732 3367 1797 clericis
3390 1739 3499 1789 tam
3519 1724 3795 1787 horrenda

2198 1845 2338 1902 mala
2360 1841 2778 1899 committerent.
2807 1834 2911 1892 Ubi
2952 1832 3148 1893 {Histra
3189 1824 3620 1898 responderunt,
3660 1818 3796 1875 nihil

2200 1939 2303 1995 hoc
2326 1939 2391 1993 ad
2416 1936 2722 1993 sacerdotes
2752 1932 3060 2003 pertinere;
3088 1939 3215 1981 cum
3237 1920 3448 1978 clericis
3466 1916 3703 1974 ducibus

2203 2031 2326 2086 talia
2351 2030 2540 2086 fecisse
2562 2025 2892 2082 asserebant.

2270 2127 2361 2180 22.
2395 2126 2469 2181 lbi
2497 2126 2657 2180 etiam
2680 2135 2803 2179 cum
2827 2119 3027 2175 dictum
3047 2122 3212 2180 esset,
3241 2109 3384 2183 quod
3406 2102 3555 2165 calce
3570 2114 3630 2161 et
3645 2109 3803 2158 aceto

2205 2218 2468 2274 humanos
2497 2216 2682 2271 oculos
2718 2210 2981 2284 persecuti
3008 2208 3134 2273 sint,
3165 2205 3219 2259 in
3252 2216 3361 2273 quo
3383 2198 3592 2254 scelere
3611 2193 3802 2250 diabo-

2205 2311 2315 2365 lum
2361 2308 2679 2364 crudelitate
2720 2304 3077 2375 pervicerunt,
3124 2296 3215 2367 qui
3259 2296 3359 2348 hoc
3396 2292 3450 2345 in
3494 2286 3676 2343 sancti
3704 2284 3805 2340 viri

2206 2417 2368 2457 carne
2397 2416 2502 2454 non
2534 2398 2678 2461 fecit,
2708 2409 2866 2467 quam
2908 2394 2963 2447 in
3009 2395 3330 2460 potestatem
3354 2386 3643 2449 acceperat
3670 2374 3807 2430 mli-

2207 2493 2433 2565 gendam
2474 2489 2599 2560 (Job
2628 2486 2724 2560 ti);
2772 2486 2859 2540 hic
2898 2482 3189 2538 Donatistis
3229 2474 3582 2546 quaesierunt,
3627 2478 3809 2523 utrum

2210 2561 2301 2657 qui
2343 2584 2561 2647 faciunt,
2610 2580 2705 2635 [illi
2743 2584 2927 2633 essent
2966 2571 3185 2634 diaboli,
3233 2583 3300 2622 an
3340 2565 3431 2635 qui
3481 2561 3805 2633 patiuntur:

2211 2649 2361 2749 quasi
2403 2673 2661 2729 Catholici
2705 2669 2849 2724 aliud
2894 2680 3056 2736 quam
3095 2660 3372 2732 passiones
3417 2669 3546 2711 suae
3572 2649 3811 2708 dixerint

2213 2747 2630 2827 immanissimas
2654 2780 2683 2817 a
2713 2760 2925 2817 clericis
2950 2768 3008 2814 et
3037 2747 3571 2810 Circumcellienibus
3593 2758 3808 2800 eorum.

2214 2863 2594 2917 Verumtamen
2619 2856 2779 2911 etiam
2802 2852 2887 2906 hic
2917 2864 3022 2905 non
3044 2842 3499 2917 praetermiserunt
3516 2832 3811 2900 Catholici,

2216 2954 2496 3010 occasione
2519 2950 2716 3012 oblata,
2741 2945 2821 3001 eis
2850 2938 3265 3004 ﬂuximianiuas
3288 2933 3557 3003 obiicere;
3583 2937 3644 2985 et
3666 2926 3812 2984 dixe-

2217 3055 2343 3103 runt
2380 3040 2672 3098 secundum
2701 3050 2889 3092 eorum
2926 3030 3247 3088 sententiam
3273 3024 3531 3081 meliores
3552 3034 3682 3076 esse
3704 3017 3817 3097 las

2218 3138 2570 3199 ximianistas,
2600 3145 2734 3201 quos
2762 3127 2903 3198 apud
2923 3134 3035 3180 tres
3060 3123 3145 3179 vel
3171 3136 3234 3179 eo
3260 3117 3492 3188 amplius
3514 3126 3818 3185 proconsu-

2220 3232 2298 3286 les
2320 3225 2585 3299 persecuti
2619 3230 2766 3278 sunt.
2800 3220 2881 3274 illi
2902 3218 3048 3272 enim
3080 3218 3124 3271 si
3165 3211 3309 3283 passi
3336 3216 3485 3275 sunt,
3514 3207 3650 3263 victi
3671 3206 3818 3262 iece-

2222 3327 2347 3376 runt
2374 3320 2413 3372 ί.
2442 3317 2511 3371 Ει
2536 3314 2796 3384 urgebant
2818 3307 3100 3371 Catholici,
3123 3313 3184 3360 ut
3205 3301 3623 3373 responderent,
3642 3306 3821 3359 utru-

2225 3427 2289 3467 ex
2318 3410 2447 3480 ipsis
2490 3420 2627 3478 quos
2668 3405 3056 3460 damnaverunt
3100 3404 3156 3451 et
3201 3392 3464 3466 persecuti
3513 3400 3665 3459 sunt,
3716 3404 3821 3445 non

2226 3503 2559 3574 susceperint
2581 3497 2925 3562 Felicianum,
2946 3500 3004 3548 et
3026 3499 3205 3546 utrum
3230 3502 3338 3543 non
3359 3500 3483 3545 eum
3502 3484 3747 3541 habeant
3770 3483 3821 3536 in

2228 3595 2453 3667 collegio
2481 3609 2597 3649 suo.
2626 3592 2705 3647 Ad
2736 3588 2877 3661 quod
2908 3586 2984 3642 illi
3012 3585 3280 3655 obiectum
3310 3580 3448 3636 sicut
3466 3589 3823 3648 sempercu-

2230 3690 2359 3745 nino
2397 3687 2847 3747 obmutescentes,
2876 3681 2931 3735 in
2970 3676 3115 3733 aliud
3159 3676 3355 3740 lerunt,
3387 3668 3697 3741 obiiciendo
3721 3667 3823 3722 Ca-

2232 3781 2464 3846 tholicis,
2494 3776 2638 3849 quod
2671 3775 2941 3831 diabolum
2986 3766 3394 3829 defendissent;
3422 3762 3552 3833 quia
3580 3761 3826 3817 dixerant

2233 3889 2354 3929 cum
2382 3869 2551 3927 sancti
2579 3868 2682 3925 Job
2707 3865 2877 3922 oculis
2907 3860 3227 3933 pepercisse,
3254 3854 3397 3912 unde
3422 3855 3577 3911 illum
3600 3856 3691 3908 isti
3710 3868 3825 3908 cur

2234 3967 2452 4023 delitate
2488 3962 2761 4016 vicissent.
2796 3956 2862 4012 Et
2885 3959 3237 4023 susceperunt
3274 3960 3527 4004 accusare
3552 3944 3827 4000 diabolum

2234 4061 2380 4115 velut
2406 4056 2683 4112 defensum
2706 4068 2735 4106 a
2756 4047 3065 4114 Catliolicis,
3096 4046 3337 4100 dicentes
3364 4055 3491 4096 eum
3516 4039 3692 4109 magis
3711 4052 3827 4092 cru-

2236 4151 2426 4208 deliter
2456 4149 2509 4202 in
2548 4160 2713 4201 carne
2738 4142 2840 4198 Job
2874 4139 3045 4195 oculis
3080 4134 3419 4207 pepercisse,
3452 4141 3512 4186 ut
3554 4134 3828 4185 manerent

2239 4243 2306 4297 ad
2338 4239 2700 4311 spectaculum
2728 4232 2989 4296 vulneris,
3030 4228 3175 4300 quod
3198 4226 3470 4295 universo
3510 4220 3730 4291 corpori
3753 4220 3829 4274 in.

2241 4335 2469 4392 dixerat.
2500 4330 2654 4400 Quod
2680 4327 2905 4383 multum
2926 4323 3121 4378 mirum
3146 4326 3249 4385 est,
3277 4330 3442 4388 quare
3464 4315 3569 4370 hoc
3592 4326 3694 4383 pro
3718 4324 3827 4365 nia-

2241 4440 2349 4498 gno
2377 4425 2559 4479 dicere
2596 4418 2889 4486 voluerint,
2914 4414 3016 4469 nisi
3040 4411 3181 4467 terte
3208 4416 3269 4463 ut
3294 4406 3725 4477 intelligerenwr
3750 4401 3829 4472 pie

2242 4497 2454 4583 iecisse,
2490 4513 2581 4583 qui
2610 4508 2790 4566 oculos
2828 4507 2882 4561 in
2918 4502 3226 4559 hominibus
3270 4497 3538 4569 persecuti
3580 4502 3726 4560 sunt,
3767 4504 3832 4545 nc

2245 4608 2615 4665 cruciarentur
2644 4597 3114 4655 videndevulncra
3138 4606 3255 4658 sua,
3284 4589 3499 4661 msh
3524 4586 3610 4644 eis
3632 4592 3829 4658 peree-

2246 4707 2359 4756 tum
2378 4708 2574 4766 corpus
2597 4697 2933 4761 acceperant.

2316 4789 2409 4846 25.
2440 4784 2555 4843 Sed
2578 4797 2699 4839 cum
2724 4781 2917 4837 iterum
2948 4776 3240 4834 Danaeius
3276 4769 3688 4843 persecutiones
3708 4778 3829 4837 quas

2247 4882 2518 4954 patiuntur
2558 4881 2950 4946 exaggerantes
2975 4912 2990 4937 ,
3040 4868 3263 4923 suorum
3311 4860 3573 4933 quasdam
3639 4865 3829 4914 mortes

2250 4977 2732 5033 commemorarent
2755 4969 2810 5022 in
2840 4963 3037 5035 oppido
3058 4956 3377 5031 Bagaiensi;
3410 4966 3739 5025 responsum
3758 4958 3833 5004 est

2252 5082 2283 5125 a
2304 5064 2614 5131 Catholicis,
2643 5075 2739 5117 eos
2777 5060 2881 5114 hoc
2910 5068 3094 5127 passos
3120 5067 3240 5109 esse
3262 5051 3390 5106 dum
3423 5061 3613 5103 eorum
3640 5045 3834 5100 violen-

2253 5160 2341 5216 tiae
2366 5158 2728 5220 resisteretur,
2755 5164 2913 5221 quam
2933 5154 2989 5203 et
3003 5144 3167 5216 iudici
3192 5142 3391 5198 inferne
3413 5137 3595 5196 conati
3616 5144 3758 5192 sunt.
3778 5132 3835 5185 in

2215 5258 2219 5263 ‘
2254 5250 2348 5306 ille
2372 5247 2568 5319 Oppido
2597 5243 3153 5301 commemoraverunt
3191 5230 3455 5288 Catholici
3490 5228 3560 5283 ab
3597 5226 3678 5282 eis
3718 5224 3837 5277 bor-

2255 5314 2426 5398 renda
2442 5314 2563 5396 esse
2588 5334 2893 5399 commissa,
2923 5332 2997 5387 ita
3036 5336 3096 5385 ut
3133 5326 3294 5383 etiam
3316 5321 3544 5379 basilica
3569 5324 3715 5374 esset
3759 5314 3839 5366 in-

2257 5450 2439 5500 censa,
2465 5441 2519 5488 et
2548 5432 2603 5487 in
2646 5430 2826 5501 ignem
2864 5426 3012 5482 missi
3041 5421 3251 5478 codices
3294 5416 3485 5475 sancti.
3517 5414 3714 5470 Mortes
3748 5421 3841 5460 au-

2261 5538 2367 5586 tem
2387 5527 2597 5583 illorum
2620 5523 2789 5595 magis
2814 5533 2932 5576 esse
2958 5533 3024 5574 ex
3047 5510 3430 5572 consuetudine
3449 5520 3609 5578 quam
3634 5502 3840 5561 habent,

2259 5628 2318 5675 ut
2345 5633 2405 5674 se
2428 5617 2529 5688 ipsi
2549 5614 2901 5687 praecipitent.
2927 5608 3169 5677 Cumque
3201 5604 3280 5657 his
3300 5599 3599 5655 "Donatista
3626 5605 3843 5661 respon-

2260 5685 2463 5766 dentcs—
2492 5685 2877 5777 exaggerarent
2924 5696 3211 5755 identidem
3270 5692 3413 5747 velut
3454 5685 3841 5760 persecutiones
