4010 6564
235 541 338 596 837

234 661 372 723 quas
397 653 727 720 paterentur,
755 649 1000 714 tanquam
1039 657 1102 698 ex
1132 643 1216 699 his
1245 642 1500 698 fructibus
1544 657 1670 696 suos
1716 639 1811 695 ad-

234 740 505 798 versarios
527 735 722 792 malam
742 747 862 790 esse
887 734 1129 788 arborem
1151 734 1474 803 iactitantes,
1498 741 1551 787 et
1571 741 1815 802 petentes

231 830 528 888 idmtidem
554 836 614 883 ut
635 826 705 882 de
731 838 858 898 agro
877 833 930 881 et
959 825 1172 880 zizaniis
1197 834 1249 880 et
1287 825 1354 879 d’e
1384 831 1486 878 una
1513 834 1565 879 et
1593 825 1814 877 immor-
1839 891 1853 899 .

235 923 329 978 tali
358 921 598 977 Ecclesia
618 917 972 990 judicaretur;
1000 925 1184 971 contra
1227 920 1406 970 autem
1429 913 1686 970 Catholici
1708 913 1817 968 fru-

233 1027 356 1073 etus
394 1027 582 1072 eorum
613 1017 1094 1069 commemorarent
1136 1008 1420 1064 schismata
1446 1016 1500 1064 et
1524 1008 1817 1078 rebaptiza-

231 1110 434 1176 t-ienes,
460 1117 516 1164 et
537 1106 676 1177 quod
703 1106 803 1178 ipsi
829 1104 1074 1174 primitus
1100 1104 1329 1173 majores
1348 1116 1472 1158 suos
1488 1100 1626 1172 apud
1649 1099 1816 1170 impe-

231 1211 472 1257 ratorem
491 1205 851 1263 accusassent,
891 1205 1048 1268 atque
1071 1198 1126 1252 in
1165 1195 1467 1268 huiusmodi
1496 1194 1693 1250 mutuis
1719 1191 1817 1247 ob:-

231 1296 394 1367 jectis
418 1294 510 1349 diu
537 1291 804 1348 conflictio
827 1295 1132 1347 versaretur
1160 1309 1174 1346 :
1215 1290 1403 1345 maluit
1424 1288 1676 1360 C‘ognitor
1705 1285 1820 1341 hmc

234 1386 421 1440 omnia
438 1383 712 1451 cohibere,
741 1381 1055 1453 promittens
1069 1377 1134 1436 de
1153 1381 1237 1437 his
1249 1381 1504 1451 judicium
1529 1379 1821 1452 posteriore

234 1475 522 1533 sententia.
555 1472 852 1529 ΕΗῡεὶωῆ
873 1473 1031 1543 jussit
1055 1472 1195 1544 quod
1222 1487 1250 1526 a
1271 1471 1560 1528 C'ath‘olicis
1586 1469 1820 1526 oblatum

231 1571 348 1641 tam
382 1568 494 1640 legi
538 1565 775 1638 imperat
797 1563 852 1622 et
889 1565 1058 1621 fuerat
1084 1565 1440 1634 interruptum
1493 1564 1580 1619 Sic
1610 1569 1821 1633 peracta

229 1670 324 1716 est
342 1665 509 1714 causa
539 1657 815 1722 Ecclesiae,
844 1669 1002 1728 quam
1030 1669 1352 1727 magnopere
1376 1655 1638 1712 Catholici
1662 1667 1821 1709 cura-

235 1758 432 1806 verant
480 1763 510 1802 a
559 1747 827 1804 αποιΜί
872 1759 1035 1802 causa
1082 1747 1440 1817 distinguere;
1485 1746 1734 1816 quoniam
1773 1745 1823 1800 ei

234 1857 345 1898 non
385 1849 568 1910 posset
609 1838 892 1909 cujuslibet
936 1836 1268 1909 praeiudicari
1315 1837 1658 1902 criminibus,
1705 1849 1825 1907 quae

234 1938 428 1987 contra
451 1941 638 1984 otnnes
664 1929 928 1983 humanas
957 1927 1353 1984 criminationes
1396 1933 1476 1983 tot
1518 1926 1823 1983 testimonia

231 2021 418 2078 divina
441 2020 744 2076 meruisset.
770 2019 851 2074 Ex
877 2019 977 2073 hoc
998 2019 1107 2088 jam
1136 2019 1298 2090 coepit
1343 2018 1425 2091 agi
1464 2018 1623 2074 etiam
1667 2019 1825 2073 causa

231 2114 533 2169 ῧωάῆδτιὶ.

307 2203 542 2261 CiAPUT
565 2203 683 2260 ΧΗ».
707 2215 780 2246 --‘-
795 2201 890 2259 '24.
917 2203 1112 2272 Quinto
1134 2215 1262 2274 ergo
1280 2203 1400 2258 loco
1416 2203 1528 2257 hzec
1548 2209 1662 2256 aeta
1681 2209 1822 2256 sunt.

233 2297 501 2355 Recitata:
527 2303 652 2353 sunt
677 2297 798 2353 dum
837 2297 1122 2352 relationes
1153 2296 1366 2351 Anulini
1398 2294 1732 2365 proconsulis
1759 2285 1827 2347 ad

237 2391 650 2448 Constantium
689 2390 1066 2458 ithperamrcm
1099 2405 1112 2441 :
1143 2402 1245 2442 una
1288 2402 1403 2456 qua:
1433 2388 1543 2457 jam
1585 2385 1827 2455 superius

236 2489 357 2537 erat
397 2481 619 2536 mitam
669 2479 891 2549 (Supra,
941 2493 996 2532 n.
1045 2478 1125 2548 8),
1173 2491 1272 2548 qua
1321 2478 1551 2532 Ostendit
1597 2477 1828 2546 majores

133 2628 147 2639 ,
239 2570 661 2635 Donatistarum
683 2571 738 2626 id
763 2579 866 2635 est,
905 2571 974 2626 de
1009 2577 1156 2641 parte
1198 2565 1460 2640 Majorini,
1488 2569 1698 2625 dedisse
1728 2568 1830 2623 sibi

237 2663 460 2720 chartas
475 2662 762 2718 criminum
783 2661 1072 2727 Cte‘ciiiani,
1096 2671 1149 2716 et
1169 2663 1464 2731 postulasse
1481 2660 1830 2716 Constantino

239 2753 534 2810 mittendas
551 2795 565 2820 ,
597 2751 764 2823 seque
791 2752 913 2807 illas
934 2761 1228 2807 memorato
1250 2753 1559 2822 imperatori
1585 2752 1826 2805 misisse:

235 2845 414 2900 altera
456 2851 634 2898 autem
683 2855 786 2913 qua
827 2843 1062 2897 ostendit
1111 2853 1176 2897 ex
1213 2843 1450 2912 ejusdem
1496 2843 1832 2913 imperatoris

234 2933 488 3004 iussione
507 2933 677 2987 denos
694 2945 760 2987 ex
783 2939 1010 3002 utraque
1033 2939 1202 3000 parte,
1229 2931 1295 2986 ad
1315 2932 1572 3002 agendam
1593 2937 1831 2999 causam,

237 3035 306 3080 at
327 3025 632 3089 mimi-ent,
662 3035 755 3079 eos
789 3024 1214 3090 seeotivenisse,
1260 3032 1418 3094 atque
1468 3024 1590 3078 illos
1633 3024 1833 3094 promi-

235 3118 385 3173 sisse
413 3117 665 3172 Muros.
695 3114 829 3170 Tum
855 3115 1049 3172 deinde
1091 3117 1244 3171 lectte
1282 3125 1408 3171 sunt
1447 3117 1607 3173 etiam
1645 3117 1834 3172 littera:

241 3221 409 3278 supra
437 3207 568 3262 dicti
609 3207 944 3277 inperatoris
989 3206 1055 3261 ad
1104 3208 1382 3279 episcopos
1418 3209 1563 3263 datm
1585 3251 1598 3275 ,
1628 3209 1715 3265 ubi
1757 3209 1835 3265 eis

241 3301 470 3356 cum
493 3299 760 3356 chiliani
783 3301 1012 3370 iniunxit
1035 3301 1352 3357 audiendam
1379 3300 1476 3374 (α).
1505 3304 1676 3373 Atque
1713 3302 1837 3358 inde

239 3406 318 3449 ει
346 3392 538 3448 ordine
555 3392 662 3461 ‘le‘gi
685 3392 850 3461 capit
885 3391 1047 3446 etiam
1090 3393 1394 3462 episcopale
1421 3393 1679 3462 judicium
1707 3389 1835 3448 Mcl-

242 3481 701 3540 diudiailomani
727 3482 965 3553 episcopi
987 3491 1041 3538 et
1061 3483 1285 3538 aliorum
1308 3495 1428 3538 cum
1451 3485 1542 3538 illo
1563 3481 1837 3541 Gallorum

243 3573 582 3630 athalorum
607 3574 998 3644 episcoporum,
1045 3573 1099 3628 in
1128 3572 1315 3628 eadem
1355 3575 1488 3628 ‘t'r'rbe
1524 3573 1708 3630 Romae
1757 3575 1838 3630 fa-

241 3667 422 3730 σιω,
453 3664 602 3733 cuius
627 3660 812 3733 iudicii
851 3664 1024 3736 prima
1047 3663 1222 3735 parte,
1255 3663 1304 3718 id
1349 3665 1450 3732 cs‘t,
1479 3665 1639 3735 gestis
1681 3666 1840 3736 primi

243 3755 360 3810 diei
410 3754 684 3819 recitatis,
728 3755 819 3810 ubi
866 3762 1205 3811 accusatores
1243 3754 1510 3810 Caeciliani
1555 3757 1642 3826 qni
1691 3757 1840 3813 missi

245 3845 486 3909 lauant;
514 3853 841 3914 negaverunt
865 3853 925 3900 se
953 3845 1152 3900 habere
1182 3844 1322 3914 quod
1349 3845 1402 3899 in
1426 3857 1546 3900 cum
1568 3846 1836 3914 dicerent;

245 3935 348 3991 ubi
375 3934 540 3990 etiam
571 3933 806 3990 Donatus
833 3949 862 3989 a
889 3935 1248 4006 Cattis-Nigris
1289 3930 1342 3990 in
1386 3938 1635 4006 praesenti
1662 3939 1844 3992 convis-

244 4033 374 4080 ctus
422 4032 528 4089 est,
569 4025 745 4080 adhuc
783 4026 1010 4081 diacono
1053 4025 1337 4080 Gteciliano
1374 4026 1605 4082 sehisma
1653 4029 1842 4084 fecisse

247 4113 612 4184 Carthagine;
640 4115 708 4170 de
733 4116 1066 4186 Carthaginis
1085 4117 1226 4174 enim
1251 4117 1537 4172 schismate
1559 4127 1740 4173 exorta
1762 4129 1844 4175 est

245 4206 521 4262 adversus
541 4206 834 4262 Ecclesium
855 4208 1168 4263 catholicam
1184 4217 1309 4279 pars
1331 4210 1548 4265 Donati:
1571 4212 1659 4266 ubi
1681 4214 1842 4268 etiam

250 4299 622 4369 promiserunt
651 4299 810 4354 iidem
837 4300 1125 4355 adversarii
1141 4301 1410 4356 Caeciliani
1436 4303 1541 4357 alio
1566 4303 1651 4358 die
1676 4319 1734 4359 se
1759 4317 1844 4359 re-

250 4395 718 4457 praesentaturos,
762 4403 898 4458 quos
937 4403 1112 4444 cauete
1140 4391 1472 4447 necessarios
1512 4393 1843 4450 subtraxisse

249 4478 650 4549 arguebantur;
674 4490 730 4534 et
753 4479 857 4535 hoc
872 4481 1105 4547 mentiti,
1139 4481 1361 4538 ulterius
1385 4484 1450 4539 ad
1469 4484 1725 4554 judicium
1751 4503 1843 4543 aes

249 4568 456 4626 cedere
481 4569 813 4626 noluerunt:
851 4572 960 4628 hac
1001 4583 1131 4644 ergo
1174 4574 1359 4644 judieii
1404 4586 1556 4648 parte
1599 4582 1842 4652 recitata,

247 4677 384 4718 omn
399 4663 656 4732 cupisset
675 4664 890 4720 recitari
918 4665 1044 4735 quid
1080 4667 1184 4722 alio
1201 4667 1296 4725 die
1316 4670 1524 4741 gestuin
1545 4675 1615 4729 sit
1636 4690 1650 4739 ;
1681 4675 1846 4730 inter-

250 4761 522 4824 meum
571 4755 881 4821 Doneti'staa,
919 4765 982 4812 et
1018 4766 1201 4828 petere
1233 4761 1621 4820 instantissir‘ne
1665 4779 1845 4839 empta;

248 4852 408 4910 eum,
432 4853 494 4900 ut
513 4845 670 4914 prius
693 4860 756 4902 ea
781 4859 902 4916 qua
938 4847 1236 4905 offerebant
1277 4852 1648 4923 recitarentur,
1696 4873 1845 4913 assea

249 4943 444 4992 rentes
465 4950 575 4992 non
599 4951 719 4993 esse
743 4938 965 5003 ordinis,
999 4949 1057 4994 ut
1079 4941 1230 5010 prius
1258 4941 1522 5000 absolutio
1537 4947 1842 5016 ‘Cte'eilia'ni,

247 5041 421 5096 quem
447 5026 686 5082 nondum
712 5038 1112 5096 accusaverant,
1142 5029 1435 5101 legeretur;
1467 5043 1521 5089 et
1543 5035 1612 5091 de
1637 5036 1737 5093 hoc
1759 5039 1848 5094 all-

247 5126 464 5188 quento
491 5118 694 5174 diutius
716 5119 1105 5176 conﬂixerunt:
1136 5135 1258 5178 eum
1300 5122 1559 5182 Catholici
1585 5128 1844 5198 dicerent,

245 5225 369 5267 non
395 5209 595 5266 debere
621 5211 934 5283 interrumpi
960 5214 1103 5284 quod
1130 5215 1234 5286 legi
1258 5216 1366 5287 jam
1395 5225 1648 5289 ceperat,
1679 5221 1849 5279 donec

245 5303 506 5376 quaedam
529 5303 717 5374 iudicii
748 5307 927 5362 omnia
965 5317 1113 5378 gesta
1141 5312 1590 5380 terminarentur;
1628 5315 1706 5371 illi
1751 5315 1848 5374 au-

244 5407 367 5453 tem
396 5409 429 5452 θ
457 5395 672 5451 diverso
699 5405 1024 5465 assererem,
1054 5407 1116 5454 ea
1159 5411 1279 5471 qua:
1301 5402 1846 5477 i‘rtterrumpebantur,

241 5505 359 5546 nec
383 5488 550 5558 incipi
579 5488 829 5546 debuisse
857 5499 918 5546 ut
943 5492 1266 5563 legerentur,
1295 5499 1545 5566 quoniam
1577 5516 1682 5556 non
1707 5518 1850 5559 com-

240 5589 473 5652 peteret
511 5581 660 5649 prius
711 5581 925 5637 defendi
967 5583 1237 5640 hominem
1279 5603 1437 5658 quam
1480 5594 1738 5648 accusari.
1771 5597 1851 5650 Ad

237 5674 365 5729 hoc
390 5670 659 5727 Catholici
698 5673 1113 5744 respOndebaut,
1158 5687 1277 5734 cum
1306 5696 1462 5735 causa
1492 5682 1793 5741 sehismatis
1823 5702 1852 5742 a

237 5756 557 5836 Cognitore
580 5777 928 5834 quaereretur,
959 5771 1155 5839 petisse
1182 5782 1240 5828 ut
1265 5774 1351 5828 illa
1382 5775 1700 5846 legerentur,
1736 5794 1852 5851 quae

237 5857 442 5915 oblata
481 5855 689 5914 fuerant
717 5855 781 5912 ad
803 5857 1106 5929 legendum,
1130 5880 1249 5921 cum
1271 5879 1514 5940 ageretur
1541 5868 1607 5926 de
1629 5886 1850 5942 persona

350 5962 399 6024 α)
435 5959 558 6009 vide
583 5958 702 6013 infra
717 5962 766 6012 in
789 5964 1076 6025 Aniendice.

1746 6131 1749 6133 _
1799 6095 1833 6138 ..3

1086 528 1512 587 BBEVICULUS
1550 527 1993 587 COLLATIONIS
2042 527 2183 586 CUM
2224 523 2639 587 DONATISTIS.

3384 535 3487 594 658

1920 642 2180 712 petitoris.
2213 642 2351 697 Duas
2377 641 2553 711 itaque
2580 641 2648 697 ob
2669 655 2754 697 res
2783 639 2868 696 illa
2897 639 3128 700 voluisse
3156 645 3403 714 recitari;
3437 657 3494 706 ut

1922 739 2200 802 appareret
2223 747 2315 787 eos
2342 733 2579 802 primitus
2610 733 2662 786 in
2685 734 2780 788 hac
2801 745 2956 789 causa
2975 735 3241 791 hominem
3259 737 3493 808 judicent

1923 822 2237 893 postulasse,
2261 823 2349 894 qui
2378 823 2638 878 faciebant
2661 819 2947 881 Catholicis
2973 825 3244 896 invidiam,
3271 833 3411 902 quod
3441 833 3498 889 in

1923 913 2024 968 hac
2051 911 2345 970 Collatione
2384 913 2545 970 homo
2584 917 2824 987 cOgnitor
2854 917 3152 988 residebat;
3186 930 3238 978 et
3269 933 3323 978 ut
3360 925 3498 994 peti-

1925 1006 2054 1060 toris
2080 1017 2306 1075 persona
2328 1013 2595 1062 constarct
2623 1024 2636 1061 :
2664 1016 2718 1063 et
2743 1005 2988 1079 quoniam
3031 1011 3132 1082 legi
3173 1021 3346 1083 coepta
3388 1013 3500 1071 fue-

1923 1099 2064 1165 rant,
2089 1111 2194 1154 non
2220 1097 2416 1154 debere
2439 1099 2774 1172 interrumpi,
2806 1103 2901 1159 sed
2929 1115 3096 1175 usque
3124 1104 3191 1159 ad
3219 1105 3379 1161 finem
3409 1124 3497 1162 re-

1923 1188 2136 1244 citando
2157 1189 2392 1259 perduci.
2421 1187 2565 1246 Inter
2602 1189 2717 1246 haec
2753 1189 3022 1264 Cognitor,
3048 1210 3168 1250 eum
3196 1195 3298 1251 hoc
3323 1197 3496 1266 primo

1925 1279 2197 1346 voluisset,
2232 1281 2374 1352 quod
2400 1295 2428 1335 a
2457 1280 2741 1340 Catholieis
2772 1285 3068 1355 petebatur,
3096 1293 3238 1343 utea
3265 1303 3382 1358 quae
3412 1303 3498 1342 re-

1927 1369 2076 1425 citari
2101 1380 2375 1442 creperant
2400 1373 2676 1429 [inirentur
2700 1392 2714 1442 ;
2741 1383 2922 1446 postea
2948 1387 3127 1434 tamen
3147 1379 3195 1434 ei
3217 1377 3504 1435 Donatista:

1927 1471 2284 1532 extorserunt,
2315 1473 2452 1520 utea
2479 1479 2598 1536 quae
2631 1466 2730 1537 ipsi
2754 1465 3048 1526 offerebant
3069 1467 3248 1528 dilatis
3271 1469 3378 1528 illis
3401 1471 3506 1544 legi

1927 1554 2382 1625 permitterentur.

1995 1644 2223 1702 CAPUT
2247 1645 2384 1702 Xlll.
2416 1678 2486 1689 —
2524 1647 2614 1705 25.
2659 1648 2811 1707 Tunc
2856 1641 3143 1708 Donatistae
3183 1647 3508 1725 aliquantum

1929 1736 2202 1806 praelocuti
2233 1746 2376 1806 sunt,
2420 1738 2561 1808 quod
2589 1739 2888 1795 Mensurius
2917 1741 3005 1811 qui
3053 1739 3225 1797 fuerat
3245 1750 3369 1798 ante
3396 1741 3512 1802 Cte-

1927 1828 2179 1884 cilianum
2206 1827 2458 1885 Ecclesim
2485 1829 2915 1902 Carthagincnsis
2937 1832 3236 1904 episcopus,
3268 1842 3508 1905 tempore

1930 1920 2314 1989 persecutionis
2345 1919 2621 1976 tradiderit
2651 1917 3078 1991 persecutoribus
3118 1932 3329 1978 sanctas
3365 1921 3510 1978 Scriv

1930 2018 2135 2080 pturas.
2170 2009 2236 2064 Et
2262 2010 2363 2065 hoc
2403 2017 2458 2065 ut
2495 2012 2800 2080 probarent,
2827 2011 3204 2084 legeruntejus
3233 2013 3512 2084 epistolam

1931 2100 1998 2156 ad
2023 2100 2325 2156 Secundum
2372 2101 2715 2171 Tigisitanum
2754 2103 2952 2169 datam,
3002 2104 3090 2174 qui
3122 2113 3246 2161 tunc
3286 2103 3516 2160 habebat

1931 2193 2216 2262 primatum
2243 2192 2615 2262 episcoporum
2652 2187 2932 2249 Numidlm.
2980 2193 3038 2250 In
3068 2201 3170 2266 qua
3194 2195 3417 2266 epistola
3440 2194 3516 2249 vi-

1932 2281 2156 2338 debatur
2184 2281 2484 2346 Mensurius
2524 2283 2672 2340 velut
2713 2283 2781 2340 de
2819 2300 2916 2341 suo
2957 2286 3182 2342 crimine
3231 2285 3514 2344 conﬁteri:

1933 2374 2021 2443 qui
2049 2382 2224 2427 tamen
2255 2387 2360 2428 non
2409 2372 2696 2444 scripserat
2742 2390 2800 2431 sc
2847 2385 3059 2432 sanctos
3097 2377 3310 2433 codices
3358 2377 3519 2433 tradi-

1934 2465 2098 2531 disse,
2137 2466 2231 2519 scd
2278 2469 2448 2535 potius
2492 2479 2560 2523 ne
2603 2482 2634 2522 a
2681 2469 3110 2538 persecutoribus
3154 2472 3519 2527 invenirentur

1933 2556 2214 2612 abstulisse
2243 2567 2400 2628 atque
2423 2572 2696 2625 servasse;
2725 2558 2989 2615 dimisisse
3015 2569 3192 2616 autem
3218 2561 3271 2615 in
3302 2561 3520 2616 basilica

1933 2647 2207 2703 Noverunt
2237 2661 2584 2719 quaecumque
2612 2649 2836 2720 reproba
2883 2652 3078 2721 scripta
3121 2650 3518 2718 htercticorum,

1936 2755 2054 2809 qua:
2097 2755 2216 2794 cum
2271 2738 2597 2795 invenissent
2644 2750 3016 2811 persecutores
3061 2750 3116 2798 et
3152 2743 3518 2811 abstulissent,

1939 2831 2069 2884 nihil
2112 2831 2180 2885 ab
2223 2831 2316 2885 illo
2344 2833 2573 2902 amplius
2597 2833 2912 2902 postulasse.
2939 2833 3320 2890 Verumtamen
3357 2850 3521 2906 quos-

1939 2919 2060 2975 dam
2115 2923 2544 2992 Carthaginensis
2574 2923 2774 2979 ordinis
2813 2927 2956 2980 viros
2985 2935 3164 2996 postea
3198 2927 3525 2998 suggessisse

1940 3015 2266 3084 proconsuli,
2316 3015 2456 3085 quod
2504 3015 2644 3070 illusi
2687 3015 2895 3071 fuerant
2941 3017 3032 3086 qui
3077 3017 3226 3071 missi
3265 3025 3417 3072 erant
3457 3015 3526 3072 ad

1939 3105 2362 3162 Christianorum
2388 3107 2692 3178 Scripturas
2717 3107 3029 3165 auferendas
3054 3118 3106 3165 et
3144 3107 3527 3178 incendendas,

1941 3196 2062 3266 Quia
2089 3209 2194 3252 non
2223 3199 2536 3254 invenerant
2560 3199 2661 3255 nisi
2691 3200 2874 3255 nescio
2903 3216 3023 3271 quae
3050 3199 3117 3256 ad
3150 3217 3242 3256 cos
3269 3217 3376 3257 non
3406 3216 3529 3272 per-

1939 3287 2164 3343 tinentia
2184 3305 2197 3354 ;
2224 3293 2364 3358 ipsas
2384 3299 2558 3345 autem
2580 3291 2631 3345 in
2654 3291 2815 3348 domo
2831 3291 3064 3363 episcopi
3088 3293 3362 3362 custodiri,
3388 3293 3528 3350 unde

1944 3379 2199 3438 deberent
2228 3383 2451 3453 proferri
2497 3391 2552 3439 et
2593 3385 2807 3441 incendi
2850 3402 2862 3439 :
2907 3387 3281 3459 proconsulem
3306 3399 3433 3442 vero
3460 3385 3528 3445 ad

1944 3475 2048 3531 hoc
2080 3476 2158 3530 eis
2195 3477 2498 3532 consentire
2524 3477 2780 3535 noluisse.
2833 3469 2890 3534 In
2927 3479 3128 3535 eisdem
3150 3480 3308 3536 etiam
3341 3481 3531 3537 litteris

1943 3563 2144 3622 lectum
2171 3576 2273 3634 est,
2303 3583 2396 3624 eos
2425 3556 2514 3639 qui
2545 3585 2604 3625 se
2642 3561 2895 3626 offerrent
2938 3573 3397 3642 pcrsccutionihus
3421 3588 3530 3628 non

1943 3660 2334 3731 Comprehensi,
2366 3665 2419 3718 et
2448 3663 2582 3718 ultro
2614 3663 2851 3719 dicerent
2886 3680 2944 3720 se
2987 3665 3183 3722 habere
3207 3664 3527 3735 Scripturas,

1945 3769 2077 3824 quas
2107 3770 2214 3810 non
2243 3755 2530 3821 traderent,
2571 3771 2600 3809 a
2646 3757 2834 3827 quibus
2882 3757 2985 3813 hoc
3028 3771 3185 3813 nemo
3227 3757 3529 3829 qumsierat,

1947 3847 2282 3917 displicuisse
2309 3847 2601 3914 Mcnsurio,
2635 3841 2776 3904 etab
2796 3848 2873 3903 eis
2899 3849 3221 3904 honorandis
3246 3865 3367 3904 eum
3403 3864 3530 3920 pro-

1945 3937 2184 3994 hibuisse
2211 3935 2559 3994 Christianos.
2587 3935 2811 4006 Quidam
2839 3939 3075 3994 etiamin
3101 3939 3286 3995 eadem
3308 3940 3530 4011 epistola

1947 4032 2233 4089 facinerosi
2279 4031 2639 4103 arguebantur
2684 4042 2740 4088 et
2782 4033 2893 4088 fisci
2923 4031 3210 4100 debitores,
3243 4033 3332 4104 qui
3373 4048 3531 4088 occa-

1948 4124 2100 4179 sione
2128 4122 2513 4194 persecutionis
2547 4123 2630 4181 vel
2661 4138 2843 4194 carere
2870 4118 3070 4178 vellent
3096 4137 3321 4179 onerosa
3351 4122 3534 4180 multis

1949 4214 2142 4270 debitis
2165 4215 2291 4282 vita,
2320 4214 2402 4270 vel
2431 4231 2656 4286 purgare
2680 4231 2740 4271 se
2770 4224 3034 4286 putarent,
3062 4226 3115 4271 et
3143 4216 3292 4286 quasi
3318 4215 3534 4272 abluere

1949 4291 2187 4360 facinora
2213 4321 2328 4372 sua,
2358 4305 2441 4360 vel
2471 4315 2615 4362 certe
2644 4307 2918 4376 acquirere
2947 4307 3250 4377 pecuniam,
3277 4315 3332 4361 et
3358 4306 3412 4361 in
3441 4321 3534 4362 cu-

1951 4401 2120 4457 stodia
2173 4401 2378 4456 deliciis
2428 4400 2626 4471 perfrui
2673 4400 2742 4457 de
2783 4402 3040 4472 obsequio
3088 4401 3532 4456 Christianorum.

1950 4492 2164 4549 Crimen
2191 4502 2367 4551 tamen
2410 4493 2697 4548 Donatistae
2737 4509 2844 4549 non
2894 4494 3204 4565 ingerebant
3242 4494 3532 4562 Mensurio,

1951 4585 2053 4640 nisi
2079 4583 2145 4639 de
2186 4584 2456 4640 codicibus
2499 4584 2703 4639 traditis
2737 4602 2749 4638 :
2781 4586 3057 4640 mentitum
3082 4599 3204 4640 eum
3231 4585 3426 4656 quippe
3452 4583 3536 4639 di-

1950 4676 2163 4745 cebant,
2195 4676 2336 4748 quod
2378 4677 2452 4731 illi
2483 4691 2588 4732 non
2628 4676 2826 4732 fuerint
2864 4677 3078 4734 codices
3103 4679 3294 4745 sancti,
3325 4687 3379 4733 et
3414 4693 3539 4748 pec-

1951 4777 2128 4824 catum
2155 4783 2307 4823 suum
2335 4776 2514 4836 tegere
2536 4767 2797 4832 voluisse;
2826 4769 3066 4838 quamvis
3093 4778 3145 4824 et
3170 4770 3338 4839 ipsam
3369 4768 3540 4823 fictio-

1952 4874 2074 4916 nem
2113 4859 2539 4914 criminarentur.
2583 4857 2897 4914 Recitarunt
2933 4860 3094 4915 etiam
3134 4862 3392 4931 rescripta
3439 4859 3537 4916 Se-

1954 4950 2111 5006 cundi
2136 4949 2411 5020 Tigisitani
2437 4949 2506 5003 ad
2531 4949 2776 5005 eumdem
2799 4950 3124 5007 Mensurium
3147 4953 3363 5023 pacitice
3391 4951 3534 5019 data,

1954 5041 2044 5098 ubi
2087 5051 2141 5097 et
2179 5042 2294 5111 ipse
2331 5041 2584 5108 narravit,
2633 5041 2686 5096 in
2739 5041 2982 5098 Numidia
3013 5052 3382 5113 persecutores
3419 5054 3538 5110 qua:

1955 5131 2159 5206 egerint
2198 5152 2211 5187 :
2259 5141 2315 5189 et
2342 5133 2432 5204 qui
2476 5134 2850 5204 comprehensi
2894 5144 2949 5190 et
2986 5134 3286 5204 Scripturas
3327 5140 3540 5189 sanctas

1956 5227 2167 5282 tradere
2196 5225 2456 5292 nolentes,
2488 5231 2543 5280 et
2569 5225 2733 5281 multa
2766 5226 2904 5280 mala
2947 5226 3088 5295 passi
3132 5232 3187 5279 et
3212 5223 3541 5294 gravissimis

1957 5319 2228 5391 suppliciis
2251 5318 2540 5374 excruciati
2565 5326 2620 5374 et
2647 5319 2810 5374 occisi
2840 5327 2963 5373 sunt
3005 5335 3017 5371 :
3046 5331 3248 5387 eosque
3274 5309 3541 5371 honoran-

1954 5413 2054 5470 dos
2082 5427 2178 5484 pro
2223 5412 2464 5484 martyrii
2505 5412 2587 5466 sui
2628 5411 2820 5467 merito
2859 5409 3270 5477 commendavit,
3317 5408 3540 5466 laudans

1959 5521 2055 5563 eos
2082 5520 2187 5563 non
2215 5504 2498 5560 tradidisse
2520 5504 3073 5573 Scripturassanctas,
3114 5501 3256 5557 illius
3302 5500 3542 5556 mulieris

1961 5601 2226 5671 exemplo,
2264 5613 2382 5668 quae
2423 5597 2558 5651 duos
2586 5595 2950 5664 exploratores
2989 5593 3040 5647 in
3070 5591 3304 5662 Jcridho,
3335 5592 3389 5648 in
3420 5593 3542 5664 qui-

1961 5692 2062 5748 bus
2091 5692 2447 5761 ﬁgurareutur
2475 5688 2581 5742 duo
2609 5685 2980 5748 Testamenta,
3011 5675 3176 5740 Vetus
3211 5695 3263 5741 ct
3311 5673 3542 5747 Novum,

1961 5783 2174 5839 tradere
2199 5778 2623 5852 persecutoribus
2647 5776 2815 5830 noluit
2837 5774 3016 5847 (Iosue
3037 5775 3119 5847 tr).
3147 5776 3296 5842 Quod
3330 5777 3545 5847 quidem

1964 5876 2272 5947 exemplum
2301 5874 2344 5927 si
2375 5871 2473 5926 sub
2502 5870 2600 5923 hac
2632 5868 2794 5938 figura
2821 5879 2901 5924 est
2935 5870 3356 5940 intelligendum,
3398 5870 3546 5925 Men-

1967 5972 2165 6028 surium
2205 5965 2377 6037 potius
2421 5961 2718 6034 adjuvabat.
2765 5959 2825 6018 In
2866 5961 2977 6020 suis
3005 5963 3147 6019 enim
3177 5962 3367 6020 litteris
3398 5962 3543 6020 Men-
