4010 6500
518 487 627 544 559

515 599 700 655 surius
744 591 1165 666 reprehendebat
1209 605 1302 647 eos
1348 591 1438 661 qui
1489 588 1788 660 Scripturas
1837 596 2050 643 sanctas
2077 627 2094 654 ,

516 690 764 760 quamvis
787 702 879 744 eas
901 701 1008 740 non
1033 683 1304 739 traderent
1339 697 1398 739 se
1437 691 1612 738 tamen
1645 681 1843 736 habere
1866 681 2098 735 fateren-

516 794 642 844 1ur;
673 779 814 850 quod
852 776 1044 833 mulier
1071 775 1162 830 illa
1197 790 1302 830 non
1330 773 1475 830 fecit.
1501 773 1684 842 Neque
1714 771 1857 826 enim
1891 784 1985 824 eos
2010 783 2102 823 ex-

516 874 816 943 ploratores
841 870 934 940 qui
955 869 1348 941 quaerebantur,
1366 866 1505 936 apud
1524 881 1584 920 se
1601 879 1718 920 esse
1736 862 1979 918 confessa
1995 869 2097 927 est,

513 964 614 1018 sed
638 962 865 1032 negavit.
903 962 1128 1031 Scripsit
1149 947 1314 1016 etiam
1340 958 1636 1026 Secundus,
1668 967 1721 1012 et
1742 956 1809 1010 ad
1847 970 1904 1011 se
1929 955 2102 1025 ipsum

515 1056 713 1109 missos
741 1070 774 1109 a
797 1065 1047 1110 curatore
1067 1069 1121 1109 et
1141 1053 1332 1109 ordine
1356 1051 1722 1107 centurionem
1747 1058 1801 1104 et
1822 1046 2104 1102 beneficia-

513 1145 679 1210 rium,
712 1146 802 1213 qui
832 1154 1076 1214 peterent
1103 1143 1314 1198 divinos
1338 1142 1549 1197 codices
1571 1139 1893 1203 exurendos,
1917 1138 2102 1206 eisque

513 1236 878 1304 respondisse,
910 1235 1224 1290 Christianus
1251 1251 1362 1288 sum
1403 1241 1449 1288 et
1492 1233 1776 1302 episcopus,
1818 1245 1920 1283 non
1945 1227 2104 1281 tradi-

519 1336 618 1380 tor.
653 1327 719 1380 Et
746 1342 865 1381 cum
895 1327 962 1381 ab
983 1341 1048 1382 eo
1068 1326 1262 1381 vellent
1281 1324 1456 1395 aliqua
1482 1323 1668 1379 ecbola
1697 1319 1794 1392 (a),
1826 1317 2104 1388 autquod-

519 1433 744 1488 cnmque
783 1420 1060 1487 accipere;
1104 1433 1280 1488 neque
1331 1418 1434 1472 hoc
1477 1417 1555 1473 eis
1595 1414 1826 1480 dedisse,
1859 1411 2104 1480 exemplo

517 1509 757 1564 Eleazari
796 1509 1107 1577 Machabaai,
1163 1509 1254 1578 qui
1303 1522 1402 1563 nec
1449 1507 1646 1577 fingere
1693 1503 1863 1559 voluit
1891 1502 2102 1557 suillam

519 1615 734 1655 carnem
763 1615 822 1656 se
851 1600 1197 1666 manducare,
1244 1614 1312 1654 ne
1353 1598 1470 1652 aliis
1499 1597 1762 1667 praeberet
1787 1592 2102 1665 praevarica-

520 1691 681 1744 tionis
725 1689 1111 1760 cxemplum(ll
1154 1689 1390 1743 Machab.
1434 1704 1506 1754 v1,
1549 1686 1760 1756 Ωιι-28).
1792 1685 1885 1739 Hae
1912 1685 2103 1738 litterae

517 1779 771 1835 Mensurii
803 1789 857 1836 et
887 1781 1116 1836 Secundi
1165 1780 1339 1835 donec
1381 1778 1606 1848 legendo
1654 1776 2099 1841 terminarentur,

517 1869 778 1928 Catholici
799 1873 1059 1942 patienter
1084 1872 1398 1936 audierunt;
1431 1869 1672 1940 quamvis
1705 1867 1881 1922 testati
1906 1865 2104 1920 fuerint

517 1979 610 2019 eas
633 1979 754 2020 esse
791 1964 1095 2031 familiares,
1148 1978 1247 2019 nec
1285 1962 1353 2018 ad
1397 1976 1612 2016 causam
1640 1957 1895 2014 Ecclesiae
1937 1955 2102 2027 perti-

514 2068 666 2111 nere.

590 2147 817 2204 CAPUT
843 2148 984 2203 XIV.
1004 2176 1074 2188 —-
1092 2147 1182 2202 26.
1212 2145 1464 2216 Cognitor
1482 2158 1610 2213 ergo
1628 2156 1975 2198 commonens
1995 2141 2103 2196 Do-

517 2237 772 2301 natistas,
805 2247 863 2293 ut
893 2238 1160 2308 patientiae
1184 2237 1356 2291 vicem
1383 2234 1696 2299 redderent,
1724 2233 1881 2302 jussit
1904 2231 2105 2302 perlegi

513 2327 638 2398 quae
669 2329 843 2384 oblata
873 2344 902 2383 a
932 2328 1219 2384 Catholicis
1235 2328 1345 2397 jam
1371 2341 1437 2382 ex
1463 2335 1612 2396 parte
1632 2318 1841 2380 fuerant
1861 2325 2101 2379 recitata.

515 2419 617 2477 llic
648 2421 941 2476 Donatistae
973 2428 1358 2490 poposcerunt,
1393 2428 1450 2474 ut
1477 2419 1623 2488 prius
1649 2419 1811 2473 etiam
1837 2419 2105 2488 legeretur

514 2510 660 2581 quod
690 2510 757 2565 de
783 2525 945 2566 causa
973 2509 1239 2566 Caeciliani
1269 2507 1583 2564 offerebant.
1618 2507 1730 2563 Hoc
1756 2522 1966 2577 quoque
1988 2507 2106 2563 sine

515 2600 624 2654 ulla
645 2599 955 2655 difficultate
975 2583 1263 2654 Catholicis
1284 2596 1734 2667 permittentibus,
1761 2605 1814 2650 et
1834 2610 2107 2652 commen-

517 2692 766 2748 dantibus
796 2708 951 2762 quam
982 2691 1245 2762 patienter
1271 2691 1371 2745 hoc
1401 2691 1793 2758 permitterent,
1822 2697 1880 2743 ut
1905 2688 2007 2743 hoc
2026 2689 2106 2745 eis

516 2789 573 2837 et
601 2783 678 2836 illi
708 2781 1100 2851 rependerem;
1140 2780 1300 2850 jussit
1329 2778 1471 2849 quod
1501 2778 1822 2834 offerebatur
1849 2777 2104 2849 Cognilor

517 2873 750 2928 recitari.
797 2872 870 2927 Et
890 2873 1169 2927 recitatum
1199 2879 1281 2926 est
1316 2886 1347 2924 a
1378 2870 1665 2925 Donatistis
1691 2869 1972 2924 concilium
2000 2869 2106 2924 fer-

517 2978 606 3018 me
633 2962 965 3031 septuaginta
988 2961 1360 3031 episcoporum
1387 2969 1574 3015 contra
1599 2959 1939 3014 Cmcilianum
1965 2958 2106 3028 apud

519 3049 893 3122 Carthaginem
914 3049 1132 3116 factum,
1157 3049 1246 3103 ubi
1267 3064 1388 3103 eum
1406 3049 1678 3103 absentem
1695 3047 2103 3117 damnaverunt,

518 3141 662 3213 quod
691 3141 756 3196 ad
786 3157 878 3198 eos
906 3142 1088 3196 venire
1118 3140 1380 3205 noluerit;
1417 3149 1667 3209 tanquam
1704 3155 1735 3194 a
1765 3139 2108 3196 traditoribus

517 3234 816 3301 ordinatus,
846 3244 899 3290 et
925 3233 1049 3304 quia
1068 3238 1196 3288 cum
1221 3241 1366 3287 esset
1387 3231 1674 3299 diaconus,
1703 3232 1900 3286 victum
1927 3232 2108 3289 afferri

518 3330 841 3401 martyribus
866 3329 918 3382 in
947 3327 1187 3384 custodia
1211 3325 1512 3381 constitutis
1536 3323 1874 3394 prohibuisse
1897 3325 2109 3381 diceba-

522 3427 630 3474 tur.
655 3419 921 3474 Nominati
943 3426 1068 3474 sunt
1089 3418 1248 3472 etiam
1269 3416 1483 3488 quidam
1503 3417 1722 3487 collegae
1742 3416 2013 3472 Caeciliani
2034 3417 2106 3490 (ὁ,

521 3510 613 3580 qui
640 3509 924 3564 traditores
946 3509 1324 3564 asserebantur
1343 3507 1568 3577 publicis
1586 3507 1771 3578 gestis,
1795 3524 1913 3576 quae
1932 3516 2109 3563 tamen

520 3613 672 3674 gesta
710 3617 816 3658 non
848 3602 1175 3673 legebantur.
1208 3600 1352 3655 Inter
1375 3599 1474 3655 hos
1499 3608 1676 3654 autem
1703 3599 1930 3655 maxime
1955 3599 2110 3655 Felix

522 3694 886 3765 Abtugnensis
910 3693 1160 3749 acerbius
1187 3700 1466 3747 accusatus
1493 3699 1595 3758 est,
1627 3691 1696 3745 ita
1725 3701 1780 3745 ut
1805 3694 1921 3762 fons
1945 3692 2110 3747 malo-

523 3804 638 3842 rum
679 3788 906 3842 omnium
943 3786 1227 3842 diceretur.
1270 3784 1474 3862 Deinde
1507 3784 1784 3839 sententia:
1821 3798 1852 3838 a
1889 3783 2112 3854 singulis

524 3879 678 3950 dictae
699 3887 843 3943 sunt,
867 3877 1114 3948 primitus
1141 3891 1171 3930 a
1198 3875 1443 3932 Secundo
1469 3875 1782 3945 Tigisitano,
1811 3873 1902 3944 qui
1926 3889 2113 3929 eorum

525 3970 776 4040 princeps
803 3968 897 4022 fuit
920 3983 936 4032 ;
967 3966 1162 4022 deinde
1187 3981 1218 4019 a
1244 3966 1453 4020 caeteris
1481 3981 1493 4016 :
1518 3963 1709 4033 quibus
1735 3971 2114 4032 expresserunt

525 4077 585 4118 se
623 4061 906 4117 Caeciliano
944 4067 999 4114 et
1023 4058 1243 4128 collegis
1273 4058 1387 4126 ejus
1417 4070 1524 4109 non
1553 4054 1968 4109 communicare.
2002 4053 2115 4109 Hoc

527 4151 703 4221 itaque
735 4150 961 4206 concilio
993 4149 1218 4204 recitato
1253 4145 1512 4202 Catholici
1548 4143 1958 4212 responderunt,
1995 4144 2114 4199 illas

527 4243 729 4297 litteras
770 4239 1021 4295 Mensurii
1047 4248 1102 4293 et
1129 4237 1359 4293 Secundi
1389 4235 1456 4290 ad
1495 4235 1719 4290 invicem
1752 4231 1905 4289 datas
1930 4275 1945 4300 ,
1984 4235 2115 4289 satis

457 4385 460 4388 .
527 4332 926 4389 demonstrasse
955 4341 1170 4400 pacatos
1197 4345 1211 4392 ;
1245 4327 1380 4381 nihil
1406 4335 1591 4395 postea
1615 4325 1854 4380 criminis
1881 4325 1946 4379 de
1977 4324 2116 4380 facto

527 4421 785 4480 Mensurii
812 4421 896 4476 vel
924 4428 1229 4474 accusatum
1252 4417 1336 4471 vel
1362 4416 1655 4486 judicatum
1683 4433 1696 4467 :
1718 4415 2002 4470 concilium
2028 4431 2117 4471 ve-

529 4529 594 4570 ro
619 4511 760 4584 quod
789 4519 975 4566 contra
997 4508 1338 4564 Caecilianum
1364 4504 1559 4560 factum
1585 4505 1842 4575 legerant,
1873 4519 1978 4558 non
2003 4505 2120 4572 qui-

531 4607 655 4662 dem
694 4605 891 4660 habere
928 4600 1200 4657 consulem
1240 4607 1294 4655 et
1329 4598 1471 4654 diem
1493 4639 1509 4664 ,
1551 4596 1646 4651 sed
1674 4595 1801 4650 hinc
1827 4610 1885 4651 se
1913 4595 2118 4650 nullum

533 4697 738 4752 crimen
762 4694 999 4764 objicere
1019 4733 1034 4758 ,
1066 4691 1206 4762 quod
1235 4689 1404 4759 magis
1432 4686 1766 4758 negligentiae
1790 4701 1947 4758 quam
1973 4686 2118 4742 frau-

533 4787 616 4843 dis
645 4801 762 4841 esse
790 4784 1039 4855 potuerit.
2107 4779 2109 4781 ‘

603 4878 827 4936 CAPUT
857 4876 973 4933 XV.
995 4875 1173 4929 -27.
1209 4873 1313 4930 Sed
1343 4873 1649 4928 obtulerunt
1673 4871 1831 4927 iidem
1858 4870 2120 4927 Catholici

531 4971 674 5027 aliud
713 4969 996 5026 concilium
1025 4966 1124 5022 sub
1152 4964 1338 5021 eodem
1368 4963 1660 5034 Tigisitano
1691 4962 1927 5015 habitum
1958 4961 2008 5015 in
2040 4961 2119 5016 ci-

532 5066 697 5117 vitate
720 5059 947 5116 Cirtensi
974 5059 1068 5130 (ε),
1097 5056 1246 5127 cujus
1266 5055 1454 5110 consul
1477 5062 1530 5109 et
1551 5053 1665 5109 dies
1690 5068 1811 5108 cum
1833 5052 2118 5124 legeretur,

536 5153 827 5208 Donatistae
852 5150 1118 5215 dixerunt,
1148 5161 1248 5201 nec
1275 5142 1570 5211 consulem,
1602 5159 1700 5200 nec
1724 5143 1865 5198 diem
1889 5144 2009 5198 talia
2035 5158 2124 5200 so-

537 5246 649 5302 lcrc
678 5245 875 5300 habere
899 5243 1133 5299 decreta.
1162 5240 1260 5294 Hic
1284 5237 1540 5293 Catholici
1566 5235 1978 5306 responderunt,
2008 5235 2124 5290 illo-

496 5380 498 5382 '
539 5443 548 5446 _
598 5381 671 5444 (α)
703 5377 873 5430 schola
888 5377 966 5427 hic
984 5374 1562 5446 ἀίφυηιωβᾱροιειξρεδιξωρ
1580 5382 1672 5446 ses
1692 5382 1778 5446 is?
1790 5367 2127 5446 avellere!-

536 5431 616 5494 lus
640 5431 717 5493 est
738 5455 872 5491 usus.
896 5446 997 5488 Huc
1018 5431 1236 5500 pertinet
1254 5431 1370 5500 illud
1389 5432 1632 5500 silvaninin
1645 5433 1772 5500 _Actis
1787 5431 1933 5500 supra
1949 5431 2126 5500 citatis,

537 5493 620 5554 libr.
646 5505 679 5553 ὅ
699 5511 866 5554 contra
885 5493 1209 5559 Creséonium,
1232 5510 1282 5546 n.
1303 5497 1396 5545 ’ὅδε
1430 5513 1452 5541 α
1468 5493 1587 5543 Nihil
1607 5493 1687 5542 hic
1707 5493 1957 5551 remansit,
1976 5497 2129 5541 totum

545 5566 1003 5627 «hocejecimuS-j
1076 5623 1084 5627 A
1192 5619 1222 5627 __
1695 5618 1704 5627 .
1889 5616 1898 5624 .

601 5628 671 5691 (ὸ)
705 5618 832 5676 Inter
855 5623 1088 5691 Caeciliani
1132 5619 1348 5691 collegas
1461 5618 1734 5691 traditionis
1761 5618 2131 5691 “non‘t‘ineﬂeorn-

538 5678 858 5748 memoratos,
881 5687 1080 5748 fuerunt
1109 5678 1334 5735 Novellus
1359 5681 1637 5748 jt‘yzicensis
1674 5685 1726 5748 et
1754 5678 2008 5748 faustinus
2043 5684 2133 5726 Tu-

539 5741 855 5810 burbitanus,
891 5760 956 5797 ex
991 5745 1115 5796 libro
1150 5751 1259 5808 post
1295 5741 1608 5792 Collationem
1650 5741 1710 5789 ad
1753 5741 2051 5799 Donatistas,
2080 5752 2129 5787 n.

540 5811 678 5984 fila;
715 5872 828 5920 Vide
851 5869 935 5919 lib.
969 5870 1001 5919 ὅ
1034 5875 1199 5919 contra
1237 5868 1558 5924 Cresconi'tm,
1598 5880 1646 5913 n.
1687 5864 1766 5920 '50,
1810 5870 1861 5913 et
1894 5870 2133 5926 Optatum,

569 5949 584 5983 ι
623 5968 637 5983 .
685 5967 703 5982 .

569 5949 637 5983 ID.
659 5949 703 5983 ι.

1762 477 1819 533 S.
1861 469 2225 532 AUGUSTINI
2265 469 2569 527 EPISCOPI

3688 477 3796 537 ϐω

2209 600 2328 641 rum
2353 600 2474 642 esse
2501 585 2657 640 istum
2683 584 2902 640 forsitan
2929 599 3152 654 morem,
3179 587 3270 658 qui
3293 589 3520 646 concilia
3547 605 3648 648 sua
3672 593 3791 650 nol-

2209 674 2320 730 lent
2346 677 2398 731 in
2429 678 2600 748 aliqua
2625 678 2856 735 falsitate
2878 680 3153 746 convinci;
3183 681 3578 740 Catholicorum
3606 694 3789 743 autem

2209 768 2429 823 concilia
2475 771 2720 825 consules
2745 780 2799 824 et
2847 770 2960 826 dies
3006 787 3216 842 semper
3260 772 3529 831 habuisse.
3583 776 3789 835 Deinde

2208 860 2370 930 coepit
2392 860 2679 918 identidem
2703 864 3006 931 concilium,
3031 864 3170 934 quod
3191 864 3448 921 Catholici
3467 868 3788 937 attulerant,

2207 952 2440 1021 recitari,
2466 955 2555 1010 ubi
2578 955 2854 1012 Secundus
2877 957 3132 1028 quosdam
3155 958 3224 1014 de
3247 975 3472 1031 quorum
3498 961 3789 1020 traditione

2207 1043 2466 1111 audierat,
2498 1054 2553 1101 et
2579 1047 2883 1116 singillatim
2912 1048 3286 1119 interrogabat,
3316 1058 3368 1106 et
3391 1064 3487 1106 eos
3507 1050 3790 1110 confessos

2206 1149 2240 1190 a
2267 1150 2522 1193 consessu
2548 1139 2873 1195 removebat.
2904 1139 3056 1210 Quod
3083 1155 3148 1196 eo
3175 1123 3336 1197 modo
3359 1143 3711 1213 recitabatur,
3741 1159 3794 1203 nt

2207 1240 2329 1281 cum
2353 1242 2418 1282 ex
2444 1227 2675 1285 Cirtensi
2697 1231 2922 1286 concilio
2947 1231 3084 1287 lecta
3109 1241 3253 1288 esset
3275 1233 3544 1292 confessio
3570 1237 3792 1294 tradito-

2207 1332 2326 1373 rum
2349 1360 2366 1387 ,
2399 1318 2665 1390 legeretur
2700 1323 2860 1376 etiam
2896 1321 2963 1377 de
2990 1324 3216 1378 concilio
3246 1324 3658 1397 Carthaginensi
3689 1344 3790 1384 no-

2207 1424 2332 1466 men
2359 1411 2474 1481 ejus
2502 1412 2644 1466 velut
2674 1412 2945 1468 traditoris
2969 1414 3022 1468 in
3045 1413 3316 1470 Caeciliani
3340 1431 3500 1472 causa
3525 1417 3783 1474 damnati.

2206 1501 2408 1557 Deinde
2461 1513 2676 1558 ventum
2724 1514 2806 1560 est
2851 1504 2917 1559 ad
2960 1505 3128 1575 ipsius
3171 1505 3400 1562 Secundi
3441 1507 3728 1580 Tigisitani
3761 1527 3790 1567 a

2207 1590 2472 1663 Purpurio
2505 1593 2797 1651 Limatensi
2824 1595 3025 1651 crimen
3062 1597 3366 1667 objectum;
3407 1602 3492 1654 cui
3522 1601 3793 1673 Purpurio

2207 1681 2349 1738 idem
2392 1684 2666 1741 Secundus
2695 1687 2900 1742 occisos
2934 1687 3003 1741 ab
3035 1702 3102 1743 eo
3139 1687 3194 1742 in
3233 1703 3451 1746 carcere
3479 1691 3624 1746 Milei
3655 1693 3795 1750 filios

2207 1775 2409 1832 sororis
2449 1775 2563 1846 ejus
2600 1777 2869 1848 objecerat
2911 1795 2924 1830 :
2966 1777 3055 1833 ubi
3092 1778 3182 1833 ille
3219 1779 3453 1835 vicissim
3491 1783 3543 1837 ei
3582 1784 3790 1842 crimen

2211 1865 2508 1922 traditionis
2531 1867 2749 1938 objecit,
2783 1868 2966 1924 dicens
2993 1868 3270 1924 detentum
3296 1885 3417 1927 eum
3444 1871 3617 1928 fuisse
3643 1890 3678 1929 a
3703 1891 3796 1932 cu-

2208 1963 2386 2012 ratore
2405 1965 2462 2012 et
2485 1957 2672 2013 ordine
2693 1967 2750 2012 ut
2768 1959 3070 2028 Scripturas
3088 1959 3261 2028 daret,
3284 1975 3384 2016 nec
3405 1976 3527 2017 eum
3553 1965 3796 2034 potuisse

2208 2047 2400 2103 dimitti
2443 2049 2546 2104 nisi
2589 2049 2790 2120 aliquid
2831 2049 3152 2104 tradidisset.
3198 2050 3312 2106 Hoc
3349 2060 3526 2108 autem
3568 2055 3718 2123 quod
3749 2057 3801 2112 ei

2209 2138 2405 2208 objecit
2432 2140 2743 2210 Purpurius,
2774 2139 3045 2196 detentum
3071 2155 3194 2196 eum
3224 2142 3389 2198 fuisse
3411 2158 3444 2198 a
3467 2156 3726 2202 curatore
3748 2156 3803 2204 et

2209 2229 2398 2285 ordine
2428 2240 2485 2285 ut
2512 2230 2815 2301 Scripturas
2843 2232 3013 2300 daret,
3041 2231 3184 2288 idem
3211 2233 3490 2291 Secundus
3519 2236 3577 2290 in
3605 2237 3800 2296 litteris

2209 2336 2342 2392 quas
2371 2321 2638 2378 Mensurio
2666 2325 3050 2394 rescripserat,
3085 2340 3218 2394 pene
3246 2325 3640 2390 confessusest
3659 2371 3677 2396 ,
3713 2330 3805 2387 ubi

2209 2417 2285 2470 ait
2308 2416 2531 2472 missum
2556 2416 2622 2471 ad
2647 2431 2706 2472 se
2733 2417 2894 2472 fuisse
2917 2431 2946 2470 a
2969 2425 3217 2473 curatore
3238 2425 3294 2474 et
3314 2418 3506 2476 ordine
3527 2422 3804 2478 centurio-

2210 2524 2333 2563 nem
2363 2516 2417 2563 et
2442 2507 2838 2563 beneficiarium
2861 2548 2875 2573 ,
2903 2517 2959 2563 et
2984 2524 3016 2562 a
3044 2523 3104 2564 se
3128 2507 3430 2580 Scripturas
3453 2512 3654 2582 petitas
3671 2555 3688 2580 ,
3717 2514 3803 2570 vel

2211 2600 2461 2671 quaelibet
2483 2599 2703 2665 ecbola;
2726 2615 2846 2669 quae
2867 2600 3079 2670 quidem
3105 2615 3164 2656 se
3184 2615 3292 2656 non
3317 2602 3601 2659 tradidisse
3624 2603 3764 2660 dixit
3788 2622 3802 2659 :

2211 2690 2306 2745 sed
2333 2705 2454 2746 cum
2483 2690 2597 2759 ipse
2625 2690 2731 2744 illic
2760 2690 3257 2746 commemoraverit
3282 2698 3361 2747 tot
3388 2702 3680 2764 martyres,
3709 2697 3802 2766 qui

2209 2797 2330 2840 cum
2376 2780 2586 2838 tradere
2624 2781 2920 2836 noluissent
2943 2821 2958 2847 ,
3004 2782 3295 2838 excruciati
3328 2792 3385 2839 et
3423 2785 3589 2840 occisi
3634 2797 3802 2855 sunt;

2210 2871 2480 2944 quomodo
2506 2871 2620 2940 ipse
2646 2871 2892 2926 detentus
2915 2880 2970 2926 et
2996 2872 3272 2928 convictus
3298 2882 3352 2928 et
3378 2874 3569 2931 nolens
3597 2877 3804 2948 aliquid

2211 2963 2424 3019 tradere
2447 3003 2462 3029 ,
2491 2962 2624 3018 nihil
2652 2962 2758 3031 pati
2783 2971 2839 3017 et
2867 2962 3060 3018 dimitti
3089 2965 3360 3034 potuerit,
3401 2981 3502 3021 nec
3528 2966 3805 3026 Mensurio

2211 3057 2446 3127 scripsit,
2475 3070 2574 3111 nec
2602 3055 2864 3125 Purpurio
2890 3056 3186 3126 respondit.
3215 3056 3333 3113 Non
3361 3059 3502 3114 enim
3533 3063 3806 3119 centurio-

2213 3149 2268 3204 ni
2295 3157 2348 3203 et
2374 3147 2716 3203 beneficiario
2739 3146 2874 3202 dixit
2902 3161 2962 3202 se
2990 3147 3291 3218 Scripturas
3317 3163 3424 3205 non
3451 3149 3682 3218 habere,
3711 3153 3805 3210 sed

2214 3241 2490 3311 respondit
2529 3255 2586 3296 se
2621 3240 2838 3294 omnino
2878 3253 2985 3294 non
3015 3239 3244 3296 tradere.
3277 3240 3431 3307 Quod
3457 3241 3534 3296 illi
3563 3244 3805 3300 auditum

2215 3333 2483 3405 quomodo
2522 3332 2615 3387 illo
2654 3330 2875 3386 dimisso
2911 3331 3216 3387 renuntiare
3250 3333 3523 3402 potuerint
3556 3336 3684 3392 sine
3712 3353 3807 3394 suo

2214 3425 2379 3480 exitio
2401 3464 2416 3488 ,
2446 3438 2551 3477 non
2579 3429 2836 3491 apparet;
2880 3421 3174 3490 przesertim
3201 3423 3325 3492 quia
3351 3423 3496 3485 idem
3526 3425 3809 3484 Secundus

2215 3530 2324 3571 non
2352 3513 2618 3584 quoslibet
2644 3511 2873 3577 infimos,
2903 3511 2996 3566 sed
3024 3512 3182 3566 etiam
3212 3513 3654 3585 patresfamilias,
3687 3533 3808 3576 eum

2217 3606 2322 3662 hoc
2349 3605 2489 3660 idem
2514 3602 2942 3675 persecutoribus
2969 3603 3390 3673 respondissent,
3415 3606 3807 3666 crudelissimis

2216 3697 2478 3756 mortibus
2505 3697 2638 3753 dixit
2666 3697 2896 3752 occisos.
2940 3694 3045 3751 Sed
3075 3695 3142 3750 de
3182 3696 3283 3752 hac
3307 3712 3375 3761 re,
3395 3696 3668 3756 Catholici
3695 3701 3808 3757 nul-

2216 3793 2326 3849 lum
2367 3788 2614 3848 Secundo
2655 3788 2858 3843 crimen
2902 3787 3214 3858 objecerunt
3251 3803 3265 3840 :
3297 3788 3394 3844 sed
3433 3792 3810 3848 tantummodo

2219 3883 2362 3957 quod
2384 3883 2434 3938 ei
2460 3881 2758 3952 Purpurius
2777 3879 2992 3950 objecit,
3019 3888 3074 3935 et
3091 3888 3308 3951 propter
3331 3881 3475 3952 quod
3499 3898 3715 3954 pacem,
3744 3899 3810 3942 ne

2219 3977 2449 4033 schisma
2479 3974 2649 4039 fieret,
2682 3973 2859 4026 omnia
2888 3972 2978 4026 illa
3005 3972 3114 4027 Deo
3140 3972 3445 4038 dimittens,
3481 3990 3610 4030 cum
3644 3977 3808 4033 tradi-

2220 4068 2422 4124 toribus
2464 4065 2591 4120 fecit
2615 4105 2631 4132 ,
2663 4064 2875 4119 recitari
2901 4063 3222 4128 voluerunt,
3253 4072 3312 4118 ut
3349 4065 3540 4134 quales
3567 4067 3810 4125 homines

2220 4161 2274 4216 in
2303 4159 2580 4214 absentem
2609 4155 2948 4212 Caecilianum
2973 4154 3264 4211 sententias
3292 4155 3552 4225 dixerint,
3588 4175 3811 4232 appare-

2219 4261 2321 4309 ret.

2291 4341 2517 4398 CAPUT
2546 4340 2686 4398 XVI.
2709 4340 2884 4396 —28.
2918 4339 3032 4396 Hoc
3057 4350 3234 4397 autem
3260 4343 3507 4413 recitato,
3542 4347 3812 4417 petierunt

2222 4434 2520 4500 Catholici,
2551 4441 2612 4487 ut
2637 4433 2796 4488 etiam
2828 4432 2918 4486 illa
2945 4447 3062 4502 quae
3090 4433 3251 4488 dilata
3278 4433 3535 4506 fuerant,
3570 4438 3812 4509 legeren-

2222 4534 2330 4593 tur,
2362 4524 2430 4580 de
2456 4523 2682 4578 concilio
2716 4521 3145 4593 Carthaginensi,
3176 4523 3232 4578 in
3273 4539 3381 4595 quo
3410 4526 3611 4582 lectum
3645 4528 3814 4585 fuerat

2223 4619 2499 4672 absentem
2528 4614 2870 4670 Caecilianum
2895 4629 2925 4668 a
2954 4614 3138 4669 multis
3163 4616 3429 4686 episcopis
3458 4617 3633 4674 fuisse
3659 4620 3811 4674 dam—

2223 4715 2430 4763 natum.
2461 4705 2574 4760 Hoc
2603 4705 2730 4760 illud
2757 4705 3039 4760 concilium
3064 4745 3080 4770 ,
3116 4706 3240 4776 quia
3267 4705 3528 4763 Catholici
3559 4711 3813 4765 recitave-

2225 4809 2345 4855 rant
2363 4798 2649 4852 relationes
2669 4796 2881 4850 Anulini
2904 4797 3236 4866 proconsulis
3255 4799 3292 4864 ⁸,
3317 4799 3512 4868 quibus
3532 4808 3815 4872 appareret

2226 4889 2438 4946 chartas
2458 4889 2739 4944 criminum
2752 4886 3014 4943 Caeciliani
3032 4887 3381 4955 Constantino
3405 4890 3720 4960 imperatori
3743 4906 3817 4947 es-

2226 4998 2286 5040 se
2317 4981 2652 5037 transmissas
2683 4997 2697 5033 :
2725 4978 2866 5050 quod
2893 4979 3074 5049 utique
3112 4988 3330 5048 agentes
3359 4981 3814 5038 conﬁrmaverunt

2227 5089 2258 5129 a
2286 5072 2572 5143 majoribus
2609 5069 3090 5125 suis-Caecilianum
3123 5069 3264 5140 apud
3301 5069 3689 5141 Imperatorem
3724 5089 3817 5128 ac-

2229 5172 2492 5222 cusatum.
2532 5163 2865 5233 Responsum
2907 5170 2990 5218 est
3027 5169 3208 5216 autem
3247 5176 3278 5216 a
3315 5161 3640 5229 Catholicis,
3683 5163 3816 5218 illud

2230 5257 2647 5328 Carthaginiense
2675 5253 2957 5310 concilium
2989 5254 3066 5308 sic
3094 5267 3200 5309 non
3232 5253 3583 5324 praejudicare
3609 5253 3820 5311 absenti

2232 5349 2533 5414 Caeciliano,
2573 5344 3019 5418 quemadmodum
3061 5359 3166 5399 non
3209 5343 3577 5414 praejudicavit
3612 5345 3819 5401 absenti

2298 5486 2315 5516 ι
2347 5481 2806 5544 Locusdepravatus
2841 5492 2898 5529 ac
2919 5478 3147 5544 mutilus,
3191 5492 3256 5544 ex
3301 5478 3514 5544 Indiculo
3549 5479 3824 5544 Collationis

2235 5559 2370 5608 capp.
2396 5545 2488 5594 569
2511 5550 2563 5593 et
2578 5541 2669 5608 370
2690 5544 2760 5592 sic
2783 5542 2888 5592 fere
2910 5541 3348 5608 redintegrandus:
3375 5547 3428 5590 ut
3448 5541 3592 5591 etiam
3613 5541 3703 5592 illa
3721 5553 3826 5608 (μιᾳ

2237 5602 2910 5672 dildtafuerantlegerentur,
2934 5603 3048 5672 inde
3069 5602 3349 5672 asserentes
3359 5615 3503 5672 posse
3544 5602 3825 5672 monstrari,

2271 5670 2353 5738 nia
2375 5663 2712 5738 άὲισωςίιίωῐρ
2733 5672 2928 5738 gestum.
2951 5665 3030 5738 sit,
3054 5663 3226 5738 qrq'dve
3246 5663 3547 5738 sentiendum
3579 5665 3640 5714 de
3667 5665 3827 5738 conci-

2237 5685 2352 5782 71nd
2375 5685 2436 5720 ae
2457 5685 2712 5738 (actuario
2733 5685 2916 5738 988mm
2951 5685 3030 5724 su,
3054 5685 3226 5726 qmuvc
3248 5685 3547 5734 δωαιεῃμιυιι
3579 5685 3640 5714 ac
3667 5685 3827 5733 concr-

2258 5732 2303 5783 ἰο
2323 5731 2704 5791 carthagtnenst,
2731 5741 2780 5778 ut
2796 5741 2889 5791 quo
2911 5726 3083 5777 lectum
3100 5727 3260 5789 fuerat
3276 5725 3582 5791 (maritantur:
3605 5741 3637 5791 gr
3667 5725 3828 5777 manu

2239 5742 2303 5783 uo
2323 5742 2500 5782 carum
2581 5743 2704 5787 enat,
2731 5742 2780 5778 ut
2796 5742 2889 5791 quo
2911 5742 3083 5777 tectum
3100 5742 3260 5789 fuerat
3276 5742 3292 5774 (
3305 5742 3582 5776 wcuwman
3605 5742 3637 5774 (ι
3667 5742 3828 5777 mrum

2238 5791 2473 5859 cpiswpis
2495 5742 2639 5855 ﬁge
2654 5792 2950 5859 damnantur.
2974 5785 3724 5859 contrauportatisurzncatltolicos
3747 5801 3829 5838 ur-

2240 5847 2412 5924 gebgni
2435 5847 2680 5924 ut'uerum
2716 5865 2835 5924 esse.
2854 5852 3115 5924 fruerentur
3137 5848 3261 5924 illud
3283 5847 3538 5924 conciliant
3561 5860 3578 5898 :
3601 5849 3725 5911 quia
3746 5859 3814 5916 Ca

2245 5910 2408 5972 ἵΙιοιὶει
2430 5917 2740 5967 recitaturum
2763 5910 3016 5964 relationes
3038 5910 3230 5966 Αιιιιιίηἱ
3250 5910 3555 5976 proconsulis.
3618 5910 3623 5911 ⁷
3807 5913 3811 5916 ’
3842 5929 3846 5934 ε
