4010 6520
207 499 301 561 6H

198 615 474 674 Primiano
511 606 794 668 concilium
823 624 1043 675 eorum,
1085 627 1114 665 a
1154 610 1347 680 quibus
1386 611 1438 664 in
1478 606 1781 663 Maximiani

195 722 359 765 causa
384 705 671 761 damnatus
698 709 812 769 est;
844 701 1093 772 quoniam
1122 701 1291 771 magis
1319 701 1490 756 tenuit
1518 712 1640 769 pars
1668 696 1780 751 Do-
1808 758 1813 763 _

196 798 331 864 nati,
361 795 507 867 quod
530 803 707 850 actum
729 802 810 848 est
830 800 1010 862 postea
1036 806 1130 861 pro
1150 789 1441 857 Primiano,
1464 804 1620 861 quam
1642 788 1783 842 illius

200 891 416 949 concilii
446 888 812 945 auctoritatem
851 903 956 957 quo
996 885 1168 941 fuerat
1204 894 1327 939 ante
1354 884 1636 939 damnatus
1668 882 1785 938 :sic

200 997 328 1051 ergo
357 990 412 1037 et
443 980 496 1035 in
516 978 783 1034 Caeciliani
804 992 961 1032 causa
982 976 1175 1031 debere
1205 974 1403 1029 attendi
1430 972 1568 1045 quod
1599 980 1783 1043 postea

197 1081 409 1141 gestum
440 1080 541 1126 est.
573 1069 669 1124 llic
711 1069 997 1124 Donatistae
1024 1066 1091 1121 de
1116 1064 1418 1120 Maximiani
1445 1078 1602 1119 causa
1631 1077 1786 1117 coar-

196 1162 323 1218 ctati
350 1162 622 1229 dixerunt,
646 1175 737 1214 nec
758 1175 965 1214 causam
983 1172 1169 1223 eam,
1195 1172 1285 1211 nec
1310 1171 1574 1227 personam
1594 1155 1789 1224 pra’ju-

194 1253 371 1309 dicare
394 1267 642 1323 personae.
666 1252 833 1319 Quam
856 1250 1171 1305 sententiam
1192 1249 1247 1303 in
1272 1261 1367 1304 ore
1391 1246 1591 1302 habere
1615 1246 1789 1300 solent

195 1359 390 1400 omnes
436 1343 741 1410 Catholici,
790 1357 911 1397 cum
963 1342 1249 1396 Donatistae
1291 1339 1517 1394 aliorum
1562 1337 1787 1394 crimina

195 1437 314 1491 aliis
355 1436 669 1505 objicientes
708 1448 858 1489 suam
888 1432 1278 1502 separationem
1322 1429 1702 1491 defenderent,
1732 1434 1789 1481 et

194 1526 385 1583 orbem
411 1526 757 1582 christianum
784 1525 966 1580 nescio
990 1524 1183 1594 quibus
1203 1523 1453 1577 Afrorum
1474 1520 1788 1577 criminibus

193 1627 532 1673 accusarent.
587 1617 721 1673 Nam
750 1626 804 1672 et
832 1616 934 1671 ista
960 1613 1255 1670 Collatione
1292 1621 1462 1668 totum
1492 1610 1631 1682 quod
1659 1625 1786 1681 ege-

194 1719 316 1765 rant
343 1709 640 1776 Catholici,
669 1719 731 1763 ut
755 1706 1010 1763 Ecclesiae
1036 1719 1248 1761 causam
1277 1718 1307 1758 a
1332 1716 1493 1759 causa
1521 1700 1789 1755 Caeciliani

195 1800 598 1871 distinguerent
622 1805 924 1856 asserentes
950 1797 1004 1852 in
1036 1795 1273 1851 Ecclesia
1298 1792 1592 1864 permixtos
1616 1792 1789 1847 malos

194 1908 304 1948 non
343 1893 539 1947 obesse
575 1890 767 1959 bonis,
808 1904 908 1945 nec
932 1902 1025 1944 eos
1064 1888 1175 1942 suis
1212 1884 1479 1940 maculare
1522 1883 1787 1953 peccatis,

196 1983 299 2038 hoc
326 1984 510 2053 utique
537 1991 777 2052 egerant,
811 1990 867 2036 ut
891 1995 987 2036 nec
1010 1994 1169 2034 causa
1194 1991 1372 2032 causa:
1396 1974 1787 2045 prtejudicaret,

197 2090 297 2130 nec
336 2089 564 2145 persona
591 2087 855 2144 personae.
883 2072 1035 2140 Quod
1059 2072 1125 2125 ab
1149 2068 1468 2125 adversariis
1493 2066 1620 2121 dum
1646 2064 1791 2121 aliud

196 2175 468 2238 ageretur,
491 2180 620 2220 voce
649 2165 982 2234 apertissima
1012 2162 1382 2218 confirmatum
1411 2170 1511 2214 est.
1544 2157 1648 2214 Sed
1681 2156 1789 2212 Co-

194 2257 374 2329 gnitor
413 2271 537 2311 cum
569 2256 849 2327 quaesisset
876 2254 1002 2324 quid
1033 2253 1100 2307 de
1128 2249 1532 2321 Carthagincnsi
1560 2248 1790 2303 concilio

196 2348 459 2405 Catholici
484 2348 906 2419 reSponderent;
935 2346 1131 2402 iterum
1156 2343 1547 2414 responderunt
1572 2356 1678 2397 non
1702 2355 1789 2395 es-

196 2454 257 2495 se
276 2440 723 2495 contemnendam
745 2437 1149 2494 similitudinem
1170 2450 1347 2489 causae
1371 2434 1646 2498 Primiani,
1669 2432 1791 2503 quia

197 2540 252 2585 et
276 2530 538 2585 Dominus
567 2527 811 2584 Christus
838 2526 1050 2583 Judteos
1079 2526 1147 2582 dc
1178 2524 1330 2580 factis
1358 2539 1544 2579 eorum
1574 2523 1794 2579 convin-

197 2636 330 2678 cens
360 2620 689 2693 perducebat
716 2620 783 2674 ad
812 2634 1019 2674 verum.

268 2715 364 2770 ‘29.
403 2712 609 2769 Deinde
641 2712 929 2767 Donatistae
956 2711 1109 2781 longa
1142 2710 1515 2781 prosecutione
1542 2707 1791 2779 agebant,

199 2813 262 2859 ut
302 2819 368 2860 ex
410 2804 555 2858 illius
590 2802 905 2857 auctoritate
939 2799 1374 2870 Carthaginensis
1408 2799 1619 2855 concilii
1668 2812 1797 2859 con-

198 2894 509 2951 firmaretur
531 2892 800 2948 Caeciliani
821 2891 1112 2958 damnatio,
1137 2889 1278 2961 quod
1301 2888 1366 2943 ad
1389 2897 1467 2943 tot
1490 2887 1796 2943 sacerdotes

200 2989 394 3045 venire
440 2986 708 3052 noluerit;
753 2984 901 3055 quasi
948 2999 1052 3039 non
1094 2993 1149 3038 et
1190 2982 1490 3037 Primianns
1530 2979 1598 3034 ad
1636 2994 1728 3035 eos
1764 2993 1797 3033 a

198 3080 399 3151 quibus
429 3077 713 3133 damnatus
741 3082 857 3141 est,
899 3089 1021 3129 cum
1060 3088 1244 3129 eorum
1282 3072 1564 3126 factionem
1594 3084 1799 3141 cogno-

199 3179 403 3235 sceret,
431 3168 594 3224 simili
620 3167 891 3223 voluntate
919 3180 1025 3221 non
1054 3164 1289 3229 venerit;
1314 3172 1367 3218 et
1392 3161 1532 3234 quod
1565 3176 1673 3217 non
1699 3176 1798 3216 ex-

201 3262 530 3332 spectaverit
554 3258 892 3324 Caecilianus,
923 3266 979 3312 ut
1005 3258 1249 3327 princeps
1275 3272 1305 3310 a
1326 3255 1568 3327 principe
1594 3254 1801 3309 ordina-

201 3361 390 3417 retur;
422 3367 542 3405 cum
572 3350 715 3405 aliud
744 3349 971 3404 habeat‘
996 3348 1247 3402 Ecclesia:
1274 3346 1550 3401 catholicm
1575 3359 1801 3400 consue-

200 3443 340 3498 tudo
366 3484 381 3507 ,
422 3451 481 3497 ut
522 3457 625 3497 non
663 3441 924 3496 Numidiae
948 3481 963 3507 ,
1003 3439 1097 3494 sed
1128 3438 1535 3508 propinquiores
1563 3437 1799 3506 episcopi

202 3534 525 3606 episcopum
559 3533 809 3589 Ecclesiae
842 3530 1178 3600 Carthaginis
1211 3529 1460 3583 ordinent
1488 3545 1501 3580 :
1529 3528 1666 3582 sicut
1702 3542 1803 3582 nec

203 3626 469 3681 Romana:
496 3623 746 3679 Ecclesiae
772 3622 985 3678 ordinat
1008 3620 1202 3690 aliquis
1228 3620 1508 3690 episcopus
1532 3628 1802 3688 metropo-

206 3718 447 3783 litanus,
494 3717 591 3772 sed
634 3717 700 3771 de
745 3716 994 3786 proximo
1038 3714 1299 3769 Ostiensis
1341 3713 1643 3783 episcopus.
1692 3712 1805 3767 lloc

208 3822 392 3867 autem
438 3799 789 3866 dicentes'de
833 3824 925 3863 sua
973 3806 1381 3871 consuetudine,
1424 3820 1581 3875 quam
1623 3805 1805 3860 nescio

210 3905 428 3975 quando
460 3904 827 3968 instituerunt,
862 3901 1117 3956 Ecclesia:
1145 3898 1428 3955 catholicae
1458 3896 1805 3967 praeiudicare

211 4000 547 4054 conabantur
577 4014 590 4051 :
623 4013 743 4066 quae
779 3993 1112 4050 consuetudo
1149 3993 1194 4046 si
1234 3993 1449 4061 antiqua
1495 3999 1658 4054 esset,
1703 3987 1807 4042 hoc

212 4091 389 4160 ipsum
420 4090 748 4159 objecisscnt
771 4086 1055 4141 Caeciliano
1076 4126 1091 4152 ,
1139 4082 1352 4151 quando
1382 4096 1500 4134 eum
1531 4081 1807 4134 absentem

215 4182 627 4237 damnaverunt.
675 4180 934 4234 Dixerunt
977 4177 1137 4232 etiam
1187 4172 1464 4242 scripsisse
1509 4171 1757 4241 Optatum
1788 4208 1805 4234 ,

216 4276 360 4347 quod
393 4274 708 4329 Caecilianus
733 4272 944 4333 dixerit,
982 4268 1042 4323 Si
1072 4268 1336 4320 traditore:
1361 4252 1478 4318 sunt
1507 4264 1593 4332 qui
1622 4277 1699 4313 me
1727 4276 1811 4313 or-

218 4368 545 4429 dinaverunt,
570 4364 669 4434 ipsi
697 4362 916 4424 veniant,
948 4369 991 4413 et
1022 4359 1253 4412 ordinent
1280 4372 1358 4409 me
1387 4354 1485 4426 (α).
1516 4352 1667 4418 Quod
1693 4350 1810 4421 qui-

218 4459 344 4515 dem
372 4459 417 4513 si
446 4458 644 4512 dictum
667 4464 767 4521 est,
796 4452 914 4507 ideo
934 4452 1037 4506 dici
1064 4449 1237 4520 potuit
1259 4447 1325 4501 ad
1347 4447 1463 4501 illos
1486 4444 1807 4510 irridendos,

219 4551 419 4621 quibus
446 4549 547 4603 hoc
571 4546 853 4602 mandasse
876 4543 1204 4615 perhibetur,
1229 4541 1477 4612 quoniam
1502 4546 1677 4593 certus
1697 4545 1813 4592 erat

221 4643 565 4698 ordinatores
601 4654 730 4695 suos
766 4653 871 4693 non
912 4650 1031 4691 esse
1071 4634 1377 4688 traditores.
1423 4631 1537 4686 Non
1568 4631 1711 4686 enim
1740 4629 1815 4683 ait

223 4734 352 4806 quia
377 4732 663 4788 traditores
690 4739 852 4795 sunt;
881 4727 997 4794 sed,
1030 4727 1073 4781 si
1099 4726 1363 4779 traditores
1389 4734 1502 4779 sunt
1530 4740 1549 4778 :
1576 4733 1632 4777 ut
1656 4724 1813 4777 inno-

223 4824 403 4882 centia
446 4837 630 4878 eorum
670 4818 944 4891 probanda
984 4824 1213 4874 restaret
1230 4857 1246 4884 ,
1291 4815 1382 4870 ubi
1424 4814 1633 4885 probari
1672 4820 1818 4868 recte

226 4916 510 4987 potuisset.

299 5009 393 5066 30.
438 5006 520 5062 Ad
558 5005 704 5072 haec,
745 5014 799 5060 et
827 5004 872 5058 si
909 5016 1026 5073 quae
1062 5000 1165 5055 alia
1202 4999 1405 5070 prolixa
1444 4995 1821 5068 prosecutione

228 5098 513 5160 dixerunt,
544 5094 778 5151 breviter
807 5089 1199 5162 responderunt
1225 5086 1505 5152 Catholici,
1538 5101 1644 5140 non
1675 5084 1823 5139 suffi-

228 5203 359 5245 cere
395 5185 466 5240 ad
504 5199 719 5241 causam
762 5181 1028 5238 Caeciliani
1059 5178 1470 5248 Carthaginense
1502 5175 1781 5231 concilium
1802 5214 1819 5243 ,

232 5281 383 5351 ipsos
408 5277 573 5335 etiam
596 5275 885 5347 iudicasse,
912 5273 1001 5344 qni
1028 5286 1145 5327 eam
1173 5270 1239 5324 ad
1266 5268 1643 5338 Imperatorem
1668 5280 1825 5321 accu-

236 5373 413 5429 sando
435 5370 731 5435 miserunt;
761 5376 815 5423 et
836 5368 913 5422 sic
936 5366 1367 5421 demonstrarunt
1385 5362 1487 5417 hoc
1513 5362 1686 5433 potius
1706 5374 1827 5415 esse

236 5464 661 5537 exspectandum
688 5505 704 5529 ,
734 5477 841 5533 quo
870 5475 957 5516 res
985 5458 1283 5530 pervenerit
1307 5471 1475 5526 usque
1499 5457 1567 5511 ad
1597 5455 1829 5524 impera-

241 5558 379 5614 toris
421 5557 741 5612 sententiam
766 5596 782 5621 ,
827 5556 912 5609 cui
970 5550 1212 5607 eamdem
1253 5564 1467 5605 causam
1514 5547 1827 5602 mittendam

241 5650 534 5705 duxerunt.
572 5647 684 5703 Hoc
711 5646 851 5701 enim
879 5642 1137 5709 Catholici
1163 5640 1467 5706 instabant,
1500 5648 1559 5693 ut
1585 5638 1832 5694 omnibus

245 5758 524 5804 morarum
558 5741 882 5797 umbraculis
915 5736 1219 5810 amputatis,
1258 5735 1348 5791 illa
1380 5734 1555 5805 potius
1589 5732 1833 5803 legeren-

315 5881 335 5913 ι
372 5876 505 5942 Apud
522 5846 644 5935 mg,
662 5870 878 5924 habebat.

317 5962 396 6030 (ι)
425 5960 547 6013 Vide
558 5965 797 6024 Optatum,
816 5956 901 6009 lib.
921 5957 967 6008 l.

1061 490 1485 552 BREVICULUS
1519 486 1961 549 COLLATIONIS
1999 480 2140 548 CUM
2180 476 2605 547 DONATISTIS.

3370 486 3484 547 6η

1896 612 1982 659 tur
2003 646 2019 672 ,
2049 604 2240 675 quibus
2268 606 2420 661 lectis
2448 604 2576 660 olim
2612 615 2773 659 causa
2799 599 2947 658 ﬁnita
2968 638 2987 668 ,
3017 606 3074 656 et
3094 598 3361 657 Caeciliani
3388 601 3476 655 in-

1891 698 2134 751 nocentia
2164 695 2492 751 manifestata
2521 696 2637 751 luce
2661 693 2856 749 clarius
2876 701 3177 765 appareret.
3206 692 3340 761 Quae
3366 693 3475 749 Do-

1890 788 2098 842 natistae
2142 796 2200 842 ut
2241 787 2581 858 legerentur,
2629 788 2847 842 omnino
2888 785 3170 854 nolentes,
3210 784 3474 856 quidlibet

1890 880 2031 936 aliud
2062 882 2446 952 interponendo
2485 880 2862 952 impediebant.
2893 879 3025 935 Nam
3062 894 3183 935 cum
3216 878 3472 948 Cognitor

1890 972 2187 1041 quaesisset,
2232 982 2405 1028 utrum
2448 973 2593 1042 prius
2635 981 2778 1028 esset
2817 971 3013 1026 factum
3050 968 3479 1039 Carthaginense

1891 1062 2173 1117 concilium
2200 1104 2215 1129 ,
2261 1072 2316 1117 et
2361 1070 2542 1133 postea
2588 1063 2747 1118 missa
2794 1060 2955 1117 fuerit
2980 1059 3046 1115 ad
3093 1060 3487 1129 imperatorem.

1891 1169 2050 1211 causa
2079 1155 2379 1223 Caeciliani;
2409 1157 2656 1212 dixerunt
2678 1155 2957 1222 Catholici,
2989 1155 3241 1226 quoniam
3269 1169 3485 1212 censue

1894 1247 1997 1303 lem
2025 1260 2079 1305 et
2108 1249 2247 1304 diem
2279 1250 2407 1305 illud
2435 1251 2715 1305 concilium
2740 1266 2848 1305 non
2874 1249 3138 1316 haberet,
3168 1248 3235 1305 ad
3264 1255 3490 1304 utrum-r

1893 1356 1998 1411 que
2024 1356 2081 1396 se
2110 1342 2434 1411 respondere
2463 1362 2475 1396 :
2506 1343 2625 1413 quia
2652 1343 2696 1398 si
2725 1342 2873 1413 prius
2900 1357 3057 1397 causa
3086 1342 3153 1397 ad
3183 1341 3479 1411 Imperato-

1892 1447 2006 1487 rem
2051 1432 2211 1487 missa
2257 1442 2373 1500 est,
2414 1448 2521 1503 quo
2560 1433 2702 1488 exitu
2743 1432 3021 1488 terminata
3063 1431 3132 1487 sit
3173 1431 3489 1502 exspectarii

1893 1533 2176 1593 oportere;
2209 1526 2252 1579 si
2281 1534 2456 1580 autem
2482 1534 2687 1596 postea,
2716 1525 3061 1580 nihilominus
3089 1539 3193 1580 non
3222 1525 3483 1591 istorum,

1894 1615 1988 1670 sed
2028 1615 2170 1671 illius
2205 1616 2462 1685 judicium
2505 1631 2624 1672 esse
2658 1615 3004 1687 quaerendum
3032 1656 3048 1683 ,
3079 1630 3186 1686 quo
3211 1631 3330 1672 eam
3358 1621 3490 1686 post:

1889 1706 2145 1777 judicium
2188 1723 2342 1762 suum
2383 1708 2693 1763 mittendam
2729 1716 2998 1778 putarunt.
3029 1706 3135 1763 Sed
3163 1722 3283 1762 cum
3310 1706 3483 1762 multa

1896 1799 2183 1854 Donatistae
2214 1801 2511 1856 insererent
2539 1800 2606 1855 de
2644 1799 2863 1855 consule
2890 1808 2944 1855 et
2971 1799 3094 1867 die,
3135 1814 3233 1853 cur
3267 1799 3318 1854 in
3346 1812 3485 1853 suo-

1894 1906 2017 1946 rum
2038 1892 2299 1961 majorum
2320 1893 2546 1947 concilio
2566 1908 2673 1947 non
2698 1894 2980 1961 legeretur,
3005 1908 3073 1947 ne
3094 1892 3217 1947 hinc
3235 1891 3483 1947 falsitatis

1896 1990 2248 2053 arguerentur
2270 2025 2285 2051 ,
2327 1990 2383 2038 et
2415 1993 2718 2038 assererent
2747 1984 2886 2038 hanc
2914 1998 3032 2039 esse
3061 1983 3482 2038 ecclesiasticam

1894 2074 2336 2130 consuetudinem
2361 2116 2374 2139 ,
2409 2091 2477 2129 ne
2500 2074 2615 2129 dies
2654 2084 2707 2129 et
2734 2075 2980 2129 consules
3015 2074 3245 2129 decretis
3273 2073 3486 2143 episco-

1897 2182 2086 2235 porum
2113 2168 2594 2233 conscriberentur,
2624 2168 2725 2238 legi
2749 2169 2990 2223 volentes
3011 2167 3172 2222 etiam
3193 2166 3486 2222 concilium

1896 2258 2165 2329 Cypriani,
2199 2268 2257 2314 ut
2284 2261 2386 2315 hoc
2414 2261 2730 2330 probarent,
2760 2261 2880 2330 quia
2909 2259 3040 2315 nihil
3065 2259 3205 2314 aliud
3233 2258 3334 2313 nisi
3364 2273 3485 2313 mo-

1896 2365 1970 2404 rae
2000 2351 2373 2419 quaerebantur
2399 2352 2595 2421 (neque
2622 2352 2763 2405 enim
2792 2351 3053 2405 Catholici
3087 2352 3138 2404 in
3170 2365 3236 2405 eo
3260 2364 3490 2404 causam

1898 2456 2050 2497 suam
2092 2442 2499 2509 constituerant,
2532 2442 2745 2512 quando
2774 2442 2841 2496 ad
2872 2450 3157 2512 utrumque
3182 2440 3485 2512 responde-

1897 2542 2040 2600 rant,
2074 2534 2184 2590 sive
2215 2535 2381 2604 prius,
2415 2536 2526 2589 sive
2554 2534 2821 2603 posterius
2849 2543 2992 2589 esset
3018 2532 3148 2589 illud
3176 2534 3481 2602 concilium,

1898 2623 2039 2694 quod
2063 2634 2247 2679 contra
2270 2624 2609 2679 Caecilianum
2630 2624 2768 2694 apud
2787 2621 3161 2695 Carthaginem
3186 2624 3446 2695 fecerant)
3468 2639 3495 2691 ζ

1895 2715 2054 2785 jussit
2079 2716 2331 2785 Cognitor
2354 2758 2367 2780 ,
2398 2714 2688 2772 Catholicis
2715 2716 3033 2773 instantibus
3053 2758 3068 2785 ,
3099 2724 3158 2772 ut
3184 2717 3284 2773 ista
3310 2718 3501 2788 potius

1900 2822 2019 2875 qute
2046 2806 2204 2861 dilata
2238 2806 2466 2871 fuerant,
2497 2808 2816 2877 legerentur.

1971 2897 2197 2954 CAPUT
2236 2896 2398 2954 XVII.
2440 2930 2510 2940 —
2548 2901 2635 2955 5i.
2677 2900 2827 2955 Tunc
2847 2899 3136 2956 Donatistae
3161 2900 3495 2971 aliamquazv

1902 2991 2129 3048 stionem
2175 2993 2606 3062 interposuerunt
2642 3008 2913 3047 morarum
2953 2994 3340 3063 plenissimam,
3390 2994 3490 3051 sed

1902 3100 2090 3140 revera
2125 3085 2175 3139 in
2201 3100 2303 3155 qua
2342 3099 2440 3153 pro
2470 3101 2527 3140 se
2566 3086 2808 3141 laborare
2849 3084 3150 3150 voluerunt,
3197 3086 3242 3139 si
3273 3096 3495 3155 possent

1902 3174 2184 3230 ostendere
2204 3174 2343 3245 quod
2369 3174 2620 3229 volebant
2647 3192 2659 3227 :
2694 3175 2827 3228 illud
2857 3175 3059 3230 scilicet
3077 3174 3322 3231 Cirtense
3359 3191 3493 3232 con-

1904 3268 2085 3325 cilium
2132 3269 2320 3323 falsum
2356 3282 2510 3332 esse,
2536 3268 2627 3322 ubi
2671 3268 2821 3322 lecta:
2878 3268 3088 3322 fuerant
3126 3267 3496 3324 confessiones

1904 3360 2223 3415 traditurum
2255 3358 2483 3414 invicem
2506 3358 2605 3413 sibi
2627 3357 3012 3428 ignoscentium
3038 3374 3105 3413 ne
3134 3356 3364 3413 schisma
3393 3357 3493 3415 fle-

1904 3462 2017 3519 ret;
2048 3454 2169 3525 quia
2203 3453 2300 3523 ipsi
2328 3452 2640 3522 legebantur
2676 3452 2816 3506 inter
2840 3460 3066 3506 caeteros
3092 3460 3280 3506 contra
3317 3450 3494 3506 0ωοί-

1906 3544 2104 3599 lianum
2174 3544 2449 3599 absentem
2515 3543 2804 3598 sententias
2852 3542 3155 3612 protulisse.
3212 3542 3325 3597 Hoc
3365 3556 3502 3613 ergo

1908 3636 2098 3691 falsum
2147 3637 2514 3691 demonstrare
2556 3644 2829 3701 conantes,
2888 3636 3052 3690 multa
3088 3636 3368 3701 dixerunt;
3398 3636 3505 3691 sed

1908 3730 2010 3783 alia
2034 3728 2167 3782 levia
2197 3742 2317 3782 esse
2364 3727 2463 3796 ipsi
2514 3726 2834 3794 judicantes,
2880 3724 2987 3780 duo
3033 3725 3273 3794 quaedam
3323 3726 3375 3779 in
3432 3740 3506 3781 ca-

1910 3822 2205 3890 qurcstione
2230 3819 2454 3873 multum
2470 3818 2998 3881 commendavcrunt,
3025 3827 3079 3871 et
3100 3816 3151 3871 in
3174 3817 3253 3872 eis
3268 3818 3503 3871 multum

1912 3912 2179 3965 immorati
2232 3920 2356 3964 sunt
2388 3929 2400 3963 :
2432 3924 2595 3963 unum
2621 3951 2637 3975 ,
2688 3908 2808 3979 quia
2850 3919 3034 3962 contra
3080 3908 3504 3964 ecclesiasticam

1913 4000 2351 4055 consuetudinem
2410 3999 2580 4069 ipsum
2630 3995 2870 4052 Cirtense
2913 3998 3195 4052 concilium
3245 3998 3385 4054 diem
3444 4008 3505 4055 et

1913 4094 2185 4149 consulem
2223 4093 2475 4157 haberet;
2503 4092 2728 4145 alterum
2757 4098 2954 4157 autem,
2992 4090 3134 4160 quod
3164 4092 3498 4160 persecutio-

1914 4186 1997 4239 nis
2020 4195 2260 4254 tempore
2290 4199 2396 4238 non
2425 4191 2607 4253 posset
2629 4183 2910 4237 concilium
2943 4183 3270 4252 congregari.
3301 4182 3500 4253 Exige-

1916 4277 2038 4331 bant
2065 4290 2191 4344 ergo
2226 4274 2516 4329 Donatista:
2549 4287 2578 4326 a
2608 4272 2915 4338 Catholicis,
2936 4281 2992 4326 ut
3030 4272 3114 4327 vel
3145 4272 3247 4327 alia
3277 4274 3503 4329 concilia

1915 4367 2217 4438 proferrent
2272 4365 2488 4435 antiqua
2551 4365 2967 4434 episcoporum,
3019 4363 3108 4418 ubi
3159 4365 3506 4423 ostenderent

1917 4460 2165 4515 consules
2191 4464 2243 4511 ct
2267 4456 2380 4511 dies
2406 4456 2568 4512 etiam
2595 4456 2946 4525 conscriptos,
2966 4455 3046 4509 vel
3070 4455 3137 4510 de
3158 4457 3286 4526 ipsis
3305 4458 3507 4513 sanctis

1918 4552 2206 4623 Scripturis
2251 4550 2355 4604 tale
2383 4548 2582 4619 aliquid
2613 4548 2920 4603 recitarent.
2952 4546 3049 4603 Ubi
3083 4546 3341 4603 Catholici
3381 4563 3512 4604 cum

1920 4644 2162 4701 viderent
2188 4644 2255 4698 de
2274 4657 2334 4698 re
2360 4640 2667 4696 inanissima
2691 4653 2871 4694 moras
2901 4638 3169 4694 mirabiles
3192 4648 3246 4694 et
3273 4640 3506 4713 inexpli-

1920 4737 2118 4793 cabiles
2166 4735 2469 4803 interponi;
2527 4730 2673 4801 (quis
2717 4731 2859 4785 enim
2905 4745 3000 4785 eos
3043 4730 3169 4786 hinc
3221 4732 3515 4790 falsitatem

1923 4818 2165 4886 crederet
2211 4826 2543 4896 objecturos,
2602 4822 2689 4876 uhi
2734 4822 2801 4876 ad
2868 4823 3125 4892 majorem
3181 4823 3515 4895 diligentiam

1925 4933 2223 4992 temporum
2254 4918 2518 4973 attestatio
2548 4922 2839 4986 prmnotata
2861 4914 3146 4986 legeretur,
3168 4931 3235 4972 ne
3252 4915 3391 4972 forte
3416 4931 3519 4986 per

1926 5014 2064 5068 hanc
2088 5020 2232 5067 esset
2273 5006 2558 5079 aliquando
2583 5007 2882 5062 necessaria
2925 5007 3190 5078 indagatio
3238 5006 3525 5062 veritatis?

1926 5108 2047 5178 quis
2066 5120 2194 5175 ergo
2223 5118 2316 5159 eos
2342 5102 2583 5158 crederet
2619 5099 2722 5156 hoc
2750 5101 3088 5171 objecturos,
3117 5110 3174 5156 ut
3194 5108 3527 5171 praepararet

1929 5198 2145 5268 antiqua
2174 5195 2421 5261 concilia,
2451 5193 2644 5265 quibus
2665 5192 2803 5249 hanc
2820 5193 3259 5250 consuetudinem
3290 5190 3526 5247 demon-

1929 5290 2282 5346 straret'iaut
2327 5288 2447 5357 quis
2495 5294 2621 5342 tunc
2665 5286 2766 5341 iret
2804 5293 2857 5340 et
2898 5292 3101 5339 vetusta
3155 5283 3525 5339 ecclesiastica

1933 5383 2145 5438 archiva
2181 5378 2540 5445 revolveret?)
2580 5393 2699 5433 cum
2733 5378 2833 5433 hoc
2865 5375 3108 5431 viderent
3138 5375 3421 5444 CatholiCi,
3468 5384 3525 5432 et

1937 5478 1988 5532 in
2017 5473 2323 5531 Melchiadis
2355 5473 2586 5529 concilio
2612 5471 2754 5526 diem
2783 5479 2838 5525 et
2871 5469 3144 5526 consulem
3181 5469 3527 5545 demonstra-

1938 5570 2085 5636 bant,
2118 5568 2258 5624 etde
2278 5568 2407 5639 ipsis
2436 5568 2634 5623 sanctis
2654 5565 2943 5635 Scripturis
2968 5565 3531 5624 commemoraverunt

1939 5659 2236 5731 Prophetas
2293 5658 2485 5713 indicia
2536 5656 3025 5726 antiquissimorum
3072 5663 3370 5727 temporum
3416 5659 3527 5716 suis

1941 5756 2132 5813 litteris
2160 5763 2507 5825 prmnotasse,
2540 5759 2701 5821 quoto
2729 5765 2889 5816 anno,
2918 5749 3176 5820 cujusque
3206 5766 3392 5808 mense
3431 5768 3532 5808 an-

1943 5850 2019 5916 ni,
2049 5855 2212 5919 quoto
2236 5845 2321 5901 dic
2360 5844 2560 5899 mensis
2587 5840 2782 5895 factum
2812 5851 2953 5897 esset
2980 5856 3141 5913 super
3180 5858 3273 5899 eos
3312 5843 3535 5899 verbum

2206 5936 2457 6010 Cognitor
2480 5943 2657 5991 autem
2679 5931 2806 5989 illud
2835 5933 2902 5991 de
2930 5934 3017 5992 die
3053 5942 3110 5992 et
3132 5936 3351 5994 consule
3386 5935 3537 6007 obje-
