4010 6480
505 459 615 526 6ιῦ

509 589 654 638 ctum
697 569 1143 638 contemnam
1193 570 1252 628 et
1299 558 1681 624 removendum
1734 555 2044 614 existimans
2072 589 2090 624 ,

510 669 666 743 jussit
684 677 830 741 gesta
858 664 994 737 apud
1018 658 1367 723 Melchiadem
1396 654 1576 712 habita
1607 659 1802 712 caetera
1829 643 2040 702 recitari
2072 661 2085 699 :

512 741 565 824 et
584 765 800 822 recitata
839 771 978 820 sunt.
1014 759 1215 827 Quibus
1255 753 1500 827 apparuit
1542 749 1781 810 omnium
1819 741 1911 816 qui
1964 749 2090 798 tunc

513 857 864 916 consederam
883 853 1254 924 episcoporum
1278 845 1557 910 sententiis
1575 852 1630 904 et
1650 841 1813 911 ipsius
1835 832 2084 896 Melchia'

513 951 597 1010 dis
619 992 635 1019 ,
667 947 1008 1008 Caecilianum
1035 944 1338 1007 absolutum
1379 948 1536 1011 atque
1561 943 1844 1008 purgatum
1878 945 1891 985 :
1923 927 2084 982 Dona:

513 1055 626 1104 tum
672 1059 804 1102 vero
830 1043 1160 1103 damnatum.
1195 1037 1285 1107 qui
1330 1047 1565 1106 prtesens
1621 1031 1677 1086 in
1724 1025 1894 1097 prima
1929 1021 2101 1080 fuerat

515 1139 724 1198 actione
747 1135 1049 1200 convictus;
1073 1132 1160 1190 ille
1181 1130 1384 1190 scilicet
1403 1128 1638 1184 Donatus
1665 1135 1696 1178 ι
1722 1113 2098 1186 Casis-Nigris,

517 1247 673 1302 quem
701 1235 1021 1301 prmaentem
1049 1225 1209 1284 fuisse
1234 1231 1361 1280 tunc
1383 1217 1638 1282 constitit.

590 1322 678 1378 δᾶ.
704 1297 828 1380 Sed
855 1320 956 1376 hoc
986 1317 1231 1381 recitato,
1260 1328 1380 1371 cum
1410 1315 1740 1382 quaereretur
1759 1319 1792 1362 a
1813 1297 2104 1382 Donatistis

521 1413 646 1485 quid
673 1411 1060 1482 responderent
1079 1407 1146 1464 ad
1174 1405 1305 1464 illud
1329 1404 1570 1460 Cirtense
1596 1396 1904 1458 concilium,
1928 1406 2002 1485 eo
2021 1405 2106 1448 re-

522 1482 751 1568 dierunt,
775 1510 1035 1560 conantes
1065 1499 1251 1558 falsum
1279 1510 1398 1554 esse
1433 1501 1753 1552 monstrare.
1778 1486 1911 1544 Tum
1954 1482 2107 1543 dixe-

522 1602 648 1652 runt
684 1603 923 1663 tempore
959 1587 1345 1664 persecutionis
1373 1582 1681 1654 congregari
1736 1593 1844 1638 non
1873 1574 2109 1648 potuisse

523 1685 826 1744 concilium.
855 1682 1006 1752 Quod
1031 1680 1284 1752 Cognitor
1304 1693 1412 1736 non
1435 1671 1776 1742 contempsit,
1797 1677 1851 1725 et
1876 1664 2110 1724 validum

525 1777 838 1834 existimans
879 1817 894 1841 ,
950 1789 982 1828 a
1022 1770 1310 1830 Catltolicis
1359 1765 1764 1838 rCSponsionem
1820 1756 2110 1829 poposcit;

525 1877 684 1938 atque
724 1867 862 1922 inter
890 1864 1006 1920 bace
1034 1861 1301 1935 qumsivit,
1352 1857 1494 1916 unde
1539 1854 1856 1928 probaretur
1903 1857 2114 1916 tempus

527 1958 691 2016 fuisse
750 1955 1155 2029 persecutionis.
1208 1951 1358 2008 Tunc
1423 1946 1715 2006 Donatista:
1782 1939 2117 2029 protulerunt

528 2027 822 2120 martyrum
847 2056 1017 2120 gesta,
1055 2044 1145 2102 ubi
1175 2040 1342 2100 auditi
1381 2047 1434 2099 et
1462 2052 1560 2110 pro
1595 2032 1934 2091 confessione
1973 2027 2117 2100 passi

529 2147 674 2194 sunt.
705 2137 872 2194 iussit
909 2136 1070 2192 etiam
1117 2132 1373 2206 Cognitor
1405 2134 1715 2202 computare
1754 2121 2022 2185 Officium,
2063 2126 2120 2174 et

531 2229 858 2296 renuntiare,
898 2224 1248 2284 consideratis
1296 2221 1572 2290 utriusque
1627 2213 1936 2276 consulibus
1991 2212 2009 2242 ¹
2063 2217 2118 2272 et

532 2320 744 2392 diebus,
771 2327 826 2376 et
847 2319 940 2390 qui
965 2317 1032 2374 de
1068 2315 1295 2373 concilio
1330 2311 1583 2378 Cirtensi,
1615 2316 1670 2366 et
1702 2308 1788 2380 qui
1843 2305 1910 2362 de
1953 2301 2120 2381 gestis

531 2419 826 2485 nmrtyrum
855 2409 1164 2482 legebantur
1203 2424 1217 2461 :
1249 2404 1372 2476 quia
1397 2403 1596 2458 dictum
1624 2398 1798 2460 fuerat
1821 2412 1853 2452 a
1880 2393 2118 2452 Catholi-

532 2505 610 2562 cis
629 2547 645 2574 ,
668 2513 789 2578 post
812 2503 1025 2562 illorum
1069 2507 1362 2572 martyrum
1387 2495 1696 2568 passionem
1721 2533 1736 2562 ,
1765 2488 1906 2546 unde
1931 2499 2119 2558 perse-

535 2597 764 2653 cutionis
788 2606 994 2666 tempus
1013 2591 1352 2664 probabatur,
1370 2602 1538 2660 prope
1557 2599 1753 2644 annum
1776 2587 2122 2640 consecutum

535 2687 701 2747 fuisse
723 2703 890 2760 usque
916 2686 983 2742 ad
1009 2683 1282 2748 consulem
1321 2689 1377 2738 et
1408 2679 1549 2737 diem
1586 2673 1796 2732 concilii
1843 2669 2119 2728 Cirtensis.

536 2780 836 2849 Responsio
861 2787 1037 2832 autem
1076 2772 1433 2844 computantis
1461 2767 1632 2830 Officii
1671 2779 1908 2821 mensem
1954 2763 2125 2820 inter-

535 2872 698 2930 fuisse
719 2877 1074 2944 suggesserat.
1105 2867 1398 2924 Voluerunt
1421 2879 1546 2932 ergo
1575 2857 1831 2917 Catholici
1862 2857 1931 2916 de
1958 2855 2119 2912 tabu-

537 2962 603 3020 lis
633 2962 745 3018 tolli
770 2960 909 3032 quod
937 2960 1202 3026 dixerant,
1234 2965 1295 3014 ut
1323 2956 1426 3012 hoc
1452 2954 1622 3013 solum
1654 2958 1804 3022 gesta
1829 2947 2126 3006 retinerent

538 3053 680 3126 quod
724 3051 969 3110 Ofﬁcium
1011 3048 1402 3119 responderat;
1436 3046 1538 3102 hoc
1585 3044 1729 3100 enim
1780 3040 1958 3096 verius
2005 3050 2127 3097 esse

539 3145 895 3204 crediderant.
923 3142 1030 3200 Sed
1056 3141 1365 3206 Douatistm,
1394 3137 1535 3215 quod
1565 3152 1597 3193 a
1615 3134 1902 3194 Catholicis
1922 3131 2128 3191 dietum

539 3245 686 3304 erat,
718 3236 1005 3300 noluerunt
1033 3233 1101 3291 de
1134 3232 1327 3292 tabulis
1355 3231 1465 3288 tolli
1497 3248 1510 3285 :
1543 3227 1684 3288 unde
1719 3224 1982 3284 Catholici
2019 3238 2128 3286 non

541 3326 952 3389 contenderunt,
983 3334 1044 3382 ut
1066 3338 1253 3382 eorum
1279 3323 1333 3380 in
1371 3321 1474 3378 hoc
1519 3317 1880 3378 calumniosus
1915 3315 2130 3376 animus

542 3427 844 3489 appareret.
874 3417 1042 3474 Porro
1065 3424 1242 3472 autem
1268 3413 1396 3472 illud
1418 3421 1535 3470 erat
1561 3411 1740 3468 verius
1765 3408 1908 3480 quod
1928 3405 2126 3466 Catho-

541 3511 633 3567 lici
671 3511 946 3576 dixerant;
976 3507 1222 3566 Officium
1251 3515 1430 3566 autem
1462 3506 1515 3563 in
1543 3502 1901 3574 computando
1941 3516 2128 3560 errans

541 3601 735 3660 falsum
767 3601 1180 3664 renuntiaverat,
1211 3599 1350 3672 quod
1361 3606 1560 3685 postea
1586 3596 1888 3666 conscripta
1925 3602 1978 3649 et
2003 3593 2128 3649 dili-

541 3695 749 3772 gentius
777 3694 1114 3752 considerata
1137 3701 1287 3768 gesta
1306 3692 1623 3756 docuerunt,
1651 3689 1787 3746 sicut
1803 3695 1980 3758 potest
2005 3699 2130 3756 pro-

542 3788 693 3861 bare,
721 3804 876 3861 quem
896 3788 1110 3846 libuerit
1129 3786 1325 3858 legere,
1343 3794 1524 3842 etnon
1550 3781 1775 3856 piguerit
1797 3786 2125 3850 computare.

542 3879 676 3938 Nam
720 3888 869 3950 gesta
919 3887 1215 3950 martyrum
1263 3876 1455 3948 quibus
1500 3872 1878 3934 ostendebatur
1923 3879 2131 3940 tempus

543 3971 935 4046 persecutionis
957 4013 974 4040 ,
1001 3970 1315 4028 consulibus
1343 3967 1482 4026 facta
1512 3973 1638 4022 sunt
1665 3963 1994 4020 Diocletiano
2029 3977 2130 4016 no-

544 4063 678 4130 vies,
701 4072 754 4121 et
772 4062 1090 4119 Maximiano
1107 4060 1295 4126 octies,
1317 4057 1488 4130 pridie
1507 4055 1626 4113 idus
1638 4055 1932 4111 februarias
1949 4069 1965 4119 ;
1983 4060 2133 4123 gesta

544 4163 724 4212 autem
771 4154 1091 4227 episcopatia
1119 4149 1317 4209 decreti
1353 4146 1614 4206 Cirtensis
1657 4155 1779 4219 post
1821 4145 2132 4202 corumdem

547 4245 901 4313 consulatum,
934 4245 1090 4300 tertio
1115 4255 1285 4299 nonas
1308 4240 1560 4298 martias:
1589 4254 1652 4294 ac
1678 4252 1772 4308 per
1805 4237 1908 4292 hoc
1952 4235 2132 4292 trede-

548 4335 652 4394 cim
675 4349 889 4391 menses
905 4335 1162 4390 interesse
1178 4332 1538 4398 inveniuntur,
1563 4331 1743 4402 plures
1770 4330 1950 4400 utique
1975 4343 2134 4400 quam

547 4426 816 4493 undecim,
844 4439 980 4496 quos
1007 4424 1154 4494 prius
1177 4422 1435 4480 Catholici
1464 4423 1642 4478 minus
1673 4420 1956 4492 diligenter
1984 4435 2134 4476 com-

546 4518 780 4592 putando
823 4515 1250 4588 responderant:
1277 4515 1372 4572 sed
1410 4513 1656 4574 Officium
1687 4523 1742 4572 ut
1785 4515 2054 4574 falleretur
2080 4523 2137 4571 et

547 4624 788 4667 mensem
818 4611 1079 4668 interesse
1116 4606 1498 4679 responderet,
1526 4606 1771 4665 eumdem
1795 4607 2134 4663 consulatum

549 4702 772 4774 putavit,
799 4708 918 4773 post
935 4699 1268 4757 consulatum
1293 4707 1471 4758 autem
1513 4715 1618 4756 non
1645 4699 1895 4765 advertit,
1922 4698 2009 4754 ubi
2036 4714 2135 4754 an-

549 4809 652 4856 uus
674 4793 785 4865 jam
813 4794 947 4852 alius
977 4793 1249 4864 agebatur.
1304 4793 1534 4849 Proinde
1570 4791 1828 4850 Catholici
1882 4801 2136 4863 tanquam

548 4904 618 4950 ex
640 4903 768 4946 vera
787 4887 958 4945 Officii
979 4887 1328 4959 responsione
1353 4887 1679 4958 cogebantur
1697 4885 1979 4944 ostendere
1998 4893 2136 4942 tem-

549 4995 682 5056 pore
713 4979 1100 5053 persecutionis
1120 4979 1241 5037 illos
1259 4979 1507 5037 undecim
1527 4979 1611 5037 vel
1629 4978 1910 5036 duodecim
1932 4979 2138 5048 episco-

551 5090 650 5152 pos
673 5075 726 5132 in
752 5074 970 5133 domum
993 5073 1256 5146 privatam
1271 5074 1557 5133 convenire
1573 5074 1828 5146 potuisse,
1849 5073 2138 5133 Donatistis

556 5166 897 5239 instantibus,
926 5175 982 5222 ut
1017 5166 1122 5224 hoc
1158 5181 1228 5226 ex
1266 5165 1385 5224 aliis
1408 5165 1646 5224 conciliis
1686 5165 2048 5233 ostenderent,
2090 5167 2138 5224 si

551 5261 729 5334 aliquo
756 5269 1001 5332 tempore
1022 5260 1413 5332 persecutionis
1441 5259 1579 5318 facta
1606 5261 1978 5331 episcOporum
2004 5275 2138 5318 con-

551 5352 671 5407 cilia
697 5352 935 5424 reperire
947 5353 1264 5422 potuissent.
1277 5349 1431 5420 Quod
1457 5349 1714 5408 Catholici
1733 5352 1983 5424 quoniam
2012 5361 2138 5408 tunc

553 5443 825 5516 inquirere
867 5454 922 5499 et
959 5443 1026 5500 ad
1066 5444 1256 5502 horam
1295 5451 1509 5501 veteres
1550 5444 1762 5502 chartas
1807 5445 1862 5500 in
1907 5444 2136 5502 archivis

554 5535 929 5592 ecclesiasticis
976 5534 1243 5592 discutere
1285 5550 1390 5591 non
1437 5544 1698 5607 poterant,
1745 5518 2138 5604 respondebant

554 5628 720 5683 multo
753 5626 965 5684 facilius
985 5625 1263 5681 duodecim
1283 5626 1527 5684 homines
1550 5628 1600 5681 in
1618 5626 1832 5680 domum
1851 5624 2141 5679 convenire

556 5721 792 5792 potuisse
829 5737 893 5777 eo
921 5731 1177 5790 tempore,
1209 5737 1315 5791 quo
1345 5723 1502 5774 etiam
1551 5717 1991 5788 congregationes
2030 5715 2146 5786 ple-

554 5815 699 5874 Itium
729 5817 844 5871 fieri
887 5817 1149 5884 solebant,
1178 5817 1419 5886 quamvis
1463 5815 1835 5887 persecutione
1869 5811 2141 5874 ferventes

617 5931 634 5964 ³
673 5940 794 5987 Αω..
818 5930 1027 5994 utrisque
1052 5931 1340 5982 consulibus.

1739 437 1798 502 S.
1841 423 2209 498 AUGUSTINI
2249 423 2551 492 EPISCOPI

3678 428 3788 489 διδ

2203 548 2340 608 sicut
2369 548 2498 619 ipsis
2517 546 2682 618 geStis
2709 554 2998 618 martyrum
3026 544 3465 619 monstrabatur,
3492 546 3586 616 qui
3612 549 3784 613 contis

2201 639 2446 694 tebantur
2467 639 2518 694 in
2550 638 2887 710 passionibus
2925 640 3032 702 suis
3062 653 3120 700 se
3148 639 3426 702 collectam
3456 648 3510 694 et
3545 638 3790 706 Domini.

2200 743 2322 788 cum
2342 730 2532 800 egisse.
2559 730 2670 785 Hoc
2690 739 2865 788 autem
2878 729 3133 786 Catholici
3155 730 3420 798 dixerant,
3433 739 3788 801 etanteqnam

2202 833 2514 894 supputaret
2540 832 2593 880 et
2619 824 2966 894 responderet
2989 823 3255 882 Officium.
3283 825 3491 889 Dictum
3517 834 3603 891 est
3627 828 3790 884 etiam

2204 930 2234 970 a
2261 915 2572 984 Catiwlieis,
2618 917 2936 988 episc0palia
2991 927 3141 989 gesta
3188 918 3279 980 illa
3331 919 3621 987 Cirtensia,
3677 937 3794 991 quae

2207 1008 2475 1082 diligentia
2501 1010 2759 1080 majorum
2786 1025 2954 1080 usque
2992 1011 3057 1066 ad
3090 1011 3202 1070 hazc
3230 1020 3467 1083 tempora
3509 1014 3720 1072 servari
3744 1022 3798 1068 et

2209 1103 2435 1162 inveniri
2477 1105 2767 1176 potuerint.
2795 1105 2876 1170 sic
2909 1104 3150 1166 habenda
3191 1104 3644 1176 quemadmodum
3695 1106 3797 1168 illa:

2209 1195 2449 1266 epistola:
2477 1196 2730 1260 Mensurii
2759 1205 2814 1256 et
2839 1196 3092 1264 Secundi,
3121 1211 3254 1268 quas
3281 1196 3577 1259 Donatista:
3600 1198 3798 1255 recita-

2211 1299 2420 1348 verunt.
2449 1290 2742 1352 Concilium
2769 1290 2964 1361 quippe
2999 1289 3449 1360 Carthaginense,
3476 1290 3566 1352 ubi
3606 1290 3799 1348 absen-

2214 1391 2319 1438 tem
2365 1383 2704 1444 Cmcilianum
2741 1383 3074 1452 septuaginta
3115 1382 3524 1449 damnaverunt,
3563 1397 3797 1441 comme-

2212 1483 2476 1534 moratum
2525 1483 2608 1540 est
2645 1473 2806 1538 etiam
2847 1489 2879 1530 a
2931 1473 3259 1538 Melehiade,
3307 1473 3551 1537 habitum.
3607 1474 3624 1506 ¹
3649 1515 3670 1540 .
3715 1473 3801 1531 ubi

2213 1563 2530 1626 Cmcilianus
2558 1572 2643 1626 εει
2669 1564 2960 1624 absolutus.
2989 1563 3205 1628 Littera:
3242 1578 3372 1626 vero
3415 1565 3522 1628 ξιιω
3543 1565 3804 1626 Πευκιῦ
3864 1625 3870 1630 .

2215 1664 2270 1714 et
2307 1653 2538 1720 Secundi
2564 1671 2824 1726 nusquam
2849 1656 2983 1720 alibi
3009 1665 3440 1720 conmemorant)
3463 1654 3803 1723 dicebantur,

2219 1747 2360 1810 unde
2383 1747 2529 1811 nullo
2557 1747 2663 1812 alio
2685 1749 2990 1812 testimonio
3020 1749 3802 1814 veritasearumasserebatur.

2218 1856 2318 1902 nec
2346 1849 2526 1903 tarnen
2547 1840 2666 1902 ideo
2693 1840 2942 1900 dicebant
2964 1840 3221 1898 Catholici
3253 1840 3416 1900 falsas
3433 1855 3577 1900 esse.
3597 1841 3809 1898 Dictum

2219 1942 2302 1992 eat
2329 1933 2491 1990 etiam
2523 1932 2627 1992 hoc
2651 1947 2682 1992 a
2708 1931 3020 1999 Catholicis,
3047 1940 3108 1988 ut
3135 1932 3423 2002 probarent
3442 1933 3737 1992 Donatistae
3765 1933 3811 1989 si

2220 2033 2459 2096 possent,
2516 2033 2758 2095 tempore
2806 2023 3193 2095 persecutionis
3222 2023 3302 2084 sic
3351 2023 3418 2083 ad
3467 2038 3527 2084 se
3577 2023 3811 2083 invicem

2221 2117 2499 2186 scripsisse
2526 2117 2826 2186 episcopos,
2872 2114 3322 2186 quemadmodum
3371 2113 3706 2176 Menam-ium
3759 2122 3816 2172 et

2221 2207 2525 2270 Secundum
2551 2207 2834 2277 scripsisse
2861 2205 3220 2277 proferebant.
3261 2205 3414 2272 Quod
3439 2220 3548 2264 non
3579 2204 3708 2262 ideo
3735 2206 3815 2262 di-

2222 2300 2416 2356 cebant
2442 2299 2729 2364 Catholici,
2759 2307 2818 2354 ut
2843 2298 2968 2358 hinc
3011 2298 3129 2353 illas
3177 2297 3430 2358 Mensurii
3477 2306 3538 2352 et
3579 2295 3814 2354 Secundi

2227 2392 2433 2454 litteras
2461 2391 2624 2452 falsas
2661 2407 2781 2450 esse
2805 2397 3189 2456 monstrarent,
3236 2405 3356 2460 quae
3389 2404 3488 2448 seu
3530 2403 3682 2444 vera
3718 2401 3817 2446 seu

2225 2485 2372 2544 falsas
2401 2495 2611 2555 essent,
2643 2501 2818 2544 causa:
2855 2485 2988 2545 nihil
3027 2485 3330 2550 ofﬁcerent;
3371 2483 3464 2540 sed
3495 2481 3704 2539 uthinc
3733 2482 3816 2537 in-

2226 2579 2530 2649 telligerent
2595 2580 2918 2645 Donatistze,
2971 2594 3131 2649 quam
3187 2592 3322 2634 vanu
3374 2576 3820 2648 tergiversatione

2227 2670 2535 2732 Catholicos
2573 2679 2827 2741 cogerent
2875 2669 2978 2730 alia
3009 2669 3251 2740 profici-re
3287 2667 3511 2726 concilia
3567 2681 3821 2738 persecu-

2231 2763 2390 2824 tionis
2414 2771 2653 2834 tempore
2677 2772 2994 2834 congregata
3022 2781 3036 2817 :
3066 2761 3188 2832 quia
3209 2760 3260 2818 si
3292 2760 3374 2818 eis
3400 2758 3824 2814 sitniliobstina-

2233 2858 2376 2915 tione
2404 2858 2691 2923 diceretur,
2722 2855 2961 2913 Proferto
2987 2863 3042 2910 et
3064 2870 3160 2911 vos
3189 2853 3324 2910 alias
3347 2853 3603 2924 epistolas
3634 2867 3822 2922 porse-

2230 2952 2458 3008 eutionis
2482 2959 2723 3020 tempore
2751 2949 2829 3004 sic
2857 2949 3083 3019 scriptas
3109 2957 3163 3002 et
3186 2947 3394 3013 missas,
3425 2960 3547 3016 qum
3573 2945 3622 2999 si
3643 2944 3824 3014 aliqua

2230 3046 2393 3106 modo
2440 3043 3000 3116 deprehenderentur,
3030 3049 3088 3098 et
3127 3039 3342 3097 codices
3375 3039 3630 3095 occultati
3674 3037 3823 3108 exigi

2232 3145 2472 3209 possent,
2503 3144 2559 3192 et
2581 3135 2715 3194 ordo
2743 3143 2796 3192 et
2811 3143 3028 3191 curator
3045 3132 3354 3190 etcentttrio
3367 3141 3425 3188 et
3443 3129 3824 3187 beneﬁciarios

2231 3230 2300 3286 ad
2321 3229 2608 3286 discrimen
2630 3228 2816 3299 capitis
2843 3226 3145 3299 pervenire,
3168 3226 3257 3297 qui
3283 3223 3587 3281 Secundum
3605 3222 3825 3279 tradere

2233 3320 2502 3376 nolentem
2547 3319 2864 3390 impunitum
2911 3317 3180 3373 dimisisse
3229 3315 3630 3388 prodebantur;
3674 3313 3825 3368 nullo

2233 3413 2394 3469 modo
2420 3412 2488 3470 ad
2523 3411 2710 3472 horam
2738 3411 3038 3482 reperirent
3087 3409 3221 3465 alias
3268 3407 3523 3480 epistolas
3574 3414 3825 3476 tempore

2233 3504 2620 3576 persecutionis
2642 3503 2711 3557 ab
2755 3500 3019 3572 episcopis
3044 3498 3111 3555 ad
3135 3501 3414 3570 episcopos
3457 3497 3511 3552 in
3551 3504 3662 3552 ta
3707 3495 3826 3556 lon-

2232 3597 2427 3668 ginqua
2461 3606 2722 3651 terrarum
2750 3593 2993 3650 similiter
3017 3590 3190 3646 datas.

2303 3688 2393 3743 55.
2434 3686 2567 3746 Cum
2586 3701 2714 3756 ergo
2737 3685 2862 3739 hinc
2881 3683 3132 3739 diuturna
3147 3679 3470 3738 conflictatio
3481 3678 3662 3744 fieret,
3679 3690 3826 3747 sepe

2236 3778 2600 3848 repetentibus
2623 3775 2919 3832 Donatistis
2943 3789 3052 3830 non
3071 3772 3324 3843 potuisse
3351 3779 3598 3840 tempore
3636 3781 3822 3838 perse-

2235 3871 2462 3927 cutionis
2481 3868 2766 3925 concilium
2791 3865 3101 3937 congregari
3127 3863 3194 3920 ad
3221 3863 3531 3934 episcopum
3572 3859 3827 3915 ordinan-

2239 3965 2387 4030 dum,
2418 3963 2541 4034 quia
2562 3963 2617 4016 in
2645 3961 2911 4033 apostasia
2932 3967 3049 4016 erat
3075 3958 3326 4025 mundus,
3352 3971 3453 4014 nec
3465 3964 3620 4012 erant
3633 3953 3826 4025 quibus

2237 4057 2612 4124 ordinaretur,
2661 4066 2716 4111 et
2753 4064 2946 4110 caetera
2989 4054 3114 4109 talia
3146 4069 3160 4106 :
3190 4049 3480 4107 Catholicis
3514 4057 3696 4104 autem
3741 4061 3827 4102 re-

2238 4149 2643 4223 spondentibus,
2679 4147 2822 4218 quod
2845 4157 2898 4202 et
2927 4145 3162 4216 episcOpi
3187 4143 3342 4199 facile
3367 4148 3824 4213 congregarentur

2240 4253 2347 4298 tam
2379 4243 2554 4313 pauci,
2589 4249 2649 4295 ut
2700 4254 2802 4295 nec
2847 4237 3133 4294 concilium
3181 4235 3286 4290 dici
3331 4233 3560 4299 debeat;
3612 4230 3825 4303 quando

2241 4335 2420 4408 plebes
2449 4335 2938 4406 congregabantur,
2971 4331 3109 4387 sicut
3150 4339 3298 4401 gesta
3334 4335 3634 4399 martyrum
3666 4335 3824 4382 tosta-

2239 4439 2456 4494 rentur;
2514 4438 2568 4484 et
2615 4435 2768 4483 erant
2816 4426 2932 4480 sine
2979 4424 3139 4481 dubio
3191 4422 3385 4491 quibus
3450 4420 3825 4476 ordinarentur

2241 4519 2495 4591 episcopi,
2521 4521 2648 4588 ipsae
2672 4519 2855 4588 utique
2900 4516 3081 4588 plebes
3119 4529 3250 4586 quas
3286 4523 3414 4569 tunc
3458 4512 3650 4568 solitas
3698 4525 3822 4566 con-

2239 4612 2448 4682 gregari
2470 4617 2617 4679 gesta
2641 4617 2934 4679 martyrum
2963 4607 3315 4677 loquebantur
3347 4622 3361 4659 :
3390 4604 3510 4660 haec
3534 4619 3661 4659 cum
3688 4602 3818 4658 assi-

2242 4702 2346 4757 due
2376 4701 2557 4756 multis
2583 4709 2638 4755 et
2664 4701 2826 4756 variis
2856 4699 3030 4754 modis
3075 4697 3408 4764 dicerentur,
3431 4703 3489 4752 et
3525 4694 3821 4766 responde-

2242 4802 2426 4850 rentur
2453 4811 2466 4848 :
2497 4807 2619 4848 nam
2643 4801 2696 4848 et
2717 4792 2934 4853 domum
2966 4791 3223 4861 privatam
3251 4787 3574 4845 Christianis
3601 4799 3822 4858 congre-

2240 4886 2427 4959 gandis
2486 4886 2778 4957 praestitam
2827 4885 3067 4940 constitit
3115 4892 3360 4952 tempore
3410 4878 3822 4951 persecutionis,

2243 4982 2379 5036 sicut
2409 4980 2458 5034 in
2481 4978 2795 5051 quibusdam
2830 4976 2994 5048 gestis
3025 4983 3316 5046 martyrum
3354 4973 3668 5043 legebatur;
3706 4968 3819 5040 quia

2245 5071 2533 5128 Donatistae
2561 5071 2808 5126 dixerunt
2845 5069 2960 5124 ﬁeri
2988 5083 3094 5124 non
3121 5067 3359 5137 potuisse
3387 5073 3445 5120 ut
3469 5065 3564 5120 illo
3595 5073 3822 5131 tempore

2244 5166 2460 5223 domum
2482 5179 2632 5220 suam
2654 5164 2932 5235 quisquam
2955 5162 3252 5232 praeberet:
3277 5169 3332 5216 et
3347 5161 3819 5215 commemoratum

2245 5269 2329 5317 est
2354 5274 2519 5330 usque
2540 5257 2674 5313 adeo
2703 5271 2811 5311 non
2838 5269 2957 5311 esse
2978 5253 3311 5318 incredibile,
3325 5249 3470 5321 quod
3492 5250 3545 5303 in
3570 5248 3821 5319 privatam

2245 5353 2460 5409 domum
2508 5352 2661 5423 pauci
2717 5350 2793 5406 illi
2864 5347 3099 5418 episcopi
3152 5343 3538 5416 persecutionis
3590 5347 3823 5407 temporc

2245 5452 2632 5511 convenerunt,
2663 5449 2724 5498 ut
2748 5441 2988 5496 fervente
3009 5435 3385 5509 persecutione
3411 5432 3576 5488 etiam
3617 5431 3669 5484 in
3706 5439 3821 5481 atr-

2247 5548 2371 5591 ccre
2395 5534 2688 5591 doceantur
2704 5530 2955 5604 baptizati
2986 5537 3269 5599 martyres,
3299 5533 3356 5581 et
3374 5522 3488 5578 illic
3512 5537 3545 5576 a
3573 5514 3820 5576 Christia-

2248 5628 2333 5683 nis
2386 5626 2650 5682 celebrata
2692 5624 3035 5680 Sacramenta
3060 5662 3075 5686 ,
3135 5618 3226 5673 ubi
3280 5612 3570 5672 Christiani
3613 5615 3820 5683 prop”

2250 5721 2434 5775 eadem
2466 5719 2809 5773 Sacramenta
2838 5715 3157 5771 tenebantur
3187 5710 3398 5766 inclusi.

2319 5809 2542 5867 CAPUT
2582 5811 2766 5865 XVIII.
2805 5840 2876 5850 —
2913 5810 3054 5865 inter
3077 5807 3335 5880 hzecergo
3351 5799 3818 5876 undemanuan-

2317 5933 2332 5963 ί
2367 5936 2523 5990 Forte,
2544 5927 2593 5978 in
2608 5925 2797 5989 judicio
2818 5924 2992 5977 habito.
