4010 6490
216 632 305 694 do,
329 642 481 699 saepe
515 627 677 701 etiam
701 622 959 696 Cognitor
998 622 1373 687 interlocutus,
1404 620 1517 677 ﬁeri
1570 618 1808 690 potuisse

218 724 372 781 illum
399 731 722 780 conventum
749 720 818 775 ab
844 719 1126 789 episc0pis,
1155 716 1366 787 quando
1396 723 1451 771 et
1474 712 1657 784 plebes
1678 727 1810 766 con-

213 826 455 888 gregatae
490 813 888 886 probabantur;
917 810 1175 879 compulit
1200 808 1521 872 Donatistas,
1549 814 1605 861 ut
1624 815 1811 861 contra

218 908 509 964 concilium
549 905 913 977 judiciumque
957 901 1286 968 Melchiadis,
1349 914 1455 971 quo
1499 896 1812 954 Caecilianus

221 1008 482 1071 purgatus
505 1005 667 1068 atque
692 995 969 1052 absolutus
1007 993 1301 1063 legebatur,
1338 991 1384 1046 si
1417 989 1675 1046 haberent
1711 988 1810 1043 ali-

215 1090 348 1160 quid
377 1089 642 1154 dicerent,
674 1084 925 1156 quoniam
954 1084 1061 1139 illic
1090 1083 1268 1153 potius
1297 1096 1455 1153 quam
1486 1081 1539 1135 in
1564 1080 1655 1136 illo
1692 1076 1810 1135 Cir-

216 1183 362 1239 tensi
383 1182 616 1238 concilio
637 1194 799 1237 causa
824 1180 1167 1235 consisteret.

286 1277 383 1332 ει.
415 1274 569 1330 Tunc
613 1273 900 1329 Donatista:
927 1272 1103 1342 ipsum
1143 1267 1494 1325 Helchiadem
1534 1273 1813 1337 creperum

214 1367 449 1422 crimine
480 1365 783 1420 traditionis
814 1378 1065 1435 arguere,
1100 1371 1157 1418 et
1181 1362 1390 1429 dicere,
1423 1360 1657 1430 majores
1684 1374 1812 1415 suos

217 1467 507 1529 propterea
532 1457 673 1514 illius
688 1457 946 1526 judicium
969 1455 1248 1526 reingisse,
1267 1454 1410 1525 quod
1437 1453 1662 1511 traditur
1682 1452 1811 1510 fuis-

214 1560 300 1607 set
334 1569 350 1607 :
382 1551 536 1622 quasi
565 1564 672 1607 non
706 1549 815 1619 jam
851 1549 1053 1620 judicio
1081 1548 1195 1619 ejus
1220 1548 1532 1603 assisterent
1569 1548 1610 1613 ί,
1640 1554 1694 1603 et
1720 1560 1809 1601 re-

213 1642 552 1713 sponderant
579 1658 639 1698 se
668 1643 723 1698 in
752 1641 1095 1697 Caecilianum
1125 1654 1235 1696 non
1265 1638 1464 1695 habere
1494 1638 1634 1708 quod
1661 1635 1810 1691 dice-

214 1743 362 1791 rent.
388 1733 495 1791 Sed
518 1743 696 1790 tamen
721 1732 862 1788 facto
884 1732 1065 1802 judice
1092 1733 1317 1798 intento,
1348 1739 1528 1786 utrum
1555 1730 1623 1785 de
1649 1728 1812 1785 tradi-

216 1826 384 1883 tionis
412 1825 638 1881 crimine
666 1825 981 1881 ﬂelcbiadis
1009 1824 1222 1895 aliquod
1260 1823 1520 1894 judicium
1545 1865 1559 1891 ,
1586 1822 1671 1877 vel
1692 1830 1811 1893 'pu-

213 1917 421 1973 blicum
446 1959 462 1983 ,
516 1918 602 1973 vel
656 1917 1075 1973 ecclesiasticum
1140 1915 1473 1986 proferretur
1495 1956 1511 1980 ,
1576 1915 1811 1984 ipsisque

214 2010 514 2067 Catholicis
541 2009 593 2065 id
620 2019 675 2065 ut
699 2010 1015 2081 probaretur
1052 2008 1486 2079 exspectantibus
1512 2016 1567 2063 et
1594 2007 1812 2076 exigen-

212 2104 385 2172 tibus,
414 2104 661 2174 legerunt
689 2104 979 2159 Donatistae
1006 2110 1152 2173 gesta
1180 2102 1422 2172 quaedam
1454 2100 1811 2170 prolixissima

215 2198 361 2268 apud
405 2197 714 2268 prtefectum
739 2239 753 2263 ,
794 2198 886 2253 ubi
915 2211 1016 2252 nec
1054 2195 1336 2266 praefectus
1367 2196 1480 2265 ipse
1510 2193 1810 2264 cujusmodi

212 2298 363 2344 esset
410 2288 735 2359 apparebat,
780 2303 879 2343 nec
921 2288 1069 2343 locus
1099 2288 1390 2357 legebatur,
1420 2284 1509 2340 ubi
1540 2284 1657 2339 haec
1683 2299 1811 2355 age-

210 2380 435 2437 bantur.
477 2381 583 2437 Sed
628 2390 775 2451 gesta
822 2382 935 2451 ipsa
985 2380 1181 2434 multos
1233 2378 1397 2433 multa
1449 2377 1809 2433 ecclesiastica

210 2472 496 2527 tradentes
524 2471 832 2541 longissima
863 2470 1176 2526 recitatione
1201 2476 1533 2534 sonuerunt,
1576 2468 1666 2522 ubi
1708 2482 1811 2521 no-

211 2580 340 2620 men
371 2562 683 2619 Melchiadis
715 2563 932 2617 omnino
963 2578 1066 2616 non
1110 2562 1306 2616 sonuit.
1346 2560 1549 2629 Quibus
1580 2558 1811 2630 peractis

211 2672 340 2713 eum
369 2655 631 2727 Cognitor
653 2655 939 2709 miraretur
958 2654 1101 2708 aliud
1129 2653 1451 2723 promissum
1477 2662 1533 2707 et
1558 2651 1699 2707 aliud
1724 2667 1811 2707 re-

208 2750 441 2807 citatum
462 2788 476 2813 ,
503 2747 577 2801 illi
598 2746 771 2802 adhuc
787 2747 901 2815 ejus
928 2746 1235 2816 patientiam
1259 2744 1636 2817 deposcentes,
1659 2752 1809 2815 gesta

210 2841 320 2896 alia
343 2839 661 2904 recitarunt,
682 2839 733 2893 in
749 2838 941 2907 quibus
961 2837 1235 2908 legebatur
1249 2835 1574 2892 Melchiades
1598 2835 1809 2889 misisse

207 2932 477 2990 diaconos
503 2946 625 2987 cum
656 2931 846 2986 litteris
886 2931 1138 2986 Maxentii
1181 2930 1519 3000 imperatoris
1542 2938 1596 2984 et
1620 2929 1811 2984 litteris

210 3026 456 3097 praefecti
484 3024 731 3092 prrctorio
752 3023 818 3077 ad
840 3022 1148 3093 prtefectum
1172 3021 1338 3088 urbis,
1358 3031 1411 3076 ut
1432 3036 1493 3075 ea
1512 3020 1814 3091 reciperent

209 3133 338 3191 qua:
367 3127 616 3186 tempore
655 3114 1041 3184 persecutionis
1070 3113 1247 3169 ablata
1283 3121 1610 3169 memoratus
1640 3112 1811 3180 impc-

208 3223 367 3272 ntor
392 3210 709 3267 Christianis
733 3209 969 3279 jusserat
997 3208 1168 3263 reddi.
1216 3207 1287 3263 Et
1326 3222 1449 3263 cum
1492 3206 1576 3260 his
1601 3220 1813 3277 quoque

207 3306 384 3378 gestis
411 3304 616 3359 nullum
660 3302 971 3358 Melcltiadis
996 3302 1200 3357 crimen
1240 3309 1295 3356 et
1323 3301 1595 3371 Cognitori
1626 3309 1679 3354 et
1707 3299 1811 3355 Ca—

210 3398 440 3458 tliolicis
463 3396 829 3452 defensoribus
856 3403 1140 3465 appareret
1159 3435 1173 3461 ,
1203 3393 1456 3455 dixerunt
1485 3391 1773 3446 Donatistae
1793 3433 1808 3458 ,

211 3491 531 3549 Stratonem
571 3489 853 3545 diaconum
873 3531 888 3557 ,
917 3502 1076 3558 quem
1102 3501 1225 3542 cum
1251 3486 1369 3541 aliis
1395 3483 1715 3540 Melchiades
1745 3482 1812 3538 ad

209 3570 529 3653 recipienda
578 3582 689 3637 loca
735 3581 1098 3637 ecclesiastica
1144 3580 1399 3647 miserat,
1443 3575 1812 3648 superioribus

209 3678 390 3750 gestis
432 3676 710 3731 recitatum
746 3690 867 3731 esse
910 3674 1257 3738 traditorem;
1303 3680 1358 3727 et
1404 3670 1525 3726 ideo
1564 3669 1814 3726 volebant

209 3773 382 3827 etiam
406 3769 756 3825 Melchiadem
778 3769 1005 3824 crimine
1025 3766 1325 3822 traditionis
1347 3778 1650 3835 aspergere,
1672 3761 1815 3833 quod

212 3865 453 3921 diacono
480 3864 571 3919 illo
601 3879 708 3918 non
734 3863 1022 3934 dcgradato
1053 3870 1313 3917 uteretur.
1348 3861 1403 3915 In
1437 3858 1813 3930 prosecutione

213 3968 403 4014 autem
444 3972 537 4011 sua
582 3957 835 4012 dixerunt
876 3955 1221 4011 Melchiadem
1255 3953 1469 4008 tertium
1500 3953 1812 4021 episcopum

212 4046 392 4103 fuisse
419 4048 486 4101 ab
514 4047 623 4113 illo,
654 4048 741 4118 qui
770 4056 896 4102 tunc
918 4054 1178 4101 eratcum
1207 4043 1420 4099 traditio
1452 4045 1538 4099 illa
1568 4042 1706 4098 facta
1728 4058 1814 4097 cs-

214 4147 325 4195 set.
356 4139 457 4194 Hic
482 4138 740 4208 Cognitor
765 4138 1061 4208 requisivit,
1086 4146 1264 4192 utrum
1288 4136 1474 4191 saltem
1509 4136 1559 4190 in
1584 4135 1686 4190 illis
1710 4145 1815 4189 tra-

215 4230 446 4286 ditionis
464 4231 630 4300 gestis
650 4237 795 4284 esset
810 4244 1145 4298 expressum,
1166 4228 1305 4299 quod
1325 4228 1539 4283 Straton
1559 4228 1816 4282 diaconus

217 4322 405 4377 fuerit.
437 4320 504 4374 Et
539 4320 815 4374 recitatum
841 4330 923 4374 est
951 4336 1070 4375 eum
1097 4321 1401 4373 hortatorem
1420 4320 1705 4373 vanissima:
1725 4335 1813 4374 su-

219 4413 541 4485 perstitionis
569 4412 889 4482 appellatum
922 4429 934 4463 :
966 4412 1107 4482 quod
1154 4426 1263 4467 non
1316 4411 1490 4465 solum
1535 4413 1649 4481 ipse
1671 4452 1685 4478 ,
1719 4411 1817 4466 sed

218 4509 391 4563 etiam
420 4505 599 4559 caeteri
622 4504 711 4575 qui
739 4504 1035 4567 tradebant,
1059 4503 1481 4573 appellabantur.
1510 4502 1616 4558 Sed
1642 4503 1815 4557 Dona-

219 4602 370 4654 tista:
417 4596 837 4666 responderunt,
867 4611 899 4650 a
940 4595 1241 4651 Gentilibus
1286 4595 1717 4665 persecutoribus
1763 4594 1816 4650 in

220 4691 614 4749 contumeliam
642 4689 915 4760 religionis
936 4698 992 4745 et
1011 4688 1265 4745 diaconos
1296 4699 1349 4744 et
1378 4689 1724 4760 presbyteros
1746 4689 1816 4743 ita

220 4784 510 4842 vocitatos.

301 4877 395 4933 35.
426 4875 566 4946 Ergo
597 4872 857 4931 Catholici
894 4870 1315 4942 responderunt,
1345 4885 1465 4927 cum
1489 4871 1681 4925 mirum
1712 4884 1817 4925 non

222 4976 412 5035 esset,
442 4976 689 5037 essetque
717 4967 771 5021 in
798 4964 959 5020 rebus
990 4963 1237 5018 humanis
1274 4956 1681 5017 usitatissimum
1701 5002 1717 5029 ,
1759 4970 1822 5016 ut

224 5076 342 5119 non
386 5060 493 5116 duo
539 5068 742 5115 tantum
763 5099 778 5127 ,
816 5071 1003 5114 verum
1031 5056 1191 5112 etiam
1222 5055 1402 5127 plures
1431 5056 1675 5111 homines
1713 5070 1821 5110 uno

226 5155 452 5213 nomine
476 5159 821 5219 vocarentur;
850 5151 964 5206 ﬁeri
993 5148 1209 5223 quidem
1234 5147 1472 5220 potuisse
1503 5157 1559 5203 ut
1594 5148 1681 5203 ille
1708 5156 1821 5203 tra-

144 5289 149 5306 .
232 5249 384 5307 diter
409 5246 626 5303 Straton
650 5245 933 5318 presbyter
956 5244 1148 5314 fuerit,
1177 5246 1278 5302 iste
1301 5251 1481 5300 autem
1511 5242 1647 5299 alius
1669 5241 1822 5299 Stra-

300 5452 317 5484 ι
351 5457 540 5500 ncesse
562 5445 808 5512 quidem.
843 5442 1053 5512 νίᾴειιιε-
1073 5448 1213 5512 Ferte
1246 5449 1373 5512 rost.
1415 5440 1722 5512 miserant;
1752 5439 1828 5510 ls-

233 5514 475 5578 gendtnn,
499 5504 694 5573 quiadd
723 5505 910 5578 bidueti
931 5504 991 5578 ob
1179 5510 1319 5578 testes
1340 5516 1510 5578 reaper:

234 5568 568 5634 Ewciliariuin,
591 5579 686 5623 etc.
712 5580 823 5621 Nam
843 5570 906 5620 de
932 5568 1024 5617 hac
1044 5568 1101 5634 re
1124 5574 1322 5634 thatus
1344 5568 1427 5616 lib.
1452 5570 1473 5615 1
1498 5580 1516 5634 _:
1546 5582 1573 5634 ε
1590 5570 1778 5625 Testes,
1800 5580 1823 5634 ξ

1110 498 1537 564 BREVICULUS
1571 495 2018 561 COLLATIONIS
2042 499 2185 561 CUM
2223 502 2643 566 DONATISTIS.

1512 5501 1831 5554 dermteeitt

3396 509 3502 569 646

1928 627 2018 673 ton
2047 617 2304 678 diaconus
2329 639 2341 676 :
2366 625 2616 694 quoniam
2652 623 2943 683 Donatistae
2965 623 3219 683 dixerant
3242 631 3297 682 et
3320 624 3502 687 diaco-

1919 727 2016 767 nos
2042 721 2096 768 et
2133 713 2474 784 presbyteros
2497 718 2800 774 hortatores
2824 718 3127 774 vanissima:
3155 719 3495 789 superstitio-

1917 803 2002 858 nis
2022 818 2051 857 a
2072 802 2372 860 Gentilibus
2396 809 2652 878 appellari
2677 828 2691 864 :
2723 825 3025 882 quanquam
3055 826 3243 867 omnes
3271 811 3497 869 clericos

1918 895 2023 951 isto
2058 899 2448 955 contumelioso
2486 902 2704 959 nomine
2747 901 2983 960 Gentiles
3011 904 3281 974 appellare
3314 912 3504 973 potue-

1918 986 2045 1053 rint,
2074 995 2127 1043 et
2144 988 2313 1044 multo
2331 999 2477 1047 esset
2499 991 2755 1049 incertius
2773 993 2924 1063 cujus
2946 993 3141 1065 gradus
3163 993 3393 1052 clericus
3415 994 3506 1052 ille

1919 1077 2142 1133 traditor
2178 1078 2339 1135 fuerit
2362 1099 2377 1136 :
2398 1092 2764 1140 verumtamen
2802 1086 3013 1141 etiamsi
3051 1100 3174 1144 eum
3210 1085 3501 1144 diaconum

1916 1168 2084 1226 fuisse
2112 1182 2296 1241 posset
2328 1176 2572 1247 ostendi,
2606 1191 2779 1248 neque
2802 1178 2903 1234 hoc
2925 1192 3049 1235 esse
3072 1178 3385 1237 incredibile
3412 1188 3505 1236 aut

1916 1262 2133 1328 mirum,
2162 1279 2283 1320 cum
2308 1275 2436 1323 ante
2460 1281 2681 1337 parvum
2710 1276 2919 1340 tempus
2946 1270 3003 1327 in
3029 1271 3145 1341 ipsa
3171 1271 3305 1329 urbe
3329 1271 3502 1328 Roma

1916 1352 2023 1409 duo
2044 1354 2186 1411 Petri
2204 1356 2413 1413 diaconi
2439 1357 2658 1417 fuerint.
2687 1360 2824 1417 Illud
2848 1377 3061 1433 quoque
3088 1363 3328 1421 additum
3358 1373 3442 1419 est
3471 1377 3501 1418 a

1918 1446 2234 1517 Catholicis,
2267 1451 2388 1520 quia
2435 1452 2538 1507 etsi
2579 1452 3054 1521 demonstraretur,
3094 1454 3241 1525 quod
3280 1454 3503 1511 omnino

1914 1555 2025 1597 non
2066 1534 2553 1612 demonstrabatur,
2582 1546 2835 1603 eumdem
2876 1545 3179 1605 Skatonem
3214 1548 3503 1606 diaconum

1916 1635 2218 1702 tradidisse,
2237 1634 2601 1709 quem‘postea
2619 1638 2941 1696 Nelcbiades
2964 1639 3033 1697 ad
3055 1639 3360 1711 recipienda
3380 1640 3500 1698 loca

1916 1726 2277 1783 ecclesiastica
2317 1744 2441 1785 cum
2482 1728 2602 1786 aliis
2635 1730 2877 1787 diaconis
2913 1732 3081 1798 misit,
3110 1746 3219 1788 non
3244 1732 3501 1790 continuo

1916 1819 2266 1876 Ielchiadern
2292 1822 2395 1878 isto
2423 1823 2649 1880 crimine
2678 1825 2908 1896 aspergi,
2936 1840 3096 1895 quem
3120 1825 3294 1896 potuit
3319 1839 3505 1896 perse-

1916 1914 2059 1969 cutio
2090 1916 2245 1985 longe
2270 1915 2445 1972 facere
2472 1917 2770 1983 absentem,
2800 1928 2857 1974 ut
2880 1918 2984 1973 hoc
3006 1919 3229 1974 omnino
3251 1919 3502 1986 nesciret,

1918 2018 2146 2074 eumque
2174 2006 2511 2062 innocentem
2544 2017 2774 2077 putaret,
2798 2024 2957 2079 quem
2985 2024 3146 2065 nemo
3172 2025 3324 2066 reum
3347 2024 3507 2065 aecu-

1915 2095 2085 2151 sando
2101 2106 2444 2153 monstraret.
2464 2097 2662 2154 Contra
2685 2100 2772 2154 hic
2792 2102 2985 2157 frustra
3006 2086 3297 2157 Donatistae
3315 2102 3505 2158 eadem

1916 2204 2013 2259 per
2037 2189 2226 2245 eadem
2255 2190 2555 2248 diutissime
2578 2192 2969 2250 clamaverunt.

1990 2279 2077 2334 56.
2120 2280 2247 2335 Post
2270 2281 2623 2337 Collationem
2649 2297 2783 2339 sane
2806 2284 2969 2339 etiam
2994 2284 3061 2339 de
3082 2284 3343 2340 Cassiane
3378 2284 3509 2341 Melo

1916 2370 2090 2425 chiadi
2119 2372 2427 2428 calumniati
2453 2382 2610 2440 sunt,
2653 2375 2778 2444 quia
2804 2376 2965 2431 etiam
2992 2376 3094 2431 hoc
3124 2390 3319 2431 nomen
3358 2384 3413 2430 et
3450 2375 3506 2431 in

1917 2462 2154 2519 diaconis
2181 2464 2468 2532 invenitur,
2496 2478 2631 2535 quos
2653 2465 2717 2520 ad
2747 2465 3058 2536 praefectum
3082 2468 3228 2522 misit
3253 2466 3507 2524 Melchia-

1916 2554 2047 2621 des,
2078 2566 2132 2610 ct
2176 2556 2228 2611 in
2270 2558 2374 2612 illis
2414 2557 2582 2628 gestis
2620 2558 2709 2612 ubi
2736 2557 2872 2613 facta
2900 2558 3114 2614 traditio
3138 2560 3356 2617 recitata
3395 2566 3501 2615 est.

1916 2648 2070 2715 Quod
2100 2650 2144 2703 si
2175 2651 2227 2705 in
2255 2650 2551 2707 Collatione
2579 2652 2839 2718 dicerent,
2874 2653 3026 2708 facile
3056 2653 3227 2723 potuit
3256 2652 3506 2709 aCatbe-

1918 2742 2033 2798 iicis
2058 2745 2405 2814 responderi,
2445 2747 2498 2801 in
2528 2752 2671 2801 tanta
2699 2748 2851 2802 turba
2880 2748 3245 2803 Romanorum
3276 2748 3505 2803 clerico-

1918 2849 2036 2889 rum
2064 2834 2195 2888 nihil
2224 2837 2415 2891 mirum
2442 2837 2608 2893 fuisse
2636 2838 2681 2893 si
2709 2837 2813 2893 duo
2835 2838 2918 2893 vel
2948 2838 3157 2909 plures,
3191 2852 3298 2892 non
3333 2836 3506 2893 solum

1918 2930 2226 3000 Stratoncs,
2261 2932 2354 2987 sed
2388 2933 2550 2988 etiam
2583 2932 2824 2989 Cassiani
2862 2933 3258 3002 reperirentur;
3291 2946 3412 2988 cum
3452 2931 3507 2986 in

1918 3022 2198 3079 duodecim
2231 3026 2523 3095 Apostolis,
2551 3041 2655 3081 non
2682 3026 2856 3081 solum
2878 3025 2984 3081 duo
3014 3025 3166 3081 Judze
3184 3068 3200 3093 ,
3226 3025 3322 3080 sed
3345 3025 3507 3079 etiam

1918 3118 2024 3173 duo
2049 3117 2230 3174 Jacobi
2262 3120 2564 3190 legerentur
2585 3136 2596 3173 :
2617 3119 2719 3174 nisi
2751 3118 2887 3174 forte
2908 3119 3037 3189 ipsis
3061 3118 3296 3173 licuisset
3310 3116 3510 3173 Cesen-

1920 3225 2031 3265 sem
2062 3225 2092 3264 a
2122 3211 2327 3265 Donato
2355 3211 2763 3282 Carthaginensi
2798 3210 3128 3281 distinguere
3147 3251 3163 3277 ,
3195 3224 3317 3265 cum
3347 3209 3509 3264 time-

1920 3313 2041 3359 rent
2064 3319 2131 3359 ne
2154 3305 2323 3373 major
2345 3313 2531 3359 auctor
2558 3306 2795 3375 ipsorum
2819 3304 3054 3358 Donatus
3075 3301 3509 3373 Carthaginensie

1919 3396 2199 3452 damnatus
2227 3398 2277 3451 in
2304 3397 2617 3454 Melchiadis
2652 3397 2854 3469 judicio
2885 3404 3192 3468 putaretur;
3228 3405 3282 3451 et
3305 3395 3507 3451 Cathoa

1920 3488 2039 3544 licis
2062 3502 2168 3543 non
2199 3489 2384 3544 liceret
2408 3489 2463 3543 in
2488 3498 2632 3544 tanta
2661 3488 3003 3545 multitudine
3033 3488 3355 3544 clericorum
3395 3486 3510 3542 Ro-

1921 3594 2200 3635 manorum
2230 3580 2426 3636 habere
2453 3582 2633 3652 plures
2660 3581 2926 3636 similibus
2952 3580 3259 3635 nominibus
3280 3577 3512 3649 appella-

1920 3682 2026 3730 tos.
2074 3673 2289 3729 Falsum
2337 3675 2480 3730 enim
2529 3683 2646 3729 erat
2693 3674 2833 3745 quod
2882 3673 3173 3729 Donatista!
3222 3672 3509 3737 dixerant,

1921 3766 2211 3822 convenire
2237 3780 2513 3836 personas,
2540 3766 2832 3819 convenire
2858 3766 2996 3829 loca,
3020 3761 3305 3818 convenire
3331 3761 3512 3831 regie-

1923 3877 2019 3917 ncs
2042 3878 2056 3916 :
2081 3860 2291 3931 quando
2312 3875 2411 3914 nec
2442 3860 2695 3928 loca,fnec
2713 3859 2977 3929 regiones,
3010 3871 3108 3912 nec
3130 3856 3259 3927 ipsae
3280 3868 3507 3925 expres-

1922 3966 1996 4006 sa:
2018 3966 2364 4022 personarum
2394 3950 2678 4020 dignitates
2704 3949 2771 4004 de
2799 3950 3035 4019 utrisque
3059 3948 3244 4019 gestis,
3270 3945 3365 4002 sed
3393 3947 3509 4002 sola

1928 4047 2200 4101 nominum
2242 4042 2609 4099 convenientia
2649 4042 2944 4113 legebatur,
2991 4056 3149 4112 quam
3192 4042 3244 4097 in
3284 4040 3511 4096 diversis

1925 4137 2170 4207 pcrsonis
2196 4137 2409 4207 generis
2434 4136 2651 4190 humani
2677 4133 3010 4191 consuetudo
3035 4134 3374 4203 frequentare
3403 4146 3509 4188 non

1923 4238 2113 4283 Cessat.

1995 4320 2221 4376 CAPUT
2261 4319 2407 4375 XIX.
2429 4350 2502 4361 —
2530 4319 2618 4375 37.
2648 4319 2920 4391 Spernens
2945 4318 3124 4389 itaque
3148 4316 3403 4389 Cognitor
3425 4316 3510 4373 in-

1924 4412 2250 4469 ccrtissimas
2296 4412 2668 4484 suspiciones,
2713 4410 2877 4483 jussit
2920 4410 3119 4482 aliquid
3166 4410 3506 4466 manifestum

1924 4515 2107 4562 contra
2135 4506 2221 4561 illa
2250 4514 2397 4577 gesta
2428 4504 2692 4576 proferri,
2720 4513 2810 4559 aut
2839 4513 2985 4560 certe
3006 4502 3340 4559 Constantini
3366 4501 3509 4573 judi-

1925 4600 2086 4668 cium,
2111 4600 2261 4669 cujus
2285 4599 2485 4654 mentio
2512 4598 2619 4669 jam
2643 4598 2777 4653 facta
2801 4596 2991 4663 fuerat,
3016 4594 3248 4652 recitari.
3279 4595 3344 4651 Et
3376 4595 3516 4651 reci-

1928 4703 2093 4749 tatum
2134 4701 2216 4748 est
2251 4691 2508 4762 judicium
2551 4687 2920 4753 Constantini,
2966 4684 3414 4757 quemadmodum
3456 4698 3514 4741 se

1926 4785 2070 4841 inter
2096 4792 2273 4855 partes
2296 4796 2511 4837 causam
2536 4779 2803 4836 Caeciliani
2842 4780 3183 4850 cognovisse,
3212 4777 3278 4833 ad
3313 4776 3514 4833 Euma-

1927 4876 2055 4931 lium
2082 4875 2339 4929 vicarium
2365 4872 2559 4927 Africa:
2587 4871 2908 4940 scripsisset,
2939 4870 3082 4942 quod
3112 4870 3331 4925 remotis
3351 4867 3519 4923 omni-

1928 4971 2029 5025 bus
2054 4967 2270 5024 arbitris
2298 4966 2640 5023 Czecilianum
2673 4965 3037 5033 innocentem,
3065 4964 3191 5021 illos
3218 4962 3515 5019 calumnio-

1930 5062 2171 5119 sissimos
2192 5057 2507 5130 cognovisse
2531 5065 2751 5113 testatus
2772 5066 2853 5115 est
2868 5074 2882 5124 ;
2900 5067 3329 5114 commemorans
3349 5053 3516 5109 etiam

1932 5155 1984 5210 in
2017 5150 2316 5208 Arelatensi
2334 5150 2532 5221 oppido
2564 5165 2659 5220 pro
2682 5149 2967 5206 Ctrciliano
2992 5148 3186 5204 factum
3217 5144 3519 5215 episcopale

1929 5247 2209 5321 judicium,
2236 5244 2323 5301 cui
2345 5242 2547 5315 judicio
2569 5241 2679 5314 jam
2704 5241 2920 5314 plurimi
2941 5256 3008 5296 ex
3030 5237 3366 5295 dissensione
3390 5251 3522 5293 con-

1934 5345 2245 5405 senserant,
2276 5336 2502 5409 reliquis
2530 5334 2704 5392 adhuc
2730 5331 3089 5389 resilientibus
3117 5338 3172 5387 et
3199 5327 3518 5385 discordan-

1938 5436 2117 5491 tibus:
2146 5432 2287 5489 unde
2326 5434 2439 5506 ipse
2464 5430 2531 5487 de
2560 5445 2622 5486 re
2652 5438 2760 5484 tota
2795 5428 2939 5485 inter
2973 5432 3155 5496 partes
3180 5432 3394 5479 coactus
3435 5428 3523 5478 est

1934 5527 2195 5604 judicare.
2234 5525 2362 5584 Post
2387 5524 2577 5580 harum
2604 5519 2959 5592 imperialium
2993 5517 3291 5575 litterarum
3321 5515 3522 5572 recita-

234 5609 1833 5699 Eiii't'fiiaié’uét?{ﬁnitimae'siitiiéé'abtitasﬁﬁied
1942 5622 2163 5687 tionem,
2196 5618 2438 5692 qumsivit
2466 5615 2722 5686 Cogniter
2758 5628 2792 5667 a
2830 5610 3122 5667 Donatistis
3163 5609 3289 5681 quid
3334 5616 3524 5663 contra

243 5716 270 5746 ι
297 5689 347 5749 ἱίι
368 5689 671 5761 Caecilianum
689 5689 929 5761 dicerent.
950 5709 972 5739 ι
1002 5699 1056 5743 Et
1087 5691 1228 5755 paulo
1264 5700 1371 5761 post
1406 5689 1678 5761 atelcliiadis
1704 5689 1835 5750 judi-

238 5762 370 5810 cium
393 5760 587 5823 subjicit
609 5760 657 5808 in
689 5758 794 5808 haec
812 5757 964 5807 verba
988 5769 999 5805 :
1037 5774 1059 5803 cr
1077 5750 1196 5823 Cum
1213 5750 1491 5823 constiterit
1510 5750 1834 5823 qaaeilianum,

248 5839 272 5869 ι
297 5823 358 5873 ab
382 5824 442 5871 iis
465 5815 547 5885 qui
571 5834 680 5885 cum
695 5827 875 5870 Donato
897 5824 1166 5885 venerunt,
1180 5818 1317 5880 juxta
1334 5815 1687 5885 professionem
1701 5825 1837 5863 suam

249 5901 274 5931 ι
298 5899 393 5934 non
416 5877 649 5943 accusari,
675 5895 769 5931 nec
787 5895 815 5931 a
832 5888 1012 5931 Donato
1031 5877 1301 5943 convictum
1318 5877 1429 5929 esse
1452 5880 1502 5927 in
1518 5877 1676 5939 aliqua
1700 5885 1837 5940 parte

251 5962 275 5992 ι
298 5948 587 6004 constiterit,
612 5942 713 5994 suae
750 5945 1071 5995 communioni
1105 5942 1443 5994 ecclesiasticae
1483 5945 1674 6003 integre
1714 5949 1838 5989 statu

252 6024 277 6066 ι
300 6006 611 6062 retinendum
633 6008 809 6059 merito
834 6018 945 6058 esse
968 6018 1164 6055 censeo.
1187 6021 1209 6052 ι

1942 5716 2201 5774 dicerent.
2246 5712 2323 5769 lbl
2366 5708 2655 5767 Donatistae
2684 5719 2869 5761 rursus
2911 5702 2979 5760 ad
3022 5699 3336 5759 Melcbiadis
3381 5700 3527 5757 cuius
3588 5780 3591 5781 ν

1946 5811 2210 5867 mniosam
2229 5802 2655 5863 criminationem
2680 5799 2858 5856 redire
2870 5798 3049 5855 conati
3071 5804 3199 5854 sunt
3216 5813 3230 5854 :
3248 5794 3389 5852 unde
3406 5808 3529 5849 eum

1950 5912 2132 5961 essent
2151 5897 2452 5971 Cognitoris
2479 5892 2891 5951 interlocutione
2916 5890 3144 5965 depulsi,
3171 5897 3227 5948 et
3249 5887 3316 5944 ab
3340 5886 3421 5944 eis
3446 5899 3529 5941 es~

1957 6006 2039 6054 set
2067 5994 2378 6066 ﬂagitatum,
2402 5998 2463 6045 ut
2487 5996 2670 6046 contra
2698 5987 2953 6061 judicium
2976 5982 3307 6054 Melchiadis,
3328 5978 3415 6036 vel
3434 5976 3508 6034 im
