4010 6470
514 509 617 575 04⁸1

513 631 780 703 perialem
807 623 1141 687 sententiam,
1169 620 1216 676 si
1241 619 1501 675 haberent
1528 617 1751 688 aliquid,
1779 616 2097 680 recitarent;

515 720 945 793 responderunt,
977 715 1135 770 etiam
1181 711 1550 782 imperatorias
1579 723 1736 764 aures
1766 707 1942 778 pravis
1971 719 2102 774 sug-

517 810 849 884 gestionibus
878 805 1108 861 inflatas.
1134 802 1209 858 Ibi
1243 802 1322 858 eis
1345 799 1600 871 Cognitor
1627 800 1935 869 respondit,
1958 795 2102 867 quod

517 900 873 958 attentissime
894 899 1214 963 adverterat,
1237 895 1381 950 inter
1399 901 1578 964 partes
1604 891 1767 947 fuisse
1783 891 2100 960 iudicatum.

517 997 588 1049 At
618 993 694 1048 illi
723 992 938 1060 exigere
965 994 1264 1058 cmperunt,
1297 993 1358 1040 ut
1385 985 1488 1040 hoc
1515 986 1797 1054 legeretur,
1831 991 2006 1036 utrum
2033 982 2106 1036 in-

516 1094 600 1140 ter
644 1093 826 1154 partes
862 1080 1181 1152 iudicaverit
1227 1078 1541 1148 Imperator.
1591 1075 1744 1144 Quod
1768 1089 1889 1130 cum
1919 1073 2108 1128 fuisset

514 1178 806 1248 Cognitore
844 1174 1064 1245 iubente
1091 1174 1368 1227 recitatum
1391 1211 1407 1238 ,
1436 1169 1568 1224 nihil
1599 1169 1935 1223 invenientes
1960 1165 2105 1236 quod

516 1270 790 1333 dicerent,
819 1273 1096 1338 coeperunt
1124 1264 1192 1320 de
1225 1262 1452 1319 consule
1478 1261 1790 1316 memoratis
1817 1259 2108 1330 imperiali-

520 1365 620 1420 bus
669 1361 862 1418 litteris
903 1359 1250 1422 calumniari;
1283 1356 1426 1427 quod
1471 1356 1589 1410 sine
1633 1353 1854 1410 consule
1903 1351 2110 1407 fuerant

517 1457 778 1513 recitatae.
805 1453 940 1509 Hinc
968 1459 1158 1508 exorto
1183 1448 1433 1504 conﬂictu
1452 1489 1468 1516 ,
1499 1461 1621 1504 cum
1651 1444 1941 1500 Donatistae
1969 1442 2106 1497 invi-

518 1548 672 1603 diose
724 1545 968 1600 dicerent
1019 1539 1324 1612 episcopale
1375 1537 1658 1593 concilium
1713 1549 1834 1607 cum
1891 1533 2108 1590 consule

517 1639 686 1695 fuisse
702 1636 1011 1701 recitatum,
1029 1640 1087 1689 et
1113 1629 1452 1702 Imperatoris
1473 1629 1679 1684 litteras
1697 1625 1974 1683 consulem
2001 1639 2108 1679 non

518 1729 758 1793 habere;
797 1734 852 1781 et
885 1723 1148 1780 Catholici
1199 1718 1610 1791 respOnderent,
1635 1731 1740 1772 non
1782 1716 1855 1771 ibi
1892 1729 2108 1772 causam

516 1819 814 1875 consistere
841 1834 855 1869 :
878 1815 1133 1885 Cognitor
1153 1812 1313 1868 etiam
1340 1810 1695 1866 interlocutus
1714 1816 1799 1862 est
1820 1807 2110 1862 evidentis-

519 1910 674 1966 simis
693 1908 898 1978 legibus
917 1905 1217 1969 definitum,
1243 1901 1542 1972 imperialia
1565 1899 1876 1965 constituta,
1899 1897 2108 1951 etiamsi

519 2000 770 2056 consules
817 2013 925 2052 non
973 1997 1314 2066 legerentur,
1364 1993 1418 2046 in
1467 1991 1687 2045 dubium
1746 2003 1852 2042 non
1905 1989 2106 2042 vocari.

522 2089 728 2146 Deinde
754 2087 1012 2141 Catholici
1039 2085 1321 2155 urgebant,
1351 2090 1409 2135 ut
1437 2091 1619 2150 aperte
1646 2079 1888 2134 dicerent
1915 2078 2108 2133 falsum

521 2195 643 2236 esse
667 2177 808 2249 quod
840 2178 1036 2231 lectum
1068 2185 1178 2238 est;
1209 2188 1369 2244 posse
1397 2174 1413 2205 ⁸
1437 2173 1579 2227 enim
1605 2171 1820 2226 archiva
1844 2169 2106 2239 conquiri.

591 2268 818 2326 CAPUT
864 2265 978 2321 XX.
1003 2295 1072 2305 —-
1100 2264 1188 2320 58.
1219 2263 1323 2319 Sed
1347 2263 1471 2316 hinc
1490 2260 1714 2331 repulsi,
1736 2259 1884 2315 velut
1910 2257 2109 2329 aliquid

519 2360 902 2416 validissimum
931 2355 1210 2428 prolaturi,
1237 2355 1505 2426 petierunt
1533 2353 1783 2422 Optatum
1811 2351 1934 2422 legi,
1959 2350 2107 2420 quod

518 2463 575 2510 et
603 2462 727 2507 ante
755 2452 1084 2522 petiverant;
1116 2447 1256 2502 unde
1282 2462 1340 2501 se
1366 2445 1684 2515 probaturos
1713 2442 1963 2498 dicebant
1990 2441 2110 2496 Cze-

517 2545 768 2603 cilianum
799 2543 868 2599 ab
893 2543 1218 2613 Imperatore
1238 2539 1544 2595 damnatum
1570 2553 1584 2591 :
1611 2545 1666 2593 et
1685 2536 2007 2608 promissum
2031 2536 2110 2591 eis

517 2633 725 2701 fuerat,
753 2633 847 2689 sed
886 2631 1131 2686 dilatum.
1181 2630 1338 2684 Prius
1365 2643 1498 2698 ergo
1534 2627 1748 2683 volebat
1771 2625 2025 2696 Cognitor
2053 2633 2112 2682 nt

517 2727 897 2797 exprimerent,
930 2732 1108 2778 utrum
1135 2722 1340 2777 litteras
1368 2720 1739 2790 imperatorias
1759 2733 1985 2789 arguere
2009 2717 2112 2773 fal-

464 2825 477 2833 “
517 2821 692 2878 sitatis
721 2818 999 2875 auderent.
1024 2816 1178 2884 Quod
1208 2815 1425 2886 quidem
1454 2814 1531 2870 illi
1557 2815 1779 2870 minime
1806 2813 2106 2881 audebant,

517 2921 699 2969 tamen
747 2912 1095 2967 nihilominus
1136 2909 1410 2965 consulem
1453 2907 1643 2963 deesse
1689 2905 2106 2962 invidiosissime

520 3006 880 3061 causabantur
906 3021 920 3058 ε
949 3003 1202 3073 Optatum
1230 3016 1361 3056 vero
1388 3001 1490 3071 legi
1517 3000 1686 3054 multo
1714 2998 1996 3054 instantius
2023 2996 2112 3052 lla-

520 3094 779 3167 gitabant.
817 3095 942 3150 Haec
985 3109 1107 3150 cum
1146 3091 1344 3147 diutius
1374 3099 1683 3161 agerentur,
1716 3090 1769 3144 in
1796 3090 1900 3144 alia
1925 3088 2108 3144 charta

519 3187 732 3244 illarum
764 3186 1120 3257 imperialium
1151 3184 1450 3239 litterarum
1491 3183 1740 3237 inventus
1779 3191 1861 3237 est
1897 3180 2106 3236 consul.

519 3277 678 3346 Quod
723 3293 843 3334 cum
891 3284 1036 3332 esset
1082 3283 1388 3346 suggestum
1414 3315 1428 3340 ,
1483 3273 1774 3328 Donatista:
1821 3271 2107 3338 dixerunt,

520 3371 667 3428 Certe
685 3370 941 3424 consulem
961 3367 1141 3423 habere
1161 3384 1264 3421 non
1287 3366 1456 3420 debuit
1478 3381 1496 3419 :
1518 3365 1666 3434 quasi
1699 3365 1801 3420 hoc
1823 3363 2109 3433 aliquando

519 3463 721 3519 dictum
737 3469 902 3530 esset,
920 3461 1060 3532 quod
1087 3460 1284 3516 habere
1311 3475 1428 3524 non
1439 3459 1712 3524 debuerit;
1741 3472 1803 3512 ac
1821 3473 1927 3512 non
1947 3457 2110 3512 etiam

518 3554 567 3609 si
595 3553 782 3609 consul
811 3551 1088 3619 defuisset,
1117 3566 1223 3605 non
1249 3548 1494 3622 impediri
1525 3549 1814 3618 imperialis
1835 3546 2109 3603 constituti

517 3646 819 3704 veritatem.
850 3644 1004 3714 Quod
1029 3659 1149 3700 cum
1183 3641 1545 3714 eisCognitor
1569 3641 1863 3696 identidem
1893 3655 2111 3711 respon-

518 3736 707 3804 discet,
737 3735 1098 3796 recitatusest
1127 3743 1182 3790 et
1209 3733 1456 3804 Optatus.
1488 3733 1858 3788 Recitantibus
1887 3732 2107 3786 Donati-

515 3828 616 3884 stis
643 3826 734 3882 ubi
763 3827 838 3880 ait
863 3845 875 3881 :
901 3825 1096 3883 Eodem
1125 3832 1348 3895 tempore
1374 3823 1508 3877 idem
1536 3822 1770 3878 Donatus
1812 3823 1950 3894 petiit
1977 3831 2031 3875 ut
2057 3822 2106 3877 ei

517 3919 699 3974 reverti
721 3917 940 3972 licuisset
961 3925 1008 3970 et
1034 3932 1124 3970 nec
1149 3915 1217 3968 ad
1251 3914 1608 3985 Carthaginem
1633 3914 1886 3968 accederet
1911 3915 1964 3979 ¹;
1993 3921 2110 3967 tunc

517 4027 552 4065 a
571 4010 874 4066 Philomeno
894 4018 1183 4081 suggestore
1201 4006 1221 4038 ³
1240 4009 1354 4079 ejus
1383 4005 1685 4077 Imperatori
1705 4015 1994 4077 suggestum
2015 4014 2106 4072 est,

516 4109 572 4156 ut
597 4102 726 4155 bono
756 4100 895 4170 pacis
923 4098 1225 4154 Caecilianus
1254 4097 1447 4151 Brixia:
1476 4097 1496 4128 ⁸
1528 4106 1816 4162 teneretur;
1847 4105 1896 4150 et
1921 4098 2110 4168 factum

517 4202 590 4248 est
616 4191 887 4262 (Optatus,
920 4191 1008 4245 lib.
1039 4189 1113 4260 ι).
1162 4188 1219 4243 In
1266 4188 1460 4258 quibus
1506 4188 1686 4243 verbis
1733 4186 1948 4257 Optati,
1988 4201 2109 4241 cum

517 4283 739 4340 omnino
766 4281 908 4335 nulla
936 4279 1210 4336 Caeciliani
1247 4279 1518 4334 damnatio
1539 4319 1554 4346 ,
1585 4279 1723 4334 sicut
1765 4279 1838 4333 illi
1881 4278 2108 4333 demon-

516 4381 783 4432 straturos
826 4387 887 4427 se
928 4386 1049 4427 esse
1095 4372 1492 4441 promiserant,
1542 4373 1766 4441 reperiri
1817 4373 2106 4442 potuisset;

516 4466 678 4537 iussit
702 4464 958 4534 Cognitor
982 4471 1147 4517 totam
1176 4465 1420 4533 paginam
1442 4463 1676 4527 recitari,
1698 4474 1759 4517 ut
1779 4462 1846 4518 de
1867 4463 2109 4533 superio-

517 4557 668 4614 ribus
694 4565 748 4611 et
777 4553 1120 4610 inferioribus
1143 4552 1320 4608 verbis
1346 4553 1591 4606 voluntas
1617 4552 1735 4622 ejus
1765 4553 1853 4623 qui
1875 4553 2107 4623 scripse-

517 4657 625 4712 rat,
659 4655 989 4702 nosceretur.
1017 4645 1086 4700 Et
1113 4660 1178 4724 ex
1204 4644 1384 4699 ofﬁcio
1409 4645 1690 4699 recitatum
1721 4652 1804 4701 est
1829 4661 1842 4698 :
1873 4643 2108 4700 Ctecilia-

518 4753 618 4792 nus
643 4737 870 4791 omnium
895 4752 1052 4806 supra
1081 4744 1470 4792 memoratarum
1494 4737 1751 4790 sententiis
1773 4735 2012 4791 innocens
2036 4745 2111 4793 est

519 4829 900 4902 pronuntiatus.
932 4827 1085 4897 Quod
1111 4843 1232 4883 cum
1264 4829 1598 4897 recitaretur,
1634 4829 1925 4885 Donatistae
1953 4830 2108 4886 dixe-

515 4932 684 4991 runt,
726 4922 827 4978 hoc
854 4937 914 4978 se
939 4937 1046 4978 non
1077 4922 1275 4992 petisse
1304 4922 1552 4990 recitari,
1581 4921 1980 4979 stomachantes
2009 4921 2101 4977 ad-

513 5029 704 5070 versus
732 5029 825 5068 eos
849 5013 938 5084 qui
968 5013 1133 5068 risum
1161 5021 1346 5081 tenere
1373 5028 1478 5068 non
1515 5022 1796 5083 potuerant
1814 5055 1829 5080 ,
1860 5029 1980 5070 cum
2009 5029 2106 5068 au-

515 5107 722 5163 dissent
769 5121 927 5176 quam
980 5114 1221 5176 apertam
1266 5115 1453 5161 contra
1497 5107 1814 5178 semetipsos
1858 5106 2104 5178 paginam

514 5201 882 5272 protulissent.
908 5199 1130 5264 Deinde,
1155 5214 1275 5259 cum
1306 5199 1409 5255 illis
1431 5199 1609 5254 verbis
1634 5215 1754 5271 qua:
1779 5200 1882 5270 ipsi
1909 5201 2105 5256 recita-

516 5301 736 5357 vcrant,
781 5299 1100 5347 extenuasse
1139 5290 1381 5347 dicerent
1422 5289 1672 5362 Optatum
1709 5290 2104 5348 damnationem

577 5425 596 5455 ι
634 5421 766 5484 Αριιά
791 5429 913 5482 Am.,
939 5427 1143 5485 possent.

575 5487 602 5551 Ἀ
630 5483 872 5551 Hactenus
895 5483 946 5551 in
967 5486 1102 5546 prius
1125 5484 1285 5544 editis,
1308 5491 1355 5534 et
1376 5485 1441 5536 ad
1464 5483 1800 5551 Carthaginem
1821 5487 2106 5551 accederet;

511 5548 686 5610 omissa
713 5543 983 5610 particula;
999 5557 1105 5604 nec,
1138 5543 1286 5610 quam
1297 5543 1662 5610 rGermanensis"
1684 5549 1993 5610 manuscripti
2016 5543 2104 5598 au:-

512 5609 752 5673 ctoritate
772 5607 1089 5673 restituimus.
1125 5606 1234 5656 Nam
1272 5606 1835 5673 licentiam__revertendi
1858 5606 2104 5673 Carthagi-

513 5681 647 5738 nem,
674 5668 756 5716 ubi
793 5668 999 5738 schisma
1023 5671 1222 5738 fecerat,
1247 5677 1477 5738 penatum
1500 5670 1634 5719 illum
1669 5672 1777 5738 iam
1805 5668 2100 5738 damnatum,

515 5735 567 5776 et
585 5728 714 5798 hunc
727 5728 924 5798 quidem
946 5743 1042 5777 non
1063 5730 1372 5798 carthaginis,
1392 5732 1478 5781 sed
1488 5728 1978 5798 casarum-siparum
1999 5728 2103 5798 θρὶέ

511 5795 728 5860 siquam,
753 5796 926 5860 petere
946 5802 1116 5860 ausum
1139 5791 1290 5840 fuisse
1312 5805 1460 5842 nemo
1482 5793 1621 5844 facile
1643 5791 1919 5844 crediderit.

578 5850 599 5914 ξ
631 5850 703 5914 sic
724 5851 935 5914 antiquet
956 5851 1210 5914 editiones.
1238 5859 1292 5900 At
1312 5861 1510 5914 Optatus
1533 5862 1585 5905 et
1608 5868 1673 5904 ex
1698 5867 1760 5904 eo
1781 5857 2102 5909 Lovanienses

520 5907 873 5973 subetituerun't
891 5910 984 5969 hic,
1007 5913 1334 5973 sumagatore.

580 5969 766 6035 ‘Apud
786 5972 892 6028 Am;
913 5969 1186 6021 constanter
1208 5977 1438 6036 scriptum
1461 5982 1556 6038 est,
1579 5974 1762 6027 misce.

1750 489 1808 555 Β.
1839 482 2206 554 AUGUSTINI
2246 485 2551 552 EPISCOPI

2209 613 2512 679 Caeciliani,
2548 621 2604 669 et
2645 613 2949 684 exprimere
2986 610 3248 676 noluisse;
3280 604 3578 682 ﬂagitatum
3611 622 3696 667 est
3737 614 3802 667 ab

2207 707 2309 773 eis,
2340 715 2399 762 ut
2423 705 2637 761 aliunde
2663 704 3000 760 manifestum
3035 703 3292 773 legerent,
3323 701 3467 773 quod
3495 703 3567 757 ab
3595 702 3693 756 illo
3718 701 3803 756 di-

2207 807 2392 855 cerent
2418 807 2780 854 extenuatum.
2811 797 2963 866 Quod
3009 811 3130 852 cum
3179 795 3401 850 minime
3448 794 3797 864 potuissent,

2210 891 2370 946 etiam
2415 890 2536 946 inde
2584 898 2706 960 post
2746 889 3043 959 aliquantas
3083 902 3353 944 morarum
3395 887 3644 942 inanium
3680 901 3804 956 pcr—

2208 981 2523 1052 plexitates,
2552 997 2672 1037 cum
2707 988 2763 1036 et
2794 981 2862 1037 de
2904 982 3095 1037 Donati
3140 980 3360 1036 nomine
3385 979 3807 1036 contendissent

2210 1072 2350 1141 quod
2393 1087 2496 1127 non
2541 1072 3016 1144 Carthaginensis,
3064 1073 3159 1129 sed
3185 1071 3437 1129 Casensis
3467 1073 3718 1129 Donatus
3758 1073 3806 1126 in

2206 1163 2406 1233 judicio
2448 1163 2756 1219 Mclchiadis
2796 1163 3052 1219 adversus
3089 1164 3434 1220 Ctecilianum
3465 1163 3804 1228 adstitisset,

2210 1255 2352 1325 quod
2378 1264 2434 1311 et
2467 1255 2729 1311 Catholici
2760 1255 3160 1322 concedebant,
3189 1253 3478 1326 aliquando
3516 1255 3804 1309 transitum

2212 1356 2297 1403 est
2321 1347 2420 1419 (a).

2283 1438 2507 1496 CAPUT
2536 1438 2678 1494 XXI.
2705 1468 2778 1480 —
2795 1439 2886 1495 '59.
2921 1438 3123 1495 Deinde
3148 1438 3271 1509 quia
3292 1437 3636 1495 Constantini
3665 1439 3806 1496 litte-

2211 1529 2307 1596 ris,
2338 1531 2530 1601 quibus
2559 1546 2679 1586 eum
2707 1531 2848 1586 inter
2874 1540 3056 1600 partes
3081 1531 3417 1602 cognovisse,
3441 1539 3496 1585 et
3519 1546 3622 1602 pro
3643 1528 3804 1586 Caci.

2213 1619 2357 1675 liano
2380 1630 2565 1676 contra
2593 1621 2713 1676 illos
2737 1620 3006 1691 iudicasse
3027 1620 3326 1688 constabat,
3349 1620 3615 1691 Cognitor
3641 1636 3739 1678 eos
3762 1621 3807 1676 si

2209 1709 2336 1780 quid
2364 1709 2639 1778 haberent,
2671 1710 3000 1782 respondere
3026 1711 3252 1782 cogebat
3276 1729 3288 1765 :
3313 1711 3624 1782 petiverunt
3655 1727 3807 1767 suum

2213 1801 2449 1857 libellum
2479 1817 2599 1858 esse
2624 1803 2982 1871 recitandum,
3006 1818 3164 1874 quem
3187 1803 3436 1858 dicebant
3458 1803 3649 1858 datum
3669 1803 3807 1858 Con-

2213 1893 2447 1948 stantino
2476 1908 2507 1948 a
2532 1893 2823 1964 maioribus
2849 1895 2981 1949 suis.
3009 1893 3066 1949 In
3097 1910 3208 1965 quo
3237 1895 3416 1950 libello
3441 1897 3576 1950 satis
3602 1907 3809 1966 aperte-

2211 1998 2316 2054 que
2359 1994 2752 2050 monstrarunt,
2799 2000 2958 2056 quam
2981 1974 3195 2040 'falsum
3225 1984 3457 2040 dixerint
3479 1984 3551 2040 de
3579 1986 3806 2042 damna-

2212 2076 2357 2131 tione
2393 2075 2664 2131 Cazciliani
2704 2076 2845 2146 apud
2887 2075 3120 2132 Brixiam
3146 2094 3161 2132 :
3189 2075 3331 2131 idem
3364 2077 3566 2147 quippe
3592 2077 3808 2133 libellus

2211 2165 2446 2221 ostendit
2473 2166 2922 2237 quemadmodum
2951 2176 3138 2223 contra
3164 2182 3261 2222 eos
3283 2168 3514 2224 senserit
3537 2167 3807 2223 Constan-

2213 2256 2374 2311 tinus.
2405 2256 2535 2310 Nam
2568 2257 2640 2312 ibi
2663 2258 2883 2326 dicunt,
2916 2259 3068 2314 nullo
3098 2258 3259 2314 modo
3285 2274 3344 2314 se
3373 2261 3807 2316 communicatu-

2211 2366 2301 2406 ros
2330 2353 2544 2406 antistiti
2571 2353 2729 2424 ipsius
2756 2352 3026 2420 nebuloni,
3071 2361 3390 2424 paratosque
3429 2368 3554 2408 esse
3595 2354 3805 2424 perpeti

2212 2442 2466 2513 quidquid
2490 2443 2570 2498 eis
2599 2444 2772 2499 facere
2801 2443 3076 2498 voluisset.
3110 2444 3279 2509 Quem
3303 2443 3645 2498 Constantini
3672 2443 3810 2498 anti-

2212 2535 2391 2590 stitem
2432 2537 2752 2592 nebulonem
2789 2537 2970 2608 utique
2995 2537 3342 2592 Cmcilianum
3380 2536 3610 2607 intelligi
3657 2536 3806 2592 vole-

2213 2627 2359 2682 bant.
2403 2628 2681 2697 Quomodo
2710 2644 2837 2701 ergo
2869 2645 2991 2685 eum
3017 2629 3353 2686 Constantini
3384 2631 3689 2686 antistitem
3717 2630 3808 2685 di-

2213 2721 2439 2788 cebant,
2463 2722 2550 2776 cui
2591 2737 2651 2777 se
2693 2731 2877 2778 contra
2920 2722 3328 2778 Constantinum
3371 2724 3663 2793 loquentes
3701 2737 3810 2779 non

2211 2815 2607 2872 communicare
2647 2816 3035 2872 confirmabant
3056 2859 3070 2882 ,
3110 2817 3156 2872 si
3180 2831 3302 2872 eum
3325 2816 3467 2887 apud
3493 2817 3809 2872 Constanti-

2212 2922 2339 2962 num
2368 2917 2787 2979 superaverant,
2819 2911 2893 2966 ita
2923 2918 2982 2965 ut
3009 2911 3078 2966 ab
3112 2909 3202 2966 illo
3230 2911 3424 2966 Brixia:
3450 2911 3661 2966 scirent
3689 2925 3812 2973 esse

2212 2998 2558 3055 damnatum?

2281 3091 2509 3148 CAPUT
2528 3091 2696 3147 XXII.
2717 3122 2789 3132 ——-
2812 3091 2901 3148 40.
2923 3093 3054 3148 Cum
3077 3108 3208 3164 ergo
3227 3092 3487 3149 Catholici
3515 3094 3807 3160 dixissent,

2213 3183 2314 3238 hoc
2341 3198 2434 3239 eos
2455 3193 2641 3238 contra
2668 3199 2727 3239 se
2753 3185 2898 3255 ipsos
2918 3185 3192 3247 recitasse,
3217 3185 3320 3239 hoc
3341 3186 3481 3240 idem
3507 3186 3625 3257 ipse
3647 3188 3811 3242 etiam

2211 3271 2466 3344 Cognitor
2491 3282 2634 3329 esset
2658 3274 3038 3340 interlocutus;
3061 3275 3381 3330 addiderunt
3405 3277 3568 3330 etiam
3597 3277 3674 3331 illi
3697 3293 3812 3333 sua:

2211 3364 2425 3420 falsitati
2466 3365 2843 3421 convincenda:
2887 3381 3137 3436 magnum
3179 3366 3320 3420 aliud
3369 3366 3808 3438 firmamentum,

2211 3457 2498 3512 recitantes
2556 3457 2720 3526 ipsius
2765 3456 3104 3527 Constantini
3152 3457 3359 3513 litteras
3409 3459 3705 3514 scribentis
3743 3458 3812 3515 ad

2217 3547 2466 3604 Verinum
2493 3549 2768 3614 vicarium,
2799 3550 3057 3607 utlibero
3087 3550 3437 3606 eos'dimittat
3467 3551 3720 3618 arbitrio,
3753 3568 3811 3608 se

2207 3639 2434 3709 iussisse
2459 3639 2737 3694 insinuans
2764 3648 2820 3710 ut
2844 3639 2912 3694 de
2937 3640 3128 3696 exsilio
3150 3648 3456 3697 remearent
3483 3640 3581 3712 (ὁ).
3605 3641 3668 3697 In
3687 3643 3808 3713 qui-

2212 3729 2312 3785 bus
2341 3729 2532 3785 litteris
2559 3727 2938 3786 Constantinus
2964 3731 3044 3786 sic
3069 3746 3163 3786 eos
3195 3730 3493 3788 detestatur
3511 3773 3527 3801 ,
3573 3739 3638 3788 ut
3675 3731 3810 3788 nihil

2212 3820 2302 3876 illa
2322 3820 2647 3892 indulgentia
2670 3822 2839 3892 possit
2862 3821 3159 3878 deformius
3185 3824 3434 3888 inveniri.
3453 3824 3602 3892 Quos
3626 3825 3810 3897 utique

2212 3929 2320 3970 non
2349 3915 2421 3970 ita
2451 3915 2738 3986 culpasset,
2773 3917 2868 3972 sed
2895 3919 3062 3988 magis
3090 3918 3383 3986 laudasset,
3412 3920 3456 3974 si
3481 3920 3552 3976 ab
3582 3921 3666 3976 eis
3689 3919 3812 3978 Ca-

2212 4007 2438 4063 cilianus
2463 4008 2603 4078 apud
2634 4008 2778 4063 illum
2807 4010 2977 4066 victus
3003 4009 3072 4065 ab
3102 4026 3275 4082 eoque
3303 4012 3594 4069 damnatus
3614 4013 3809 4070 Brixiae

2212 4098 2559 4170 relegaretur.
2592 4101 2670 4154 Ac
2709 4115 2804 4171 per
2841 4100 2944 4157 hoc
2973 4102 3074 4158 ista
3113 4112 3298 4159 contra
3339 4119 3397 4160 se
3439 4106 3588 4176 ipsos
3627 4104 3808 4176 profe-

2212 4200 2393 4247 rentes
2433 4201 2594 4264 atque
2622 4193 2908 4250 recitantes
2929 4236 2943 4262 ,
2971 4204 3027 4251 et
3055 4211 3087 4251 a
3117 4196 3401 4252 Creciliano
3432 4213 3494 4254 se
3523 4207 3807 4269 superatos

2212 4285 2490 4339 memorati
2538 4285 2875 4355 imperatoris
2919 4286 3120 4356 iudicio
3164 4287 3607 4344 manifestissime
3652 4305 3808 4346 mon-

2212 4381 2543 4440 stravcrunt;
2589 4384 2644 4430 et
2679 4389 2830 4431 suam
2862 4377 3186 4446 falsitatem,
3230 4393 3334 4448 qua
3383 4394 3506 4434 eum
3559 4379 3806 4436 dicebant

2213 4481 2332 4521 esse
2377 4466 2683 4522 damnatum
2706 4510 2720 4534 ,
2767 4469 3109 4540 apertissime
3159 4473 3509 4528 convicerunt
3545 4493 3559 4529 :
3593 4483 3653 4530 et
3689 4476 3805 4546 quia

2212 4556 2516 4613 Catholicos
2545 4560 2973 4630 persecutionem
3004 4560 3183 4618 facere
3202 4605 3218 4631 ,
3246 4579 3308 4620 se
3336 4572 3519 4621 autem
3553 4567 3666 4637 pati
3692 4567 3805 4638 glo-

2213 4651 2507 4719 riabantur,
2537 4651 2876 4711 Caecilianum
2919 4664 3097 4713 tamen
3139 4672 3237 4729 per
3266 4673 3392 4714 suas
3431 4663 3804 4716 accusationes

2211 4743 2280 4798 ab
2309 4743 2635 4814 lmperatorc
2664 4745 2974 4804 damnatum
3000 4748 3164 4805 etiam
3193 4747 3331 4804 falso
3359 4751 3582 4821 gloriari
3615 4752 3802 4806 volue-

2212 4844 2354 4891 runt.
2384 4837 2478 4893 His
2508 4838 2688 4910 itaque
2717 4840 2975 4910 recitatis,
3006 4857 3130 4897 cum
3155 4841 3417 4898 Catholici
3445 4843 3726 4911 dicerent,
3753 4852 3806 4898 et

2211 4925 2552 4997 COgnitorem
2599 4928 2833 4984 breviter
2874 4930 3257 4998 admonerent,
3287 4932 3429 5003 quod
3477 4933 3644 4989 etiam
3693 4934 3803 5004 ipse

2211 5019 2504 5089 cernebat,
2535 5035 2630 5090 pro
2659 5037 2719 5077 se
2748 5022 2836 5077 illa
2856 5066 2871 5091 ,
2906 5023 3012 5079 hoc
3035 5033 3141 5091 est,
3172 5039 3267 5095 pro
3298 5025 3609 5081 innocentia
3635 5025 3802 5082 C:rci-

2211 5113 2338 5170 liani
2364 5124 2547 5172 contra
2578 5116 2700 5172 illos
2725 5115 2891 5173 fuisse
2931 5119 3188 5184 recitata,
3221 5127 3278 5174 et
3317 5118 3420 5175 hoc
3457 5120 3600 5175 idem
3646 5120 3800 5174 etiam

2210 5209 2326 5279 ipse
2355 5209 2539 5265 luisset
2570 5209 2948 5277 interlocutus;
2981 5211 3272 5268 Donatistae
3299 5211 3699 5283 responderunt
3723 5213 3802 5266 di-

2209 5311 2393 5359 centes
2424 5321 2438 5358 :
2465 5302 2542 5358 De
2571 5303 2726 5359 libero
2753 5305 2962 5361 arbitrio
2988 5307 3118 5362 nihil
3145 5307 3270 5362 dicit
3295 5317 3519 5378 potestas
3546 5319 3675 5362 tua:
3700 5305 3800 5360 hoc

2209 5399 2351 5450 enim
2371 5404 2618 5466 putantes
2631 5397 2925 5453 secundum
2945 5397 3276 5456 Constantini
3302 5398 3508 5454 litteras
3526 5399 3626 5455 sibi
3644 5411 3800 5469 posse

2207 5503 2239 5543 a
2261 5498 2524 5558 praesente
2543 5487 2833 5560 Cognitore
2851 5490 3095 5556 concedi,
3119 5505 3211 5546 eas
3231 5491 3390 5546 etiam
3413 5501 3603 5547 contra
3623 5505 3684 5547 se
3705 5505 3798 5561 pro

2207 5574 2662 5636 Caecilianicausa
2689 5581 2995 5637 recitandas
3021 5583 3487 5638 existimaverunt.
3532 5582 3631 5638 Hic
3676 5595 3794 5637 cum

2207 5671 2285 5726 eis
2309 5671 2565 5742 Cognitor
2593 5673 2982 5744 respondisset,
3017 5673 3157 5728 aliud
3188 5674 3288 5730 sibi
3315 5689 3435 5729 esse
3456 5689 3486 5728 a
3517 5671 3793 5744 prtcsentis

2207 5765 2462 5836 temporis
2508 5764 2838 5836 Imperatore
2886 5773 3209 5837 praeceptum
3235 5807 3250 5834 ,
3291 5765 3471 5822 ierunt
3513 5764 3570 5822 in
3609 5761 3759 5820 aliud

2266 5920 2340 6046 εἴ)
2373 5905 2490 6012 vide
2512 5919 2652 5994 inira,
2675 5920 2760 5971 lib.
2787 5928 2896 5984 post
2907 5920 3073 5974 Collat.
3095 5935 3148 5973 η.
3166 5921 3249 5975 5t.

2319 5990 2339 6046 )
2372 5991 2394 6032 κ
2409 5983 2487 6034 ide
2509 5983 2649 6044 tbtd.,
2671 5998 2721 6034 n.
2746 5985 2906 6037 53-56.

2319 5983 2339 6046 )
2372 5983 2487 6034 vide
2509 5983 2649 6044 una,
2671 5998 2721 6034 ιι.
2746 5983 2906 6037 53-56.
