4010 6538
258 492 359 555 649

250 611 393 684 quod
432 619 618 668 contra
650 621 711 668 se
737 605 1029 666 identidem
1068 608 1237 665 multo
1265 606 1562 664 mirabilius
1596 602 1839 677 protule-

281 717 395 759 unt.

281 722 395 759 unt.

251 722 277 761 Γ
321 796 551 853 CAPUT
596 796 787 853 XXIII.
814 828 883 837 —
906 796 995 853 Η.
1025 794 1401 851 Recitaverunt
1419 795 1577 850 etiam
1598 792 1731 849 alias
1757 790 1843 847 lit-

251 900 393 943 teras
424 889 665 959 ejusdem
691 888 1028 945 Constantini
1057 888 1397 959 imperatoris
1424 886 1489 942 ad
1521 885 1841 941 Probianum
1898 894 1901 895 '

249 985 627 1053 procmtsulem
658 983 810 1039 datas
844 981 940 1055 (a),
964 998 1082 1054 quae
1103 982 1316 1053 quidem
1338 979 1588 1037 consules
1617 994 1724 1033 non
1749 976 1845 1032 ha-

248 1077 478 1143 bebant;
512 1077 607 1133 sed
650 1077 780 1131 nihil
821 1076 971 1147 quasi
999 1076 1067 1132 de
1093 1076 1397 1146 objectione
1432 1082 1612 1129 mutua
1641 1069 1842 1128 Catho-

245 1171 333 1225 lici
366 1186 526 1241 agere
556 1171 875 1226 voluerunt:
906 1171 1148 1242 quamvis
1177 1178 1230 1225 et
1260 1170 1383 1225 hinc
1408 1182 1468 1225 se
1493 1168 1638 1238 ipsos
1666 1166 1841 1221 Dona-

247 1265 387 1320 tista:
410 1265 814 1331 convincerent,
834 1279 993 1335 quam
1018 1262 1347 1319 calumniose
1367 1258 1655 1317 Catholicis
1680 1258 1732 1314 id
1757 1257 1843 1313 ob-

239 1356 504 1428 jecerint;
536 1373 657 1413 cum
718 1357 864 1427 prior
902 1356 1145 1411 chartula
1191 1370 1257 1410 ex
1294 1369 1397 1425 qua
1441 1353 1719 1409 recitatum
1759 1359 1844 1407 est

240 1448 510 1519 judicium
552 1448 887 1505 Constantini
912 1490 925 1515 ,
955 1462 1061 1518 quo
1085 1446 1360 1502 absolutus
1385 1453 1469 1501 est
1492 1444 1805 1501 Ctecilianus
1823 1484 1839 1511 ,

248 1542 500 1596 consules
530 1557 635 1597 non
666 1541 908 1608 haberet,
933 1540 1023 1611 qui
1055 1550 1229 1596 tamen
1260 1553 1381 1595 mox
1403 1538 1456 1593 in
1478 1537 1581 1593 alia
1602 1536 1842 1592 chartula

246 1630 451 1688 inventi
494 1641 638 1689 sunt.
684 1632 803 1687 Ista:
832 1632 1009 1703 itaque
1035 1632 1226 1688 littera:
1252 1630 1320 1686 ad
1359 1630 1682 1686 Probianum
1714 1643 1839 1700 pro-

242 1728 524 1784 consulem
552 1726 711 1792 datm,
742 1727 1019 1782 continent
1044 1723 1388 1796 Imperatoris
1407 1723 1843 1794 jussionem,qua

244 1820 505 1891 praecepit
535 1826 593 1874 ut
619 1818 684 1874 ad
716 1833 775 1874 se
802 1818 1076 1889 Ingentius
1103 1818 1429 1882 mitteretur,
1457 1816 1607 1887 cujus
1634 1813 1843 1871 confes-

243 1912 397 1969 sione
428 1913 481 1967 iu
509 1911 843 1983 proconsulis
873 1909 1075 1966 ΑΕἰὶδηὶ
1112 1909 1318 1981 judicio
1349 1907 1497 1963 Felix
1526 1908 1841 1979 Abtugnen-

243 2008 319 2061 sis
361 2005 637 2061 ordinator
678 2004 945 2061 Caeciliani
985 2020 1016 2059 a
1055 2004 1282 2059 crimine
1328 2001 1631 2057 traditionis
1675 1999 1845 2055 fuerat

243 2097 547 2165 absolutus.
581 2097 693 2153 Hoc
717 2107 894 2153 autem
928 2096 1206 2167 imperiale
1240 2103 1561 2166 przeceptum
1594 2093 1713 2149 ideo
1738 2092 1845 2148 Do—

246 2192 459 2246 natista:
504 2206 563 2246 se
611 2191 834 2246 recitare
877 2188 1160 2255 dicebant,
1193 2197 1253 2243 ut
1295 2189 1447 2259 quasi
1494 2186 1844 2243 ostenderent

245 2281 514 2339 Crcciliani
544 2298 759 2338 causam
787 2281 962 2337 adhuc
989 2280 1154 2337 fuisse
1179 2296 1513 2351 suspensam,
1536 2280 1695 2335 etiam
1723 2288 1845 2350 post

248 2375 379 2430 illud
405 2375 667 2445 judicium
690 2389 795 2445 quo
812 2390 871 2429 se
891 2373 1274 2429 Constantinus
1304 2373 1443 2428 inter
1464 2380 1641 2443 partes
1666 2373 1843 2427 omnia

245 2470 567 2525 terminasse
604 2470 711 2539 jam
762 2468 1050 2540 scripserat
1081 2488 1093 2521 :
1127 2482 1250 2523 cum
1280 2475 1334 2523 et
1365 2467 1415 2521 in
1445 2466 1573 2537 ipsis
1612 2466 1838 2532 litteris,

243 2577 380 2633 quas
406 2562 473 2617 ad
503 2561 826 2617 Prohianum
856 2561 1233 2631 proconsulem
1264 2559 1414 2614 datas
1445 2559 1839 2625 recitaverunt,

242 2656 449 2726 quibus
483 2654 634 2726 quasi
667 2654 1014 2710 ostenderent
1054 2653 1228 2708 adhuc
1270 2651 1504 2722 pendere
1542 2650 1800 2721 judicium
1825 2691 1840 2716 ,

244 2750 503 2822 quoniam
544 2750 611 2804 ad
651 2765 709 2805 se
750 2749 887 2803 mitti
922 2748 1159 2819 jusserat
1186 2745 1479 2817 Imperator
1508 2743 1847 2816 lugentium;

247 2851 398 2898 tanta
427 2852 613 2897 contra
640 2857 698 2897 se
728 2841 972 2912 legerint,
1004 2848 1060 2895 ut
1087 2839 1305 2895 omnino
1332 2836 1526 2891 mirum
1559 2836 1629 2892 sit
1653 2835 1845 2907 quibus

244 2934 339 2991 illa
370 2934 544 2991 oculis
569 2934 809 3005 aspicere
829 2976 844 3002 ,
876 2932 959 2989 vel
1000 2947 1109 3004 quo
1135 2946 1232 2987 ore
1263 2929 1613 3001 pronuntiare
1652 2937 1844 2999 potue-
1902 2932 1903 2935 “

244 3030 376 3085 rint.
411 3027 490 3085 Ibi
517 3029 659 3084 enim
687 3028 1068 3085 Constantinus
1095 3026 1248 3091 dixit,
1278 3024 1346 3079 ab
1375 3024 1592 3081 Ailliano
1616 3037 1847 3095 procon-

244 3123 368 3179 sule
389 3121 713 3178 audientiam
744 3122 1033 3191 praestitam
1064 3126 1479 3189 competentem,
1504 3116 1844 3187 Felicemque

244 3215 595 3271 innocentem
625 3212 691 3269 ab
720 3213 999 3268 exustione
1026 3211 1273 3268 codicum
1303 3210 1608 3266 divinorum
1639 3207 1841 3265 consti-

246 3307 417 3373 tisse;
461 3306 581 3362 illos
613 3315 791 3362 autem
812 3304 1008 3361 essein
1041 3304 1326 3375 praesentia
1355 3300 1731 3366 confutandos,
1754 3300 1845 3370 qui

246 3399 523 3455 diuturnis
542 3398 727 3455 diebus
747 3414 869 3455 eum
892 3396 1236 3467 interpellare
1261 3411 1367 3450 non
1395 3395 1761 3464 quiescerent;
1791 3400 1848 3447 ut

248 3495 337 3550 eis
370 3493 568 3564 liquido
597 3503 895 3565 appareret,
925 3493 1120 3549 frustra
1148 3507 1245 3548 eos
1270 3491 1556 3547 Gazciliano
1588 3487 1842 3544 invidiam

246 3600 601 3655 comparare,
632 3596 686 3643 et
710 3586 969 3642 adversus
1001 3601 1123 3641 cum
1150 3584 1413 3640 violenter
1442 3584 1719 3654 insurgere
1750 3596 1844 3635 vo-

247 3677 439 3733 luisse.
475 3677 569 3732 Hie
598 3694 726 3750 ergo
767 3695 863 3750 per
892 3679 1013 3734 illas
1053 3678 1259 3733 litteras
1281 3719 1297 3743 ,
1338 3691 1445 3730 non
1474 3676 1648 3731 solum
1676 3673 1846 3729 Caeci-

246 3771 489 3838 lianum,
521 3770 615 3827 sed
653 3771 814 3826 etiam
857 3770 1091 3826 Felicem
1133 3778 1415 3840 purgatum
1440 3810 1453 3834 ,
1483 3782 1647 3838 seque
1688 3765 1846 3821 inno-

246 3864 489 3919 centium
538 3872 910 3934 persecutores
957 3862 1099 3934 apud
1150 3862 1529 3932 Imperatorem
1576 3860 1849 3916 exstitisse

247 3957 573 4014 docuerunt.

321 4050 554 4106 CAPUT
582 4048 769 4106 XXIV.
797 4079 867 4091 —
895 4046 984 4123 42.
1016 4048 1126 4103 Hac
1145 4055 1322 4103 autem
1350 4054 1567 4117 accepta
1594 4054 1850 4117 opportu-

248 4126 423 4199 nitate
478 4142 742 4199 Catholici
796 4140 1123 4198 recitandam
1182 4140 1521 4211 protulerunt
1574 4147 1627 4193 et
1685 4138 1849 4209 ipsius

249 4236 458 4293 Δαῖιὶδηί
506 4246 631 4291 tunc
677 4235 1012 4306 proconsulis
1060 4233 1375 4289 relationem
1400 4274 1413 4297 ,
1460 4231 1526 4285 de
1567 4230 1666 4285 hac
1694 4247 1751 4285 re
1782 4230 1849 4286 ad

249 4326 664 4384 Constantinum
702 4326 913 4393 datam,
948 4325 1035 4383 ubi
1066 4340 1125 4381 se
1153 4338 1367 4379 causam
1411 4322 1609 4378 Felicis
1636 4322 1850 4378 audisse

250 4429 305 4476 et
357 4420 541 4474 finisse
583 4424 1005 4483 commemorat;
1051 4426 1106 4472 et
1151 4416 1266 4487 ipsa
1312 4424 1460 4486 gesta
1507 4413 1851 4485 proconsula-

250 4514 330 4569 ria
365 4513 461 4585 (ὁ),
490 4511 683 4583 quibus
703 4511 978 4567 absolutus
1008 4518 1091 4566 est
1117 4508 1286 4577 Felix,
1319 4517 1372 4563 et
1398 4508 1634 4563 omnium
1664 4521 1853 4562 neces-

252 4606 522 4661 sariarum
554 4619 900 4675 personarum
929 4603 1233 4659 testimonio
1254 4618 1283 4654 a
1308 4601 1607 4656 traditionis
1627 4599 1853 4655 crimine

254 4700 524 4755 innocens
558 4699 954 4769 comprobatus.
980 4698 1185 4765 Quibus
1212 4695 1453 4752 recitatis
1478 4695 1605 4767 quid
1634 4705 1851 4751 contra-

254 4792 363 4848 dici
383 4801 582 4863 posset,
606 4792 863 4864 Cognitor
883 4792 1173 4864 inquisivit.
1199 4792 1347 4846 Tunc
1370 4791 1682 4858 Donatistae,
1707 4789 1851 4861 quod

256 4895 312 4941 et
341 4893 469 4940 ante
493 4885 672 4941 dicere
700 4895 992 4955 cmperant,
1023 4883 1313 4939 identidem
1340 4884 1687 4953 repetierunt,
1708 4898 1855 4953 quae-

257 4987 447 5034 rentes
491 4990 666 5033 utrum
710 4995 775 5033 ex
822 4987 1087 5048 praecepto
1134 4977 1473 5047 Imperatoris
1507 4976 1744 5031 directus
1786 4975 1852 5030 ad

262 5073 573 5129 comitatum
604 5070 790 5127 fuisset
817 5070 1125 5143 Ingentius,
1157 5079 1211 5126 et
1249 5069 1377 5141 quid
1420 5079 1604 5140 postea
1644 5077 1854 5142 gestum

262 5172 429 5231 esset,
455 5172 512 5218 ut
536 5163 932 5229 ostenderetur,
955 5180 982 5217 a
1007 5162 1296 5218 Catholicis
1322 5163 1693 5233 exigenteszet
1708 5172 1855 5236 gesta

264 5258 687 5329 proconsularia,
706 5258 898 5330 quibus
925 5268 1145 5330 possent
1169 5256 1365 5323 verbis,
1386 5254 1633 5314 refellere
1658 5272 1858 5312 conan-

270 5358 346 5406 tes
367 5392 381 5415 ,
416 5351 608 5421 quibus
637 5351 918 5406 absolutus
959 5360 1041 5406 est
1081 5350 1259 5415 Felix;
1292 5349 1606 5420 objicientes
1630 5350 1856 5422 gratiam

273 5441 481 5506 [udicis,
515 5444 594 5498 vel
621 5444 924 5515 suppositas
948 5443 1113 5499 fuisse
1143 5459 1422 5514 personas,
1446 5452 1499 5499 et
1524 5452 1718 5501 caetera
1738 5460 1859 5516 quae

280 5532 446 5585 solent
475 5533 719 5592 homines
747 5545 932 5592 contra
956 5544 1105 5607 gesta
1134 5535 1326 5607 quibus
1352 5535 1659 5605 vincuntur,
1684 5537 1862 5607 suspi-

271 5622 412 5677 ciosa
445 5624 781 5692 querimonia
813 5627 1077 5693 iactitare.
1114 5627 1373 5683 Dicebant
1401 5627 1563 5682 etiam
1586 5668 1602 5695 ,
1633 5642 1737 5681 non
1768 5643 1857 5683 re-

273 5723 357 5770 cte
410 5714 643 5771 Felicem
698 5716 974 5772 absentem
1028 5719 1192 5773 fuisse
1245 5719 1567 5775 absolutum.
1624 5719 1707 5774 Ad
1759 5719 1861 5775 ista

274 5822 595 5880 responsum
624 5817 704 5864 est
732 5824 762 5863 a
791 5809 1080 5866 Catholicis
1100 5850 1117 5878 ,
1147 5809 1324 5866 omnia
1354 5825 1474 5881 qua:
1521 5810 1659 5867 lecta
1702 5818 1861 5878 sunt,

335 5964 407 6088 (ag
443 5970 636 6016 Exstant
657 5979 817 6039 supra,
842 5965 928 6018 lib.
945 5968 978 6018 3
998 5976 1165 6020 contra
1184 5969 1509 6031 Cresconium,
1529 5980 1587 6015 ιι.
1603 5966 1683 6019 80.

335 6028 383 6088 ψ
440 6034 634 6079 Exstant
655 6033 773 6080 intra
790 6032 838 6081 in
861 6030 1152 6088 Appendice.

333 6028 407 6088 ψ)
440 6034 634 6079 Exstant
655 6028 773 6080 intra
790 6032 838 6081 in
861 6030 1152 6094 Appendice.

440 6113 667 6177 SANCT.
699 6120 965 6184 Auensr.
1023 6119 1137 6180 IX.

1144 486 1572 551 BREVICULUS
1600 482 2046 547 COLLATIONIS
2070 468 2211 549 CUM
2252 490 2672 552 DONA’l‘lSTlS.

3429 490 3535 554 650

1949 603 2015 659 ad
2041 605 2431 664 absolutionem
2460 610 2729 666 Caeciliani
2756 620 2810 668 et
2833 610 3027 668 Felicis
3052 611 3386 683 apertissime
3414 630 3535 685 per-

1948 695 2146 764 tinere;
2176 700 2221 754 si
2250 701 2375 771 quid
2404 712 2580 757 autem
2630 703 2919 760 Donatistae
2948 703 3338 760 arbitrarentur
3368 705 3535 762 misso

1946 788 2015 844 ad
2035 792 2346 848 comitatum
2370 792 2609 867 Ingentio
2635 810 2731 866 pro
2752 812 2812 854 se
2840 796 3000 853 fuisse
3016 796 3332 868 judicatum,
3352 809 3408 855 et
3427 815 3537 855 mu-

1949 893 2114 940 tatum
2162 902 2282 943 esse
2322 888 2577 959 judicium
2600 932 2615 959 ,
2644 905 2749 963 quo
2778 889 3160 947 Constantinus
3190 891 3328 948 inter
3358 901 3538 965 partes

1947 994 2277 1053 cognoscens
2311 993 2535 1056 purgato
2558 983 2845 1041 Caeciliano
2871 986 2992 1042 illos
3020 986 3536 1043 ealumniosisslmos

1942 1072 2294 1143 judicaverat,
2314 1076 2459 1146 ipsos
2479 1076 2676 1133 debere
2702 1078 2959 1149 proferre.
2986 1078 3208 1147 Quando
3227 1089 3405 1134 autem
3430 1078 3536 1135 hoc

1947 1164 2203 1223 Catholici
2230 1167 2509 1237 dicebant,
2539 1168 2592 1223 in
2620 1169 2710 1225 illa
2736 1171 2990 1241 temporis
3016 1170 3276 1226 brevitate
3304 1186 3408 1225 non
3436 1184 3536 1239 po-

1950 1267 2122 1316 terant
2141 1260 2469 1317 considerari
2497 1261 2746 1319 consules
2773 1282 2787 1318 :
2810 1278 3036 1335 quorum
3063 1264 3303 1319 ordinem
3332 1265 3385 1318 in
3406 1264 3535 1334 ipsis

1946 1354 2108 1424 gestis
2136 1355 2225 1422 qui
2253 1355 2482 1411 voluerit
2510 1356 2882 1423 considerans,
2912 1356 3147 1412 inveniet
3179 1356 3447 1426 posterius
3468 1355 3534 1412 ab

1948 1446 2266 1519 imperatore
2293 1448 2646 1506 Constantino
2671 1450 2975 1506 absolutum
3016 1466 3136 1506 esse
3162 1450 3501 1506 Caecilianum
3519 1490 3536 1516 ,

1946 1554 2104 1610 quam
2127 1539 2319 1595 Felicis
2341 1555 2556 1597 causam
2578 1542 2644 1597 ab
2665 1541 2877 1598 Ailiano
2897 1543 3218 1613 proconsule
3240 1544 3535 1599 discussam

1945 1638 2105 1700 atque
2152 1641 2424 1702 purgatam
2459 1631 2564 1703 (a);
2610 1640 2731 1704 post
2759 1633 2964 1705 aliquot
2998 1628 3158 1690 etiam
3189 1649 3360 1690 annos
3389 1634 3536 1691 Con-

1946 1723 2238 1779 stantinum
2268 1726 2548 1798 scripsisse
2577 1728 2645 1783 ad
2672 1728 2929 1785 Verinum
2960 1730 3214 1785 vicarium
3237 1771 3252 1798 ,
3283 1744 3414 1801 quas
3452 1729 3537 1785 lit-

1947 1822 2090 1871 teras
2119 1814 2220 1886 ipsi
2258 1819 2651 1886 recitaverunt,
2684 1820 2773 1876 ubi
2819 1822 2920 1878 sibi
2959 1823 3272 1879 asserebant
3310 1822 3541 1878 liberum

1947 1906 2222 1963 arbitrium
2272 1910 2339 1966 ab
2384 1911 2478 1967 illo
2523 1912 2846 1983 imperatore
2870 1928 3184 1971 concessum
3208 1956 3222 1983 ,
3264 1914 3315 1969 in
3346 1913 3543 1985 quibus

1946 1998 2138 2056 litteris
2163 2016 2257 2057 eos
2285 2011 2534 2073 tanquam
2564 2008 2828 2076 pessimos
2852 2017 2905 2063 et
2932 2007 3238 2063 christianzc
3270 2008 3415 2079 pacis
3438 2007 3542 2063 ini-

1948 2090 2116 2146 micos
2144 2092 2395 2149 ostendit.
2426 2095 2577 2161 Quod
2622 2097 2804 2169 utique
2844 2113 2951 2153 non
2992 2098 3240 2165 fecisset,
3270 2100 3315 2155 si
3339 2097 3542 2169 aliquid

1950 2196 2047 2252 pro
2074 2182 2176 2239 illis
2205 2194 2389 2239 contra
2416 2186 2759 2242 Czecilianum
2786 2188 3099 2262 judicasset,
3126 2206 3247 2245 cum
3278 2188 3344 2243 ad
3369 2191 3542 2244 comi-

1949 2282 2115 2331 tatum
2147 2278 2342 2333 missus
2369 2288 2511 2334 esset
2542 2279 2833 2351 lngentius.
2877 2281 3135 2354 Cognitor
3160 2299 3289 2353 ergo
3316 2283 3542 2339 interlo-

1948 2377 2105 2425 cutus
2130 2380 2232 2439 est,
2266 2387 2369 2426 non
2405 2388 2564 2443 posse
2589 2383 2755 2445 gesta,
2787 2391 2905 2446 quae
2933 2384 3077 2431 tanta
3106 2376 3377 2432 roboravit
3399 2375 3544 2431 anti-

1947 2462 2158 2532 quitas,
2204 2466 2505 2530 removeri,
2557 2466 2660 2521 nisi
2708 2466 2828 2522 aliis
2874 2469 3259 2538 posterioribus
3302 2469 3467 2540 gestis
3508 2483 3545 2525 θ

1948 2555 2219 2610 contrario
2244 2557 2499 2613 recitatis.
2532 2558 2741 2614 Dictum
2765 2567 2847 2615 est
2868 2561 3027 2615 etiam
3049 2576 3079 2615 a
3101 2561 3408 2626 Catholicis,
3436 2576 3545 2617 ma-

1947 2647 2029 2716 gis
2077 2647 2142 2702 ad
2187 2647 2563 2705 declarandam
2620 2650 2815 2708 Felicis
2864 2654 3226 2710 innocentiam
3276 2654 3547 2725 profuisse

1948 2738 2091 2809 quod
2114 2740 2308 2796 absens
2336 2741 2507 2797 fuerat
2528 2743 2826 2814 absolutus,
2860 2746 2983 2817 quia
3007 2746 3193 2818 gratiae
3218 2745 3472 2817 suSpicio,
3496 2744 3545 2801 si

1950 2845 2185 2901 praesens
2215 2844 2377 2901 esset,
2409 2835 2585 2904 potius
2612 2837 2863 2893 oriretur.

2020 2920 2244 2979 CAPUT
2280 2924 2446 2981 XXV.
2487 2958 2557 2967 —
2596 2928 2685 2983 45.
2724 2929 2929 3001 Urgere
2951 2930 3143 2987 deinde
3169 2931 3420 3001 Coguitor
3438 2944 3547 2988 cm-

1950 3013 2047 3084 pit,
2077 3025 2134 3069 ut
2178 3016 2221 3071 si
2264 3033 2365 3087 qua
2418 3021 2712 3088 posteriora
2763 3032 2907 3092 gesta
2956 3023 3245 3078 Donatista:
3286 3024 3548 3080 haberent

1949 3118 2135 3165 contra
2167 3111 2559 3168 absolutionem
2593 3114 2861 3170 Caeciliani
2895 3115 2981 3171 vel
3009 3116 3201 3171 Felit-is
3223 3158 3238 3183 ,
3265 3117 3375 3187 jam
3400 3116 3546 3188 jam-

1950 3219 2054 3275 que
2083 3203 2405 3275 proferrent.
2436 3206 2533 3262 llic
2561 3207 2633 3262 illi
2661 3208 2726 3263 ad
2755 3222 2816 3265 ea
2840 3224 2961 3280 quae
2985 3210 3097 3280 jam
3119 3212 3275 3267 toties
3300 3211 3549 3268 dixerant

1950 3305 2005 3354 et
2027 3297 2316 3355 Catholicis
2336 3301 2493 3357 toties
2516 3302 2581 3356 ad
2605 3303 2783 3358 omnia
2806 3304 3257 3374 respondentibus
3281 3314 3547 3362 transacta

1947 3388 2056 3460 jam
2086 3389 2333 3461 fuerant,
2369 3409 2554 3448 rursus
2581 3396 2733 3465 quasi
2758 3410 2787 3449 a
2816 3397 2991 3466 capite
3013 3396 3191 3453 redire
3216 3404 3270 3453 et
3294 3413 3357 3454 ea
3381 3396 3548 3468 repli-

1951 3496 2074 3537 care
2102 3483 2278 3537 conati
2310 3493 2453 3539 sunt.
2502 3483 2602 3540 libi
2631 3502 2751 3541 cum
2785 3487 3138 3544 interlocutus
3165 3498 3311 3544 esset
3343 3488 3545 3561 Cogni-

1953 3582 2057 3643 tor,
2089 3574 2387 3632 admonens
2420 3566 2494 3631 ut
2538 3593 2632 3633 eos
2672 3578 2782 3649 jam
2831 3581 3037 3650 pigeret
3064 3580 3249 3636 eadem
3278 3590 3545 3652 repetere,

1952 3680 2071 3736 quae
2114 3677 2326 3736 peracta
2370 3677 2424 3722 et
2466 3676 2731 3725 transacta
2754 3670 2865 3740 jam
2894 3672 3135 3739 fuerant,
3163 3680 3216 3727 et
3254 3672 3549 3729 identidem

1953 3758 2193 3829 proferre
2238 3761 2587 3831 compelleret
2635 3764 2680 3817 si
2724 3764 2851 3834 quid
2909 3765 3238 3820 recitandum
3284 3766 3548 3821 haberent

1953 3851 2210 3907 adversus
2230 3852 2504 3908 Caeciliani
2530 3864 2584 3908 et
2612 3854 2805 3911 Felicis
2827 3857 2905 3911 sic
2931 3857 3360 3913 evidentissitnas
3390 3860 3549 3915 abso-

1954 3946 2184 4002 lutiones
2212 3965 2224 4000 :
2259 3958 2313 4003 et
2342 3947 2419 4002 illi
2446 3948 2576 4004 nihil
2602 3950 2822 4007 omnino
2852 3950 3111 4007 adversus
3143 3953 3229 4007 illa
3261 3954 3547 4024 proferen-

1957 4050 2035 4098 tes
2058 4085 2072 4109 ,
2106 4041 2293 4097 eadem
2337 4052 2582 4112 repetere
2613 4060 2720 4100 non
2748 4054 3058 4111 cessarent,
3086 4055 3144 4101 ut
3180 4046 3247 4102 de
3291 4046 3395 4103 illis
3424 4062 3549 4118 qua:

1955 4132 2207 4189 dixerant
2238 4133 2607 4205 judicaretur:
2640 4144 2695 4192 et
2718 4144 2903 4193 contra
2930 4138 3186 4209 Cognitor
3214 4139 3341 4194 illud
3372 4140 3549 4210 potius

1954 4224 2237 4296 ﬂagitaret,
2264 4237 2320 4281 ut
2346 4228 2587 4298 legerent
2607 4230 2651 4283 si
2680 4229 2943 4285 haberent
2963 4230 3104 4301 quod
3130 4232 3231 4302 legi
3254 4240 3437 4301 posset
3454 4233 3551 4289 ad-

1955 4334 2141 4374 versus
2170 4319 2444 4390 imperiale
2472 4329 2525 4376 et
2556 4322 2938 4392 proconsulare
2963 4322 3246 4393 judicium,
3279 4333 3336 4379 ut
3368 4332 3551 4394 posset

1956 4413 2024 4470 de
2052 4414 2299 4469 omnibus
2330 4415 2685 4485 pronuntiari,
2715 4417 2967 4486 quoniam
2998 4416 3205 4487 legibus
3235 4418 3551 4488 prohibetur

1957 4506 2307 4578 semiplenam
2339 4509 2575 4577 proferre
2604 4509 2922 4564 sententiam
2948 4528 2961 4561 :
2986 4510 3247 4564 instarent
3273 4511 3434 4566 etiam
3455 4509 3552 4567 Ca-

1959 4601 2176 4669 tholici,
2210 4610 2268 4657 ut
2302 4602 2464 4657 rebus
2494 4603 2742 4657 omnibus
2769 4602 3041 4673 Cognitori
3074 4605 3457 4673 mauil'estatis,
3496 4614 3554 4661 et

1960 4695 2248 4751 Donatistis
2270 4697 2398 4767 quid
2419 4698 2778 4766 respondeant
2796 4713 2901 4765 non
2925 4699 3336 4768 invenientibus,
3356 4699 3550 4756 eadem

1958 4789 2360 4860 repetentibus,
2394 4790 2607 4844 tandem
2655 4790 2944 4859 aliquando
2972 4806 3133 4847 causa
3177 4793 3419 4848 liuiretur
3449 4810 3462 4846 :
3494 4793 3551 4848 in

1959 4882 2147 4937 ultimo
2178 4882 2433 4951 Cognitor
2462 4880 2625 4945 dixit,
2661 4881 2716 4937 Si
2743 4891 2930 4937 contra
2958 4884 3090 4938 nihil
3112 4893 3196 4940 est
3221 4884 3361 4955 quod
3397 4886 3553 4954 lega-

1962 4974 2053 5040 tis,
2073 4974 2220 5029 exire
2239 4972 2553 5043 dignamini,
2574 4981 2630 5028 ut
2652 4974 2819 5045 possit
2849 4975 3005 5044 plena
3027 4976 3094 5031 de
3115 4977 3361 5032 omnibus
3385 4976 3549 5032 scribi

1960 5068 2246 5125 sententia.
2288 5067 2355 5122 Et
2398 5067 2635 5138 utrisque
2675 5068 3022 5136 exeuntibus,
3052 5069 3373 5124 sententiam
3411 5069 3549 5124 scri-

1961 5166 2070 5238 psit
2094 5164 2168 5239 (b)
2199 5179 2358 5235 quam
2401 5178 2588 5220 rursus
2626 5165 2947 5220 intromissis
2994 5164 3231 5234 partibus
3256 5146 3551 5232 ‘recitavit,

1962 5275 2067 5331 qua
2090 5257 2403 5328 complexus
2440 5266 2524 5313 est
2559 5257 2736 5312 omnia
2766 5272 2885 5328 qum
2914 5257 2980 5311 de
3020 5255 3222 5326 prolixa
3252 5254 3409 5309 trium
3438 5255 3554 5311 die-

1966 5368 2085 5408 rum
2113 5350 2323 5407 actione
2354 5349 2524 5420 potuit
2548 5349 2837 5405 recordari.
2866 5349 2923 5403 In
2952 5347 3144 5418 quibus
3169 5345 3411 5418 quaedam
3443 5362 3553 5403 non

1966 5461 2034 5503 eo
2062 5444 2251 5500 ordine
2283 5459 2387 5514 quo
2422 5450 2573 5514 gesta
2606 5451 2730 5498 sunt
2771 5439 3239 5507 commemoravit,
3262 5440 3440 5496 omnia
3472 5448 3555 5495 ta-

1967 5556 2090 5597 men
2116 5539 2378 5594 veraciter
2405 5537 2601 5608 posuit,
2631 5533 2931 5591 confutatos
2956 5548 2984 5586 a
3014 5531 3303 5589 Catholicis
3330 5533 3553 5589 Donati-

1968 5643 2079 5691 stas
2103 5634 2343 5690 omnium
2373 5631 2813 5687 documentorum
2842 5625 3272 5684 manifestatione
3309 5642 3552 5698 pronun-

1969 5728 2130 5783 tians.
3562 5730 3566 5734 ’

2055 5884 2107 5939 a)
2140 5882 2257 5931 Vide
2277 5877 2414 5937 infra,
2431 5874 2517 5925 lib.
2542 5881 2652 5939 post
2671 5872 2905 5939 Collat._n.
2929 5874 3009 5927 56.

2055 5898 2086 5934 a
2140 5884 2257 5931 Vide
2277 5884 2414 5937 infra,
2434 5884 2517 5925 tib.
2542 5884 2652 5939 post
2671 5884 2834 5925 cottat.
2854 5887 2905 5923 n.
2929 5884 2946 5927 τι

2035 5884 2107 6010 Eb;
2138 5950 2301 5994 Exstat
2314 5939 2567 5992 ‘sententia
2581 5939 2633 5989 in
2654 5937 2946 6002 Appendice.

2943 6116 2973 6184 /
2994 6103 3402 6187 νέηαι-ωηο.)
