4010 6526
220 447 328 510 653

217 581 313 624 suo
337 562 625 628 dicendum
648 562 789 633 apud
821 571 938 620 acta
968 559 1240 618 mandavit
1271 575 1285 614 :
1313 557 1594 630 Indignum
1636 566 1707 612 est
1749 565 1805 612 ut

214 659 267 715 in
298 675 458 720 unum
483 656 781 714 conueniant
807 655 904 725 ﬁlii
944 662 1225 726 martyrum
1253 660 1298 705 et
1339 649 1600 723 progenies
1642 646 1804 702 tradi-

215 760 402 807 toruus.
463 750 602 808 Ecce
643 748 990 805 convenimus
1045 746 1098 802 in
1127 759 1324 810 unum;
1374 741 1501 816 quid
1568 739 1634 798 ad
1701 738 1802 794 ista

212 843 586 914 respondent?
632 840 689 897 Si
737 841 952 908 dicunt,
1002 838 1118 894 Non
1162 846 1245 894 est
1293 835 1569 906 indignum
1599 851 1610 888 :
1640 846 1805 904 quare

211 936 424 996 mentiti
447 944 607 1002 sunt,
637 931 851 1006 quando
880 932 1151 1004 indignum
1177 943 1298 988 esse
1329 927 1612 987 dixerunt?
1641 925 1699 981 Si
1723 924 1803 980 di-

210 1038 362 1097 cunt,
413 1027 693 1099 Indignum
722 1036 806 1083 est
837 1043 851 1081 :
881 1025 1023 1097 quod
1051 1023 1327 1095 indignum
1351 1031 1433 1078 est
1469 1035 1634 1092 quare
1660 1021 1798 1076 fece-

209 1121 379 1179 tunt?
410 1121 529 1178 Uno
559 1121 720 1180 modo
761 1136 819 1175 se
848 1127 1099 1190 poterunt
1143 1132 1418 1182 asserere,
1468 1114 1611 1192 quod
1662 1113 1802 1170 indi-

207 1227 374 1280 iznum
405 1223 488 1270 est
518 1229 624 1270 non
655 1212 849 1270 fecisse
869 1254 883 1281 ,
917 1221 970 1269 et
1000 1213 1054 1267 in
1081 1211 1186 1267 illis
1208 1210 1462 1268 Primiani
1493 1209 1669 1270 verbis
1691 1223 1797 1264 non

207 1303 376 1364 fuisse
402 1306 690 1371 mentitos,
720 1305 764 1362 si
788 1304 988 1370 dicant,
1019 1303 1295 1376 Indignum
1324 1312 1405 1360 est
1429 1302 1641 1374 quidem
1662 1311 1720 1358 ut
1746 1301 1802 1357 in

208 1413 374 1454 unum
402 1399 723 1454 conveniant
750 1396 843 1454 filii
865 1405 1157 1467 martyrum
1185 1405 1239 1452 et
1270 1396 1550 1468 progenies
1578 1393 1802 1450 tradito-

209 1506 363 1556 rum,
394 1490 490 1546 sed
533 1505 635 1546 nos
664 1488 784 1545 ideo
824 1489 1100 1544 vobiscum
1140 1488 1194 1544 in
1241 1503 1404 1546 unum
1431 1487 1797 1554 convenimus,

203 1585 332 1656 quia
357 1583 707 1655 cognovimus
733 1597 830 1640 vos
851 1597 956 1638 non
989 1597 1107 1638 esse
1133 1582 1440 1655 progeniem
1462 1580 1798 1638 traditurum.

203 1674 360 1742 Quod
379 1674 424 1730 si
443 1673 513 1729 ita
529 1682 631 1737 est,
654 1687 821 1744 quare
840 1673 992 1730 nobis
1008 1673 1121 1744 jam
1137 1672 1516 1730 convenientes
1532 1672 1584 1726 in
1608 1687 1796 1740 unum,

204 1765 357 1838 ipsas
401 1765 696 1826 calumnias
727 1764 1041 1836 objecerunt
1064 1807 1078 1834 ,
1126 1764 1231 1822 nisi
1261 1763 1401 1821 forte
1431 1773 1487 1822 ut
1513 1763 1675 1819 etiam
1703 1778 1800 1819 nos

201 1875 302 1917 eos
328 1873 776 1932 cognosceremus
823 1874 930 1916 non
980 1873 1102 1914 esse
1126 1857 1266 1914 ﬁlios
1291 1856 1630 1930 martyrum?
1660 1855 1800 1912 Mar-

200 1958 355 2023 tyres
401 1951 544 2006 enim
597 1958 760 2008 testes
805 1948 1086 2014 dicuntur;
1141 1957 1306 2005 testes
1354 1958 1531 2008 autem
1580 1947 1797 2014 Christi,

200 2045 323 2102 veri
353 2055 516 2102 testes
545 2054 689 2104 sunt.
735 2045 825 2100 lsti
856 2055 1032 2102 autem
1063 2043 1185 2104 falsi
1215 2053 1380 2102 testes
1409 2044 1609 2100 inventi
1637 2053 1798 2113 sunt,

200 2135 296 2207 qui
343 2135 645 2192 traditionis
685 2135 908 2194 erimina
940 2143 994 2190 et
1021 2135 1194 2194 aliena
1225 2135 1346 2192 aliis
1377 2135 1711 2207 obiecerunt,
1740 2143 1795 2192 et

198 2244 306 2286 nec
329 2229 445 2300 ipsa
475 2229 704 2300 probare
731 2238 1034 2300 potuerunt.

275 2321 502 2380 CAPUT
531 2322 596 2378 ll.
623 2353 693 2364 ——
731 2321 784 2377 2.
838 2322 977 2391 Quid
1023 2322 1198 2382 adhuc
1248 2322 1519 2380 attenditis
1565 2322 1799 2380 humana

196 2415 488 2480 mendacia
505 2459 520 2483 ,
545 2425 601 2472 et
626 2416 804 2480 div-ina
839 2417 1143 2472 testimonia
1169 2433 1276 2472 non
1325 2416 1638 2478 attenditis?
1663 2418 1800 2487 Quid

195 2508 381 2565 adhuc
403 2509 560 2564 vietis
590 2508 893 2564 hominibus
914 2508 1150 2576 creditis,
1183 2517 1237 2568 et
1267 2509 1479 2569 veritati
1510 2525 1628 2581 qua:
1656 2526 1799 2576 nun-

194 2617 364 2672 quam
391 2610 475 2660 est
499 2601 636 2657 vieta
663 2616 768 2660 non
798 2600 1053 2658 creditis?
1085 2602 1297 2667 Veritas
1322 2603 1464 2660 enim
1495 2603 1629 2668 Dei,
1659 2603 1804 2659 sicut

196 2693 258 2750 in
281 2695 397 2765 ipsa
430 2693 594 2759 etiam
622 2692 920 2750 Collatione
950 2693 1294 2764 probavimus
1316 2736 1332 2763 ,
1362 2694 1629 2766 perhibuit
1655 2695 1804 2753 testi-

194 2788 445 2851 monium
457 2787 715 2844 Ecclesia:
736 2803 846 2843 suae
865 2803 959 2858 per
977 2788 1141 2844 multa
1161 2788 1480 2846 documenta
1497 2789 1800 2859 Scriptura-

196 2897 322 2948 rum
335 2890 768 2950 Sanctarum,per
785 2881 1122 2951 prepheticas
1143 2889 1195 2935 et
1207 2896 1298 2936 eva
1307 2881 1538 2952 ngelicas
1552 2881 1799 2944 Litteras:

197 2986 262 3034 et
282 2977 436 3033 locus
452 2975 760 3044 designatus
776 2983 857 3030 est
877 2973 1018 3032 unde
1045 2973 1244 3030 Chrisu
1267 2973 1505 3033 Ecclesia
1528 2971 1702 3030 fuerat
1721 2973 1804 3030 iu-

197 3075 450 3138 cmptura
478 3083 492 3132 ;
517 3075 571 3122 et
593 3064 724 3120 fines
753 3074 928 3132 terrae,
949 3081 1054 3134 quo
1076 3080 1241 3136 usque
1265 3063 1435 3120 fuerat
1462 3073 1802 3136 perventura.

199 3159 310 3216 Per
326 3172 517 3215 omnes
531 3165 718 3228 gentes
737 3155 965 3212 futuram
980 3156 1271 3219 Ecclesiam
1293 3155 1704 3212 suamDominus
1726 3155 1808 3212 di-

199 3251 301 3319 cit,
324 3251 668 3322 incipientem
689 3249 755 3306 ab
793 3247 1088 3306 Jerusalem
1113 3247 1264 3320 (Luc.
1296 3265 1440 3317 xxiv,
1469 3249 1583 3321 47).
1615 3248 1805 3304 Divina

202 3345 384 3404 lectio.
421 3344 692 3412 recitatur,
741 3341 1192 3414 quemadmodum
1244 3341 1467 3412 coeperit
1495 3338 1564 3396 ab
1588 3339 1805 3398 Jerusa-

200 3439 322 3498 lem
341 3479 360 3506 ,
386 3438 476 3498 ubi
503 3439 727 3508 primum
753 3437 1090 3509 congregatis
1118 3435 1362 3491 ﬁdelibus
1399 3435 1594 3491 missus
1619 3443 1702 3489 est
1739 3433 1807 3490 de

208 3532 366 3590 cmlo
410 3531 636 3601 Spiritus
665 3541 878 3588 sanctus
920 3530 1054 3602 (Act.
1086 3528 1171 3599 ιι).
1205 3527 1408 3584 Divina:
1437 3527 1692 3583 lectiones
1718 3540 1808 3581 re-

206 3625 475 3691 citantur,
517 3622 962 3694 quemadmodum
989 3637 1048 3677 se
1086 3621 1154 3676 ab
1178 3619 1475 3676 Jerusalem
1509 3634 1606 3690 per
1634 3618 1809 3674 vicina

206 3728 266 3780 et
291 3717 585 3789 longinqua
615 3715 906 3778 du‘l’uderit.
941 3715 1205 3785 Expressa
1243 3723 1366 3770 sunt
1405 3711 1620 3768 nomine
1663 3710 1811 3766 loco-

205 3828 358 3878 rum,
392 3808 731 3870 manifestata
763 3817 888 3864 sunt
917 3807 1132 3862 nomina
1176 3805 1450 3862 civitatum
1472 3845 1488 3870 ,
1523 3803 1576 3858 in
1615 3801 1810 3873 quibus

207 3904 456 3964 Ecclesia
494 3902 695 3960 Christi
734 3900 1028 3972 apostolico
1078 3898 1258 3954 labore
1301 3895 1517 3956 fundata
1544 3901 1648 3950 est.
1680 3892 1812 3962 Qum

207 3998 335 4061 loca
363 4004 421 4053 et
449 3995 691 4052 civitates
713 3994 871 4050 etiam
894 3991 1163 4060 Epistolas
1185 3987 1250 4044 ab
1271 3985 1542 4058 Apostolis
1569 3985 1812 4056 accipere

207 4094 536 4147 meruerunt
567 4105 579 4139 :
609 4100 740 4158 quas
773 4083 1038 4155 Epistolas
1066 4091 1122 4137 et
1154 4082 1254 4152 ipsi
1287 4081 1340 4136 in
1370 4079 1564 4136 vestris
1591 4092 1813 4147 congre-

212 4181 532 4255 gationibus
555 4181 759 4249 legunt,
793 4186 846 4232 et
871 4186 1047 4232 tamen
1075 4189 1180 4230 non
1200 4173 1596 4230 communicant
1626 4185 1812 4226 eorum

213 4276 466 4334 locorum
515 4282 569 4328 et
607 4271 879 4326 civitatum
928 4266 1203 4330 Ecelesiis,
1230 4281 1351 4336 quae
1380 4265 1522 4333 ipsas
1548 4261 1814 4334 Epistolas

211 4368 468 4436 accipere
492 4369 798 4418 meruerunt
822 4401 836 4426 ,
883 4359 1196 4430 objicientes
1238 4357 1316 4412 eis
1357 4354 1537 4411 nescio
1566 4369 1684 4424 quae
1710 4354 1815 4410 eri-

209 4459 364 4518 mina
397 4455 680 4518 Afrorum,
730 4451 870 4521 quod
919 4465 1108 4506 eorum
1155 4448 1471 4522 contagione
1521 4445 1811 4518 perierint;

210 4569 342 4609 eum
375 4549 477 4619 ipsi
506 4546 744 4602 dixerint
772 4546 824 4600 in
847 4544 946 4600 hac
978 4544 1090 4614 ipsa
1115 4541 1430 4606 Collatione,
1466 4553 1626 4609 quam
1653 4536 1815 4592 modo

210 4641 531 4713 Carthagini
570 4639 851 4698 habuimus
872 4681 885 4705 ,
917 4636 1052 4710 quod
1079 4653 1168 4692 nec
1189 4650 1354 4695 causa
1373 4651 1549 4698 caiisa,
1580 4648 1669 4688 nec
1697 4648 1814 4702 per-

208 4749 360 4794 sona:
395 4751 609 4807 persona
635 4732 928 4804 prazjudicet
959 4731 1166 4802 (Count.
1199 4731 1252 4796 5,
1277 4747 1392 4800 cap.
1431 4728 1580 4799 57'2).

287 4827 522 4886 CAPUT
542 4828 609 4883 lll
637 4857 706 4865 —
731 4827 780 4880 5.
810 4825 959 4884 Tune
985 4833 1164 4879 autem
1182 4823 1284 4878 hoc
1309 4823 1579 4887 dixerunt,
1605 4821 1816 4891 quando

211 4924 297 4984 cis
331 4919 564 4976 diximus
585 4936 595 4970 :
615 4917 919 4974 Concilium
942 4915 1083 4987 quod
1109 4924 1296 4975 contra
1324 4914 1662 4974 Caecilianum
1695 4929 1818 4983 pro-

216 5015 375 5070 fertis
398 5054 411 5078 ,
439 5011 516 5066 sic
540 5025 646 5064 non
679 5008 832 5064 obest
858 5007 1063 5064 absenti
1102 5006 1388 5061 Caeciliano
1409 5047 1423 5072 ,
1471 5003 1818 5076 quemadmo-

220 5107 351 5166 dum
379 5102 664 5158 concilium
689 5100 830 5172 quod
862 5099 914 5153 in
941 5113 1100 5154 causa
1127 5097 1429 5154 Maximiani
1477 5095 1672 5156 factum
1699 5106 1780 5150 est
1800 5138 1814 5164 ,

225 5198 314 5253 ubi
343 5195 628 5250 damnatus
657 5200 740 5250 est
766 5190 1086 5256 Primianus,
1117 5203 1222 5243 non
1263 5185 1419 5243 obest
1460 5187 1669 5243 absenti
1705 5185 1820 5242 Pri-

220 5293 430 5349 .miano.
480 5287 824 5346 Protulerunt
866 5286 1008 5341 enim
1056 5283 1126 5338 ibi
1186 5283 1522 5354 septuaginta
1575 5290 1628 5337 et
1676 5279 1819 5352 quod

223 5380 467 5451 excurrit
495 5379 774 5450 episcopos
799 5420 814 5446 ,
845 5376 936 5448 qui
980 5375 1254 5430 absentem
1283 5373 1670 5429 damnaverunt
1703 5370 1821 5428 Ca:-

225 5475 481 5534 cilianum
515 5473 556 5538 ί,
585 5486 708 5527 cum
735 5468 1073 5542 proferantur
1095 5467 1210 5539 plus
1237 5466 1414 5528 minus
1435 5466 1678 5530 centum‘
1709 5465 1823 5536 epi-

296 5680 314 5712 ι
348 5683 464 5746 uss._
498 5673 674 5736 Belgici
692 5734 701 5743 _
718 5679 770 5722 et
792 5670 1030 5779 Gallicaac},
1069 5682 1242 5722 ornnes
1279 5669 1480 5730 habent,
1516 5667 1826 5740 gratulemur.

296 5739 357 5779 im
382 5737 464 5779 ηιη
487 5742 801 5779 κριιῑηίιίηηια.
824 5737 868 5779 et
889 5745 980 5779 auo
1011 5767 1013 5770 .
1041 5731 1157 5779 (vel.
1183 5731 1315 5779 aucti
1357 5736 1591 5779 excurrit.
1617 5741 1826 5779 emscom

228 5739 360 5792 enim
382 5737 464 5789 ubi
487 5731 801 5802 sentitur/ima,
824 5737 868 5802 et
889 5731 1157 5802 (μιαί-(γει,
1183 5731 1315 5802 quo!)
1333 5731 1591 5802 _excurrit,
1609 5731 1826 5802 episcopi

230 5791 472 5852 absentan
502 5791 842 5848 damni-venint
878 5791 1206 5844 έίεάωωιυηιζ
1230 5799 1286 5842 Ut
1299 5791 1370 5842 sit
1391 5805 1583 5849 sensus,
1607 5791 1826 5843 mune-

231 5873 348 5915 runt
369 5861 642 5919 concilium,
669 5862 715 5908 in
737 5871 833 5922 quo
855 5857 1161 5922 septuaginta
1182 5855 1263 5906 vel
1294 5855 1460 5918 plures
1492 5856 1703 5918 episcopi
1739 5856 1826 5906 ab-

228 5936 428 5979 neptem
467 5925 664 5974 diuum
671 5919 815 5971 cru—nt
834 5919 1147 5968 tacitum.
1290 5978 1292 5980 τ

299 5991 318 6020 ³
354 5990 490 6049 talin,
516 5999 607 6036 non
631 5983 784 6036 mimis
802 5987 1005 6034 centum.
1023 5990 1201 6032 omnes
1220 5989 1385 6033 tamen
1404 5991 1528 6046 Mss,
1543 5981 1651 6048 plus
1672 5983 1828 6039 mam

682 438 779 501 AD
815 434 1238 502 DONATISTAS
1274 435 1442 502 POST
1479 436 1982 509 COLLATIONEM,
2026 441 2082 498 S.
2125 435 2492 504 AUGUSTlNl
2544 446 2747 508 LIBER
2785 444 2988 510 UNUS.

3139 399 3254 420 ’ἑν-γ..
3264 412 3279 416 ,.

1913 556 2060 627 scopi
2087 559 2253 627 partis
2277 560 2533 630 ipsorum,
2555 563 2644 636 qui
2664 562 3049 624 damnaverant
3071 565 3348 628 absentem
3372 570 3488 627 Pri-

1913 647 2167 706 mianum.
2191 651 2322 719 Quia
2345 669 2468 725 ergo
2489 654 2720 712 diximus
2742 658 2842 726 eis,
2873 658 2952 714 sic
2970 658 3100 716 illud
3149 676 3258 716 non
3301 662 3493 721 obesse

1913 738 2217 810 Caeciliano,
2260 746 2706 814 quemadmodum
2735 750 2836 806 hoc
2865 767 2971 808 non
3009 754 3165 810 obest
3191 755 3495 828 Primiano,

1911 834 2162 905 quoniam
2189 844 2375 893 contra
2401 839 2649 897 absentes
2693 841 2830 898 facta
2867 853 2988 900 sunt
3027 846 3189 904 ambo
3231 850 3491 920 concilia;

1910 926 2164 982 continuo
2192 944 2297 984 non
2327 930 2659 990 invenientes
2687 950 2805 1005 quae
2843 935 3249 1007 responderent,
3277 949 3332 996 et
3356 939 3486 996 hor-

1909 1017 2092 1075 ribiles
2116 1023 2385 1092 angustias
2409 1025 2580 1094 passi,
2612 1025 2902 1095 dixerunt,
2937 1029 3046 1085 Nec
3075 1048 3280 1086 causam
3304 1049 3491 1106 causae,

1910 1127 2000 1165 nec
2048 1129 2313 1182 personam
2364 1118 2699 1188 prwjudicare
2749 1137 2976 1192 persona:
3006 1139 3025 1178 :
3070 1123 3211 1194 quod
3240 1123 3494 1184 adversus

1910 1217 2097 1261 omnes
2125 1204 2385 1264 humanas
2406 1209 2701 1268 calumnias
2739 1212 2791 1266 in
2815 1229 2908 1270 ore
2930 1213 3087 1270 habet
3109 1215 3369 1272 catholica
3397 1215 3500 1272 Ec-

1908 1295 2071 1354 clesia
2091 1340 2106 1367 ,
2136 1315 2278 1356 nunc
2317 1309 2493 1358 autem
2530 1304 2700 1360 multo
2721 1305 2914 1364 fortius
2941 1308 3212 1380 multoque
3256 1309 3499 1384 liberius,

1907 1391 2121 1463 quando
2148 1393 2201 1449 id
2231 1394 2372 1466 quod
2419 1411 2632 1472 semper
2660 1399 2855 1458 veritas
2902 1401 3089 1470 tenuit,
3120 1401 3282 1457 etiam
3313 1389 3496 1457 inimi-

1907 1498 2092 1542 corum
2125 1487 2394 1544 confessio
2421 1490 2780 1550 conﬁrmavit.
2803 1491 2931 1562 Quis
2959 1509 3087 1572 ergo
3119 1495 3234 1550 sine
3280 1493 3496 1552 tristitia

1905 1577 2142 1647 perferat
2166 1581 2356 1652 gravi?
2385 1582 2516 1650 Quis
2543 1585 2800 1655 gemitum
2843 1584 3279 1654 cohibeat?Quis
3308 1602 3417 1643 non
3443 1587 3497 1644 in

1907 1669 2169 1743 lacrymas
2199 1681 2250 1728 et
2277 1674 2330 1729 in
2358 1690 2547 1732 vocem
2568 1675 2772 1732 doloris
2796 1686 3060 1748 erumpat,
3090 1679 3178 1752 qui
3208 1678 3309 1734 hoc
3338 1677 3497 1752 digne

1905 1761 2363 1821 consideraverit?
2392 1765 2531 1823 Ecce
2577 1775 2635 1823 ut
2676 1767 2744 1824 ab
2782 1767 3050 1839 episcopis
3094 1769 3260 1839 partis
3303 1769 3499 1825 Donati

1905 1851 2188 1910 damnatus
2228 1855 2527 1914 Primianus
2580 1873 2687 1915 non
2740 1860 2946 1914 amittat
2994 1860 3380 1932 episc0patum,
3411 1869 3505 1916 aut

1905 1952 1964 2000 ut
2005 1946 2306 2004 Primianus
2351 1950 2632 2010 damnatus
2675 1967 2782 2008 non
2829 1953 3088 2025 iuquietet
3137 1963 3343 2025 partem
3386 1953 3496 2009 Do-

1905 2039 2047 2105 nati,
2076 2055 2178 2098 nec
2205 2057 2380 2098 causa;
2410 2058 2589 2112 causa,
2637 2061 2738 2101 nec
2781 2060 3024 2116 personae
3049 2062 3278 2120 persona
3306 2047 3504 2119 pracju-

1905 2131 2086 2188 dicat:
2113 2141 2170 2192 ut
2211 2142 2389 2190 autem
2418 2135 2769 2204 Caecilianus,
2795 2151 2954 2207 quem
2999 2137 3272 2192 absentem
3299 2137 3502 2194 inimici

1904 2223 2151 2280 similiter
2176 2224 2584 2292 damnaverunt,
2618 2242 2726 2282 non
2769 2227 3054 2300 deputetur
3093 2228 3401 2300 episcopus,
3449 2239 3506 2285 et

1904 2318 2233 2373 contaminet
2248 2333 2435 2374 omnes
2451 2320 2768 2376 ehristianas
2783 2330 2966 2392 gentes
2980 2321 3221 2396 usquead
3241 2323 3502 2378 terminos

1906 2418 2084 2475 terrae,
2105 2419 2157 2466 et
2175 2425 2349 2464 causze
2364 2426 2546 2479 causa,
2563 2421 2618 2468 et
2639 2427 2880 2483 persona)
2902 2429 3126 2483 persona
3147 2411 3479 2484 pra'judlcat.

1976 2503 2203 2560 CAPUT
2226 2503 2313 2560 lV.
2333 2536 2402 2544 —
2421 2506 2475 2564 4.
2498 2505 2603 2562 Sed
2621 2521 2749 2562 voce
2781 2508 2794 2537 ¹
2825 2507 2992 2578 ipsius
3021 2507 3238 2562 unitatis
3267 2507 3506 2566 clament

1906 2595 2164 2654 Ecclesia:
2193 2597 2342 2655 Ponti
2361 2639 2374 2664 ,
2412 2597 2698 2668 Bithynice,
2727 2597 2869 2654 Asia:
2890 2639 2905 2665 ,
2949 2599 3316 2674 Cappadociae,
3344 2607 3506 2654 caue-

1906 2703 2194 2760 rarumque
2223 2689 2565 2748 orientalium
2598 2691 2897 2760 regionum,
2929 2689 2996 2744 ad
3036 2705 3169 2764 quas
3195 2688 3382 2746 beatus
3403 2689 3504 2746 Pe-

1908 2789 2021 2836 trus
2065 2780 2341 2850 apostolus
2367 2781 2552 2838 scribit
2593 2781 2635 2852 (1
2665 2780 2810 2836 Petr.
2842 2799 2877 2847 ι,
2915 2781 2970 2852 1)
3006 2800 3018 2837 :
3050 2765 3095 2836 Ο
3125 2797 3246 2853 pars
3279 2780 3504 2851 Donati,

1907 2889 2016 2930 non
2045 2874 2297 2932 novimus
2333 2875 2459 2944 quid
2487 2875 2709 2942 dicatis;
2744 2892 2908 2948 quare
2938 2876 3091 2939 nobis
3124 2893 3230 2932 non
3261 2892 3504 2933 cominu-

1908 2969 2137 3026 nicatis?
2165 2969 2223 3026 Si
2250 2969 2566 3028 Caecilianus
2607 2970 2727 3030 mali
2752 2969 2947 3042 aliquid
2997 2970 3143 3040 fecit,
3172 2972 3314 3042 quod
3345 2972 3503 3030 nobis

1909 3077 2018 3120 non
2047 3061 2328 3132 probatum
2357 3070 2440 3119 est
2465 3078 2563 3119 nec
2595 3063 3044 3130 demonstratum,
3097 3074 3273 3121 tamen
3300 3065 3345 3120 si
3371 3065 3501 3121 mali

1909 3155 2109 3230 aliquid
2126 3156 2271 3224 fecit,
2289 3172 2454 3228 quare
2474 3156 2627 3213 nobis
2649 3157 2984 3229 prrcjudicat?
3003 3157 3058 3214 Si
3075 3174 3173 3215 nos
3191 3160 3373 3216 audire
3394 3176 3508 3216 non.

1910 3248 2089 3316 vultis,
2112 3263 2208 3304 vos
2237 3249 2381 3319 ipsos
2404 3249 2583 3306 audite
2605 3248 2865 3317 dicentes,
2894 3249 3003 3305 Nec
3030 3267 3198 3306 cauare
3221 3269 3396 3321 causa,
3414 3267 3510 3308 nec

1911 3357 2140 3413 persona:
2179 3357 2392 3411 persona
2443 3341 2764 3422 prwjudicat.
2809 3342 2892 3396 An
2930 3358 3098 3413 usque
3145 3343 3282 3399 adeo
3325 3353 3503 3415 potest

1911 3443 2088 3491 vestra
2141 3434 2502 3503 perversitas,
2559 3443 2616 3490 ut
2657 3433 2773 3493 haec
2803 3435 2964 3492 verba
2998 3437 3211 3494 valeant
3247 3453 3315 3496 ne
3355 3439 3510 3498 vobis

1913 3525 2224 3598 praeiudieet
2253 3526 2552 3584 Primianus
2573 3571 2588 3595 ,
2617 3535 2671 3590 et
2700 3528 2816 3586 haec
2861 3529 3022 3588 verba
3055 3545 3162 3586 non
3207 3530 3421 3590 valeant
3450 3541 3512 3588 ut

1913 3616 2068 3672 nobis
2115 3616 2425 3690 prmjudicet
2454 3618 2816 3678 Caecilianus?
2843 3620 3088 3680 Clament
3114 3621 3274 3676 etiam
3323 3622 3511 3678 simili-

1915 3715 1998 3765 ter
2042 3701 2296 3766 Ecclesiae
2336 3710 2622 3765 orientalcs
2647 3719 2850 3781 septem
2885 3712 2953 3768 ad
2981 3726 3111 3783 quas
3140 3711 3326 3768 scribit
3375 3727 3508 3782 apo-

1914 3801 2085 3858 stolus
2112 3801 2374 3868 Joannes,
2407 3801 2640 3872 Ephesi,
2670 3803 2935 3874 Smyrnae,
2955 3804 3223 3876 Thyatira:
3243 3848 3257 3872 ,
3300 3803 3505 3874 Sardis,

1915 3891 2320 3962 Philadelphia,
2344 3892 2630 3962 Laodiciae,
2655 3893 2897 3964 Pergami
2923 3894 3105 3966 (Apoc.
3139 3911 3176 3962 ι,
3208 3898 3322 3969 ll),
3353 3907 3407 3953 et
3429 3897 3512 3953 di—

1915 3993 2039 4042 cant
2071 4003 2084 4040 :
2116 3983 2251 4052 Quid
2279 3984 2432 4042 vobis
2464 3984 2708 4051 fecimus,
2742 3986 2953 4051 fratres,
2990 3988 3078 4062 qui
3109 3991 3282 4058 potius
3316 3991 3511 4051 Donati

1917 4091 2073 4147 quam
2107 4085 2302 4136 nostra:
2330 4077 2721 4134 communionis
2741 4093 2861 4134 esse
2877 4079 3158 4137 voluistis?
3181 4081 3236 4137 Si
3263 4079 3512 4139 Caecilia-

1918 4183 2019 4224 nus
2046 4168 2321 4237 peccavit,
2349 4168 2590 4238 quamvis
2615 4177 2668 4225 et
2698 4169 2863 4240 ipsius
2889 4171 3090 4226 crimen
3128 4187 3232 4227 non
3261 4173 3510 4244 potuistis

1919 4257 2238 4327 ostendere,
2284 4260 2405 4330 quia
2450 4259 2587 4315 sicut
2629 4260 2932 4319 Primianus
2963 4272 3159 4330 vester,
3191 4265 3268 4321 sic
3315 4266 3513 4325 absens

1920 4352 2079 4407 etiam
2107 4351 2208 4407 iste
2234 4351 2517 4408 damnatus
2547 4362 2630 4409 est
2666 4372 2677 4407 :
2711 4363 3078 4410 verumtamen
3109 4357 3513 4434 qualiscumque

1922 4444 2009 4501 ille
2044 4443 2203 4500 fuerit
2224 4488 2238 4513 ,
2270 4461 2368 4500 nos
2394 4445 2544 4501 vobis
2585 4445 2711 4517 quid
2745 4446 3005 4502 fecimus?
3031 4447 3206 4518 Quare
3235 4451 3516 4511 christiani

1921 4552 2044 4598 cum
2091 4537 2396 4594 Christianis
2436 4554 2621 4610 pacem
2653 4539 2850 4596 habere
2881 4557 2983 4597 non
3016 4543 3214 4600 vultis?
3240 4545 3415 4614 Quare
3455 4547 3516 4614 in

1922 4631 2077 4687 nobis
2106 4633 2408 4689 communia
2450 4632 2794 4690 Sacramenta
2834 4635 3174 4694 rescinditis?
3195 4638 3330 4708 Quid
3359 4641 3515 4700 vobis

1923 4724 2186 4782 fecimus?
2216 4727 2390 4796 Quare
2421 4725 2675 4782 Primiani
2704 4742 2862 4783 causa
2895 4745 3001 4788 non
3033 4731 3347 4803 pracjudicat
3375 4736 3514 4806 parti

1925 4816 2136 4885 Donati,
2157 4819 2256 4874 nisi
2288 4819 2410 4892 quia
2440 4834 2625 4876 verum
2655 4829 2736 4874 est
2764 4822 2904 4891 quod
2936 4823 3165 4893 dixistis,
3201 4824 3311 4880 Nec
3347 4842 3516 4886 causa:

1924 4929 2096 4979 causa,
2128 4928 2216 4966 nec
2263 4927 2492 4981 persona:
2518 4928 2735 4983 persona
2778 4915 3126 4989 prwjudicag?
3167 4917 3341 4985 Quare
3387 4934 3515 4990 ergo

1925 5018 2085 5060 causa
2109 5002 2381 5060 Caeciliani
2408 5003 2722 5073 praejudicat
2747 5003 3046 5062 baereditati
3071 5007 3292 5076 Christi,
3327 5008 3377 5062 in
3409 5025 3518 5080 qua

1926 5111 2112 5152 sumus
2159 5096 2534 5166 Apostolorum
2567 5097 2752 5155 labore
2796 5100 3057 5170 plantati?
3086 5101 3167 5157 Ad
3201 5117 3359 5157 unam
3385 5119 3510 5159 nos-

1927 5198 2067 5244 trum
2115 5187 2300 5243 scribit
2327 5189 2602 5258 apostolus
2638 5187 2896 5262 Ioannes,
2941 5193 3081 5264 quod
3118 5194 3311 5250 habeat
3349 5211 3517 5268 pauca

1928 5280 2142 5336 nomina
2169 5279 2222 5334 in
2247 5278 2452 5349 Sardis,
2480 5298 2668 5338 eorum
2701 5284 2791 5356 qui
2814 5300 2918 5340 non
2947 5285 3364 5356 inquinaverunt
3393 5305 3518 5346 ves-

1928 5374 2144 5429 timenta
2193 5387 2288 5428 sua
2334 5373 2468 5445 (Id.
2497 5392 2575 5445 ιιι,
2609 5374 2706 5449 4);
2759 5393 2858 5434 nec
2888 5387 3068 5436 tamen
3093 5381 3161 5438 ab
3203 5383 3283 5438 eis
3326 5385 3413 5456 qui
3463 5385 3522 5448 in

1931 5463 2041 5536 ipsa
2089 5464 2324 5520 Ecclesia
2367 5465 2626 5523 immundi
2670 5469 2926 5537 fuerunt,
2974 5470 3184 5532 illorum
3229 5489 3521 5545 paucorum

1930 5558 2248 5614 vestimenta
2300 5558 2498 5629 polluta
2541 5568 2706 5616 sunt:
2737 5563 2988 5631 quoniam
3022 5580 3206 5620 verum
3256 5580 3338 5623 eSt
3378 5569 3520 5640 quod

1931 5649 2158 5715 dixistis,
2193 5665 2291 5705 nec
2339 5667 2551 5706 causam
2582 5668 2776 5717 causae,
2811 5670 2909 5708 nec
2940 5670 3225 5725 personam
3272 5659 3520 5730 pra‘judi—

1932 5758 2054 5800 care
2079 5759 2344 5812 personae.
2369 5743 2646 5810 Quomodo
2673 5759 2798 5815 ergo
2831 5757 3004 5817 potest
3029 5764 3190 5810 causa
3211 5759 3266 5806 et
3289 5767 3520 5823 persona

1933 5853 2473 5942 senserim“
2500 5855 2700 5908 δίωίιίοτ
2724 5863 2802 5911 εει
2829 5859 3004 5926 mea
3027 5875 3076 5920 η-
3096 5861 3176 5926 5s
3212 5863 3296 5918 ubi
3317 5865 3520 5934 lem.
