4010 6474
454 465 557 535 656

454 584 727 649 Caeciliani
772 574 1117 653 praeiudicare
1145 565 1298 622 nobis
1317 567 1341 616 ’ἰ
1367 561 1473 616 Aut
1498 557 1543 613 si
1573 570 1678 610 non
1707 547 2039 653 praeiudicat:
2087 631 2090 634 ἢ

458 698 625 756 quare
655 670 974 746 separamini
1002 683 1030 720 a
1063 659 1253 718 nobis?
1281 657 1467 711 Dicam
1491 650 1652 706 etiam
1682 641 1934 700 Ecclesia:
1976 635 2042 692 ad

1138 745 1140 747 ’
1264 751 1293 756 ’-
1319 749 1328 756 ·
1425 745 1461 756 ἢ
1670 755 1690 756 η
1713 752 1779 756 μ--
1850 731 2040 756 v-4..-

458 731 591 847 quas
638 771 830 826 Paulus
860 745 1140 832 apostolus
1173 749 1390 814 scribit,
1425 745 1820 801 Romanorum,
1850 731 2043 787 Corin-

1265 843 1290 847 _
1332 843 1341 847 _
1540 835 1549 846 ,
1708 829 1766 847 πη
1808 821 2016 847 MA“:

461 821 692 925 t'hiorum
718 904 732 928 ,
765 851 1182 926 Philippensium
1206 887 1219 910 ,
1253 835 1677 899 Colossensium,
1708 821 2047 900 Thessaloni-

459 959 736 1020 censium;
769 966 891 1006 nam
923 947 991 1002 de
1021 941 1226 1001 Galatia
1256 948 1310 997 et
1356 932 1567 1002 Epheso
1594 939 1752 995 supra
1779 922 1889 990 iam
1934 916 2048 971 dic-

463 1065 577 1106 tum
605 1056 687 1103 est
713 1010 736 1100 τ’
755 1044 936 1097 dicant
964 1051 1090 1107 ergo
1118 1042 1170 1088 et
1196 1033 1329 1093 istae,
1365 1025 1597 1079 Litteras
1626 1015 1692 1071 ad
1733 1029 1830 1069 nos
1855 1010 2006 1066 datas
2032 1048 2046 1072 ,

458 1144 678 1208 fratres,
713 1134 948 1208 quotidie
997 1098 1213 1198 legitis,
1259 1121 1348 1190 qui
1391 1114 1552 1171 vultis
1599 1109 1774 1164 adhuc
1817 1118 1936 1160 esse
1983 1098 2052 1155 de

459 1246 612 1310 parte
643 1231 851 1288 Donati.
885 1227 937 1280 In
971 1222 1097 1292 ipsis
1139 1213 1387 1286 Epistolis
1417 1224 1510 1279 per
1538 1218 1730 1260 nomen
1775 1196 1923 1270 pacis
1954 1207 2052 1310 [λος

469 1283 756 1400 ἱροειοιιιε
785 1283 1062 1394 salutavit,
1098 1283 1304 1370 dicens,
1337 1300 1515 1357 Gratia
1535 1296 1670 1351 vobis
1699 1301 1744 1347 et
1773 1305 1873 1362 pax
1895 1304 1926 1339 a
1949 1283 2054 1338 Deo

467 1378 628 1480 Piure
655 1427 701 1474 et
733 1388 1098 1470 DominoJesu
1119 1402 1339 1459 Christo.
1373 1396 1548 1464 Quare
1580 1402 1761 1461 pacem
1789 1385 1840 1438 in
1860 1378 2056 1436 nostris

467 1514 730 1588 Epistolis
767 1505 995 1579 legendo
1025 1497 1305 1560 didicistis,
1332 1499 1387 1548 et
1413 1504 1531 1545 eam
1559 1483 1838 1540 nobiscum
1869 1484 2057 1530 tenere

467 1563 760 1667 norluistis?
789 1601 844 1655 In
870 1610 977 1653 tam
1006 1587 1309 1662 longinquis
1337 1581 1494 1639 terris
1523 1587 1669 1632 trans
1694 1584 1841 1627 mare
1871 1563 2057 1639 positis

471 1699 660 1757 Afrum
693 1693 848 1749 nobis
879 1685 1110 1756 objicitis
1156 1677 1500 1753 Caecilianum
1532 1688 1547 1725 :
1574 1675 1718 1723 certe
1745 1676 1929 1718 verum
1980 1664 2063 1712 est

471 1791 616 1864 quod
644 1785 873 1850 dixistis,
921 1778 1031 1832 Nec
1061 1788 1226 1830 causa:
1261 1784 1416 1824 causa
1457 1760 1790 1836 prag'udicat,
1832 1770 1922 1809 nec
1948 1767 2062 1824 per-

471 1847 613 1939 Im
640 1892 874 1949 persona.
907 1873 1036 1940 Quae
1064 1876 1146 1923 est
1173 1866 1275 1920 ista
1306 1861 1511 1933 privata
1537 1863 1593 1910 et
1618 1847 1901 1922 peculiaris
1939 1860 2064 1899 san-

473 1940 748 2035 ctiﬁcatio,
777 1982 879 2036 qua
907 1962 1060 2018 vobis
1083 1959 1211 2013 licet
1251 1963 1309 2009 ut
1334 1952 1476 2007 Afrae
1501 1947 1640 2020 parti
1673 1940 1865 1998 Donati
1906 1950 2065 1992 causa

475 2083 585 2123 non
615 2061 928 2136 praeiudicet
952 2055 1066 2111 Afri
1092 2039 1370 2113 Primiani,
1413 2057 1511 2098 nec
1539 2051 1781 2110 personae
1812 2027 2066 2088 Primiani

476 2122 915 2228 Carthagihensis
931 2146 1237 2220 praeiudicat
1257 2153 1485 2212 persona
1502 2129 1769 2190 Mustitani
1790 2122 2063 2184 Feliciani,

479 2261 537 2308 et
560 2251 626 2306 ad
654 2221 752 2303 nos
782 2245 1030 2300 Africana
1053 2234 1358 2309 prmindicia
1392 2242 1496 2285 tam
1529 2228 1686 2296 longe
1711 2221 1987 2278 mittantur
2013 2223 2072 2270 ut

480 2345 638 2401 nobis
663 2337 972 2412 praeiudicet
1002 2345 1162 2388 causa
1192 2322 1507 2382 Caeciliani?

558 2437 609 2492 5.
644 2400 793 2488 Dicat
836 2429 998 2484 etiam
1035 2420 1299 2479 catholica
1342 2411 1584 2470 Ecclesia
1629 2409 1682 2463 in
1728 2407 1843 2475 ipsa
1890 2400 2073 2457 Africa

485 2527 774 2588 constituta
814 2531 869 2576 et
901 2534 995 2590 per
1020 2529 1207 2587 pacem
1244 2519 1402 2579 atque
1427 2504 1686 2560 unitatem
1725 2495 1924 2552 Christi
1969 2493 2075 2547 illis

485 2620 734 2678 omnibus
775 2610 1152 2670 communione
1198 2602 1442 2673 cepulata
1474 2613 1488 2650 :
1522 2595 1664 2651 dicat
1709 2591 1874 2647 etiam
1920 2587 2074 2657 ipsa,

484 2715 598 2772 Nec
623 2711 753 2767 mihi
781 2702 1052 2763 Caeciliani
1094 2712 1255 2755 causa
1297 2689 1649 2766 praeiudicat,
1691 2693 1878 2742 contra
1918 2693 2078 2751 quem

486 2810 767 2867 absentem
812 2795 1144 2869 septuaginta
1183 2789 1558 2860 episcoporum
1587 2787 1669 2836 est
1706 2776 1911 2848 prolata
1954 2786 2079 2827 sen-

491 2862 657 2957 tentia
681 2915 696 2963 ;
730 2894 852 2966 quia
874 2862 1024 2945 ἰιοιι-
1044 2881 1353 2958 praeiudicat
1384 2874 1638 2933 Ecclesiae
1664 2885 1783 2942 qua:
1810 2875 1924 2922 toto
1949 2862 2082 2919 orbe

491 2963 808 3049 diffunditur
857 2986 910 3039 in
969 2980 1121 3050 cuius
1157 2971 1535 3031 communione
1584 2975 1876 3036 permaneo
1930 2977 1944 3013 :
1994 2963 2087 3011 aut

493 3093 645 3142 certe
671 3077 982 3152 praeiudicet
1020 3071 1156 3144 parti
1192 3066 1384 3124 Donati
1414 3075 1574 3119 causa
1604 3055 1896 3122 Primiani,
1925 3065 2088 3123 quem

495 3178 581 3236 sui
609 3175 830 3245 collegae
872 3143 1118 3227 similiter
1145 3163 1422 3219 absentem
1465 3150 1834 3210 numerosiore
1860 3143 2088 3202 concilio

498 3236 909 3329 damnaverunt.
941 3261 999 3318 Si
1039 3267 1217 3315 autem
1260 3253 1380 3309 ideo
1423 3264 1528 3305 non
1574 3242 1923 3318 praeiudicat,
1965 3236 2090 3307 quia

499 3377 602 3420 nec
627 3376 784 3417 causa
810 3341 1014 3419 causae,
1048 3365 1145 3406 nec
1168 3359 1394 3420 persona
1425 3354 1690 3412 personae,
1719 3333 1887 3389 multo
1921 3327 2092 3398 magis

502 3453 765 3514 servanda
809 3458 892 3506 est
934 3449 1030 3501 ista
1069 3441 1276 3514 iustitia
1315 3451 1440 3507 erga
1482 3433 1741 3489 unitatem
1775 3423 2093 3482 catholicam

503 3547 725 3612 Christi,
757 3546 800 3598 si
827 3556 945 3597 eam
971 3512 1172 3592 servari
1204 3546 1330 3602 erga
1357 3543 1415 3584 se
1447 3523 1684 3597 postulat
1723 3533 1848 3590 pars
1878 3512 2090 3571 Donati.

505 3639 622 3698 Hoc
651 3605 894 3694 Ecclesia
937 3627 1203 3686 catholica
1234 3624 1287 3678 in
1324 3619 1506 3676 Africa
1550 3612 1840 3670 constituta
1883 3605 2096 3678 procla-

509 3742 622 3790 mat
655 3749 668 3785 :
700 3730 744 3784 0
785 3739 910 3797 pars
959 3718 1191 3783 Donati,
1241 3725 1295 3769 tu
1327 3714 1426 3768 ista
1452 3707 1614 3765 verba
1640 3702 1858 3766 dixisti,
1905 3709 1960 3754 tu
1999 3698 2100 3752 ista

510 3827 672 3884 verba
705 3833 791 3878 tua
823 3813 1172 3888 recognovisti
1192 3853 1208 3878 ,
1243 3819 1296 3864 tu
1325 3807 1440 3862 istis
1471 3801 1649 3859 verbis
1675 3798 1835 3854 etiam
1863 3791 2100 3849 subscri-

429 3949 437 3953 ·
512 3920 663 3992 psisti
689 3961 704 3986 ,
736 3915 844 3968 Nec
871 3927 1026 3966 causa
1056 3921 1223 3960 causa:
1242 3946 1257 3971 ,
1286 3917 1376 3956 nec
1402 3912 1617 3970 persona
1658 3904 1889 3964 persona:
1915 3886 2104 3959 prteju-

514 3977 670 4066 λίσαι.
691 3977 826 4077 Ἐεο
857 4005 997 4058 inter
1025 3998 1245 4070 spiritus
1282 3993 1407 4047 olim
1447 3983 1896 4057 requiescentium
1935 3977 2105 4032 recito

515 4103 860 4165 Caecilianum
889 4141 902 4164 ,
935 4107 991 4151 tu
1021 4092 1197 4148 adhuc
1227 4087 1374 4141 vides
1414 4092 1467 4139 et
1499 4091 1675 4136 tecum
1706 4076 1871 4130 habes
1902 4071 1956 4126 in
1981 4083 2106 4125 cor-

516 4214 649 4270 pore
677 4193 1027 4254 Felicianum,
1072 4201 1101 4239 a
1133 4199 1238 4254 quo
1269 4180 1552 4235 damnatus
1579 4180 1664 4227 est
1688 4167 2009 4224 Primianus.
2049 4163 2106 4216 In

518 4292 634 4360 ipsa
664 4283 918 4342 Primiani
944 4294 1102 4336 causa
1124 4274 1449 4330 Fclicianum
1476 4263 1760 4328 damnasti,
1789 4269 1843 4316 et
1862 4273 1982 4314 eum
2011 4271 2108 4326 po-

522 4391 638 4439 stea
666 4380 802 4435 sicut
821 4385 963 4439 erat,
992 4373 1299 4442 episcopum
1332 4363 1602 4419 Primiano
1649 4358 1850 4427 tibique
1871 4351 2108 4409 sociasti.

521 4474 582 4532 Si
617 4479 822 4527 tantum
855 4466 993 4521 valet
1030 4460 1172 4532 quod
1216 4472 1314 4512 nec
1351 4468 1512 4508 causa
1553 4465 1727 4504 causae
1761 4442 2073 4516 prmiudicat
2095 4483 2111 4510 ,

525 4582 626 4624 nec
653 4575 882 4636 persona
914 4568 1189 4628 personae,
1234 4557 1292 4604 ut
1327 4547 1420 4601 tibi
1462 4560 1566 4600 non
1611 4538 1923 4612 praeiudicet
1956 4533 2118 4590 hodie

527 4671 706 4717 tecum
734 4652 959 4709 viventis
987 4643 1292 4704 communio
1336 4635 1633 4702 Feliciaui;
1682 4631 1812 4687 mihi
1849 4625 2118 4700 quomodo

526 4748 841 4825 praeiudicat
867 4745 991 4800 olim
1023 4737 1256 4796 defuncti
1287 4731 1543 4790 memoria
1572 4724 1869 4785 Caeciliani?

605 4815 659 4901 6:
692 4840 831 4910 Quid
861 4838 926 4894 ad
956 4837 1055 4892 ista
1095 4829 1455 4902 respondent,
1503 4823 1593 4895 qui
1635 4820 1788 4876 vobis
1827 4817 2001 4872 adhuc
2035 4815 2120 4886 jac

531 4944 679 4994 ctant
708 4933 885 4988 inania
908 4972 922 4997 ,
963 4938 1017 4985 et
1050 4941 1160 4982 sua:
1190 4921 1384 4988 saluti,
1430 4919 1474 4974 si
1519 4932 1627 4972 non
1660 4929 1718 4971 se
1748 4908 2120 4975 correxerint,

533 5029 775 5087 nocitura
815 5019 1138 5085 mendacia?
1164 5015 1300 5083 Quid
1330 5013 1504 5068 adhuc
1543 5009 1726 5065 dicunt
1755 5020 1853 5061 nos
1889 5003 2124 5075 iudicem

533 5121 858 5192 corrupisse,
889 5125 946 5172 ut
975 5128 1070 5185 pro
1096 5111 1248 5166 nobis
1269 5104 1532 5162 sententia
1553 5096 1924 5175 proferretur?
1959 5094 2127 5150 Num-

539 5215 667 5288 quid
697 5187 751 5269 et
783 5211 913 5266 tanti
943 5206 1082 5278 apud
1107 5218 1204 5258 vos
1231 5198 1409 5256 meriti
1437 5198 1750 5269 episc0pum
1778 5187 2130 5263 praeclarissi-

538 5324 686 5363 mum
711 5305 1049 5360 defensorem
1080 5293 1417 5362 corrupimus
1440 5331 1455 5356 ,
1486 5298 1543 5343 ut
1568 5302 1665 5358 pro
1705 5283 1860 5339 nobis
1900 5280 2024 5336 talia
2054 5279 2134 5333 lo-

541 5407 794 5473 queretur
821 5393 942 5468 (a)?
970 5391 1082 5446 Hoc
1109 5388 1253 5443 enim
1289 5383 1575 5454 agebamus
1614 5377 1862 5432 omnibus
1892 5372 2094 5428 viribus
2117 5411 2134 5438 ,

543 5495 647 5549 hoc
689 5489 1018 5546 instabamus
1047 5525 1059 5546 ,
1102 5488 1162 5535 ut
1186 5475 1458 5534 Caeciliani
1487 5486 1647 5527 causa
1677 5478 1836 5539 atque
1866 5480 2095 5536 persona
2119 5504 2134 5530 ,

547 5584 952 5655 qualiscumque
979 5575 1072 5629 ille
1099 5571 1279 5636 fuerit,
1306 5567 1375 5622 ad
1404 5578 1621 5622 causam
1647 5570 1701 5617 et
1726 5572 2009 5630 personam
2041 5556 2142 5610 Ec-

549 5676 761 5738 clesiae,
806 5684 963 5740 quam
997 5667 1141 5722 Deus
1182 5663 1295 5718 suis
1335 5658 1532 5715 sanctis
1565 5652 1884 5712 testimoniis
1923 5647 2144 5703 robora-

553 5769 651 5831 vit,
674 5781 780 5819 non
811 5762 1081 5832 pertinere
1109 5753 1503 5812 ostenderetur.
1531 5749 1646 5804 Hoc
1670 5745 1958 5818 agebamus
1983 5739 2143 5796 etiam

562 5854 999 5915 similitudinibus
1023 5847 1368 5919 evangelicis,
1401 5854 1460 5900 ut
1486 5857 1644 5901 causa
1672 5850 1725 5898 et
1751 5851 1980 5911 persona
2009 5833 2147 5890 ziza-

618 5971 693 6034 (σι)
725 5968 938 6018 tndicare
958 5963 1148 6016 videtur
1166 5959 1444 6010 Emeritum.

1199 445 1289 505 AD
1328 434 1750 502 DONATISTAS
1787 426 1958 490 PUST
1995 411 2496 490 COLLATlONEM,
2545 419 2602 477 S.
2643 409 3011 477 AUGUSTINI

3620 400 3730 465 650

2148 539 2362 597 niorum
2385 551 2493 593 non
2516 533 2889 608 prariudicaret
2927 543 3102 588 causa:
3139 533 3194 584 et
3237 535 3482 597 persona
3520 519 3690 576 tritici
3713 561 3730 588 ,

2150 632 2392 706 quamvis
2431 632 2484 686 in
2523 628 2712 685 eodem
2740 642 2868 698 agro
2905 623 3092 680 eadem
3133 619 3306 692 pluvia
3336 615 3492 673 simul
3520 627 3739 670 cresce-

2150 739 2272 784 rent
2310 742 2478 798 usque
2507 724 2572 780 ad
2604 737 2834 779 messem
2853 763 2867 786 ,
2894 716 3105 791 quando
3131 712 3368 786 separari
3402 714 3718 782 oporteret:

2154 832 2212 878 ut
2232 837 2392 877 causa
2422 828 2476 876 et
2501 832 2724 891 persona
2760 815 2928 886 palea:
2961 826 3066 867 non
3095 806 3466 881 praeiudicaret
3491 815 3740 874 personui

2155 901 2428 980 frumenti,
2453 910 2696 983 quamvis
2719 909 2770 964 in
2797 905 2988 982 eadem
3011 917 3136 959 area
3153 899 3312 956 simul
3338 899 3741 959 triturarentur,

2157 1007 2331 1063 donec
2361 990 2652 1060 novissima
2679 997 3026 1056 ventilatione
3051 999 3426 1064 separarentur
3455 1005 3468 1043 :
3497 996 3560 1043 ut
3582 999 3742 1043 causa

2156 1109 2211 1156 et
2237 1114 2468 1172 persona
2495 1096 2772 1152 haedorum
2803 1107 2909 1148 non
2936 1087 3307 1170 praeiudicaret
3329 1071 3506 1141 Causae
3533 1091 3589 1139 et
3620 1097 3744 1152 per-

2160 1208 2307 1249 sonae
2333 1191 2543 1256 ovium,
2585 1187 2826 1259 quamvis
2859 1166 3231 1240 communibus
3272 1176 3483 1249 pascuis
3518 1183 3747 1243 utraque

2102 1288 2104 1290 ’
2160 1282 2353 1356 pecora
2383 1282 2646 1354 permixta
2671 1287 2971 1344 serventur,
3003 1273 3175 1330 donec
3200 1286 3230 1326 a
3257 1279 3471 1342 pastore
3501 1282 3745 1333 summo,

2164 1379 2216 1435 in
2239 1377 2439 1449 iudicio
2467 1373 2776 1438 novissimo,
2803 1369 2894 1426 alii
2922 1368 2989 1424 ad
3017 1365 3311 1432 sinistram,
3342 1363 3430 1418 alii
3460 1360 3530 1416 ad
3559 1360 3740 1416 dexte-

2165 1489 2280 1528 ram
2309 1476 2656 1542 segregentur
2689 1484 2701 1521 :
2735 1474 2793 1520 ut
2819 1477 2977 1520 causa
3009 1469 3063 1518 et
3090 1473 3321 1533 persona
3364 1455 3591 1528 piscium
3633 1467 3751 1509 ma-

2164 1565 2336 1620 lorum
2364 1578 2473 1619 non
2519 1558 2892 1632 praeiudicaret
2932 1568 3108 1611 causa:
3149 1561 3204 1608 et
3242 1562 3486 1622 personae
3523 1543 3755 1618 piscium

2167 1659 2462 1722 bonorum,
2506 1651 2750 1725 quamvis
2791 1652 2930 1705 intra
2974 1647 3161 1703 eadem
3189 1644 3324 1700 retia
3357 1647 3674 1697 tenerentur
3702 1635 3757 1691 in

2168 1759 2411 1806 extremo
2457 1748 2634 1801 littore
2681 1740 2987 1813 separandi,
3034 1738 3137 1793 hoc
3176 1735 3291 1802 est,
3324 1733 3377 1788 in
3403 1731 3510 1786 fine
3551 1727 3757 1794 maris,

2170 1843 2313 1916 quod
2341 1839 2608 1912 significat
2637 1829 2795 1892 tinem
2832 1832 3015 1890 szeculi
3041 1828 3256 1902 (Matth.
3289 1841 3380 1893 ιιι,
3412 1839 3501 1880 χιιι
3525 1831 3575 1876 et
3603 1816 3758 1890 xxv).

2170 1913 2374 2004 Quibus
2414 1930 2678 2004 parabolis
2704 1936 2758 1984 et
2796 1915 2980 1998 ﬁguris
3013 1919 3252 1978 Ecclesia
3295 1913 3653 1988 praenuntiata
3682 1917 3764 1966 est
3807 1981 3809 1983 ι

2172 2001 2343 2097 usque
2381 2001 2447 2078 ad
2479 2024 2636 2077 finem
2679 2017 2863 2074 saeculi
2903 2017 3074 2072 bonos
3114 2021 3169 2068 et
3205 2010 3376 2066 malos
3417 2006 3577 2062 simul
3607 2001 3763 2058 habi-

2176 2128 2316 2183 tura,
2359 2117 2428 2170 ita
2471 2124 2527 2170 ut
2553 2113 2679 2168 mali
2705 2110 2859 2166 bonis
2884 2108 3072 2164 obesse
3101 2119 3207 2160 non
3234 2100 3482 2174 possint,
3509 2111 3635 2153 cum
3677 2091 3764 2148 vel
3809 2107 3814 2112 ·

2114 2212 2120 2218 ’
2176 2210 2531 2281 ignorantur,
2587 2206 2671 2260 vel
2711 2218 2806 2273 pro
2847 2215 2979 2271 pace
3005 2207 3058 2254 et
3088 2193 3470 2266 tranquillitate
3505 2185 3767 2245 Ecclesiae

2180 2303 2501 2364 tolerantur,
2527 2298 2570 2352 si
2599 2310 2695 2351 eos
2722 2293 2874 2364 prodi
2905 2299 2998 2346 aut
3025 2286 3266 2346 accusari
3291 2300 3398 2340 non
3431 2278 3769 2353 oportuerit,

2180 2403 2271 2449 aut
2296 2392 2414 2447 aliis
2451 2390 2602 2445 bonis
2643 2404 2750 2443 non
2786 2383 3056 2457 potuerint
3083 2374 3440 2435 demonstrari
3472 2391 3485 2428 :
3525 2373 3600 2428 ita
3642 2381 3774 2425 sane

2180 2496 2240 2542 ut
2265 2501 2364 2541 nec
2401 2480 2791 2540 emendationis
2822 2476 3089 2548 vigilantia
3118 2473 3376 2545 quiescat,
3400 2463 3770 2537 corripiendo,

2182 2575 2546 2650 degradando,
2579 2559 3112 2633 excommunica'ndo,
3149 2563 3461 2633 ueterisque
3486 2556 3774 2616 coercitio-

2183 2671 2344 2728 nibus
2371 2669 2530 2725 licitis
2559 2677 2718 2737 atque
2745 2661 3046 2728 concessis,
3078 2675 3197 2730 qua:
3223 2657 3366 2711 salva
3396 2651 3616 2709 unitatis
3646 2663 3778 2720 pace

2187 2767 2242 2822 in
2269 2765 2511 2821 Ecclesia
2540 2759 2776 2834 quotidie
2807 2758 2940 2812 fiunt
2965 2752 3260 2811 secundum
3288 2754 3617 2821 praeceptum
3645 2757 3778 2813 apo-

2123 2877 2125 2879 ‘
2188 2859 2435 2916 stolicum
2465 2856 2725 2912 charitate
2753 2858 2964 2908 servata
2984 2889 2999 2915 ,
3029 2846 3119 2918 qui
3146 2843 3314 2909 dixit,
3350 2840 3410 2898 Si
3449 2839 3564 2910 quis
3607 2845 3783 2892 autem

2123 2948 2125 2950 ’
2190 2966 2292 3006 ηοη
2331 2947 2537 3005 obaudit
2566 2945 2714 3001 verbo
2753 2951 2924 2997 nostra
2963 2956 3051 3012 per
3075 2935 3378 3008 epistolam,
3411 2933 3547 2986 hunc
3576 2936 3784 2994 notate;

2192 3055 2239 3100 et
2267 3044 2422 3099 nolite
2449 3038 2758 3096 commisceri
2799 3051 2914 3089 cum
2947 3049 3034 3097 eo,
3067 3039 3124 3086 ut
3156 3028 3454 3091 erubescat;
3495 3032 3544 3078 et
3584 3038 3690 3076 non
3729 3026 3788 3073 ut

2193 3139 2456 3193 inimicum
2481 3131 2794 3196 existimetis,
2819 3127 2907 3184 sed
2932 3124 3170 3195 corripite
3193 3130 3246 3175 nt
3277 3125 3487 3192 fratrem
3513 3114 3583 3186 (ll
3607 3113 3785 3169 Thess.

2195 3250 2274 3301 ιιι,
2309 3233 2393 3298 id,
2432 3230 2543 3300 15),
2577 3227 2668 3284 Sic
2694 3225 2839 3280 enim
2861 3230 2916 3278 et
2939 3217 3219 3288 disciplina
3245 3220 3422 3270 servat
3450 3207 3790 3282 patientiam,

2197 3297 2532 3395 et'patientia
2556 3324 2817 3388 temperat
2839 3311 3171 3383 disciplinam
3193 3307 3209 3375 ς
3230 3317 3284 3363 et
3303 3313 3592 3386 utrumque
3620 3297 3792 3355 refer-

2200 3384 2299 3475 tur.
2315 3416 2382 3472 ad
2411 3384 2751 3474 charitate-nt,
2781 3424 2849 3464 ne
2880 3397 3016 3462 forte
3040 3412 3133 3459 aut
3159 3384 3552 3469 indiSciplinata
3580 3393 3792 3466 patien-

2200 3512 2272 3567 tia
2304 3511 2477 3565 foveat
2503 3505 2857 3578 iniquitatem,
2889 3507 2979 3555 aut
3007 3496 3288 3568 impatiens
3316 3476 3602 3563 disciplina
3636 3485 3796 3544 dissi-

2204 3614 2294 3676 pet
2321 3601 2602 3658 unitatem.

2274 3693 2503 3753 CAPUT
2545 3692 2608 3748 γ.
2639 3721 2709 3732 -—
2750 3691 2805 3744 7.
2834 3687 2938 3744 Ista
2966 3683 3087 3742 cum
3120 3684 3249 3740 ﬁunt
3276 3697 3306 3736 a
3334 3681 3530 3748 bonis,
3584 3693 3693 3734 non
3717 3676 3798 3732 in-

2207 3792 2496 3865 quinantur
2531 3803 2563 3842 a
2602 3785 2790 3850 malis;
2821 3782 2942 3852 quia
2970 3793 3071 3836 nec
3095 3791 3279 3834 eorum
3308 3773 3542 3845 peccatis
3569 3785 3800 3827 consen-

2207 3885 2392 3941 tiendo
2419 3879 2835 3944 communicant,
2859 3883 2913 3932 et
2935 3874 3002 3929 ab
3021 3873 3120 3940 eis,
3149 3880 3204 3927 et
3229 3870 3273 3924 si
3295 3885 3401 3924 non
3423 3866 3697 3937 corporali
3718 3878 3804 3920 se-

2210 3977 2551 4050 gregatione,
2594 3982 2770 4027 tamen
2819 3967 3080 4038 spirituali
3125 3966 3248 4020 vitae
3286 3959 3726 4017 dissimilitudine
3752 3962 3808 4011 et

2212 4085 2420 4126 morum
2458 4065 2765 4122 diversitate
2808 4060 3130 4123 discedunt,
3179 4069 3247 4112 eo
3284 4053 3444 4108 modo
3485 4051 3800 4107 obedientes

2214 4167 2487 4234 praxcepto
2513 4155 2783 4212 dominico
2813 4167 2918 4223 quo
2944 4152 3040 4217 ait,
3070 4147 3324 4203 Discedite
3343 4145 3482 4209 inde,
3506 4152 3557 4198 et
3585 4145 3806 4196 immun-

2217 4255 2339 4309 dum
2365 4270 2428 4308 ne
2455 4249 2715 4321 tetigeritis
2761 4245 2911 4317 (Isai.
2947 4259 3051 4310 ιιι,
3097 4239 3208 4313 li).
3241 4239 3372 4294 Nam
3416 4238 3508 4308 qui
3558 4237 3663 4290 hoc
3706 4247 3809 4288 non

2221 4344 2570 4417 spiritualitcr
2599 4335 2991 4396 observandum
3015 4342 3238 4405 putant,
3265 4328 3572 4399 arrogantia
3605 4325 3808 4379 vanita-

2220 4440 2288 4496 tis
2329 4439 2383 4494 in
2423 4434 2552 4491 illud
2581 4431 2825 4488 incidunt
2867 4426 3008 4499 quod
3053 4441 3148 4497 per
3194 4422 3442 4480 eumdem
3495 4419 3809 4490 pr0phetam

2222 4532 2480 4588 Dominus
2519 4527 2813 4583 detestatur
2839 4521 3020 4578 dicens
3040 4561 3054 4586 ,
3091 4517 3190 4585 Qui
3224 4514 3428 4581 dicunt,
3457 4513 3568 4567 noli
3597 4527 3678 4565 me
3707 4520 3813 4563 tan-

2221 4643 2336 4700 gere
2359 4667 2372 4691 ,
2410 4621 2648 4695 quoniam
2687 4616 2905 4673 mundus
2933 4631 3064 4680 sum,
3092 4613 3170 4666 hic
3199 4612 3214 4642 ¹
3251 4613 3420 4682 fumus
3448 4603 3811 4676 indignationis

2223 4699 2347 4773 mea:
2376 4714 2486 4788 (Id.
2515 4728 2642 4781 va,
2673 4711 2752 4782 5).
2786 4709 2899 4764 Hoc
2926 4705 3162 4778 episcopi
3194 4701 3352 4758 vestri
3383 4699 3692 4755 faciendum
3719 4712 3811 4767 pu-

2227 4817 2510 4876 tavcrunt,
2558 4804 2768 4878 quando
2793 4803 3029 4872 utrisque
3065 4805 3307 4854 nostrum
3349 4809 3379 4850 a
3419 4793 3602 4865 iudice
3643 4789 3816 4846 oblato

2229 4917 2508 4968 consessu,
2552 4899 2826 4956 nobiscum
2852 4893 3043 4950 sedere
3071 4891 3387 4955 noluerunt,
3414 4886 3661 4942 dicentes
3687 4881 3815 4941 scri-

2231 5009 2380 5072 ptum
2409 4996 2510 5054 sibi
2539 5009 2658 5051 esse
2677 5035 2692 5059 ,
2721 5008 2788 5048 ne
2817 5006 2937 5047 cum
2967 4988 3157 5044 talibus
3195 4985 3436 5051 sedeant,
3485 4980 3618 5037 illud
3644 4980 3819 5049 utique

2235 5068 2341 5149 non
2371 5089 2762 5164 spiritualitcr,
2812 5085 2908 5142 sed
2950 5083 3237 5139 carnaliter
3275 5078 3642 5148 intelligentes
3683 5068 3820 5145 quod

2236 5188 2292 5243 in
2320 5187 2531 5241 Psalmo
2557 5182 2788 5254 positum
2816 5188 2918 5247 est,
2951 5176 3020 5230 Et
3047 5192 3164 5230 cum
3191 5173 3363 5245 impiis
3391 5187 3492 5226 non
3519 5167 3702 5224 sedebo
3733 5169 3823 5220 :et

2242 5290 2420 5335 tamen
2449 5279 2693 5333 fecerunt
2722 5271 2862 5344 quod
2901 5273 2957 5326 in
2987 5268 3178 5326 eodem
3206 5268 3323 5338 ipso
3351 5266 3470 5320 loco
3497 5260 3700 5320 Psalmi
3730 5269 3823 5330 pa-
3869 5311 3872 5315 ,

2241 5373 2373 5427 riter
2402 5369 2732 5440 prohibetur.
2761 5365 2894 5420 Nam
2925 5363 2994 5419 ibi
3023 5361 3151 5417 dicit
3177 5357 3468 5430 Propheta,
3501 5355 3569 5410 Et
3594 5370 3706 5409 cum
3727 5348 3822 5404 iui-

2243 5479 2341 5534 qua
2367 5459 2648 5533 gerentibus
2681 5475 2780 5512 non
2805 5455 3020 5510 introibo
3047 5452 3218 5527 (Psal.
3258 5466 3364 5506 xxv
3384 5491 3399 5516 ,
3430 5449 3486 5514 5,
3515 5447 3594 5518 4).
3627 5444 3681 5500 Si
3704 5453 3826 5510 ergo

2246 5557 2370 5628 quia
2400 5568 2499 5610 nos
2525 5553 2736 5624 iniquos
2760 5550 2846 5606 vel
2871 5554 3132 5604 noverant
3158 5545 3242 5601 vel
3270 5541 3546 5615 putabant,
3583 5537 3704 5593 ideo
3732 5547 3826 5590 no-

2249 5651 2456 5708 hiscum
2486 5645 2675 5704 sedere
2702 5643 3024 5706 noluerunt;
3051 5649 3238 5707 quare,
3267 5630 3412 5704 quod
3442 5629 3687 5686 similiter
3711 5639 3830 5697 pro-

2250 5743 2484 5808 hibetur,
2529 5738 2807 5796 nobiscum
2847 5729 3188 5797 introierunt,
3233 5741 3296 5782 ex
3336 5731 3491 5797 parte
3519 5720 3688 5779 sancti
3712 5759 3728 5786 ,
3769 5728 3831 5773 ex

2319 5882 2336 5912 ί
2371 5885 2422 5927 tn
2445 5877 2656 5948 esciisis,
2681 5871 2750 5948 (ti,
2772 5867 2948 5936 phirali
2967 5877 3192 5920 numero.
3238 5868 3296 5915 At
3328 5862 3380 5913 in
3402 5869 3528 5926 Mss,
3551 5857 3667 5921 hic;
3703 5855 3837 5921 juxta

2259 5954 2471 6008 graecum
2492 5946 2621 6001 Lxx.
2643 5941 2792 5989 ornos.

3863 5397 3879 5462 ξ
