4010 6526
254 502 354 561 657

255 625 405 693 parte
434 610 621 683 polluti
654 626 666 663 :
695 606 797 664 nisi
829 604 949 677 quia
974 603 1276 674 Scripturas
1304 578 1516 656 sanctas
1543 611 1648 652 non
1681 596 1837 693 intel-

256 688 473 781 ligendo
498 714 551 760 et
580 700 864 759 carnaliter
901 695 1155 768 sapiendo
1191 696 1359 766 ipsam
1391 693 1647 747 unitatem
1673 688 1833 744 dissi-

294 808 516 858 averunt
539 798 562 852 ?

257 822 732 963 pagfrll‘iiihitaque
757 889 1003 962 polluant
1030 885 1154 941 mali
1181 884 1351 940 bonos
1382 884 1433 937 in
1471 880 1659 937 eodem
1687 894 1834 950 agro,

253 994 308 1049 in
337 988 524 1045 eadem
554 1001 696 1049 area,
740 984 791 1038 in
824 981 1026 1037 eisdem
1063 978 1299 1050 pascuis,
1331 976 1384 1030 in
1408 974 1607 1031 eisdem
1636 972 1840 1027 retibus

253 1081 566 1141 constituti;
599 1078 720 1148 quia
762 1090 866 1130 non
896 1074 973 1130 eis
1013 1070 1407 1141 communicant
1435 1068 1590 1133 boni,
1632 1064 1727 1122 sed
1766 1063 1844 1118 al-

257 1176 363 1231 tari
390 1183 445 1229 et
474 1170 833 1228 Sacramentis
860 1166 976 1222 Dei.
1005 1164 1413 1220 Communicant
1444 1169 1619 1216 autem
1647 1159 1800 1215 malis
1824 1201 1838 1226 ,

253 1267 349 1338 qui
374 1264 713 1321 consentiunt
755 1260 908 1314 factis
937 1258 1223 1313 malorum.
1248 1254 1516 1325 Scriptum
1548 1262 1629 1309 est
1654 1252 1795 1308 enim
1826 1269 1838 1305 :

254 1357 384 1415 Non
414 1358 577 1412 solum
606 1355 689 1425 qui
717 1354 910 1426 faciunt
942 1369 1019 1417 ea,
1051 1366 1222 1404 verum
1246 1349 1396 1403 etiam
1416 1348 1501 1416 qui
1526 1346 1845 1401 consentiunt

252 1451 559 1527 facientibus
590 1449 764 1518 (Rom.
792 1463 845 1513 ι,
873 1445 987 1516 52).

327 1542 558 1599 CAPUT
596 1539 684 1595 Vl.
715 1569 785 1579 -—
820 1538 951 1593 Cum
980 1551 1107 1591 vero
1134 1536 1257 1591 mali
1287 1533 1434 1606 pacis
1461 1530 1843 1589 conservandte

253 1636 580 1695 necessitate
600 1635 915 1698 tolerantur,
941 1645 1047 1685 non
1070 1627 1359 1699 iniquitatis
1386 1624 1846 1683 communicanda:

247 1713 517 1788 societate
544 1732 867 1797 appetuntur
890 1767 905 1792 ,
954 1734 1011 1778 ut
1037 1738 1157 1778 cum
1204 1720 1421 1775 zizaniis
1452 1720 1683 1774 triticum
1714 1732 1843 1774 sua-

244 1810 377 1879 vem
409 1820 644 1893 pluviam
675 1819 877 1890 pariter
919 1817 1098 1880 bibat,
1136 1824 1311 1870 servet
1341 1825 1515 1868 tamen
1547 1813 1846 1868 ubertatem

253 1929 436 1979 suam,
460 1927 559 1968 nec
579 1919 921 1968 convertatur
949 1910 998 1961 iu
1023 1908 1346 1962 zizaniorum
1371 1905 1725 1971 sterilitatem,
1753 1903 1846 1960 sed

256 2017 552 2075 utrumque
582 2004 742 2058 simul
770 2017 937 2072 usque
965 2000 1029 2055 ad
1071 2015 1300 2055 messem
1329 2008 1569 2066 crescat,
1602 2014 1671 2054 ne
1710 1998 1848 2054 forte

254 2116 381 2156 cum
408 2098 731 2168 colliguntur
752 2096 973 2159 zizania,
1003 2093 1304 2148 eradicetur
1329 2092 1485 2147 simul
1508 2099 1561 2147 et
1592 2091 1846 2157 triticum,

254 2191 461 2247 nullam
490 2203 610 2243 eum
641 2188 794 2242 bonis
824 2186 1022 2240 habent
1047 2185 1171 2239 mali
1201 2183 1663 2253 participationem
1702 2181 1847 2236 salu-

254 2283 331 2337 tis
353 2281 439 2336 vel
467 2278 801 2350 perditionis.
832 2278 958 2345 Qum
987 2278 1117 2331 enim
1155 2276 1477 2347 participatio
1496 2275 1711 2345 justitia:
1735 2290 1850 2328 cum

255 2374 568 2444 iniquitate?
593 2372 799 2428 Nullam
828 2386 951 2427 cum
980 2370 1134 2425 bonis
1160 2369 1359 2424 habent
1385 2368 1507 2423 mali
1540 2369 1850 2424 societatem

255 2469 436 2539 regni,
467 2476 559 2520 aut
586 2466 722 2535 ignis
748 2464 953 2519 mterui.
990 2463 1116 2531 Qua:
1144 2463 1287 2516 enim
1317 2462 1526 2515 societas
1559 2462 1657 2514 luci
1684 2461 1751 2513 ad
1775 2471 1850 2514 te-

257 2560 484 2614 nebras?
509 2558 623 2613 Non
664 2557 860 2611 habent
906 2555 1031 2609 mali
1080 2570 1198 2609 cum
1252 2553 1409 2608 bonis
1450 2553 1851 2607 consonantiam

258 2652 384 2707 vita:
414 2666 479 2707 ac
522 2648 826 2705 voluntatis.
876 2647 1002 2714 Quae
1028 2647 1169 2701 enim
1214 2646 1544 2699 consonantia
1575 2644 1759 2698 Christi
1786 2645 1854 2696 ad

260 2745 429 2800 Belial
456 2745 481 2798 .’
504 2742 619 2798 Non
653 2741 853 2797 habent
889 2740 1014 2795 boui
1045 2755 1165 2794 cum
1197 2740 1353 2793 malis
1380 2748 1584 2808 partem
1610 2779 1623 2801 ,
1655 2752 1753 2791 nec
1796 2735 1854 2790 in

261 2848 421 2909 pinna
448 2833 688 2891 criminis
717 2848 814 2887 nec
836 2832 887 2886 in
912 2831 1130 2901 praemio
1158 2830 1390 2901 pietatis.
1429 2830 1554 2895 Qua:
1574 2828 1714 2883 enim
1738 2844 1855 2898 pars

262 2929 405 3000 ﬁdeli
431 2944 547 2981 cum
571 2925 765 2994 inﬁdeli
798 2923 863 2993 (ll
905 2922 1020 2978 Cor.
1063 2938 1137 2989 vi,
1168 2923 1270 2989 14,
1316 2920 1446 2993 15)⁶2
1473 2922 1537 2976 Et
1565 2937 1685 2976 cum
1719 2921 1857 2975 intra

264 3021 460 3079 eadem
486 3019 617 3075 retia
648 3015 914 3072 donec'ad
937 3016 1082 3070 littus
1103 3014 1433 3084 perveniant,
1462 3014 1662 3083 pariter
1681 3012 1857 3069 divina

264 3113 613 3170 Sacramenta
642 3106 977 3178 percipiunt,
1009 3106 1098 3161 isti
1138 3105 1426 3169 sociantur,
1460 3105 1534 3159 illi
1561 3105 1859 3160 dissocian-

264 3212 395 3271 tur;
425 3203 513 3258 isti
534 3208 849 3267 consonant,
880 3200 955 3254 illi
977 3200 1285 3264 dissonant;
1317 3199 1401 3254 isti
1426 3199 1624 3254 habent
1652 3208 1858 3269 partem

268 3310 396 3353 cum
424 3292 813 3358 misericordia,
844 3290 918 3344 illi
947 3306 1067 3345 cum
1093 3290 1293 3361 judicio
1326 3308 1338 3344 :
1372 3291 1624 3361 quoniam
1652 3290 1862 3345 miseri-

270 3388 513 3445 cordiam
539 3394 592 3441 et
630 3384 889 3456 judicium
931 3392 1109 3437 cantat
1150 3383 1384 3438 Ecclesia
1431 3384 1658 3438 Domino
1689 3383 1858 3454 (Psal.

276 3493 308 3534 c
331 3519 346 3545 ,
376 3478 432 3547 1)
465 3494 479 3529 :
510 3486 564 3532 et
590 3477 678 3547 qui
704 3476 989 3530 manducat
1010 3474 1246 3544 indigne,
1269 3474 1529 3544 judicium
1556 3490 1660 3528 non
1686 3476 1863 3542 alteri,

274 3567 377 3623 sed
406 3566 508 3622 sibi
540 3567 819 3623 manducat
858 3566 899 3637 (l
941 3566 1057 3619 Cor.
1101 3581 1151 3619 xi
1179 3606 1194 3631 ,
1230 3565 1348 3637 29).
1397 3567 1474 3620 De
1512 3566 1629 3635 ipso
1671 3566 1867 3636 quippe

273 3675 438 3731 pane,
471 3669 524 3714 ct
548 3659 615 3715 de
644 3661 756 3729 ipsa
783 3658 1049 3714 dominica
1078 3673 1237 3712 manu
1269 3667 1324 3711 et
1351 3657 1515 3713 Judas
1541 3666 1744 3727 partem
1765 3698 1780 3725 ,
1813 3665 1867 3712 et

273 3750 469 3806 Petrus
494 3751 697 3820 accepit
727 3767 741 3805 :
773 3760 827 3805 et
855 3757 1030 3804 tamen
1058 3764 1178 3819 qua:
1226 3749 1453 3804 societas
1472 3789 1487 3813 ,
1524 3764 1641 3819 qum
1668 3764 1866 3805 conso-

274 3842 480 3909 nantia,
525 3857 642 3911 quae
688 3856 810 3911 pars
858 3840 1017 3895 Petro
1064 3854 1185 3893 cum
1232 3839 1411 3893 Juda‘?
1454 3840 1717 3907 Quoniam
1766 3855 1866 3895 nec

275 3946 439 3988 causa
466 3948 642 3986 causa:
668 3932 1002 4001 prazjudicat,
1035 3945 1134 3985 nec
1164 3945 1391 4000 persona
1422 3945 1686 3999 personas.

350 4026 406 4081 9.
439 4024 563 4081 Sive
592 4040 719 4095 ergo
744 4032 970 4089 exeant,
1015 4024 1082 4078 de
1121 4023 1314 4093 quibus
1354 4025 1605 4093 scriptum
1634 4034 1748 4091 est,
1786 4025 1869 4079 Ex

275 4119 425 4173 nobis
450 4120 695 4183 exierunt,
727 4119 813 4170 sed
838 4133 939 4169 non
966 4125 1107 4169 erant
1133 4133 1195 4170 ea:
1230 4117 1371 4170 nobis
1400 4116 1441 4188 (Ι
1466 4116 1621 4170 Joan.
1650 4133 1706 4181 tl,
1734 4116 1824 4189 i9)
1852 4136 1865 4171 :

274 4210 395 4265 sive
434 4209 577 4264 intus
604 4224 723 4264 esse
752 4208 1033 4262 videantur
1057 4250 1071 4275 ,
1104 4207 1172 4262 de
1198 4208 1387 4277 quibus
1431 4209 1619 4263 beatus
1646 4209 1867 4279 Cypria-

274 4316 383 4357 nus
409 4299 745 4370 apertissime
785 4298 1018 4367 loquitur
1042 4341 1056 4365 ,
1090 4299 1273 4353 dicens
1294 4341 1309 4366 ,
1342 4299 1481 4351 Nam
1520 4301 1613 4354 etsi
1642 4300 1871 4353 videntur

274 4393 331 4447 in
362 4393 595 4448 Ecclesia
624 4408 730 4445 esse
756 4392 954 4444 zizania
975 4432 989 4457 ,
1023 4407 1122 4445 non
1153 4400 1317 4444 tamen
1342 4393 1577 4461 impediri
1607 4393 1749 4446 debet
1783 4402 1871 4447 aut

277 4483 413 4553 ﬁdes
444 4490 534 4535 aut
575 4481 795 4535 charitas
837 4492 1041 4548 nostra;
1083 4492 1137 4536 ut
1176 4476 1415 4552 quoniam
1461 4485 1659 4537 zizania
1688 4501 1792 4538 esse
1819 4486 1873 4539 in

278 4574 518 4631 Ecclesia
546 4575 793 4628 cernimus
812 4615 825 4640 ,
868 4575 967 4643 ipsi
1009 4576 1071 4627 de
1102 4574 1333 4628 Ecclesia
1360 4575 1650 4629 recedamus
1678 4575 1869 4646 (Epist.

280 4667 353 4720 ad
398 4665 727 4736 Maximum).
778 4664 980 4732 Quibus
1024 4666 1197 4721 verbis
1243 4666 1478 4736 episcopi
1524 4667 1688 4721 vestri
1741 4666 1873 4722 nihil

284 4760 507 4817 omnino
539 4759 652 4814 ausi
698 4768 822 4814 sunt
868 4760 1229 4831 respondere,
1271 4761 1514 4829 quamvis
1553 4760 1645 4814 diu
1681 4759 1873 4815 frustra

285 4853 697 4919 contenderim,
730 4852 871 4921 quod
899 4869 999 4906 non
1038 4856 1091 4905 in
1126 4852 1351 4907 Ecclesia
1378 4854 1621 4924 prwdicta
1654 4856 1753 4908 sint
1788 4857 1875 4925 fu-

290 4955 406 4999 tura
432 4943 650 5011 zizania,
677 4944 796 5013 quia
824 4944 951 4996 dixit
980 4942 1247 5007 Dominus,
1286 4962 1303 4993 ι
1342 4945 1475 5013 Ager
1512 4954 1583 4997 est
1612 4946 1693 4997 hic
1719 4961 1877 4999 mun-

290 5038 384 5090 dus
424 5056 442 5088 ›
473 5035 693 5106 (Matth.
731 5051 823 5090 xm
849 5076 862 5100 ,
893 5035 1021 5106 58);
1052 5052 1142 5089 nec
1168 5036 1294 5088 dixit
1315 5077 1329 5101 ,
1366 5040 1499 5106 Ager
1524 5047 1596 5089 est
1622 5035 1873 5091 Ecclesia.

292 5130 399 5185 Nos
427 5137 604 5183 autem
631 5128 887 5183 mundum
920 5143 1015 5197 pro
1044 5128 1298 5183 Ecclesiae
1324 5129 1706 5198 signiﬁcatione
1733 5132 1877 5199 posi-
1922 5172 1925 5173 ν

295 5230 407 5276 tum
456 5220 800 5285 dicebamus,
851 5220 988 5274 sicut
1036 5221 1194 5274 etiam
1236 5218 1533 5291 Cyprianus
1578 5221 1876 5290 intellexit,

297 5316 417 5385 quia
450 5328 543 5384 per
581 5297 767 5368 totum‘
789 5312 1044 5366 mundum
1086 5313 1255 5366 futura
1306 5312 1743 5384 praeﬁgurabatur
1773 5314 1878 5370 Ec-

300 5406 482 5461 clesia.
518 5405 669 5461 Unde
705 5405 779 5458 illi
807 5404 1075 5470 dicebant,
1108 5404 1352 5457 mundum
1381 5422 1574 5475 semper
1610 5406 1664 5459 in
1693 5406 1882 5460 malam

300 5499 722 5569 signiﬁcationem
753 5498 1002 5566 positum;
1042 5504 1097 5551 et
1141 5497 1441 5550 testimonia
1486 5498 1552 5552 de
1595 5492 1903 5568 Scripturis'

303 5589 521 5655 dabant,
555 5590 677 5658 quia
707 5589 962 5659 scriptum
992 5595 1096 5651 est,
1128 5588 1189 5642 Si
1209 5589 1319 5658 quis
1346 5589 1577 5644 dilexerit
1602 5593 1847 5645 mundum
1867 5633 1881 5656 ,

304 5698 405 5735 non
431 5689 501 5734 est
528 5680 747 5732 Charitas
773 5678 945 5731 Patris
966 5680 1018 5733 in
1044 5679 1137 5733 illo
1166 5678 1209 5750 (Ι
1231 5680 1388 5733 Joan.
1429 5696 1500 5744 ιι,
1534 5681 1625 5751 15)
1656 5699 1667 5733 :
1701 5690 1755 5736 et
1780 5696 1886 5736 cte-

306 5780 419 5827 tera
452 5772 596 5824 talia.
626 5771 732 5825 Nos
755 5787 883 5826 vero
913 5787 1018 5826 non
1045 5773 1217 5826 solum
1261 5774 1314 5827 in
1343 5773 1533 5827 malam
1555 5817 1570 5839 ,
1609 5775 1700 5828 sed
1727 5760 1907 5830 etiam

310 5862 362 5917 in
390 5863 584 5917 bonam
612 5863 1049 5932 Signiﬁcationem
1073 5863 1328 5919 mundum
1352 5866 1404 5919 in
1433 5865 1718 5936 Scripturis
1748 5868 1891 5937 posi-

315 5962 423 6011 tum
455 5955 928 6025 respondebamus,
962 5966 1018 6014 et
1041 5959 1596 6017 commemorabamus
1621 5960 1761 6019 inter
1784 5962 1887 6021 alia

1668 478 1872 538 LIBER
1910 478 2108 537 UNUS.

3420 485 3532 545 668

1950 595 2110 650 etiam
2147 596 2277 654 illud
2301 601 2443 671 quod
2471 603 2724 674 scriptum
2751 611 2833 659 est
2856 646 2869 671 ,
2912 603 3049 658 Deus
3087 610 3193 659 erat
3227 604 3279 658 in
3326 602 3529 659 Christo
3570 634 3577 639 -

1949 696 2195 749 mundum
2221 700 2551 755 reconcilians
2581 703 2673 755 sibi
2701 700 2766 773 (ll
2800 700 2918 757 Cor.
2959 719 3021 770 v,
3061 701 3149 773 l9)
3183 719 3196 756 :
3227 702 3315 774 qui
3348 703 3531 773 utique

1949 803 2054 844 non
2084 789 2182 843 sibi
2212 793 2518 847 reconciliat
2543 794 2643 849 nisi
2667 795 2981 850 Ecclesiam.

2024 879 2249 937 CAPUT
2288 882 2397 938 VII.
2429 915 2498 924 —
2525 868 2647 942 Sive
2676 902 2802 958 ergo
2831 898 3026 943 exeant
3056 888 3214 955 mali,
3248 888 3359 943 sive
3388 889 3532 943 intus

1950 972 2035 1027 vel
2064 974 2376 1043 ignorentur
2398 1018 2411 1041 ,
2445 977 2529 1031 vel
2554 978 2833 1033 videantur
2853 1022 2868 1047 ,
2897 978 3000 1034 hoc
3026 980 3132 1050 agit
3162 979 3529 1036 misericordia

1949 1064 2225 1134 etjustitia
2256 1067 2389 1135 Dei,
2425 1078 2481 1123 ut
2520 1068 2618 1124 sibi
2653 1070 2718 1125 ad
2766 1072 2900 1125 mala
2931 1086 3035 1125 non
3076 1072 3533 1127 consentientibus

1948 1154 2105 1211 bonis
2130 1158 2253 1212 mali
2285 1174 2391 1213 non
2417 1161 2629 1227 obsint,
2674 1163 2766 1217 sed
2814 1164 3023 1235 utrique
3052 1164 3319 1234 propriam
3360 1166 3532 1219 sarci-

1951 1262 2073 1301 nam
2101 1258 2314 1318 portent
2345 1268 2357 1303 :
2390 1260 2447 1305 ut
2477 1267 2575 1307 nec
2612 1252 2749 1307 [ilius
2788 1255 3015 1324 accipiat
3060 1264 3277 1325 peccata
3323 1256 3486 1324 patris
3512 1297 3528 1321 ,

1949 1340 2051 1396 nisi
2073 1354 2194 1396 eum
2223 1340 2379 1397 fuerit
2403 1342 2454 1396 in
2480 1343 2637 1399 malis
2658 1344 2924 1411 imitatus;
2953 1345 3046 1400 sed
3072 1346 3245 1400 anima
3270 1361 3388 1416 qua:
3412 1361 3535 1415 pec-

1950 1437 2187 1503 caverit,
2221 1437 2334 1507 ipsa
2374 1438 2633 1493 moriatur
2676 1437 2885 1510 (Ezech.
2929 1456 3091 1507 xvul,
3124 1438 3201 1512 4).
3243 1439 3375 1494 Cum
3407 1454 3536 1509 ergo

1951 1528 2175 1599 quisque
2204 1529 2359 1586 malis
2388 1531 2655 1586 consentit
2674 1530 2738 1585 ad
2766 1532 2984 1598 malum,
3004 1532 3112 1601 jam
3136 1546 3294 1585 unam
3320 1546 3535 1587 causam

1952 1618 2257 1676 habetcum
2285 1622 2396 1687 eis,
2439 1631 2493 1677 et
2534 1624 2693 1677 totius
2735 1624 3005 1678 societatis
3039 1624 3299 1679 malorum
3342 1623 3397 1676 fit
3434 1637 3537 1677 una

1954 1728 2178 1783 persona
2211 1732 2224 1769 :
2256 1730 2320 1769 ac
2361 1730 2459 1786 per
2502 1716 2602 1771 hoc
2641 1731 2760 1770 cum
2804 1717 2959 1771 simul
3010 1727 3233 1787 pereunt
3269 1718 3537 1786 simulque

1953 1803 2273 1859 damnantur
2297 1846 2311 1870 ,
2342 1821 2500 1861 causa
2532 1822 2625 1861 sua
2652 1817 2707 1863 et
2746 1824 2972 1878 persona
3001 1823 3092 1863 sua
3124 1811 3315 1879 cuique
3341 1810 3538 1880 pr:eju-

1954 1895 2135 1964 dicat,
2177 1913 2282 1952 non
2314 1898 2507 1953 aliena.
2537 1900 2670 1955 Cum
2701 1916 2828 1955 vero
2864 1903 2987 1956 boni
3019 1910 3074 1956 et;
3100 1902 3221 1955 mali
3252 1902 3392 1956 idem
3418 1917 3542 1956 ver-

1954 1989 2080 2044 bum
2105 1990 2197 2044 Dei
2222 1991 2380 2045 simul
2412 1992 2650 2059 audiunt,
2675 2002 2729 2048 et
2755 1995 2911 2048 simul
2943 1996 3033 2050 Dei
3059 1995 3400 2050 Sacramenta
3424 2010 3544 2064 per-

1955 2081 2191 2153 cipiunt,
2224 2091 2279 2137 et
2311 2092 2491 2137 tamen
2523 2084 2809 2140 dissimiles
2836 2086 3035 2140 habent
3069 2096 3284 2141 actuum
3322 2100 3543 2141 suorum

1955 2190 2182 2243 causas,
2230 2185 2285 2230 et
2328 2176 2615 2232 dissimiles
2662 2189 2855 2248 gerunt
2896 2180 3187 2234 voluntatis
3232 2180 3548 2234 diversitate

1956 2281 2216 2336 personas
2235 2309 2251 2332 ,
2280 2268 2529 2323 eumdem
2559 2270 2733 2324 cibum
2762 2281 3001 2325 sanctum
3028 2272 3146 2327 aliis
3174 2272 3550 2326 mauducanti-

1957 2358 2060 2414 bus
2088 2359 2268 2430 digne,
2298 2361 2416 2415 aliis
2445 2361 2678 2431 indigne,
2704 2379 2801 2418 nec
2826 2379 2987 2419 causa
3012 2379 3185 2420 causa:
3211 2366 3543 2435 prrejudicat,

1957 2465 2057 2505 nec
2090 2465 2316 2521 persona
2349 2467 2612 2523 personae.
2844 2444 2856 2452 ’

2031 2541 2117 2597 10.
2159 2543 2238 2596 Ac
2267 2558 2362 2612 per
2388 2543 2491 2598 hoc
2518 2560 2865 2617 quaecumque
2906 2548 3207 2602 testimonia
3246 2549 3546 2604 divinarum

1958 2634 2356 2705 Scripturarum
2401 2637 2636 2708 episcopi
2679 2640 2841 2693 vestri
2890 2634 3312 2697 commemorare
3361 2652 3551 2712 potue-

1961 2736 2103 2792 runt,
2134 2727 2326 2797 quibus
2352 2729 2418 2782 ab
2446 2730 2589 2783 omni
2616 2731 2877 2786 malorum
2902 2732 3174 2788 hominum
3197 2735 3553 2803 permixtione

1962 2834 2092 2891 pura
2126 2820 2579 2890 praenuntiabatur
2607 2823 2844 2879 Ecclesia
2870 2866 2885 2893 ,
2933 2840 3039 2879 non
3085 2827 3256 2896 qualis
3290 2843 3431 2882 nunc
3470 2835 3554 2881 est

1963 2911 2069 2967 illis
2099 2912 2417 2967 testimoniis
2446 2915 2926 2984 praznuntiabatur,
2950 2917 3043 2971 sed
3066 2918 3237 2987 qualis
3260 2928 3377 2988 post
3398 2920 3555 2972 istam

1964 3005 2344 3061 mortalitatem
2368 3006 2419 3059 iu
2444 3007 2549 3060 vita
2572 3017 2771 3062 mterna
2794 3008 2967 3063 futura
2990 3019 3091 3065 est.
3118 3011 3185 3065 Et
3209 3025 3556 3081 quaecumque

1970 3096 2273 3151 testimonia
2322 3097 2719 3168 Scripturarum
2776 3111 3070 3169 posuerunt
3111 3103 3177 3158 de
3217 3104 3377 3171 ﬁliis,
3422 3117 3559 3174 quos

1970 3189 2165 3243 merito
2191 3200 2471 3260 parentum
2515 3192 2776 3247 imitando
2804 3194 3058 3249 malitiam
3084 3236 3100 3262 ,
3118 3204 3119 3207 ‘
3140 3211 3297 3250 unam
3326 3211 3446 3249 cum
3478 3195 3558 3251 eis

1968 3296 2182 3337 causam
2215 3282 2416 3339 habere
2442 3284 2727 3340 voluerunt
2758 3286 2937 3357 :quod
2968 3303 3074 3342 non
3100 3288 3453 3358 intelligentes
3473 3288 3558 3341 di-

1966 3375 2090 3429 vina
2122 3375 2424 3429 testimonia
2453 3391 2633 3431 secum
2661 3393 2896 3448 pugnare
2925 3380 3219 3450 cogebant,
3253 3395 3353 3435 uec
3377 3388 3555 3435 utras-

1969 3481 2072 3537 que
2102 3481 2261 3521 voces
2292 3467 2389 3522 Dei
2418 3483 2513 3537 pro
2540 3467 2852 3526 diversitate
2879 3480 3213 3542 temporum,
3243 3487 3557 3539 causarum,

1972 3574 2430 3631 personarumque
2473 3560 2858 3632 distinguentes
2900 3565 2952 3618 in
2984 3564 3323 3619 concordiam
3351 3564 3561 3634 redige—

1971 3650 2101 3706 bant
2123 3693 2138 3718 ,
2176 3652 2270 3707 sed
2302 3652 2444 3707 sicut
2470 3662 2653 3707 contra
2698 3669 2797 3709 nos
2838 3656 2978 3724 ipsi,
3013 3656 3083 3710 ita
3112 3657 3269 3711 etiam
3303 3654 3563 3709 volebant

1973 3745 2114 3799 inter
2138 3761 2197 3800 se
2226 3747 2339 3815 ipsa
2367 3747 2543 3801 divina
2574 3748 2888 3803 documenta
2934 3764 3189 3819 pugnare.
3231 3748 3339 3803 Nec
3366 3748 3559 3801 mirum

1973 3839 2018 3892 si
2046 3852 2230 3907 pacem
2259 3838 2551 3907 Scriptura:
2582 3840 2674 3894 Dei
2703 3855 2808 3894 non
2841 3841 3237 3911 intelligebant,
3262 3841 3350 3911 qui
3376 3854 3561 3910 pacem

1974 3945 2095 3985 cum
2119 3931 2235 3999 ejus
2262 3931 2501 3986 Ecclesia
2528 3948 2635 3987 non
2664 3933 2950 3989 habebant.
3176 3972 3183 3977 ι

2046 4024 2270 4080 CAPUT
2304 4023 2436 4078 Vlll.
2468 4056 2537 4063 —
2565 4026 2651 4079 Η.
2693 4025 2801 4080 Nos
2832 4035 3007 4080 autem
3046 4036 3271 4097 utraque
3297 4029 3564 4098 accipien-

1980 4126 2060 4171 tes
2088 4115 2414 4179 testimonia,
2442 4115 2940 4171 dcmonstrabamus
2972 4126 3320 4189 utrorumque
3341 4135 3567 4175 concor-

1976 4207 2138 4262 diam.
2170 4206 2301 4259 Nam
2327 4215 2381 4261 et
2405 4206 2532 4261 illud
2559 4208 2969 4277 accipiebamus,
3003 4210 3141 4280 quod
3164 4210 3217 4264 in
3239 4211 3347 4266 suis
3378 4212 3566 4267 litteris

1979 4308 2536 4354 commemoraverunt
2560 4300 2815 4355 Ecclesia:
2835 4300 3033 4355 dictum
3057 4317 3199 4369 esse,
3226 4302 3337 4357 Nec
3361 4304 3568 4375 adjiciet

1976 4391 2113 4443 ultra
2140 4407 2229 4460 per
2258 4400 2305 4444 te
2334 4392 2551 4445 transire
2576 4392 2960 4446 incircumcisus
3005 4402 3051 4446 et
3090 4394 3380 4448 immundus
3412 4392 3565 4459 (Isai.

1980 4496 2082 4547 ιιι,
2115 4481 2219 4549 1);
2270 4490 2325 4536 et
2372 4480 2499 4535 illud
2541 4483 2682 4552 quod
2731 4484 2985 4553 scriptum
3015 4495 3097 4540 est
3121 4528 3135 4554 ,
3166 4487 3331 4540 Sinite
3356 4496 3570 4557 utraque

1979 4591 2200 4629 crescere
2225 4591 2381 4644 usque
2407 4576 2474 4628 ad
2498 4593 2709 4631 messem
2740 4578 2963 4647 (Matth.
2998 4596 3127 4648 xm,
3159 4581 3228 4635 50
3252 4581 3270 4651 )
3298 4599 3311 4634 :
3342 4581 3437 4636 sed
3466 4580 3569 4635 hoc

1981 4682 2100 4722 esse
2130 4668 2182 4721 in
2214 4682 2365 4738 agro,
2399 4668 2530 4721 illud
2554 4668 2787 4743 futurum
2808 4669 2861 4723 in
2891 4670 3107 4726 herreo.
3133 4672 3372 4743 Denique
3392 4680 3447 4726 et
3466 4672 3568 4743 ipsi

1981 4761 2071 4830 qui
2098 4760 2188 4815 diu
2221 4760 2643 4825 contenderunt,
2674 4761 2912 4817 dicentes
2933 4803 2948 4826 ,
2976 4764 3174 4817 zizania
3201 4781 3315 4836 qua:
3340 4768 3453 4819 cum
3478 4765 3569 4817 tri.

1982 4853 2079 4905 tico
2103 4853 2256 4905 simul
2279 4868 2500 4905 crescere
2524 4868 2679 4919 usque
2704 4852 2771 4905 ad
2799 4870 3007 4908 messem
3035 4857 3277 4925 permissa
3299 4866 3436 4923 sunt,
3466 4872 3568 4908 non

1984 4942 2036 4994 in
2058 4940 2309 5007 Ecclesia,
2334 4942 2420 4995 sed
2438 4942 2491 4994 in
2513 4943 2700 4996 mundo
2724 4960 2848 5011 esse,
2873 4954 3054 5000 contra
3080 4947 3405 5001 intellectum
3427 4960 3573 5003 mar-

1986 5032 2122 5103 tyris
2141 5030 2413 5102 Cypriani,
2438 5033 2525 5101 qui
2553 5033 2704 5100 dixit,
2732 5033 2800 5088 Et
2820 5038 2863 5090 si
2887 5037 3117 5091 videntur
3142 5039 3195 5090 in
3216 5037 3443 5091 Ecclesia
3464 5052 3573 5091 esse

1985 5124 2202 5186 zizania,
2234 5140 2335 5176 non
2363 5133 2526 5178 tamen
2552 5125 2785 5196 impediri
2812 5128 2953 5182 debet
2981 5140 3067 5182 aut
3093 5130 3218 5197 ﬁdes
3240 5171 3254 5195 ,
3285 5139 3371 5182 aut
3396 5130 3572 5182 chari—

1988 5227 2065 5271 tas
2091 5226 2299 5281 nostra;
2338 5227 2391 5270 ut
2430 5220 2666 5287 quoniam
2697 5222 2894 5275 zizania
2927 5239 3029 5277 esse
3057 5223 3110 5275 in
3140 5221 3370 5276 Ecclesia
3404 5222 3570 5275 cerni-

1989 5328 2102 5365 mus
2128 5352 2141 5374 ,
2165 5310 2263 5382 ipsi
2294 5310 2357 5364 de
2382 5310 2610 5366 Ecclesia
2639 5314 2946 5370 recedamus.
2981 5315 3047 5368 Et
3075 5315 3317 5370 nolentes
3345 5329 3571 5371 consen-

1990 5405 2089 5459 tire
2118 5402 2300 5458 mundi
2320 5405 2534 5482 nomine
2557 5406 2849 5460 Ecclesiam
2875 5420 3032 5475 posse
3053 5406 3362 5476 signiﬁcari,
3387 5414 3572 5463 contra

1989 5497 2154 5552 verba
2182 5496 2421 5565 Apostoli
2463 5499 2550 5568 qui
2590 5498 2761 5563 dixit,
2803 5498 2943 5553 Deus
2971 5510 3077 5553 erat
3112 5502 3164 5554 in
3200 5498 3399 5555 Christo
3427 5518 3576 5556 mun-

1993 5592 2114 5644 dum
2140 5589 2471 5643 reconcilians
2500 5591 2630 5656 sibi;
2661 5600 2715 5644 et
2743 5598 2925 5646 contra
2956 5591 3122 5661 ipsius
3159 5593 3321 5647 verba
3365 5592 3575 5647 Domini

1992 5688 2081 5754 qui
2103 5687 2256 5752 dixit,
2282 5686 2403 5740 Non
2428 5689 2557 5741 venit
2586 5685 2753 5739 Filius
2781 5686 2997 5740 hominis
3016 5697 3069 5740 ut
3090 5688 3281 5757 iudicet
3309 5688 3573 5755 mundum,

1994 5778 2081 5832 sed
2112 5788 2163 5831 ut
2194 5780 2411 5833 salvetur
2437 5778 2653 5832 mundus
2682 5796 2768 5847 per
2791 5779 2958 5848 ipsum
2985 5778 3161 5850 (Joan.
3187 5795 3279 5847 ιιι,
3315 5781 3404 5851 17)
3436 5799 3449 5836 :
3477 5794 3577 5835 ne-

1997 5885 2099 5940 que
2125 5872 2265 5925 enim
2293 5869 2625 5925 reconciliari
2654 5870 2762 5925 Deo
2790 5879 2846 5925 et
2873 5871 3067 5926 salvari
3096 5886 3189 5941 per
3214 5872 3386 5942 ipsum
3416 5885 3577 5925 mun-

1999 5961 2100 6017 dus
2115 5970 2301 6033 potest
2327 6002 2340 6027 ,
2369 5961 2470 6017 nisi
2498 5962 2679 6017 mundi
2702 5963 2916 6033 nomine
2945 5964 3264 6035 intelligatur
3292 5961 3531 6019 Ecclesia
3553 5996 3571 6029 ,
