4010 6536
455 628 577 688 quae
605 610 718 674 sola
760 622 856 681 per
895 619 1016 664 eum
1043 605 1155 661 Deo
1189 600 1534 660 reconciliata
1560 597 1829 655 salvatur:
1860 601 2041 648 tamen

455 711 515 766 in
543 707 634 765 illa
662 701 1011 770 similitudine
1039 711 1203 770 quam
1227 711 1296 754 ex
1325 691 1620 764 Evangelio
1645 702 2043 745 commemora-

365 783 370 787 .
455 801 652 868 vimus,
682 795 825 870 quod
853 804 908 852 et
932 792 1060 850 boni
1084 799 1139 848 et
1160 789 1288 846 mali
1316 789 1492 859 pisces
1511 826 1527 853 ,
1561 796 1840 856 quousque
1868 781 1922 835 in
1951 781 2041 834 lit-

457 904 580 952 tore
600 934 614 960 ,
646 891 748 948 hoc
776 896 878 955 est,
908 887 962 942 in
992 885 1100 942 fine
1117 882 1299 940 saeculi
1327 886 1660 951 separentur,
1691 877 1826 931 intra
1852 873 2042 930 eadem

455 984 709 1061 permixti
737 982 872 1039 retia
897 978 1238 1044 continentur
1268 974 1479 1048 (Matth.
1503 989 1633 1041 xm,
1665 969 1852 1041 ιτιόο)
1873 1010 1887 1034 ,
1918 967 2043 1023 victi

455 1077 724 1136 evidentia
748 1074 988 1133 veritatis
1014 1072 1185 1128 malos
1219 1071 1276 1126 in
1315 1067 1554 1126 Ecclesia
1593 1079 1764 1137 usque
1798 1066 1850 1119 in
1881 1065 2043 1118 tinem

453 1169 640 1228 saeculi
665 1168 959 1240 permixtos
983 1179 1105 1222 esse
1131 1161 1364 1219 confessi
1383 1168 1509 1216 sunt
1533 1177 1547 1227 ;
1577 1158 1670 1215 sed
1689 1169 1786 1215 eos
1805 1156 2044 1213 occultos

457 1279 579 1322 esse
601 1263 873 1332 dixerunt,
896 1260 1150 1334 quoniam
1173 1259 1251 1314 sic
1270 1272 1302 1313 a
1322 1254 1690 1313 sacerdotibus
1708 1254 2043 1324 ignorantur,

455 1355 910 1428 quemadmodum
938 1354 1114 1425 pisces
1139 1353 1278 1408 intra
1303 1349 1437 1405 retia
1464 1362 1588 1403 eum
1619 1345 1794 1402 adhuc
1823 1346 1876 1400 in
1905 1343 2046 1398 mari

455 1456 617 1517 sunt,
643 1463 677 1504 a
713 1445 1068 1518 piscatoribus
1110 1444 1248 1502 itura
1288 1440 1424 1497 retia
1462 1454 1568 1495 non
1607 1437 1872 1494 videntur.
1897 1436 2043 1504 Que-

456 1538 620 1596 modo
657 1553 787 1611 ergo
827 1535 1188 1596 testimonium
1231 1531 1601 1604 propheticum
1625 1571 1641 1597 ,
1685 1529 1832 1601 quod
1865 1529 1920 1583 in
1947 1539 2046 1582 sua

455 1635 815 1706 responsione
844 1637 1170 1703 posuerunt,
1213 1626 1357 1698 quod
1392 1625 1644 1682 Ecclesiae
1687 1623 1888 1678 dictum
1918 1629 2001 1678 est
2026 1662 2041 1688 ,

457 1724 587 1784 Non
611 1724 817 1798 adjiciat
843 1725 979 1780 ultra
1009 1739 1098 1793 per
1123 1732 1172 1778 te
1201 1719 1415 1775 transire
1448 1715 1831 1772 incircumcisus
1867 1724 1916 1769 et
1943 1716 2044 1768 im-

459 1817 704 1884 mundus,
731 1814 801 1871 ad
827 1814 932 1874 hoc
951 1823 1160 1886 scrupus
1185 1811 1454 1883 pertinere
1473 1809 1803 1880 intelligitur,
1831 1805 2047 1878 quando

457 1909 703 1974 Ecclesia
727 1908 929 1964 retibus
946 1912 1255 1976 comparata
1277 1912 1382 1968 est,
1403 1901 1600 1972 quibus
1622 1901 1675 1954 in
1699 1901 1829 1954 mari
1873 1897 2048 1953 adhuc

455 2003 649 2076 positis
679 2003 852 2075 pisces
878 2000 1050 2062 malos
1073 1998 1229 2056 bonis
1251 1995 1542 2067 permixtos
1561 1994 1645 2048 vel
1665 1989 1903 2048 occultos
1927 1999 2048 2046 esse

457 2094 694 2154 confessi
719 2093 885 2150 sunt?
908 2091 1062 2154 Unde
1085 2088 1426 2146 manifestum
1447 2095 1531 2142 est
1554 2085 1768 2141 nonnisi
1795 2085 1849 2139 in
1870 2083 2049 2139 futuro

458 2187 659 2254 saeculo
687 2194 810 2258 post
845 2183 1102 2256 judicium
1143 2181 1348 2237 nullum
1389 2177 1818 2234 incircumcisum
1855 2185 1911 2232 et
1947 2175 2049 2231 ima

460 2278 721 2338 mundum
748 2293 844 2349 per
870 2277 1162 2333 Ecclesium
1201 2274 1568 2330 transiturum.
1597 2271 1643 2326 Ο
1671 2270 1927 2326 violentia
1953 2281 2050 2324 ve-

459 2373 659 2442 ritatis,
683 2387 804 2443 qua
833 2385 982 2438 suos,
1013 2385 1119 2428 non
1144 2369 1197 2424 in
1225 2382 1417 2434 carne,
1445 2365 1541 2420 sed
1566 2365 1618 2419 in
1645 2363 1809 2419 corde
1837 2371 2053 2434 torquet

459 2463 710 2522 inimicos
729 2505 745 2532 ,
775 2471 835 2519 ut
861 2477 980 2519 eam
1010 2461 1366 2516 confiteantur
1395 2457 1589 2513 inviti?

531 2556 762 2616 CAPUT
787 2556 878 2614 IX.
908 2584 982 2596 -—-
1016 2554 1103 2610 12.
1158 2553 1300 2610 Ecce
1345 2549 1742 2606 manifestatum
1785 2557 1868 2603 est
1913 2546 2054 2617 quod

462 2651 740 2717 dicebatur
769 2665 800 2706 a
828 2649 983 2707 nobis
1001 2689 1016 2714 ,
1047 2646 1421 2719 distinguenda
1447 2659 1568 2702 esse
1593 2653 1832 2715 tempora
1863 2643 2052 2699 Eccle-

465 2743 603 2808 siae:
634 2758 745 2814 non
768 2756 889 2798 eam
914 2754 1056 2800 nunc
1080 2753 1200 2797 esse
1217 2737 1382 2794 talem
1400 2779 1414 2803 ,
1441 2737 1613 2808 qualis
1637 2745 1760 2806 post
1814 2749 2054 2790 resurre-

459 2835 697 2906 ctionem
736 2832 914 2889 futura
961 2840 1043 2890 est
1073 2850 1086 2890 ι
1118 2845 1260 2890 nunc
1297 2830 1468 2886 malos
1492 2829 1692 2886 habere
1720 2829 2012 2900 permixtos
2038 2869 2054 2895 ,

465 2939 600 2994 tunc
633 2928 854 2986 omnino
898 2941 1009 2982 non
1048 2925 1348 2986 habituram
1378 2942 1390 2979 :
1423 2923 1491 2979 ad
1521 2924 1668 2979 illam
1698 2923 1814 2994 ejus
1851 2923 2056 2995 purita-

467 3029 604 3087 tem.
634 3035 744 3077 non
769 3017 835 3074 ad
863 3017 1021 3087 hujus
1046 3015 1302 3087 temporis
1327 3016 1737 3086 permixtionem
1770 3015 1856 3069 illa
1878 3015 2057 3070 divina

466 3113 774 3182 testimonia
804 3112 1074 3183 pertinere
1100 3151 1114 3176 ,
1146 3111 1338 3182 quibus
1378 3125 1497 3166 eam
1541 3111 1683 3164 Deus
1721 3109 1962 3180 praedixit
1991 3109 2058 3165 ab

468 3204 618 3270 omni
660 3205 922 3260 malorum
968 3202 1322 3273 permixtione
1369 3202 1582 3272 penitus
1623 3201 1876 3256 alienam.
1918 3200 2058 3255 Ecce

467 3297 631 3362 etiam
655 3297 756 3368 ipsi
787 3299 1008 3352 veritate
1041 3295 1348 3365 evangelica
1385 3309 1492 3349 non
1534 3294 1678 3350 aliud
1721 3294 1892 3349 coacti
1935 3302 2061 3348 sunt

469 3386 753 3456 confiteri,
785 3386 876 3459 qui
901 3386 1071 3450 malos
1097 3386 1336 3445 occultos
1365 3400 1511 3445 nunc
1535 3386 1584 3444 ei
1624 3386 1916 3460 permixtos
1941 3397 2060 3443 esse

470 3481 743 3552 ἀὲιβιιιυι.
793 3480 936 3541 Ecce
978 3495 1120 3540 nunc
1158 3483 1350 3539 transit
1378 3498 1472 3554 per
1501 3482 1684 3546 illam,
1726 3479 1850 3536 licet
1880 3482 2060 3535 occul-

471 3589 563 3640 tlte
585 3613 601 3648 ι
626 3579 941 3644 inmundus
973 3594 986 3633 :
1016 3595 1127 3634 non
1153 3585 1391 3649 estergo
1439 3585 1652 3645 tempus
1681 3574 1824 3646 quod
1865 3574 2058 3647 praedi-

471 3679 616 3740 ctum
648 3681 731 3737 est
753 3713 768 3739 ,
797 3671 1006 3728 dicente
1035 3671 1326 3741 Propheta,
1356 3668 1478 3722 Non
1503 3667 1708 3739 adﬁciet
1731 3669 1862 3722 ultra
1901 3681 1989 3739 per
2019 3677 2065 3724 te

474 3764 692 3831 transire
714 3763 1096 3821 incircumcisum
1124 3773 1170 3816 et
1193 3762 1487 3816 immundus
1512 3777 1532 3816 :
1563 3775 1707 3818 nunc
1735 3775 1860 3832 ergo
1889 3769 2064 3816 trans-

472 3866 606 3925 eunt
631 3857 713 3914 vel
738 3857 956 3916 occulti.
987 3857 1121 3912 Nam
1160 3862 1215 3910 et
1249 3855 1354 3911 huc
1391 3856 1565 3924 ipsum
1611 3855 1752 3925 quod
1790 3854 1901 3921 ait,
1942 3851 2070 3909 Non

473 3952 680 4024 adjiciet
705 3952 842 4006 ultra
866 3993 882 4019 ,
915 3950 1150 4006 ostendit
1172 3965 1266 4005 eos
1293 3950 1442 4019 prius
1469 3949 1642 4004 solere
1670 3948 1899 4004 transire
1926 3990 1938 4014 ,
1970 3947 2064 4004 sed

475 4045 616 4112 ultra
643 4060 749 4102 non
781 4045 1116 4100 transituros.
1160 4044 1228 4098 Et
1267 4058 1297 4098 a
1335 4043 1490 4098 nobis
1527 4043 1786 4099 invidiose
1821 4043 2064 4113 require-

475 4138 641 4206 bant,
667 4138 937 4210 quoniodo
968 4138 1199 4209 potuerit
1225 4137 1279 4192 in
1307 4137 1547 4192 Ecclesia
1588 4136 1785 4192 Christi
1823 4136 2068 4191 diabolus

475 4232 744 4298 seminare
767 4232 994 4297 zizania,
1023 4246 1148 4286 cum
1167 4229 1270 4300 ipsi
1295 4230 1587 4284 faterentur
1609 4228 1665 4282 in
1692 4227 1928 4284 Ecclesia
1953 4240 2068 4281 ma-

481 4323 569 4386 los
595 4323 783 4388 saltent
803 4321 1042 4382 occultos
1068 4335 1188 4375 esse
1206 4320 1523 4390 permixtos,
1541 4334 1643 4376 nec
1670 4323 1863 4374 γριιιιιιι
1892 4329 1977 4371 att.
2001 4333 2067 4374 n-

481 4412 613 4478 dare
639 4427 672 4470 ι
697 4411 914 4472 diabolo
941 4411 1124 4481 utique
1140 4411 1454 4466 seminatos.

553 4503 780 4568 CAPUT
819 4502 888 4560 Χ.
931 4525 1004 4544 --
1046 4504 1135 4558 45.
1187 4501 1302 4560 Hoc
1354 4502 1525 4572 ipsum
1569 4502 1728 4557 etiam
1782 4503 1922 4572 quod
1971 4501 2072 4558 sibi

483 4607 700 4664 acutum
723 4597 994 4659 invenisse
1019 4595 1364 4664 videbantur,
1389 4603 1577 4651 contra
1603 4610 1661 4651 se
1687 4597 1861 4666 potius
1889 4595 2072 4667 profe-

482 4689 694 4750 rebant.
723 4689 788 4746 Si
815 4689 958 4746 enim
985 4688 1244 4744 Dominus
1271 4696 1552 4759 propterea
1583 4687 1785 4743 retibus
1822 4687 1995 4744 bonos
2021 4699 2077 4744 et

483 4780 661 4840 malos
681 4780 858 4852 pisces
883 4779 1082 4851 pariter
1112 4778 1560 4850 congregantibus
1598 4778 1889 4834 Ecclesiam
1929 4795 2076 4835 com-

488 4873 736 4946 paravit;
765 4873 890 4944 quia
912 4873 1084 4937 malos
1111 4873 1166 4927 in
1193 4871 1438 4928 Ecclesia
1470 4886 1575 4926 non
1602 4870 1914 4927 manifestos
1937 4914 1952 4939 ,
1982 4870 2077 4928 sed

485 4967 714 5028 latentes
737 4967 964 5038 intelligi
989 4966 1188 5031 voluit,
1214 4979 1348 5036 quos
1378 4965 1450 5019 ita
1475 4965 1721 5020 nesciunt
1746 4963 2074 5034 sacerdotes,

488 5060 938 5132 quemadmodum
969 5059 1068 5116 sub
1091 5058 1339 5114 fluctibus
1363 5058 1488 5129 quid
1527 5058 1767 5129 ceperint
1805 5057 1937 5114 retia
1979 5073 2076 5112 ne-

490 5155 670 5214 sciunt
696 5155 989 5226 piscatores
1018 5170 1032 5206 :
1059 5160 1348 5223 propterea
1376 5162 1504 5225 ergo
1531 5159 1586 5209 et
1610 5160 1748 5207 area
1775 5161 2079 5221 comparata

491 5259 614 5316 est,
660 5257 720 5305 ut
761 5249 923 5306 etiam
969 5246 1239 5303 manifesti
1279 5246 1405 5302 mali
1446 5245 1601 5303 bonis
1641 5245 1697 5300 in
1739 5261 1799 5301 ea
1830 5244 2081 5317 permixti

491 5345 979 5416 pmuntiarentur
1022 5343 1206 5399 futuri.
1247 5340 1431 5414 Neque
1477 5341 1621 5398 enim
1663 5341 1815 5412 palea
1863 5357 1980 5413 quae
2028 5341 2083 5396 in

493 5451 620 5494 area
647 5444 732 5493 est
757 5436 1019 5508 permixta
1046 5434 1351 5501 frumentis,
1384 5434 1545 5490 etiam
1571 5433 1684 5505 ipsa
1709 5433 1808 5490 sub
1837 5433 2086 5490 fluctibus

494 5530 643 5598 latet,
675 5547 793 5603 quae
821 5531 900 5586 sic
923 5531 1164 5587 omnium
1194 5530 1364 5586 oculis
1389 5539 1471 5586 est
1498 5530 1805 5600 conspicua,
1829 5538 1886 5585 ut
1911 5529 2086 5600 ponus

467 5617 470 5619 λ
499 5623 711 5678 occulta
740 5624 849 5680 sint
874 5625 928 5679 in
959 5638 1020 5680 ea
1051 5623 1318 5679 humecta
1345 5666 1355 5686 ,
1389 5638 1512 5678 cum
1542 5624 1611 5679 sit
1638 5624 1750 5693 ipsa
1780 5623 2084 5679 manifesta.

455 5695 474 5706 ”
501 5713 582 5776 De
607 5712 707 5768 hac
731 5724 909 5771 autem
932 5730 1073 5772 areae
1093 5715 1440 5770 similitudine
1460 5758 1474 5780 ,
1502 5714 1624 5785 quia
1664 5724 1718 5771 et
1750 5715 1919 5786 ipsam
1952 5715 2090 5773 inter

503 5816 728 5862 caeteras
748 5821 811 5861 ex
835 5807 1122 5878 Evangelio
1144 5821 1510 5878 posueramus,
1533 5809 1668 5864 nihil
1691 5810 1741 5864 in
1771 5809 1959 5865 litteris
1981 5809 2092 5866 suis

509 5905 701 5960 θωιιη
727 5910 825 5951 nos
846 5898 1081 5954 scribere
1100 5907 1411 5969 potuerunt,
1434 5900 1534 5955 nisi
1556 5901 1840 5957 Jeremiam
1871 5904 2093 5972 prophe-

506 6001 615 6044 tam
637 5987 858 6058 dixisse,
884 5986 1020 6056 Quid
1043 5991 1204 6059 paucis
1223 5991 1292 6045 ad
1312 5991 1535 6048 triticum
1557 5991 1768 6070 (Jerem.
1793 6011 1943 6068 χχιιι,
1966 5993 2094 6069 28)?
2120 6029 2172 6080 ,ὲ
2202 5989 2538 6057 subscribere
2561 6039 2579 6069 ,
2605 6008 2662 6054 ut
2684 6013 2878 6070 negare
2907 6013 2967 6058 se
2994 5999 3201 6070 possint
3228 5998 3427 6057 dixisse
3463 5997 3608 6072 quod
3639 5997 3772 6055 dixe-

1162 487 1256 545 AD
1292 477 1718 543 DONATISTAS
1754 473 1925 534 POST
1960 468 2461 538 COLLATIONEM,
2505 471 2563 530 S.
2604 472 2975 533 AUGUSTINI

3630 479 3742 539 660

2149 586 2304 657 Quod
2329 588 2452 647 ideo
2479 588 2630 661 dixit,
2658 591 2782 664 quia
2812 593 3001 651 similia
3033 609 3137 652 non
3159 605 3301 665 sunt,
3327 613 3434 655 non
3459 601 3582 672 quia
3610 615 3746 682 per-

2151 685 2315 740 mixta
2343 699 2464 742 esse
2494 701 2598 742 non
2640 698 2898 759 possunt;
2941 689 3062 761 quia
3101 690 3154 745 in
3193 690 3388 748 horreo
3427 710 3535 750 non
3579 697 3746 754 simul

2139 788 2327 846 ‘erunt,
2357 796 2462 836 non
2486 782 2605 851 quia
2627 782 2681 837 in
2703 798 2824 839 area
2847 789 3045 854 pariter
3065 800 3168 841 non
3194 787 3527 844 triturantur.
3553 790 3744 859 Quan-
3789 809 3815 859 ,ι

2150 887 2310 944 quam
2334 873 2593 932 Jeremias
2621 889 2743 931 cum
2775 876 2878 933 hoc
2902 872 3139 946 diceret,
3174 891 3280 934 non
3324 883 3515 954 agebat
3545 847 3616 940 de
3652 903 3750 956 po-
3785 847 3797 904 ί

2151 965 2279 1037 pulo
2323 967 2455 1035 Dei,
2505 967 2598 1024 sed
2644 968 2712 1025 de
2752 971 2974 1025 somniis
3020 970 3297 1030 hominum
3344 985 3399 1030 et
3446 975 3750 1035 visionibus

2151 1051 2539 1130 Prophetarum
2573 1077 2585 1117 :
2619 1062 2739 1134 quia
2768 1064 2880 1120 D320
2909 1063 3015 1122 duo
3043 1065 3188 1122 nulla
3214 1067 3566 1126 similitudine
3592 1086 3737 1130 cont-

2153 1152 2385 1222 paranda
2424 1163 2584 1222 sunt,
2617 1155 2755 1212 sicut
2780 1155 3092 1228 plenitudini
3123 1159 3283 1218 tritici
3312 1161 3543 1219 inanitas
3573 1164 3746 1235 paleae

2152 1253 2260 1302 neu
2290 1257 2464 1319 potest
2487 1243 2811 1321 comparari.

2226 1340 2311 1395 M.
2356 1341 2717 1398 Tentaverunt
2751 1355 2880 1400 sane
2917 1346 3152 1418 episcopi
3180 1349 3350 1405 vestri
3374 1365 3572 1423 negare
3601 1351 3742 1412 scri-

2153 1440 2299 1503 ptum
2323 1433 2376 1488 in
2393 1434 2699 1507 Evangelio,
2720 1437 2862 1512 quod
2883 1454 3024 1496 areae
3044 1439 3112 1498 sit
3133 1442 3375 1500 Ecclesia
3392 1457 3706 1518 comparata
3726 1466 3744 1503 :

2151 1524 2246 1580 sed
2276 1536 2400 1582 mox
2437 1527 2864 1600 erangelicOrum
2903 1533 3188 1590 verborum
3226 1539 3748 1602 commemoratione

2152 1618 2383 1674 convicti
2413 1619 2480 1675 ad
2511 1620 2564 1676 id
2591 1635 2650 1678 se
2675 1633 3091 1694 converterunt,
3123 1635 3181 1682 ut
3208 1627 3370 1684 etiam
3401 1631 3472 1687 ibi
3501 1631 3752 1695 dicerent

2153 1713 2394 1767 occultos
2415 1714 2580 1769 malos
2603 1709 2946 1786 significatos,
2975 1737 3078 1776 non
3102 1723 3430 1791 manifestos,
3459 1725 3530 1780 de
3553 1726 3754 1797 quibus

2153 1808 2410 1878 scriptum
2439 1819 2519 1863 cst
2540 1852 2553 1878 ,
2595 1807 2768 1864 Veniet
2798 1811 2964 1884 ferens
2993 1816 3321 1870 ventilabrum
3349 1817 3400 1871 in
3430 1835 3590 1873 mamt
3619 1835 3716 1876 sua
3734 1860 3750 1884 ,

2153 1907 2206 1953 et
2230 1901 2491 1954 mandauit
2523 1917 2695 1956 aream
2725 1920 2910 1970 suam;
2938 1910 3194 1978 frumenta
3213 1911 3446 1965 recondet
3466 1911 3521 1964 in
3543 1912 3750 1980 horreo,

2160 1991 2336 2061 pateas
2364 2002 2529 2046 nictent
2561 1994 2813 2048 comburat
2841 1997 2945 2068 igni
2973 1998 3368 2070 inexstinguibili
3389 2002 3408 2072 (
3431 2000 3626 2058 Matth.
3653 2018 3713 2060 ιιι
3734 2045 3751 2071 ,

2158 2079 2280 2154 ιε).
2310 2081 2417 2138 Vos
2447 2082 2624 2155 itaque
2648 2084 2903 2156 iudicate,
2933 2089 3136 2160 aperite
3156 2091 3362 2160 oculos,
3389 2106 3552 2149 aures
3576 2092 3759 2151 inten-

2157 2173 2268 2230 dite
2293 2177 2502 2230 veritati
2538 2196 2548 2230 :
2585 2177 2628 2232 si
2660 2190 2959 2250 propterea,
2986 2183 3123 2237 sicut
3150 2183 3249 2254 ipsi
3275 2183 3548 2252 dixerunt,
3579 2186 3758 2242 Domio

2157 2279 2260 2321 nus
2293 2267 2584 2324 Ecclesium
2615 2271 2815 2328 retibus
2840 2274 3191 2344 comparavit,
3223 2277 3345 2350 quia
3374 2294 3480 2333 non
3504 2278 3758 2336 manifeso

2159 2365 2265 2429 tos,
2300 2361 2393 2417 sed
2425 2361 2650 2418 latentes
2678 2363 2730 2418 in
2760 2378 2820 2419 ea
2848 2364 3019 2421 malos
3047 2366 3264 2438 intelligi
3291 2369 3492 2438 voluit,
3523 2385 3663 2441 quos
3686 2371 3756 2426 ita

2161 2468 2264 2507 non
2311 2453 2492 2508 vident
2532 2456 2870 2526 sacerdotes,
2914 2460 3357 2529 quemadmodum
3398 2463 3578 2534 pisces
3619 2464 3758 2523 intra

2161 2545 2295 2599 retia
2323 2546 2421 2600 sub
2447 2545 2694 2602 fluetibus
2722 2563 2826 2603 non
2859 2549 3038 2605 vident
3062 2552 3351 2622 piscatores
3375 2571 3388 2620 ;
3415 2549 3679 2626 numquid
3701 2565 3759 2612 et

2161 2648 2284 2691 area
2307 2637 2405 2691 sub
2432 2653 2565 2708 aqua
2595 2639 2677 2694 vel
2710 2635 2808 2695 sub
2835 2650 2975 2697 terra
3008 2643 3326 2699 trituretur?
3359 2655 3450 2702 aut
3475 2657 3629 2704 certe
3657 2663 3760 2704 no—

2163 2734 2366 2789 eturnis
2395 2734 2539 2789 horis
2561 2776 2577 2803 ,
2605 2749 2712 2791 non
2735 2736 2787 2791 in
2814 2736 2927 2793 sole
2953 2740 3272 2810 conteritur,
3302 2741 3470 2808 autin
3501 2757 3566 2799 ea
3593 2743 3762 2800 rusti-

2164 2833 2259 2882 Cus
2306 2841 2480 2884 caecus
2526 2831 2820 2900 Operatur?
2867 2831 3077 2900 Quanto
3118 2849 3246 2906 ergo
3290 2836 3481 2896 melius
3523 2852 3585 2894 se
3615 2838 3759 2908 ipsos

2164 2921 2474 2992 corrigunt,
2500 2937 2658 2992 quam
2698 2923 2982 2995 Evangelia
3011 2935 3195 2982 sancta
3225 2939 3540 2999 pervertunt
3564 2971 3579 2995 ,
3612 2940 3670 2988 et
3695 2930 3760 2988 ad

2163 3025 2359 3067 vanum
2389 3026 2498 3068 suze
2525 3014 2718 3070 mentis
2745 3029 2988 3074 errorem
3027 3017 3235 3089 eloquia
3275 3017 3543 3076 dominica
3574 3021 3759 3077 detor-

2166 3119 2329 3173 quere
2359 3107 2642 3160 conantur!
2676 3107 2779 3161 Ant
2809 3107 2949 3163 enim
2989 3118 3041 3166 et
3081 3110 3170 3165 illa
3211 3111 3435 3184 piscium
3466 3113 3760 3170 similitudo

2167 3211 2273 3251 non
2301 3207 2523 3268 propter
2547 3197 2786 3256 occultos
2810 3243 2825 3266 ,
2857 3195 2950 3257 sed
2980 3210 3184 3258 tantum
3212 3213 3427 3277 propter
3467 3206 3672 3264 mixtos
3708 3207 3760 3266 in

2167 3288 2404 3344 Ecclesia
2433 3289 2604 3345 malos
2629 3306 2658 3346 a
2684 3293 2910 3348 Domino
2933 3295 3106 3368 posita
3133 3304 3217 3354 est
3250 3317 3262 3353 :
3295 3309 3386 3356 aut
3403 3310 3552 3357 certe
3579 3302 3760 3373 singuo

2167 3379 2232 3438 lis
2259 3381 2418 3439 rebus
2448 3383 2675 3454 pruprim
2705 3383 3078 3445 similitudines
3104 3391 3241 3448 datm
3267 3402 3409 3459 sunt,
3437 3392 3506 3449 de
3529 3394 3784 3463 piscibus

2168 3485 2386 3544 propter
2414 3473 2652 3534 occultos
2673 3523 2686 3544 ,
2721 3477 2787 3535 de
2814 3496 2934 3535 area
2969 3495 3186 3553 propter
3211 3485 3524 3542 manifestos
3552 3487 3757 3553 malos;

2169 3566 2312 3638 quod
2355 3571 2490 3624 sicut
2533 3569 2606 3624 illi
2646 3579 2767 3626 ante
2811 3573 2956 3628 littus
2980 3616 2994 3641 ,
3029 3575 3105 3630 sic
3136 3575 3223 3632 isti
3251 3585 3374 3633 ante
3402 3579 3762 3636 ventilabrum

2168 3660 2324 3716 bonis
2345 3661 2397 3716 in
2419 3661 2659 3719 Ecclesia
2681 3664 3022 3721 misceantur.
3048 3667 3152 3740 Ipsi
3174 3669 3315 3726 enim
3331 3685 3430 3728 nos
3445 3671 3758 3742 admonent,

2169 3761 2231 3809 ut
2254 3754 2309 3809 in
2334 3769 2457 3810 area
2485 3755 2693 3825 paleam
2723 3756 3038 3816 manifestos
3065 3760 3116 3816 in
3139 3761 3375 3820 Ecclesia
3403 3765 3578 3822 malos
3607 3764 3761 3823 intel-

2171 3849 2418 3921 ligamus,
2449 3853 2537 3922 qui
2566 3853 2739 3922 pisces
2766 3854 3026 3919 reprobus
3054 3855 3190 3909 intra
3219 3858 3452 3911 nautntia
3482 3859 3622 3915 retia
3648 3873 3763 3929 pm-

2171 3950 2290 4013 ptcr
2319 3945 2561 3999 occultos
2605 3945 2777 4022 malos
2820 3946 3038 4018 intelligi
3073 3949 3256 4003 volunt
3276 3991 3291 4015 ,
3321 3950 3444 4020 quia
3476 3950 3620 4006 sicut
3649 3951 3763 4012 illos

2172 4036 2418 4091 nesciunt
2444 4037 2756 4107 piscatores,
2781 4039 2858 4094 sic
2884 4039 3018 4096 istos
3043 4041 3286 4098 nesciunt
3309 4042 3640 4101 sacerdotes.
3663 4043 3763 4101 Cur

2175 4131 2318 4184 enim
2351 4145 2456 4184 non
2485 4131 2721 4186 dicamus
2747 4174 2760 4197 ,
2791 4132 2879 4188 Sic
2915 4149 3042 4204 ergo
3083 4142 3138 4189 et
3172 4135 3322 4207 palea
3354 4137 3628 4198 manifesti
3650 4145 3766 4193 sunt

2176 4221 2324 4286 mali,
2351 4224 2471 4293 quia
2496 4223 2547 4276 in
2570 4233 2753 4294 aperto
2775 4240 2891 4280 eam
2909 4226 3094 4282 vident
3115 4228 3482 4285 trituratores?
3501 4229 3617 4292 Sed
3635 4230 3766 4288 sicut

2177 4313 2251 4368 illi
2280 4329 2386 4368 non
2415 4323 2640 4384 possunt
2669 4326 2793 4371 ante
2821 4316 3014 4371 littoris
3037 4318 3236 4373 exitum
3264 4321 3544 4389 separari;
3575 4322 3656 4380 sic
3672 4335 3764 4380 nec

2177 4403 2267 4462 illa
2294 4414 2470 4477 potest
2496 4417 2618 4464 ante
2646 4405 2807 4465 finem
2835 4407 3073 4466 debitum
3099 4411 3368 4468 ventilari.
3397 4411 3647 4472 Custodit
3671 4429 3763 4471 au-

2180 4510 2287 4557 tem
2312 4501 2452 4557 Deus
2475 4503 2833 4558 innocentiam
2856 4514 3163 4562 sanctorum
3189 4516 3244 4563 et
3269 4508 3504 4565 ﬁdelium
3525 4523 3765 4579 suorum,

2180 4594 2317 4648 sicut
2346 4593 2570 4664 piscium
2599 4594 2882 4663 bonorum,
2906 4597 3042 4653 sicut
3061 4598 3334 4671 pinguium
3357 4600 3763 4667 frumentorum,

2183 4698 2239 4742 ut
2266 4689 2402 4752 intra
2433 4687 2533 4744 ista
2562 4689 2694 4743 retia
2741 4704 2845 4750 non
2883 4691 2962 4746 eis
3001 4701 3231 4748 noceant
3268 4695 3536 4764 permixta
3578 4708 3765 4766 genera

2182 4780 2515 4851 reprobanda
2543 4824 2557 4848 ,
2591 4791 2644 4837 et
2686 4780 2738 4836 in
2777 4783 2873 4842 ista
2903 4799 3027 4840 area
3056 4801 3161 4842 non
3193 4788 3272 4844 eis
3295 4797 3488 4844 noceat
3509 4789 3767 4857 permixta

2185 4876 2334 4947 palea
2357 4875 2657 4932 ventilanda
2677 4896 2689 4931 :
2706 4878 2848 4950 quia,
2874 4879 3011 4935 sicut
3031 4879 3130 4950 ipsi
3152 4880 3419 4946 dixerunt,
3443 4881 3764 4952 relegertmt,

2184 4971 2650 5046 subscripserunt,
2679 4969 2789 5026 Nec
2813 4988 2980 5030 causa:
3005 4989 3162 5029 causa
3179 5016 3194 5043 ,
3219 4991 3308 5032 nec
3331 4989 3569 5044 persona
3597 4976 3768 5048 poterit

2185 5066 2522 5138 prmjudicarc
2547 5082 2780 5137 persona.

2257 5155 2484 5212 CAPUT
2513 5155 2605 5211 XI.
2638 5187 2710 5197 —-
2741 5158 2827 5214 15.
2869 5157 2995 5213 Haec
3029 5159 3189 5214 verba
3235 5173 3293 5214 se
3337 5173 3598 5230 negarent
3646 5162 3768 5216 forte

2187 5249 2406 5315 dixisse,
2435 5249 2534 5305 nisi
2562 5263 2657 5304 sua
2678 5257 2899 5320 possent
2924 5250 3314 5321 subscriptione
3342 5252 3612 5310 convinci.
3646 5252 3763 5309 Ecce

2189 5357 2345 5413 quam
2375 5342 2660 5414 diligenter
2684 5351 2861 5398 actum
2886 5351 2968 5398 est
2987 5359 3084 5414 pro
3103 5345 3275 5401 salute
3295 5355 3502 5412 vestra,
3525 5355 3587 5402 ut
3605 5347 3765 5404 verbis

2189 5435 2389 5492 nostris
2417 5434 2877 5493 subscriberemus
2903 5454 2916 5492 :
2945 5437 3087 5508 quod
3113 5436 3231 5496 fieri
3253 5439 3478 5497 omnino
3502 5439 3761 5497 nolebant.

2191 5537 2246 5584 et
2290 5538 2348 5585 ut
2395 5529 2633 5586 facerent
2679 5531 2891 5588 tandem
2936 5532 3221 5603 aliquando
3273 5533 3478 5603 pudore
3519 5533 3768 5604 compuls.

2193 5631 2334 5677 sunt.
2367 5619 2495 5676 Nam
2526 5631 2737 5677 exstant
2757 5623 2918 5678 verba
2947 5639 3155 5690 earum,
3181 5623 3267 5680 ubi
3297 5623 3401 5678 hoc
3423 5623 3603 5679 facere
3628 5639 3768 5680 recu-

2196 5725 2381 5774 sarunt
2413 5735 2424 5770 :
2459 5727 2511 5771 et
2537 5733 2720 5772 rursus
2747 5719 2852 5772 alia
2883 5717 3072 5782 verba,
3105 5717 3195 5772 ubi
3225 5717 3327 5774 hoc
3358 5718 3534 5774 facere
3559 5732 3775 5774 consen-

2196 5820 2381 5868 serunt
2403 5853 2416 5877 ,
2445 5811 2584 5881 quod
2613 5811 2784 5881 primo
2814 5820 3157 5882 negaverant.
3186 5811 3375 5867 Omnia
3401 5813 3598 5882 scripta
3626 5821 3771 5877 sunt,

2198 5902 2444 5959 omnibus
2471 5903 2828 5974 subscriptum
2857 5913 2956 5960 est.
2985 5903 3110 5959 Ideo
3134 5904 3275 5962 enim
3297 5905 3619 5960 videbantur
3647 5902 3774 5959 nolle
