4010 6468
220 484 318 544 661

217 604 371 664 rant,
404 600 460 651 et
484 593 553 650 de
579 591 743 665 gestis
784 585 1046 658 comptis
1078 583 1242 656 judici
1280 578 1614 638 calumniari.
1648 572 1800 646 Quod

219 690 381 749 modo
404 689 526 763 quia
549 702 653 743 non
676 691 915 757 possunt,
936 680 1115 737 dicunt
1132 680 1304 751 ipsum
1321 693 1440 733 esse
1458 682 1766 745 corruptum
1790 690 1803 727 :

221 791 309 863 qui
339 794 609 843 utcontra
636 781 1034 852 illosjudicaret
1058 820 1071 842 ,
1103 793 1208 831 non
1247 776 1349 829 nisi
1387 772 1485 844 ipsi
1525 770 1804 838 fecerunt,

222 882 313 953 qui
342 887 531 936 contra
555 892 614 933 se
645 877 786 946 ipsos
815 888 914 945 pro
945 872 1095 927 nobis
1119 878 1259 924 tanta
1289 866 1537 923 dixerunt
1562 881 1576 929 ;
1604 878 1722 933 qua:
1750 870 1809 917 ut

220 988 422 1045 negare
445 986 550 1027 non
576 976 829 1042 possent,
860 966 1065 1024 etiamsi
1093 963 1261 1021 coacti
1297 973 1350 1018 et
1380 961 1562 1028 inviti,
1592 960 1699 1016 suis
1727 967 1805 1014 ta-

220 1044 348 1121 men
379 1060 842 1136 prosecutionibus
870 1057 1319 1128 subscripserunt.
1352 1044 1475 1112 ideo
1503 1070 1629 1126 ergo
1660 1055 1809 1109 nole-

219 1160 353 1216 bant
380 1156 719 1213 subscribere
742 1195 757 1222 ,
786 1162 844 1210 ut
874 1154 1059 1209 liceret
1096 1152 1174 1208 eis
1215 1166 1308 1221 per
1345 1150 1661 1206 calumniam
1694 1162 1814 1204 cor-

219 1259 503 1320 ruptorum
543 1256 815 1319 gestorum
853 1260 1047 1315 negare
1082 1242 1224 1315 quod
1267 1242 1511 1301 dixerant
1545 1260 1557 1296 :
1593 1248 1648 1296 et
1694 1240 1814 1295 ideo

219 1349 417 1413 postea
444 1341 675 1397 instante
705 1337 883 1410 judice
910 1344 1333 1402 consenserunt,
1360 1335 1482 1405 quia
1515 1332 1818 1388 sentiebant

226 1432 484 1488 omnibus
522 1444 782 1503 apparere
807 1470 820 1496 ,
847 1427 979 1484 nihil
1005 1443 1062 1485 se
1092 1426 1234 1482 aliud
1278 1425 1513 1482 indicare
1536 1426 1551 1454 ¹
1587 1422 1816 1478 nolendo

220 1525 567 1581 subscribere
588 1566 603 1592 ,
634 1522 737 1579 nisi
772 1537 831 1577 se
867 1520 1032 1577 verba
1074 1534 1169 1575 sua
1199 1533 1265 1575 ne
1292 1518 1395 1573 sibi
1421 1518 1726 1588 legerentur
1754 1516 1819 1571 ti-

224 1635 397 1676 more.
450 1618 750 1673 Maluerunt
795 1614 939 1672 enim
985 1613 1385 1683 prosecutiones
1434 1626 1557 1667 suas
1603 1610 1820 1680 quibus-

219 1725 457 1781 cumque
480 1708 688 1766 nebulis
714 1714 899 1779 postea
924 1702 1212 1762 defendere
1232 1744 1249 1771 ,
1278 1718 1438 1774 quam
1460 1716 1551 1759 eas
1581 1711 1685 1757 tam
1714 1700 1821 1756 cito

221 1804 525 1930 (1ᾳὲᾚὲἶῆ
554 1860 967 1928 Xll.—‘16.Sed
998 1868 1198 1935 videte,
1218 1880 1465 1941 rogamus
1495 1880 1609 1935 vos,
1632 1882 1821 1937 quem-

221 1965 517 2021 admodum
557 1964 672 2035 ipsa
710 1977 804 2019 sua
831 1962 1141 2018 defensione
1169 1966 1226 2015 se
1253 1960 1407 2031 pejus
1434 1959 1743 2030 implicent,
1772 1967 1825 2014 et

220 2062 388 2129 agant
431 2068 645 2112 causam
684 2062 920 2111 nostram
948 2096 962 2120 ,
1006 2063 1059 2109 et
1097 2054 1315 2107 omnino
1352 2052 1617 2122 perimant
1649 2064 1821 2107 suam.

221 2151 360 2207 Nam
412 2155 534 2219 post
576 2142 924 2203 Collationem
950 2188 965 2213 ,
1008 2156 1355 2215 posteaquam
1397 2144 1521 2198 victi
1558 2144 1826 2214 appellare

226 2245 521 2301 voluerunt
540 2286 553 2309 ,
581 2242 786 2313 objecta
818 2249 937 2297 sunt
967 2241 1044 2296 eis
1068 2239 1186 2295 haec
1215 2237 1375 2294 verba
1410 2256 1422 2291 :
1455 2247 1508 2294 et
1533 2253 1595 2294 ea
1622 2253 1825 2293 conan-

224 2346 317 2391 tur
342 2336 527 2408 pejore
554 2350 650 2390 sua
677 2333 1036 2404 implieatione
1062 2330 1352 2387 defendere
1376 2374 1390 2397 ,
1414 2327 1634 2401 quando
1664 2329 1731 2383 ab
1750 2330 1827 2384 eis

224 2422 357 2500 quid
408 2428 611 2508 egerint
658 2426 913 2498 quaeritis.
963 2424 1038 2481 Ita
1085 2425 1229 2480 enim
1269 2438 1362 2479 vos
1389 2432 1577 2493 putant
1604 2436 1695 2478 cor
1721 2432 1827 2476 non

226 2523 434 2579 habere
460 2566 474 2592 ,
502 2530 561 2577 ut
590 2534 695 2577 non
724 2518 1031 2590 intelligatis
1052 2532 1143 2575 eos
1171 2518 1315 2574 omni
1344 2515 1504 2571 modo
1529 2530 1647 2572 esse
1674 2530 1830 2586 supe-

225 2623 417 2681 ratos;
458 2614 669 2685 quando
699 2612 849 2668 vobis
880 2627 940 2667 ea
970 2610 1185 2677 dicunt,
1219 2625 1335 2681 qum
1362 2612 1579 2664 omnino
1610 2624 1713 2663 non
1745 2610 1825 2664 dic

226 2715 454 2772 cerent,
502 2706 547 2761 si
592 2705 791 2775 aliquid
829 2706 958 2760 utile
1000 2704 1141 2775 quod
1184 2703 1457 2767 dicerent,
1508 2701 1827 2757 invenirent.

229 2799 365 2866 Quis
391 2797 533 2853 enim
560 2796 696 2853 ferat
722 2797 888 2852 victas
918 2796 1160 2850 homines
1185 2794 1438 2865 conqueri
1463 2836 1477 2861 ,
1509 2793 1647 2863 quod
1674 2801 1832 2849 nocte

231 2898 422 2945 contra
465 2904 558 2945 eos
588 2897 667 2945 est
696 2888 897 2961 prolata
924 2888 1185 2943 sententia
1218 2904 1229 2939 :
1265 2888 1413 2957 quasi
1445 2900 1548 2940 non
1577 2900 1717 2956 smpc
1741 2885 1831 2955 ju-

231 2981 381 3037 diees
406 2980 657 3038 audiendi
681 2981 972 3036 necessitas
1005 2987 1212 3046 teneat,
1240 2988 1297 3033 ut
1320 2993 1488 3048 usque
1519 2977 1585 3031 ad
1612 2978 1830 3031 multam

232 3082 447 3145 partem
479 3075 652 3130 noctis
679 3073 867 3129 sedere
891 3071 1189 3143 cogantur?
1216 3073 1321 3125 Aut
1346 3070 1466 3125 ideo
1497 3080 1604 3124 non
1634 3078 1712 3123 est
1740 3082 1834 3124 ve-

233 3181 355 3221 rum
399 3167 541 3236 quod
569 3166 761 3221 dicitur
785 3206 798 3229 ,
831 3165 952 3235 quia
984 3179 1078 3233 per
1107 3172 1317 3219 noctem
1343 3162 1571 3217 dicitur?
1604 3161 1711 3216 Nec
1739 3176 1838 3214 au-

236 3256 393 3311 diunt
420 3255 748 3326 Seripturam
777 3255 1094 3312 clamantem
1116 3296 1130 3319 ,
1163 3255 1265 3308 Per
1289 3255 1419 3307 diem
1446 3254 1702 3307 mandavit
1728 3252 1838 3305 Do-

240 3349 409 3402 minus
454 3348 845 3403 misericordiam
889 3363 1065 3413 suam,
1118 3355 1162 3401 et
1204 3354 1346 3400 nocte
1370 3346 1639 3401 declaravit
1666 3344 1837 3415 (Psal.

245 3454 336 3495 xu
361 3482 376 3509 ,
404 3439 459 3511 9)
490 3456 505 3504 ;
533 3449 583 3494 et
610 3441 800 3496 iterum
824 3484 837 3507 ,
866 3439 945 3493 Ad
970 3439 1370 3493 annundandam
1394 3453 1539 3490 mane
1558 3437 1843 3492 misericor-

243 3531 389 3585 diam
430 3540 598 3599 tuam,
646 3542 693 3586 et
732 3532 986 3586 veritatem
1014 3539 1153 3584 (nam
1179 3546 1267 3601 per
1294 3534 1489 3583 noctem
1516 3528 1685 3601 (Paul.
1716 3542 1798 3583 xct
1825 3571 1840 3597 ,

243 3622 327 3693 3).
375 3622 482 3679 Aut
522 3624 663 3694 quod
706 3624 986 3689 dixerunt,
1028 3632 1183 3678 nocte
1215 3624 1425 3677 venisse
1464 3620 1530 3675 ad
1558 3620 1844 3676 Dominum

244 3715 536 3772 tenendum
585 3724 953 3786 persecutores
986 3759 999 3781 ,
1052 3731 1159 3771 non
1209 3714 1545 3771 attendentes
1593 3715 1844 3784 quoniam

246 3809 378 3879 ipsis
421 3810 696 3864 nocturnis
743 3809 891 3864 horis
930 3808 1089 3863 etiam
1137 3806 1394 3862 Dominus
1424 3807 1701 3861 veritatem
1738 3806 1848 3860 suis

246 3902 526 3974 discipulis
556 3902 896 3974 praedicavit;
930 3916 1027 3956 nec
1054 3899 1333 3957 advertere
1362 3901 1643 3956 voluerunt
1666 3941 1681 3966 ,
1707 3898 1851 3969 quod

247 3995 509 4067 scriptum
555 4002 670 4062 est,
715 3993 1014 4065 aposwlum
1058 3992 1280 4047 Paulum
1325 4004 1493 4063 usque
1521 3991 1587 4046 ad
1615 3990 1851 4046 medium

247 4087 427 4143 nectis
472 4086 787 4158 produxisse
826 4094 1129 4141 sermonem
1175 4082 1307 4156 (Act.
1355 4096 1425 4139 xx
1450 4125 1465 4151 ,
1499 4084 1571 4153 7).
1600 4083 1656 4140 Si
1684 4082 1851 4138 habe-

249 4188 379 4238 rent
419 4194 607 4237 verum
650 4174 791 4251 quod
836 4170 1114 4245 dicerent,
1162 4188 1267 4233 nox
1314 4190 1407 4233 eos
1448 4177 1705 4247 impedire
1746 4190 1853 4231 non

249 4282 460 4347 posset.
514 4272 621 4330 Sed
668 4284 796 4327 sane
852 4271 1340 4327 tenebrosissimam
1388 4280 1599 4324 noctem
1646 4269 1699 4323 in
1744 4269 1855 4324 suis

249 4365 527 4425 mentibus
570 4364 939 4435 patiebantur,
980 4356 1195 4435 quando
1228 4372 1413 4418 contra
1450 4378 1509 4418 se
1538 4363 1680 4433 ipsos
1710 4368 1856 4416 tanta

252 4460 641 4537 proferebant,
686 4475 783 4516 nec
820 4459 887 4516 ad
925 4459 1163 4515 verltatis
1199 4459 1373 4514 lucem
1403 4466 1711 4529 perversum
1738 4456 1856 4511 ani-

256 4569 409 4613 mum
435 4552 790 4626 corrigebant.
820 4542 885 4610 Et
908 4553 1079 4610 adhuc
1108 4553 1291 4625 utique
1320 4552 1435 4609 dies
1464 4561 1579 4608 erat
1602 4595 1616 4619 ,
1647 4551 1858 4624 quando

258 4646 419 4704 nobis
464 4647 659 4703 ferensi
702 4656 850 4703 more
891 4644 959 4702 de
1001 4654 1241 4718 tempore
1286 4644 1737 4716 prmseribebant,
1774 4642 1859 4699 di-

267 4740 449 4797 centes
491 4756 706 4797 causam
746 4741 949 4813 lapsam
993 4756 1145 4808 esse,
1179 4748 1233 4796 et
1262 4740 1343 4811 agi
1370 4741 1479 4810 jam
1508 4741 1727 4794 omnino
1753 4752 1860 4793 non

266 4846 428 4901 posse
456 4847 469 4884 :
498 4830 968 4902 necintelliigentes
981 4830 1113 4885 nihil
1135 4844 1192 4886 se
1214 4830 1514 4885 hominibus
1538 4828 1858 4894 ostendisse,

266 4921 370 4977 nisi
409 4930 662 4993 quantum
701 4920 977 4976 timuerint
1004 4936 1069 4976 ne
1094 4932 1376 4992 ageretur,
1406 4922 1493 4976 ubi
1526 4936 1709 4977 eorum
1738 4928 1862 4991 pcr-

267 5013 496 5069 versitas
521 5020 575 5068 et
601 5012 859 5069 catholica
884 5012 1078 5067 veritas
1101 5022 1505 5068 monstraretur.

343 5104 571 5162 CAPUT
609 5104 747 5160 Xlll.
778 5135 848 5146 -—
876 5096 964 5160 1⁸7.
999 5104 1187 5161 Adhuc
1211 5104 1323 5160 dies
1352 5109 1467 5161 erat
1486 5147 1499 5173 ,
1533 5104 1743 5176 quando
1768 5120 1865 5160 vo-

272 5201 445 5257 lentes
484 5200 763 5255 destruere
796 5199 1054 5269 judicium
1100 5192 1323 5253 Romani
1351 5198 1584 5269 episcopi
1616 5197 1867 5253 Melchia-

273 5293 358 5347 dis
380 5336 394 5361 ,
428 5306 537 5363 quo
570 5298 819 5362 purgatus
848 5299 901 5346 et
924 5289 1197 5346 absolutus
1222 5297 1304 5345 est
1327 5290 1641 5346 Caecilianus
1660 5332 1675 5359 ,
1706 5291 1867 5346 etiam

276 5385 454 5455 ipsum
499 5374 841 5439 Melcbiadem
887 5381 1195 5438 traditorem
1224 5382 1385 5438 fuisse
1414 5382 1678 5439 dixerunt.
1707 5376 1869 5453 Cujus

278 5475 666 5532 criminationis
692 5489 811 5530 cum
835 5472 901 5529 ab
928 5474 1006 5529 eis
1036 5483 1176 5530 esset
1202 5482 1392 5530 exacta
1418 5475 1688 5545 probatio,
1722 5484 1870 5546 gesta

281 5568 634 5626 arolixissima
672 5568 995 5635 recitarunt,
1024 5568 1113 5623 ubi
1139 5566 1444 5625 Melchiadis
1470 5583 1664 5623 nomen
1684 5611 1698 5633 ,
1728 5568 1872 5639 quod

286 5658 480 5733 rliquid
512 5661 809 5731 tradiderit,
838 5677 943 5717 non
973 5662 1085 5717 fuit.
1115 5662 1180 5717 Et
1210 5662 1565 5719 recitaverunt
1588 5663 1745 5718 etiam
1770 5661 1872 5717 alia

283 5764 453 5825 gesta,
482 5752 571 5809 ubi
599 5753 872 5825 legebatur
890 5754 1229 5812 Melchiadem
1249 5756 1457 5809 misisse
1479 5755 1727 5809 diaconos
1748 5770 1872 5810 cum

322 5930 368 6006 ,ί
389 5941 503 6006 ἰδίω.
532 5939 696 6006 εἰει-η
887 5935 975 5984 sibi
996 5935 1465 6006 __qdjudicari._Lov.,
1647 5950 1697 6006 se
1736 5937 1873 5991 aliud

284 5996 549 6051 vindicare.
574 5996 871 6059 Castigantur
893 5996 1079 6052 auxilio
1092 6003 1344 6054 Beccensis
1364 6003 1685 6066 manuscripti.

1644 455 1847 516 LIBER
1885 453 2086 512 UNUS.

3400 449 3507 508 66!

1912 574 2103 632 litteris
2148 573 2398 633 Maxentii
2444 573 2785 647 imperatoris
2810 580 2864 630 et
2888 570 3127 647 praefecti
3154 570 3409 645 prmtorio
3438 571 3505 627 ad

1912 670 2220 743 praefectum
2260 670 2440 733 urbis,
2491 678 2549 727 ut
2593 670 2892 740 reciperent
2935 668 3051 724 loca
3092 674 3210 739 quae
3236 663 3507 721 fueranta

1912 763 2231 820 Christianis
2275 772 2516 834 tempore
2562 760 2951 834 persecutionis
2993 756 3186 815 ablata.
3233 754 3336 814 Ubi
3384 770 3507 812 cum

1914 856 2225 914 Melchiadis
2269 858 2469 911 crimen
2516 855 2717 911 nullum
2764 853 2973 926 penitus
3013 856 3325 924 appareret,
3355 846 3511 906 dixe-

1915 961 2038 1008 runt
2068 952 2429 1021 superioribus
2459 948 2755 1005 traditionis
2778 949 2942 1021 gestis
2964 947 3272 1003 traditorem
3299 932 3511 1003 Strato-

1917 1058 2041 1099 nem
2068 1043 2231 1098 fuisse
2262 1041 2538 1097 recitatum
2559 1085 2572 1108 ,
2604 1040 2745 1112 quod
2772 1040 3064 1096 vocabatur
3088 1053 3225 1093 unus
3254 1038 3419 1094 etiam
3443 1051 3511 1093 ex

1919 1136 2176 1200 diaconis,
2211 1150 2343 1205 quos
2370 1134 2435 1189 ad
2464 1133 2765 1203 recipienda
2788 1133 2901 1188 loca
2930 1132 3148 1188 miserat
3170 1128 3511 1195 Melchiades,

1920 1227 2166 1283 eumdem
2200 1228 2371 1298 ipsum
2399 1241 2517 1282 esse
2538 1226 2920 1281 contendentes
2943 1232 2997 1280 et
3018 1238 3123 1279 non
3146 1220 3515 1277 ostendentes.

1921 1320 2103 1390 Neque
2140 1319 2280 1375 enim
2312 1318 2614 1373 Stratonem
2644 1318 2732 1388 qui
2763 1315 3086 1380 tradiderat,
3118 1313 3306 1369 saltem
3330 1311 3517 1367 diaco-

1924 1428 2051 1468 num
2081 1398 2240 1467 fuisse
2261 1410 2647 1466 monstrabant.
2677 1407 2829 1477 Quod
2849 1409 3008 1464 etiam
3031 1408 3076 1461 si
3099 1414 3263 1473 esset,
3293 1414 3516 1475 respon-

1924 1507 2099 1564 dimus
2135 1508 2213 1563 eis
2238 1550 2252 1574 ,
2293 1514 2417 1563 ante
2448 1519 2666 1576 parvum
2698 1510 2907 1575 tempus
2936 1503 2991 1558 in
3019 1501 3209 1559 eodem
3236 1500 3382 1556 clero
3412 1500 3520 1557 Ec-

1925 1600 2104 1656 clesiae
2125 1600 2377 1654 Romanm
2399 1598 2531 1653 duos
2558 1597 2745 1653 Petros
2767 1592 3020 1651 diacOnos
3043 1593 3223 1649 fuisse.
3248 1588 3322 1647 Ita
3342 1599 3522 1647 mente

1927 1692 2053 1747 caeci
2080 1735 2094 1759 ,
2145 1691 2457 1746 tenebrosus
2502 1689 2795 1744 calumnias
2838 1684 3217 1752 inne'ctebant,
3264 1682 3523 1739 addentes

1928 1785 2087 1840 etiam
2135 1783 2622 1838 manifestissimam
2672 1774 2987 1846 falsitatem,
3030 1774 3173 1849 quod
3216 1790 3321 1831 non
3350 1774 3523 1831 solum

1930 1886 2159 1943 nomen,
2192 1874 2285 1931 sed
2314 1876 2473 1931 etiam
2494 1874 2611 1929 loca
2637 1880 2691 1929 et
2715 1873 2961 1943 regiones
2987 1878 3041 1926 et
3061 1884 3302 1941 personae
3331 1880 3527 1924 conve-

1931 1969 2137 2033 nirent,
2171 1967 2360 2037 quibus
2386 1978 2491 2019 non
2522 1965 2688 2030 alius,
2717 1964 2809 2019 sed
2838 1963 2951 2033 ipse
2976 1976 3095 2017 esse
3113 1961 3325 2019 Straton
3348 1971 3529 2015 osten-

1931 2065 2147 2121 deretur
2177 2083 2188 2118 :
2217 2052 2335 2118 cum
2369 2062 2418 2116 in
2452 2061 2559 2116 illis
2578 2060 2740 2132 gestis
2764 2059 2981 2114 omnino
3012 2058 3142 2112 nihil
3172 2057 3524 2122 conveniens,

1933 2168 2130 2229 praeter
2174 2154 2574 2212 similitudinem
2604 2152 2836 2208 nominis
2858 2193 2871 2217 ,
2902 2151 3171 2223 legeretur
3196 2167 3210 2215 ;
3240 2164 3341 2220 qua
3371 2147 3531 2219 plena

1934 2261 2015 2309 est
2056 2248 2385 2307 consuetudo
2429 2247 2638 2321 generis
2684 2245 2931 2313 humani,
2972 2250 3159 2299 utnon
3187 2242 3357 2297 solum
3388 2239 3529 2309 duo,

1936 2346 2030 2403 sed
2076 2346 2235 2401 etiam
2284 2343 2462 2415 plures
2508 2342 2755 2395 homines
2802 2354 2909 2393 uno
2951 2338 3165 2393 nomine
3208 2337 3527 2390 vocitentur.

1934 2440 2066 2496 Nam
2093 2439 2191 2510 ipsi
2218 2452 2427 2510 quoque
2457 2436 2717 2489 Donatum
2743 2448 2899 2489 suum
2922 2429 3394 2501 Carthaginiensem
3416 2470 3431 2495 ,
3464 2440 3532 2482 ne

1936 2535 1989 2589 in
2031 2533 2229 2605 judicio
2268 2527 2575 2585 Melchiadis
2618 2528 2731 2599 ipse
2761 2533 3037 2596 putaretur
3062 2540 3183 2581 esse
3207 2524 3488 2578 damnatus
3512 2561 3529 2589 ,

1937 2642 2097 2697 quem
2146 2623 2299 2678 multi
2338 2636 2435 2692 pro
2477 2632 2673 2690 magno
2712 2617 2949 2673 habent‘
2973 2659 2987 2684 ,
3018 2631 3048 2671 a
3079 2615 3287 2671 Donato
3312 2610 3535 2669 Casensi

1938 2718 2369 2791 distinguendum
2410 2731 2529 2771 esse
2556 2714 2919 2769 clamaverunt
2938 2754 2952 2778 ,
2987 2709 3110 2781 quia
3140 2709 3374 2764 Donatus
3402 2704 3536 2763 Car—

1941 2814 2267 2885 thaginensis
2307 2818 2491 2866 contra
2519 2806 2861 2863 Caecilianum
2890 2805 3087 2860 missus
3117 2801 3287 2857 fuerat
3310 2800 3376 2856 ad
3406 2797 3537 2855 Mel-

1948 2907 2152 2963 chiadis
2191 2900 2490 2975 episcopale
2513 2898 2768 2971 judicium
2806 2916 2819 2952 :
2850 2906 2956 2952 tam
2987 2909 3219 2951 crassam
3245 2901 3455 2948 noctem
3483 2890 3538 2945 in

1945 3000 2106 3057 corde
2135 3006 2403 3068 gestantes
2427 3036 2442 3061 ,
2471 3000 2530 3047 ut
2558 2988 2817 3046 Donatum
2848 2987 3093 3043 infamari
3121 2986 3325 3041 nollent
3353 2981 3542 3039 simili-

1945 3093 2129 3147 tudine
2168 3088 2399 3144 nominis
2441 3086 2559 3153 sui,
2604 3092 2659 3138 et
2691 3078 3042 3138 Melchiadem
3067 3077 3320 3135 maculari
3346 3075 3545 3131 vellent

1946 3160 2294 3239 similitudine
2348 3179 2580 3233 nominis
2633 3172 2815 3230 alieni.
2864 3166 3017 3226 Nunc
3072 3180 3251 3224 autem
3306 3166 3546 3224 Stratoni

1948 3280 2106 3335 etiam
2145 3274 2382 3332 Cassiani
2408 3287 2601 3328 nomen
2633 3268 2829 3325 addere
2856 3265 3105 3321 dicuntur
3126 3307 3139 3330 ,
3174 3261 3315 3334 quod
3345 3261 3397 3317 in
3421 3257 3546 3315 Col-

1948 3372 2145 3426 latione
2181 3374 2491 3433 tacuerunt,
2524 3362 2674 3435 quasi
2706 3360 2919 3416 Straton
2951 3358 3096 3413 solus
3122 3351 3547 3427 cognominalem

1950 3469 2148 3526 habere
2188 3465 2481 3537 potuisset,
2525 3469 2579 3519 et
2605 3458 2892 3518 Cassianus
2921 3472 3025 3511 non
3056 3451 3309 3526 pomerit.
3335 3449 3446 3507 Nec
3470 3454 3550 3503 at-

1953 3562 2172 3619 tendere
2212 3563 2503 3629 potuerunt
2540 3554 2748 3609 interna
2792 3566 2886 3606 sua
2927 3557 3085 3605 nocte
3133 3543 3411 3616 impediti,
3440 3552 3551 3596 non

1952 3656 2125 3712 solum
2149 3653 2284 3709 duos
2308 3651 2570 3713 Joannes,
2595 3661 2760 3702 unum
2787 3638 3099 3714 Baptistam,
3123 3641 3349 3695 alterum
3377 3635 3555 3691 Evan-

1954 3751 2198 3821 gelistam
2222 3787 2236 3811 ,
2290 3744 2386 3799 sed
2429 3744 2589 3798 etiam
2619 3741 2753 3795 duos
2782 3738 3030 3793 Simones
3053 3774 3066 3799 ,
3096 3747 3261 3787 unum
3290 3730 3509 3785 Petrum
3532 3768 3551 3795 ,

1955 3842 2179 3895 alterum
2225 3836 2432 3906 Magum
2467 3851 2479 3887 :
2510 3832 2563 3889 in
2593 3832 2710 3901 ipso
2749 3828 2977 3896 denique
3005 3834 3110 3880 tam
3134 3836 3299 3894 parvo
3329 3833 3554 3878 numero

1956 3929 2337 4003 Apostolorum
2362 3966 2378 3992 ,
2432 3940 2539 3981 non
2578 3922 2751 3979 solum
2788 3919 2923 3974 duos
2961 3914 3190 3972 Jacobos
3212 3956 3228 3978 ,
3272 3928 3437 3969 unum
3463 3911 3556 3967 Al-

1959 4024 2118 4095 pbaei,
2149 4022 2372 4077 alterum
2400 4014 2679 4081 Zebedzei;
2709 4004 2803 4069 sed
2829 4010 2987 4065 etiam
3015 4006 3151 4063 duos
3174 4004 3359 4072 Judas,
3391 4016 3558 4059 unum

1959 4093 2201 4174 sanctum
2221 4156 2235 4179 ,
2262 4112 2487 4169 alterum
2508 4106 2779 4177 diabolum
2803 4122 2818 4171 ;
2840 4103 2923 4165 cui
2948 4112 3127 4159 tamen
3145 4098 3295 4156 ludas
3313 4093 3561 4168 apostolo

1961 4218 2148 4268 sancto
2193 4207 2432 4280 quisquis
2481 4203 2726 4261 similiter
2774 4206 2953 4255 mente
3002 4210 3175 4252 czecus
3222 4193 3292 4250 de
3334 4188 3561 4248 crimine

1963 4303 2113 4361 Juda:
2138 4298 2409 4359 traditoris
2431 4294 2847 4353 ealumniaretur
2871 4330 2886 4356 ,
2909 4304 3018 4345 non
3040 4286 3145 4343 nisi
3165 4285 3296 4341 istos
3319 4281 3562 4340 imitare-

1964 4407 2073 4454 tur.
2100 4395 2217 4451 Non
2238 4394 2382 4450 enim
2410 4392 2601 4449 mirum
2625 4396 2737 4455 est,
2768 4386 2815 4443 si
2835 4385 2969 4445 tales
2994 4384 3127 4444 istos
3147 4377 3565 4439 calumniatores

1965 4497 2089 4562 post
2117 4498 2223 4545 tam
2249 4486 2465 4557 longum
2493 4492 2703 4552 tempus
2732 4479 2928 4553 patitur
2953 4472 3277 4533 existimatio
3306 4468 3562 4527 Melchia-

1966 4582 2048 4639 dis
2072 4581 2141 4637 de
2168 4568 2375 4636 duobus
2402 4575 2704 4647 Cassianis,
2736 4572 2817 4631 vel
2851 4570 2920 4627 de
2944 4567 3152 4625 duobus
3179 4562 3521 4623 Stratonibus
3543 4580 3563 4633 ,‘

1967 4675 2151 4748 quales
2188 4670 2493 4747 evangelica
2539 4667 2735 4726 veritas
2776 4664 2973 4735 patitur
3009 4660 3077 4718 de
3104 4659 3312 4717 duobus
3340 4654 3567 4717 Herodi-

1966 4769 2086 4825 bus.
2133 4766 2263 4823 Nam
2307 4763 2429 4836 quia
2468 4776 2574 4821 non
2605 4768 2690 4816 est
2714 4771 3024 4827 expressum
3053 4755 3171 4827 quis
3198 4751 3439 4811 Herodes
3468 4763 3568 4822 pro

1970 4859 2182 4916 Christo
2212 4855 2401 4912 occisis
2432 4852 2721 4909 infantibus
2742 4849 2995 4905 continuo
3022 4853 3263 4903 mortuus
3289 4843 3479 4909 fuerit,
3511 4848 3569 4899 et

1970 4953 2089 5024 quis
2132 4948 2372 5006 Herodes
2411 4961 2532 5004 cum
2577 4944 2746 5001 Pilato
2786 4942 3071 4999 Dominum
3114 4946 3425 5010 persecutus
3453 4934 3566 5001 sit;

1972 5052 2218 5115 putantes
2262 5055 2425 5097 unum
2472 5038 2671 5105 fuisse,
2721 5036 2978 5107 objiciunt
3023 5030 3312 5103 Evangelio
3363 5028 3569 5085 crimen

1973 5135 2214 5192 falsitatis
2257 5152 2270 5189 :
2312 5133 2449 5189 sicut
2489 5131 2577 5188 isti
2616 5138 2861 5202 putantes
2885 5142 3049 5187 unum
3075 5125 3236 5181 fuisse
3262 5122 3572 5179 Stratonem

1975 5230 2060 5287 vel
2087 5229 2421 5293 Cassianum,
2453 5225 2711 5297 objiciunt
2738 5219 3015 5280 Melchiadi
3042 5218 3304 5274 maculam
3332 5213 3573 5271 traditio—

1976 5326 2080 5381 nis.
2117 5324 2185 5379 Et
2214 5331 2391 5378 tamen
2416 5322 2493 5379 illi
2519 5318 2846 5378 tolerabilius
2871 5323 3081 5380 errant,
3111 5313 3234 5385 quia
3264 5326 3371 5367 non
3396 5309 3571 5367 solum

1977 5432 2171 5475 nomen
2198 5457 2213 5484 ,
2240 5431 2425 5471 verum
2451 5415 2609 5471 etiam
2630 5412 2857 5484 dignitas
2881 5415 3160 5474 consonat,
3182 5413 3408 5479 uterque
3428 5404 3573 5461 enim

1978 5512 2170 5583 legitur
2193 5526 2289 5566 rex
2316 5508 2557 5566 Herodes
2588 5525 2601 5561 :
2630 5504 2718 5562 isti
2742 5513 2919 5559 autem
2938 5500 3249 5573 dignitatem
3274 5510 3574 5556 consonare

1979 5605 2189 5662 mentiti
2214 5611 2356 5667 sunt,
2380 5601 2503 5672 quia
2528 5606 2781 5667 utrosque
2798 5594 2961 5652 fuisse
2979 5594 3234 5649 diaconos
3249 5588 3395 5647 nullo
3410 5585 3577 5646 modo

1981 5697 2159 5769 legere
2184 5702 2491 5767 potuerunt.

2049 5876 2065 5907 ί
2099 5874 2403 5937 Corbeiensis
2435 5880 2486 5923 et
2523 5868 2828 5937 Michaelinus
2849 5867 3349 5937 Mss.,quemmultum
3372 5873 3576 5937 prome-

1983 5924 2285 6051 mitam.
2309 5935 2583 5997 Beecensis,
2608 5934 2833 5999 quodque
2855 5947 2948 5987 non
2964 5924 3171 5987 multum
3187 5942 3274 5996 pro
3295 5924 3466 5990 magno
3485 5924 3579 5974 M-
