4010 6480
475 419 583 479 685

539 531 768 592 CAPUT
797 530 938 590 XIV.
967 529 1148 588 -18.
1181 529 1368 586 Adhuc
1393 529 1508 586 dies
1533 535 1680 593 erat,
1711 523 1923 598 quando
1944 523 2060 578 Cir-

469 635 624 686 lense
661 627 942 684 concilium
972 667 988 692 ,
1037 623 1082 678 si
1111 633 1290 679 tamen
1314 622 1596 679 concilium
1626 617 1906 676 dicendum
1934 625 2056 683 est,

465 719 525 778 in
569 735 674 791 quo
714 719 800 773 vix
840 716 1087 772 undecim
1117 715 1202 771 vel
1231 715 1509 771 duodecim
1538 713 1774 785 episcopi
1800 711 2054 777 fuerunt;

465 812 612 868 unde
636 810 976 867 recitavimus
1000 808 1285 864 traditores
1310 807 1474 864 fuisse
1501 807 1758 879 quosdam
1777 847 1793 871 ,
1822 806 1912 876 qui
1936 819 2058 860 eum

464 903 715 962 Secundo
735 904 1025 973 Tigisitano
1047 912 1231 960 contra
1257 903 1594 959 Caecilianum
1622 902 1912 956 sententias
1937 913 2062 970 pro-

464 999 738 1064 tulerunt,
779 997 968 1052 falsum
1001 996 1238 1052 volentes
1270 996 1572 1061 ostendere,
1601 995 1851 1050 dixerunt
1875 1006 2059 1064 perse-

463 1089 695 1146 cutionis
722 1098 963 1160 tempore
991 1105 1096 1144 non
1120 1090 1354 1160 potuisse
1381 1090 1431 1144 in
1454 1089 1681 1160 aliquam
1703 1088 1918 1143 domum
1941 1087 2060 1142 illos

463 1181 713 1236 undecim
765 1182 851 1237 vel
893 1181 1173 1238 duodecim
1219 1183 1498 1253 episcopos
1537 1179 1846 1252 congregari
1877 1197 1890 1234 :
1920 1190 1975 1236 et
2000 1187 2060 1235 ut

462 1276 756 1348 probarent
800 1283 1009 1346 tempus
1057 1275 1223 1332 fuisse
1268 1276 1686 1346 persecutionis,
1729 1275 2060 1346 protulerunt

463 1378 761 1440 martyrum
803 1377 948 1440 gesta
971 1410 985 1434 ,
1028 1377 1087 1424 ut
1119 1369 1306 1424 diebus
1346 1376 1403 1423 et
1426 1368 1732 1423 consulibus
1755 1367 2060 1423 considera-

465 1460 567 1534 tis,
619 1460 759 1531 quod
801 1471 1007 1530 tempus
1046 1460 1236 1528 fuerit,
1277 1469 1576 1530 appareret.
1609 1459 1738 1526 Quae
1765 1467 2057 1532 martyrum

461 1561 611 1624 gesta
638 1595 654 1620 ,
691 1563 874 1609 contra
904 1568 962 1609 se
988 1554 1132 1624 ipsos
1157 1553 1444 1623 protulisse
1467 1552 1693 1608 convicti
1724 1561 1865 1606 sunt.
1898 1551 1954 1608 ln
1981 1552 2059 1608 eis

463 1649 660 1718 quippe
704 1649 869 1719 gestis
900 1650 1292 1704 manifestatum
1320 1657 1400 1704 est
1430 1647 1523 1703 illo
1552 1656 1790 1718 tempore
1820 1660 2060 1716 persecu-

461 1741 626 1796 tionis
650 1741 966 1797 christianas
997 1743 1176 1812 plebes
1202 1742 1386 1798 solitas
1412 1742 1742 1812 congregari.
1775 1740 1922 1796 Unde
1938 1754 2060 1796 con-

458 1834 598 1892 stitit
623 1851 727 1890 non
756 1850 874 1890 esse
905 1836 1213 1891 incredibile
1231 1879 1248 1904 ,
1275 1836 1416 1907 quod
1445 1836 1606 1892 etiam
1638 1835 1710 1890 illi
1737 1835 1972 1906 episcopi
2003 1835 2057 1890 in

458 1925 722 1996 privatam
765 1926 983 1981 domum
1020 1927 1264 1984 similiter
1287 1927 1600 1982 convenisse
1626 1926 1938 1998 legebantur
1958 1965 1975 1993 ,
2001 1937 2060 1982 ut

459 2016 607 2086 plebi
653 2033 771 2087 qua:
812 2027 1047 2088 poterat,
1082 2020 1221 2074 sicut
1248 2020 1412 2090 gestis
1437 2027 1729 2090 martyrum
1760 2018 2060 2074 contineba-

458 2115 552 2166 tur
570 2151 584 2175 ,
612 2111 771 2165 etiam
803 2113 1187 2180 persecutionis
1213 2121 1454 2182 tempore
1475 2113 1822 2184 congregari,
1852 2113 2058 2169 occulte

458 2201 804 2258 ordinaretur
833 2205 1116 2274 episcopus
1139 2246 1154 2271 ,
1189 2206 1278 2276 qui
1307 2213 1489 2274 posset
1517 2205 1614 2259 sibi
1642 2205 1801 2260 etiam
1831 2209 1945 2276 ipse
1969 2219 2059 2261 oc-

457 2293 607 2349 culte
639 2295 862 2350 clericos
887 2296 1134 2351 ordinare
1160 2296 1212 2350 in
1241 2304 1382 2350 tanta
1409 2297 1726 2351 necessitate
1749 2337 1764 2363 ,
1794 2297 1883 2350 ubi
1911 2307 2058 2352 ante-

457 2383 576 2440 rior
600 2385 881 2456 episcopus
913 2403 1034 2442 cum
1060 2388 1207 2442 clero
1235 2387 1439 2457 lapsus,
1469 2402 1565 2458 per
1589 2387 1870 2457 epistolam
1891 2388 2059 2458 ipsius

456 2474 727 2547 Secundi,
760 2495 876 2550 qua:
905 2481 974 2535 ab
999 2480 1117 2536 istis
1147 2480 1371 2552 allegata
1397 2489 1508 2546 est,
1536 2482 1952 2538 monstrabatur.
1975 2481 2060 2539 Ex

449 2561 547 2626 'his
589 2580 880 2643 martyrum
924 2573 1088 2643 gestis
1115 2589 1233 2644 qua:
1263 2573 1364 2646 ipsi
1392 2573 1767 2644 proferebant,
1800 2575 2055 2630 admoniti

454 2675 647 2721 Sumus
685 2671 738 2718 ct
776 2664 827 2717 in
865 2663 966 2718 alia
993 2673 1142 2735 gesta
1171 2673 1464 2737 martyrum
1496 2665 1810 2732 intendere;
1839 2675 1893 2721 et
1919 2666 2058 2722 inve-

455 2755 636 2814 nimus
654 2798 670 2824 ,
712 2764 767 2811 et
805 2756 1036 2812 diximus
1054 2799 1070 2825 ,
1099 2757 1337 2814 fervente
1367 2767 1608 2829 tempore
1632 2759 2016 2830 persecutionis
2039 2799 2055 2826 ,

459 2855 520 2902 et
555 2847 815 2918 privatam
855 2848 1071 2904 domum
1092 2892 1108 2917 ,
1149 2850 1289 2920 quod
1323 2850 1395 2906 illi
1426 2850 1538 2907 ﬁeri
1568 2851 1802 2922 potuisse
1832 2863 2057 2923 negave-

457 2929 600 3014 rant,
619 2941 1018 3010 congregationi
1057 2940 1485 2997 Christianorum
1515 2942 1676 2999 fuisse
1703 2959 2013 2998 concessam
2038 2983 2054 3010 ,

457 3039 516 3088 et
557 3032 611 3086 in
641 3047 855 3088 carcere
885 3032 1046 3088 fuisse
1072 3043 1335 3106 martyres
1363 3035 1657 3105 baptizatos
1691 3054 1703 3090 :
1735 3044 1792 3091 ut
1819 3037 2060 3093 viderent

457 3109 620 3194 quam
666 3137 775 3177 non
813 3132 957 3178 esset
986 3123 1297 3180 incredibile
1329 3133 1569 3196 tempore
1596 3127 1979 3198 persecutionis
2004 3128 2056 3183 in

454 3214 721 3287 privatam
746 3213 963 3270 domum
989 3230 1186 3286 paucos
1199 3217 1478 3288 episcOpos
1496 3218 1828 3290 congregari,
1843 3219 2059 3290 quando

456 3314 517 3363 et
544 3305 596 3361 in
624 3306 740 3377 ipso
766 3321 981 3363 carcere
1009 3308 1420 3364 celebrabantur
1449 3309 1792 3365 Sacramenta
1824 3311 2056 3376 Christi,

455 3395 518 3455 in
566 3412 672 3468 quo
699 3398 888 3453 inclusi
918 3397 1163 3456 homines
1191 3401 1509 3457 tenebantur
1558 3417 1654 3471 pro
1708 3401 1810 3457 (ide
1837 3401 2056 3458 Christi.

458 3487 734 3556 Quantum
764 3503 863 3543 nos
898 3503 1026 3560 ergo
1054 3490 1354 3559 adjuverint
1377 3503 1522 3563 gesta
1555 3501 1852 3565 martyrum
1880 3493 2059 3562 profe-

457 3571 674 3651 rendo,
722 3583 840 3654 quis
879 3597 982 3637 non
1023 3583 1238 3654 videat,
1284 3586 1374 3656 qui
1417 3600 1521 3640 non
1567 3586 1795 3641 similem
1847 3595 2059 3643 noctem

457 3663 627 3729 habet
664 3673 719 3728 in
757 3673 957 3740 corde,
1001 3675 1210 3746 qualem
1254 3675 1333 3732 illi
1373 3675 1674 3746 habebant,
1709 3679 1800 3749 qui
1825 3678 1928 3735 hoc
1954 3694 2059 3734 non

458 3765 715 3822 videbant
734 3767 758 3821 ‘P

471 3847 476 3854 ⁸
536 3858 762 3915 CAPUT
793 3859 909 3916 XV.
937 3891 1008 3901 —
1036 3860 1122 3917 l9.
1153 3861 1254 3929 Qui
1281 3861 1442 3918 etiam
1463 3861 1588 3918 hinc
1607 3863 1769 3934 gestis
1794 3864 1922 3935 ipsis
1941 3864 2061 3920 Cir-

461 3953 704 4010 tensibus
743 3954 1240 4023 calumniabantur,
1291 3955 1412 4027 quia
1455 3955 1527 4011 ibi
1575 3956 1690 4012 dies
1729 3964 1784 4012 et
1815 3957 2062 4012 consules

462 4037 810 4115 legebantur;
843 4055 897 4101 et
924 4044 1205 4116 exigebant
1231 4061 1262 4102 a
1290 4046 1446 4103 nobis
1469 4087 1485 4114 ,
1513 4056 1572 4103 ut
1601 4047 1776 4120 aliqua
1803 4047 2061 4105 ecclesia-

462 4136 600 4216 stica
640 4137 864 4192 concilia
896 4137 1258 4207 proferremus
1279 4179 1296 4207 ,
1327 4138 1416 4194 ubi
1445 4137 1563 4196 dies
1588 4141 1940 4195 recitarentur
1962 4179 1978 4206 ,
2011 4147 2065 4195 et

463 4228 734 4284 consules.
773 4230 878 4299 Ipsi
920 4232 1060 4284 enim
1102 4228 1520 4303 Carthaginense
1556 4231 1840 4288 concilium
1866 4231 2063 4291 factum

464 4317 588 4376 sine
622 4319 710 4374 dia
745 4329 791 4375 st
819 4321 1036 4375 consule
1064 4320 1422 4392 proferebant.
1451 4323 1708 4380 Dicebant
1731 4325 1873 4381 enim
1903 4325 2061 4380 etiam

465 4409 757 4466 concilium
802 4411 1052 4482 Cypriani
1087 4412 1334 4468 consules
1368 4430 1474 4470 non
1505 4415 1700 4472 habere
1731 4435 1744 4472 :
1775 4417 1862 4473 ubi
1887 4426 2063 4474 tamen

463 4497 663 4572 legitur
691 4501 841 4568 dies;
875 4503 928 4556 in
954 4503 1046 4557 illo
1073 4513 1250 4559 autem
1272 4505 1509 4575 ipsorum
1532 4506 1941 4579 Carthaginensi
1965 4524 2066 4566 nec

466 4593 607 4650 dies.
653 4594 762 4650 Nos
804 4602 984 4650 autem
1003 4636 1020 4663 ,
1051 4595 1194 4667 quod
1234 4597 1288 4652 in
1314 4597 1559 4655 manibus
1583 4609 1701 4656 erat
1721 4641 1736 4668 ,
1766 4601 2063 4657 Romanum

466 4687 754 4742 concilium
793 4687 1136 4758 Mclchiadis,
1178 4691 1315 4747 sicut
1352 4692 1481 4749 illud
1520 4692 1792 4763 Cirtense,
1833 4704 1886 4752 et
1923 4695 2063 4751 diem

469 4779 672 4860 habere
697 4771 1194 4839 demonstrabamus
1213 4794 1268 4840 et
1285 4785 1553 4843 consules.
1573 4779 1755 4860 Neque
1775 4789 1916 4844 enim
1937 4798 2066 4846 tunc

469 4870 540 4925 ad
587 4871 771 4926 horam
813 4871 1027 4942 antiqua
1073 4875 1288 4930 archiva
1333 4876 1687 4934 ecclesiastica
1737 4879 2064 4936 discutienda

468 4965 628 5020 nobis
677 4966 922 5033 fuerunt,
953 4967 1092 5023 unde
1141 4967 1236 5022 ista
1290 4971 1620 5027 consuetudo
1644 4973 1802 5028 etiam
1827 4983 2063 5030 veterum

473 5055 639 5114 fuisse
670 5058 974 5115 doceretur.
1003 5060 1115 5116 Nec
1143 5070 1320 5117 tamen
1348 5063 1532 5119 inanes
1561 5065 1640 5119 eis
1661 5065 1823 5120 etiam
1851 5081 1949 5122 nos
1971 5081 2062 5121 ca-

469 5148 704 5206 lumnias
730 5168 944 5208 movere
971 5153 1236 5209 voluimus
1259 5196 1274 5223 ,
1297 5171 1461 5226 quare
1491 5157 1542 5212 in
1570 5156 1819 5229 Cypriani
1839 5159 2065 5215 concilio

471 5242 592 5299 dies
621 5245 947 5301 inveniretur
965 5289 980 5315 ,
1010 5247 1061 5300 in
1094 5247 1330 5316 ipsorum
1357 5259 1532 5305 autem
1559 5265 1664 5304 non
1696 5251 2021 5307 inveniretur
2047 5270 2060 5306 :

474 5335 597 5404 quia
642 5334 720 5390 illi
763 5351 926 5392 vanas
965 5352 1144 5392 moras
1179 5339 1430 5395 volebant
1458 5341 1730 5398 innectere
1754 5385 1770 5411 ,
1803 5358 1937 5414 quas
1966 5360 2064 5401 nos

473 5425 802 5482 conabamur
843 5437 1108 5486 avertere.
1148 5429 1280 5485 Nam
1322 5431 1481 5486 etiam
1523 5431 1624 5488 hoc
1659 5435 1971 5505 exigebant,
2010 5445 2069 5492 ut

475 5515 546 5571 de
573 5516 860 5588 Scripturis
885 5521 1080 5575 sanctis
1097 5521 1500 5578 ostenderemus
1519 5524 1709 5580 alicubi
1733 5525 1847 5582 dies
1866 5536 1921 5584 et
1937 5541 2067 5584 con—

475 5607 624 5664 sules
663 5624 780 5665 esse
824 5612 1155 5682 conscriptos
1202 5632 1216 5667 :
1260 5614 1408 5684 quasi
1438 5615 1808 5686 episcoporum
1839 5619 2065 5674 concilia

477 5697 770 5768 Scripturis
819 5703 1087 5758 canonicis
1136 5703 1420 5774 aliquando
1471 5706 1665 5762 fuerint
1713 5719 2062 5778 comparata;

476 5799 573 5845 aut
614 5803 831 5860 possent
873 5796 1032 5850 etiam
1075 5796 1174 5865 ipsi
1201 5797 1267 5851 de
1289 5796 1577 5870 Scripturis
1603 5801 1799 5857 sanctis
1825 5803 2066 5874 proferre

475 5883 790 5952 concilium,
834 5887 922 5944 ubi
963 5889 1199 5957 Apostoli
1221 5890 1428 5960 judices
1457 5893 1725 5962 sederint,
1759 5905 1812 5951 ct
1840 5911 2058 5954 accusa-

1199 415 1292 474 ΑΙ)
1329 409 1757 472 DONATISTAS
1784 407 1951 466 POST
1990 405 2493 476 COLLATIONEM,
2535 407 2594 464 S.
2634 408 3005 468 AUGUSTINI

3649 421 3753 480 664

2171 528 2284 578 tum
2330 523 2561 596 aliquem
2603 526 2687 581 vel
2731 525 3131 598 damnaverint,
3179 530 3260 586 vel
3304 529 3650 591 absolverint.
3691 538 3760 593 Et

2165 622 2343 671 tamen
2383 619 2753 689 respondimus
2791 622 2870 678 eis
2892 664 2907 689 ,
2937 624 3096 679 etiam
3124 624 3414 696 Prophetas
3440 628 3606 684 libros
3634 645 3761 689 suos

2166 714 2480 783 praenotatis
2515 723 2569 770 et
2593 715 2825 772 deﬁnitis
2853 719 3257 776 commendasse
3285 724 3638 793 temporibus,
3657 741 3762 798 quo

2164 817 2345 873 anno,
2397 806 2548 876 cujus
2593 809 2766 880 regis,
2817 820 2980 881 quoto
3022 827 3209 868 mense
3250 815 3413 884 anni,
3463 827 3632 888 quoto
3676 820 3763 876 die

2163 897 2368 952 mensis
2408 896 2599 954 factum
2644 914 2805 969 super
2839 915 2934 956 eos
2979 902 3139 958 fuerit
3167 904 3386 960 verbum
3417 907 3631 964 Domini
3664 929 3679 965 :
3707 923 3766 968 ut

2163 990 2568 1048 ostenderemus
2603 1007 2760 1064 quam
2800 995 3026 1052 inaniter
3049 1006 3103 1052 et
3127 997 3454 1056 calumniose
3477 1001 3547 1058 de
3573 1003 3763 1060 diebus

2163 1089 2219 1138 et
2261 1085 2566 1141 consulibus
2615 1087 2993 1159 episcopalium
3045 1091 3391 1148 conciliorum
3435 1098 3763 1166 quaestiones

2163 1175 2478 1232 vanissimas
2515 1178 2828 1236 excitarent.
2860 1180 3002 1237 Fieri
3028 1183 3169 1238 enim
3200 1194 3410 1254 potest,
3437 1199 3496 1243 ut
3525 1188 3578 1242 in
3609 1190 3759 1244 codi-

2163 1265 2313 1321 cibus
2339 1266 2408 1322 sit
2426 1266 2523 1322 ista
2546 1269 2775 1326 varietas
2797 1312 2811 1337 ,
2837 1270 2961 1326 dum
2991 1273 3078 1327 alii
3103 1275 3261 1329 etiam
3289 1275 3405 1332 dies
3427 1287 3480 1332 et
3505 1281 3756 1336 consules

2163 1357 2434 1433 diligentia
2479 1361 2683 1431 majore
2729 1363 3079 1434 describunt,
3129 1366 3219 1422 alii
3267 1375 3516 1440 tanquam
3567 1387 3752 1442 super-

2162 1447 2326 1505 ﬂuum
2375 1453 2806 1522 przetermittunt.
2853 1455 3003 1512 Sicut
3030 1457 3187 1512 etiam
3217 1459 3384 1514 codex
3415 1461 3484 1516 de
3513 1477 3620 1533 quo
3649 1465 3762 1534 pri-

2162 1560 2307 1601 mum
2351 1545 2576 1616 legimus
2609 1545 2866 1617 judicium
2893 1549 3244 1618 Constantini,
3278 1569 3385 1622 quo
3411 1553 3553 1610 inter
3582 1565 3762 1625 partes

2161 1638 2503 1696 Caecilianum
2549 1641 2886 1698 innocentem
2911 1685 2927 1712 ,
2968 1643 3088 1700 illos
3126 1651 3306 1701 autem
3334 1647 3762 1705 calumniosissi-

2163 1746 2280 1788 mos
2328 1735 2720 1803 pronuntiavit,
2762 1736 2903 1791 diem
2944 1746 3000 1792 et
3041 1739 3313 1793 consulem
3357 1753 3462 1794 non
3490 1740 3760 1809 habebat;

2161 1825 2297 1880 alius
2316 1834 2494 1882 autem
2521 1842 2678 1896 quem
2703 1837 2887 1883 contra
2905 1843 3090 1885 eorum
3111 1829 3406 1886 calumnias
3427 1841 3612 1902 postea
3639 1848 3756 1903 pro-

2164 1917 2410 1986 tulimus,
2442 1919 2688 1976 habebat.
2716 1921 2848 1988 Quia
2874 1921 3032 1977 etiam
3061 1922 3170 1978 illic
3196 1923 3611 1980 invidiosissime
3639 1941 3764 1994 pro-

2161 2012 2560 2081 clamaverant,
2607 2015 2748 2086 quod
2796 2015 3133 2086 imperatoris
3169 2017 3372 2074 litteras
3415 2020 3533 2074 sine
3575 2019 3668 2075 die
3711 2031 3764 2076 et

2161 2105 2384 2160 consule
2427 2107 2769 2163 recitarimus
2802 2127 2816 2163 :
2848 2117 2904 2164 et
2929 2120 3104 2165 tamen
3133 2111 3295 2166 etiam
3327 2112 3427 2182 ipsi
3454 2113 3587 2167 alias
3614 2114 3762 2183 ejus-

2161 2196 2283 2252 dem
2329 2197 2662 2269 imperatoris
2700 2201 2904 2258 litteras
2943 2202 2998 2257 in
3034 2217 3192 2258 causa
3219 2203 3412 2260 Felicis
3438 2205 3762 2262 ordinatoris

2161 2288 2461 2358 Caeciliani,
2491 2307 2622 2362 quas
2649 2294 2873 2348 mirabili
2898 2296 3135 2352 caecitate
3161 2305 3348 2352 contra
3373 2312 3433 2353 se
3460 2298 3607 2368 ipsos
3629 2314 3760 2370 pro-

2162 2381 2433 2449 tulerunt,
2465 2383 2581 2438 sine
2605 2383 2693 2440 die
2721 2392 2774 2441 et
2797 2387 3017 2442 consule
3046 2387 3337 2443 recitarunt
3366 2407 3380 2443 :
3406 2404 3506 2451 nec
3529 2389 3610 2444 eis
3638 2389 3763 2446 inde

2160 2472 2358 2543 aliquid
2403 2473 2722 2544 obiecimus,
2765 2491 2832 2532 ne
2860 2477 3106 2533 similiter
3133 2486 3192 2533 ut
3220 2479 3358 2548 ipsi,
3390 2488 3634 2551 tempora
3665 2497 3761 2537 ne-

2161 2566 2392 2622 cessaria
2436 2567 2718 2638 superﬂuis
2759 2570 2935 2626 verbis
2976 2586 3382 2642 occuparemus.
3417 2572 3544 2628 llznc
3581 2583 3760 2630 autem

2161 2658 2322 2714 modo
2341 2659 2568 2716 dicimus
2591 2701 2607 2727 ,
2639 2669 2695 2715 ut
2721 2676 2817 2716 vos
2844 2663 3032 2720 saltem
3063 2664 3247 2720 oculos
3274 2665 3530 2735 aperiatis
3553 2708 3569 2734 ,
3599 2677 3654 2722 et
3684 2677 3761 2722 te-

2160 2754 2388 2812 nebrosa
2433 2766 2589 2812 nocte
2631 2758 2888 2826 careatis,
2931 2772 3089 2830 quam
3135 2759 3298 2814 vestri
3331 2760 3567 2830 episcopi
3601 2759 3761 2816 corde

2159 2848 2441 2918 gestabant
2465 2891 2478 2913 ,
2506 2850 2596 2920 qui
2621 2859 2936 2906 nocturnam
2963 2851 3286 2906 sententiam
3307 2852 3599 2922 cognitioni
3623 2851 3760 2922 judio

2161 2942 2239 2997 eis
2277 2941 2628 3013 objecerunt,
2679 2953 2734 2999 et
2775 2944 2877 3014 ipsi
2919 2960 3013 3014 per
3055 2944 3195 3000 diem
3241 2944 3584 2999 interioribus
3617 2955 3761 3001 tene-

2161 3032 2274 3089 bris
2317 3035 2537 3092 involuti
2580 3036 2808 3092 mirabili
2847 3036 3086 3092 czccitate
3119 3044 3305 3092 contra
3343 3051 3402 3093 se
3443 3037 3591 3108 ipsos
3621 3045 3760 3092 tanta

2162 3123 2430 3181 dixerunt.

2233 3216 2458 3274 CAPUT
2497 3201 2734 3273 χγιέ-
2753 3217 2844 3274 20.
2875 3217 3148 3289 Leguntur
3185 3219 3317 3273 actis
3358 3217 3497 3288 apud
3537 3217 3759 3272 Cartha-

2161 3310 2301 3380 ginis
2330 3310 2695 3381 magistratum
2727 3325 2981 3380 expressa
3011 3309 3174 3365 verba
3193 3309 3471 3373 Primiani,
3498 3309 3590 3364 ubi
3611 3308 3757 3374 dicit,

2163 3404 2298 3474 quod
2325 3411 2558 3474 parentes
2585 3394 2758 3459 eorum
2782 3404 2942 3457 nostri
2969 3404 3187 3474 majores
3208 3402 3362 3456 variis
3387 3402 3587 3456 exsiliis
3615 3417 3760 3455 vexa-

2163 3504 2341 3549 verant
2368 3511 2390 3550 :
2413 3503 2470 3551 et
2498 3495 2551 3550 in
2575 3493 2871 3550 Collatione
2900 3495 3130 3566 probare
3181 3502 3461 3561 conantur,
3508 3508 3762 3550 accusan-

2165 3587 2307 3643 tibus
2352 3589 2644 3658 majoribus
2710 3591 2824 3644 suis
2885 3589 2952 3643 ab
3023 3588 3352 3658 lmperatore
3417 3587 3761 3644 Caecilianum

2165 3680 2355 3737 exsilio
2379 3695 2500 3737 esse
2525 3680 2855 3736 damnatum.
2890 3681 3084 3736 Dicunt
3111 3681 3162 3734 iu
3193 3681 3383 3736 litteris
3400 3681 3513 3736 suis
3536 3697 3758 3736 commu-

2165 3775 2367 3829 nionem
2395 3791 2541 3830 suam
2577 3791 2683 3830 esse
2715 3774 2997 3830 Ecclesium
3024 3775 3265 3840 veritatis,
3305 3789 3420 3844 qua
3452 3776 3762 3844 persecutio-

2165 3884 2281 3923 nem
2309 3869 2519 3939 patitur,
2548 3884 2648 3922 non
2679 3884 2790 3938 qua:
2819 3869 2946 3938 facit
2966 3867 3056 3940 (In
3084 3867 3333 3923 Mandata
3353 3866 3763 3934 Donatistarum,

2165 3961 2306 4031 infra
2349 3963 2404 4016 in
2443 3961 2755 4033 Appendice)
2788 3970 2884 4017 :et
2905 3971 3169 4018 conantur
3193 3960 3480 4017 ostendere
3517 3960 3763 4017 Ctecilia-

2168 4067 2295 4108 num
2335 4051 2645 4108 damnatum
2668 4053 2872 4124 judicio
2920 4053 3264 4124 Imperatoris
3313 4052 3763 4124 persequentibus

2167 4145 2459 4216 majoribus
2483 4145 2615 4202 suis.
2646 4147 2713 4202 Et
2737 4147 2839 4202 hoc
2867 4145 3051 4202 dicunt
3075 4145 3296 4212 factum,
3321 4160 3426 4201 non
3465 4160 3566 4215 per
3593 4145 3764 4201 Dona-

2169 4243 2282 4292 tum
2323 4235 2640 4304 Casensem,
2695 4236 2794 4294 sed
2838 4252 2934 4308 per
2985 4252 3107 4292 eum
3162 4251 3320 4307 quem
3387 4252 3499 4307 prae
3561 4236 3764 4292 caeteris

2168 4330 2460 4403 prtedicant
2535 4329 2797 4386 Donatum
2875 4328 3370 4401 Carthaginensem.
3445 4328 3564 4384 Hoc
3628 4328 3763 4383 enim

2168 4422 2384 4493 scriptis
2439 4421 2551 4477 suis
2626 4436 2723 4492 per
2791 4434 2919 4489 suos
2989 4419 3152 4476 modo
3220 4420 3423 4490 jactare
3481 4418 3761 4484 dicuntur,

2169 4515 2263 4571 ubi
2289 4514 2412 4570 victi
2445 4514 2678 4584 judicem
2701 4522 2978 4580 accusant,
3011 4514 3136 4586 quia
3166 4526 3380 4571 noctem
3411 4511 3594 4569 cordis
3622 4512 3762 4582 ipso-

2169 4623 2288 4664 rum
2341 4615 2599 4663 nocturna
2647 4608 2844 4662 veritas
2885 4605 3200 4662 confutavit.
3266 4606 3533 4661 Donatum
3583 4605 3761 4670 illum,

2170 4699 2344 4764 illum,
2392 4700 2628 4770 inquam,
2679 4699 2966 4764 Donatum,
3020 4712 3180 4768 quem
3227 4695 3480 4753 dixerunt
3519 4693 3764 4748 Ecclesia

2169 4789 2492 4863 Carthaginis
2513 4799 2863 4845 momentum
2889 4799 2937 4844 et
2957 4788 3268 4859 martyrialis
3283 4788 3465 4858 gloria
3483 4786 3674 4852 virum,
3692 4782 3764 4838 sic

2170 4882 2552 4939 commendare
2571 4881 2876 4946 voluerunt,
2908 4887 2968 4934 ut
2987 4878 3246 4944 dicerent,
3278 4877 3414 4947 quod
3441 4876 3589 4947 apud
3614 4875 3764 4943 impe-

2171 4974 2356 5029 ratoris
2385 4971 2702 5029 Constantini
2729 4970 3087 5042 cognitionem,
3108 4970 3217 5040 ipse
3239 4983 3379 5022 reum
3413 4976 3461 5020 et
3497 4965 3765 5022 meruerit

2170 5076 2218 5122 et
2246 5066 2514 5121 convicerit
2540 5065 2870 5120 Caecilianum
2893 5063 2984 5134 (In
3013 5061 3202 5118 Count.
3236 5072 3375 5134 part.
3414 5061 3473 5126 2,
3501 5077 3624 5130 cap.
3651 5059 3759 5129 10).

2173 5158 2268 5215 Ille
2293 5172 2422 5230 ergo
2441 5158 2522 5212 vir
2560 5157 2744 5229 gloriae
2771 5156 3093 5229 martyrialis
3135 5155 3274 5226 apud
3307 5155 3655 5225 Imperatoris
3677 5167 3766 5208 co-

2172 5250 2465 5321 guitiOnem
2507 5263 2657 5304 reum
2700 5248 2976 5304 constituit
3025 5255 3080 5302 et
3122 5246 3353 5303 asseruit
3396 5243 3764 5309 Caecilianum,

2160 5341 2426 5419 illamque
2470 5340 2828 5412 cognitionem
2859 5338 3125 5395 Caeciliani
3165 5339 3434 5394 damnatio
3478 5346 3764 5392 consecuta

2175 5446 2259 5492 est
2286 5453 2300 5490 :
2333 5435 2426 5492 illo
2451 5435 2566 5491 viro
2581 5435 2766 5506 gloriae
2793 5434 3120 5507 martyrialis
3137 5441 3420 5490 accusante
3438 5440 3494 5486 ct
3512 5432 3763 5490 instante.

2173 5527 2489 5584 Caecilianus
2516 5527 2586 5582 ab
2606 5527 2931 5598 lmperatore
2942 5525 3227 5581 damnatus
3245 5534 3347 5580 est.
3374 5521 3527 5592 Quod
3550 5520 3764 5593 quidem

2173 5635 2274 5676 nos
2301 5619 2494 5675 falsum
2521 5635 2643 5676 esse
2667 5620 3016 5686 convicimus,
3038 5619 3128 5688 qui
3147 5617 3390 5688 ejusdem
3422 5615 3762 5689 imperatoris

2175 5713 2402 5777 litteras,
2431 5713 2622 5783 quibus
2663 5728 2723 5767 se
2763 5713 2902 5768 inter
2939 5721 3115 5783 partes
3153 5711 3368 5767 audisse
3405 5718 3461 5766 et
3491 5711 3760 5781 iudicasse

2176 5814 2424 5871 testatur,
2460 5806 2546 5862 ubi
2574 5806 2862 5862 Caeciliano
2899 5806 3142 5862 absoluto
3176 5813 3336 5877 atque
3382 5817 3608 5878 purgato
3637 5805 3755 5861 illo-

2181 5915 2298 5958 rum
2330 5899 2626 5956 calumnias
2673 5898 2966 5958 detestatus
3009 5908 3110 5963 est,
3148 5899 3395 5983 prolatas
3433 5898 3501 5972 de
3545 5897 3752 5969 archivo
