4010 6464
203 420 298 481 665

201 539 400 621 publico
444 530 803 592 recitavimus.
834 527 1031 585 Contra
1074 539 1207 599 quas
1242 523 1462 581 omnino
1491 519 1615 592 quid
1654 535 1772 576 res-

203 614 513 709 ponderent,
548 625 678 681 nihil
705 623 943 679 invenire
974 627 1290 693 potuerunt,
1334 624 1387 673 et
1414 614 1481 670 ad
1527 628 1617 669 eas
1642 627 1774 669 con-

205 707 479 785 firmandas
499 728 687 776 contra
711 733 771 773 se
798 718 943 787 ipsos
969 715 1070 770 alia
1104 712 1460 785 protulerunt.
1492 707 1723 764 Proinde
1747 722 1777 762 a

205 816 485 888 majoribus
505 826 691 868 eorum
720 808 859 881 apud
889 808 1271 879 Imperatorem
1310 810 1615 859 accusatum
1645 813 1776 855 con-

204 911 329 970 stitit
368 907 747 971 Caecilianum;
795 903 1103 959 damnatum
1145 907 1320 954 autem
1368 912 1474 952 non
1518 894 1776 960 constitit,

202 1004 303 1062 imo
325 1000 484 1057 etiam
526 997 766 1054 constitit
812 994 1138 1050 absolutum.
1181 990 1285 1047 Sed
1334 1000 1508 1045 tamen
1551 987 1635 1043 vel
1682 1001 1780 1041 vos

202 1094 365 1151 videte
412 1098 680 1162 quantum
719 1087 1018 1158 adjuverint
1040 1099 1253 1141 causam
1283 1090 1519 1137 nostram
1545 1078 1780 1150 episcopi

204 1186 376 1253 vestri,
405 1183 496 1254 qui
522 1182 592 1237 de
625 1182 715 1236 illa
746 1181 1028 1235 voluerunt
1072 1177 1229 1231 etiam
1272 1174 1502 1229 falsitate
1542 1169 1779 1242 gloriari.

204 1280 255 1338 Si
278 1278 415 1334 enim
443 1277 686 1331 Donatus
716 1274 805 1328 ille
832 1272 912 1326 vir
935 1270 1120 1342 gloriae
1158 1266 1479 1339 martyrialis
1508 1263 1646 1335 apud
1677 1262 1782 1316 Im-

204 1368 455 1444 peratoris
479 1366 843 1439 cognitionem
890 1380 1039 1419 reum
1081 1361 1307 1417 asseruit
1328 1358 1669 1414 Caecilianum
1690 1396 1706 1423 ,
1729 1362 1784 1411 et

203 1465 285 1523 illo
303 1465 417 1519 viro
443 1460 633 1532 gloriae
662 1457 987 1530 martyrialis
1014 1463 1297 1511 accusante
1327 1461 1381 1507 et
1408 1452 1635 1505 instante
1660 1447 1782 1503 Cae-

202 1556 411 1612 cilianus
440 1553 508 1607 ab
550 1551 879 1622 Imperatorc
928 1546 1209 1602 damnatus
1256 1550 1378 1609 est;
1425 1539 1785 1610 respondeant

204 1648 375 1713 vobis,
428 1644 650 1716 quando
698 1643 814 1698 haec
855 1640 1168 1711 agebantur,
1226 1638 1344 1708 quis
1389 1644 1505 1690 erat
1561 1641 1781 1704 martyr,

204 1749 369 1797 utrum
389 1739 634 1795 Donatus
666 1735 757 1807 qui
794 1734 1064 1790 hominem
1093 1729 1232 1802 apud
1260 1729 1638 1798 Imperatorem
1666 1739 1787 1794 per-

204 1834 545 1906 sequebatur,
604 1845 672 1885 an
708 1828 1025 1884 Carcilianus
1055 1825 1145 1895 qui
1192 1823 1285 1877 illo
1329 1826 1682 1892 persequente
1718 1816 1787 1871 ab

208 1929 517 1999 lmperatore
556 1920 945 1979 damnabatur?
974 1918 1073 1974 Ubi
1103 1924 1185 1972 est
1227 1928 1368 1971 nunc
1400 1912 1488 1967 illa
1516 1909 1785 1966 definitiva

206 2022 370 2092 regula
399 2021 663 2091 ipsorum,
688 2014 1089 2071 communionem
1116 2010 1342 2076 Donati,
1376 2024 1481 2062 esse
1506 2004 1788 2059 Ecclesium

207 2116 409 2169 ueritatis
453 2128 576 2183 qua:
621 2110 1013 2181 persecutionem
1053 2106 1263 2175 patitur,
1317 2119 1417 2157 non
1461 2116 1572 2172 qua:
1620 2098 1788 2169 facit?

207 2206 335 2263 Ecce
361 2208 562 2276 patitur
589 2201 906 2257 Caecilianus
925 2241 939 2265 ,
990 2198 1224 2253 Donatus
1256 2194 1381 2249 facit
1414 2212 1426 2249 :
1454 2193 1573 2263 quis
1598 2204 1786 2246 eorum

208 2308 283 2354 est
304 2298 379 2352 vir
402 2298 596 2367 gloria:
628 2292 987 2366 martyrialis?

269 2390 485 2448 CAPUT
510 2386 875 2444 XVll.--2l.
907 2383 1201 2449 Attendite,
1231 2380 1509 2443 advertite,
1539 2377 1707 2434 nolite
1732 2375 1785 2431 in

206 2499 425 2543 errorem
452 2481 817 2554 perniciosum
849 2479 1023 2534 adhuc
1057 2490 1224 2545 usque
1265 2473 1466 2529 seduci.
1494 2470 1788 2525 Veritatem

205 2593 312 2649 qua:
335 2575 482 2631 vobis
507 2572 904 2637 occultabatur,
953 2570 1092 2625 Deus
1135 2565 1343 2637 aperire
1388 2564 1633 2633 dignatus
1667 2568 1783 2624 est;

205 2667 475 2724 falsitatem
508 2681 637 2737 quae
684 2663 836 2720 vobis
881 2661 1277 2726 offundebatur,
1324 2657 1465 2711 Deus
1509 2653 1787 2709 confutare

205 2760 435 2830 dignatus
473 2766 565 2814 est
597 2775 610 2811 :
638 2764 786 2811 tanto
817 2754 934 2824 ejus
961 2751 1224 2809 beneficio
1253 2764 1419 2821 quare
1458 2746 1630 2801 adhuc
1658 2745 1788 2799 estis

206 2852 427 2924 ingrati?
467 2852 589 2907 IIoc
627 2858 710 2905 est
750 2862 964 2918 nempe,
1006 2844 1147 2917 quod
1176 2843 1325 2897 vobis
1349 2857 1490 2911 saepe
1516 2839 1784 2906 dicebant,

208 2947 335 3003 unde
354 2947 537 3003 cordis
561 2944 726 3000 vestri
776 2941 958 2997 oculos
999 2946 1172 2995 astuta
1211 2936 1418 2991 fallacia
1444 2934 1744 3003 caligahant
1770 2951 1783 2987 :

206 3048 257 3095 et
276 3040 443 3095 adhuc
464 3038 631 3094 etiam
661 3034 888 3091 convicti
917 3032 1039 3088 inde
1056 3046 1113 3086 se
1124 3030 1348 3101 jactant,
1384 3028 1506 3082 inde
1528 3040 1625 3080 nos
1647 3026 1788 3079 lace-

208 3141 339 3198 rant,
366 3132 485 3202 quia
519 3144 620 3184 nos
645 3127 864 3182 facimus
894 3124 1341 3197 persecutionem,
1366 3121 1465 3190 ipsi
1494 3119 1785 3189 patiuntur.

208 3222 317 3280 Hoc
336 3225 412 3280 eis
437 3222 699 3280 remansit
726 3219 871 3275 omni
887 3234 953 3274 ex
974 3224 1123 3287 parte
1144 3213 1429 3285 superatis,
1459 3210 1599 3266 unde
1616 3208 1791 3263 adhuc

210 3317 422 3373 nebulas
442 3315 641 3371 faciant
668 3312 961 3383 imperitis.
996 3309 1121 3364 hinc
1149 3324 1208 3364 se
1252 3306 1402 3377 quasi
1447 3303 1791 3360 ostendentes

214 3423 331 3466 esse
375 3408 653 3465 Ecclesium
696 3406 938 3472 veritatis,
983 3419 1095 3473 qua:
1137 3401 1533 3473 persecutionem
1577 3397 1788 3468 patitur,

211 3518 309 3556 non
348 3503 486 3572 facit.
522 3502 635 3558 Non
676 3515 773 3555 vos
809 3513 938 3570 ergo
962 3496 1137 3551 adhuc
1175 3495 1395 3550 fallant:
1422 3492 1524 3547 hoc
1551 3491 1628 3545 eis
1658 3490 1791 3545 faci-

209 3608 344 3661 mus,
374 3594 512 3666 quod
558 3594 789 3664 majores
829 3604 974 3653 suos,
1008 3596 1064 3644 et
1102 3588 1275 3658 ipsum
1316 3599 1473 3655 quem
1503 3581 1795 3652 praedicant

210 3686 348 3741 velut
371 3685 691 3758 martyrialis
716 3682 900 3755 gloria:
926 3681 1102 3735 virum
1122 3719 1137 3746 ,
1161 3676 1446 3733 Caeciliano
1468 3674 1656 3729 fecisse
1680 3674 1794 3743 glo-

212 3777 425 3833 riantur.
451 3777 567 3833 Hoc
584 3778 690 3847 egit
720 3776 809 3829 ille
834 3771 973 3843 apud
1003 3772 1408 3841 Imperatorem,
1434 3778 1490 3821 ut
1519 3765 1794 3823 convictus

212 3868 520 3925 Caecilianus
549 3869 688 3923 illius
711 3865 912 3937 judicio
933 3863 1279 3919 damnaretur
1304 3875 1316 3911 :
1348 3859 1449 3912 hoc
1476 3866 1528 3911 et
1554 3870 1652 3910 nos
1680 3855 1793 3924 egi-

210 3974 343 4027 mus,
370 3969 428 4017 ut
453 3958 539 4016 isti
565 3957 792 4014 convicti
823 3954 1015 4011 similia
1037 3958 1363 4022 paterentur.
1405 3947 1460 4001 Si
1483 3946 1622 4001 male
1650 3944 1793 4010 fecit,

209 4067 370 4129 quare
397 4054 503 4112 hoc
529 4052 607 4109 illi
634 4051 868 4108 Donatus
894 4044 1155 4102 faciebat?
1186 4042 1241 4099 Si
1271 4049 1448 4096 autem
1476 4047 1623 4094 recte
1648 4037 1794 4104 fecit,

209 4163 368 4219 quare
388 4148 494 4204 hoc
512 4142 785 4201 Catholica
805 4138 943 4211 parti
960 4135 1151 4194 Donati
1172 4148 1279 4190 non
1305 4131 1497 4187 faciat?
1522 4130 1629 4184 lmo
1653 4137 1799 4185 recte

209 4240 317 4297 fieri
360 4256 465 4298 nec
513 4239 589 4293 illi
630 4236 909 4302 dubitant,
955 4233 1046 4303 qui
1084 4231 1189 4285 hoc
1228 4225 1460 4298 majores
1489 4238 1635 4291 suos,
1666 4238 1800 4294 quos

209 4336 433 4391 multum
474 4330 710 4393 laudant,
758 4326 952 4382 fecisse
991 4324 1326 4396 gloriantur:
1354 4334 1454 4374 nec
1496 4331 1595 4372 nos
1643 4314 1800 4371 dubi-

209 4434 406 4493 tamus,
439 4422 529 4493 qui
556 4420 659 4477 hoc
681 4420 760 4476 eis
787 4433 907 4474 esse
928 4414 1229 4473 faciendum
1259 4426 1454 4484 negare
1480 4424 1585 4466 non
1612 4424 1803 4480 possu-

210 4534 347 4585 mus,
394 4525 455 4570 ut
511 4515 628 4569 sine
664 4511 925 4568 effusione
969 4507 1275 4579 sanguinis,
1325 4504 1415 4575 qui
1462 4502 1639 4557 verbis
1695 4515 1802 4557 non

214 4608 585 4672 emendantur,
613 4605 787 4676 aliqua
813 4602 1093 4658 mitissima
1116 4613 1273 4671 poena
1308 4598 1484 4668 legum
1506 4594 1802 4665 corripian-

216 4710 300 4759 tur
338 4699 598 4771 inquieti:
627 4706 681 4753 et
708 4697 753 4751 si
781 4694 919 4751 forte
961 4693 1258 4763 Imperator
1298 4698 1574 4759 permotus
1608 4686 1803 4741 mentis

222 4793 494 4862 sacrilegae
523 4788 868 4861 pertinaciam
902 4785 1147 4857 graviore
1178 4781 1439 4852 supplicio
1467 4779 1651 4835 statuit
1684 4792 1804 4834 esse

223 4884 587 4957 plectendam,
635 4881 815 4936 mitius
864 4886 1020 4948 agant
1059 4876 1301 4947 judices,
1350 4873 1540 4943 quibus
1593 4887 1806 4941 semper

223 4962 368 5033 licuit
410 4977 581 5032 lenire
622 4981 781 5043 atque
817 4970 1057 5026 emollire
1100 4966 1419 5022 sententiam
1454 4964 1552 5035 ().
1590 4962 1807 5018 Interim

218 5081 343 5139 ergo
358 5066 604 5145 quamvis
628 5079 733 5119 non
760 5058 1153 5133 possitostendi
1179 5056 1523 5113 Caecilianum
1546 5054 1611 5109 ab
1635 5053 1808 5124 impe-

219 5168 393 5215 ratore
436 5156 787 5214 Constantino
830 5168 953 5209 esse
994 5151 1322 5213 damnatum,
1370 5160 1399 5199 a
1445 5144 1595 5199 vobis
1630 5152 1807 5198 tamen

220 5264 367 5306 error
394 5251 485 5306 ille
505 5249 745 5305 sublatus
774 5254 878 5311 est,
908 5257 1012 5312 quo
1042 5239 1311 5312 putabatis
1333 5252 1451 5293 eam
1476 5250 1596 5290 esse
1625 5248 1807 5288 veram

223 5341 509 5398 Eeclesiam
541 5356 658 5412 quae
687 5335 1109 5408 persecutionem
1128 5330 1346 5401 patitur,
1368 5344 1470 5381 non
1495 5342 1614 5397 quae
1646 5324 1805 5380 facit:

225 5430 345 5488 fecit
373 5434 515 5489 enim
542 5433 795 5495 Donatus,
823 5440 1013 5498 passus
1037 5432 1121 5479 est
1148 5420 1486 5476 Caecilianus.
1519 5419 1585 5473 Et
1615 5418 1658 5471 si
1690 5432 1813 5486 per-

227 5525 548 5579 secutionem
574 5522 768 5592 patitur
791 5532 911 5589 pars
933 5514 1143 5579 Donati,
1169 5512 1364 5583 patitur
1386 5526 1510 5565 cum
1536 5508 1625 5563 illa
1647 5509 1809 5563 etiam

228 5628 348 5682 pars
376 5613 700 5678 Maximiani,
730 5626 887 5682 quam
923 5617 977 5663 et
1017 5606 1117 5676 ipsi
1151 5602 1348 5659 Christi
1375 5601 1671 5657 Ecclesiam
1703 5616 1809 5655 non

230 5721 343 5761 esse
363 5706 698 5762 confirmant.
722 5706 800 5759 Ac
827 5718 920 5774 per
960 5702 1059 5755 hoc
1098 5708 1154 5755 et
1180 5698 1357 5753 facere
1386 5696 1809 5766 persecutionem

235 5813 338 5854 non
364 5810 444 5855 est
471 5796 763 5868 iniquitatis
792 5794 1070 5861 indicium,
1088 5792 1212 5862 quia
1240 5800 1293 5845 et
1322 5789 1447 5845 boni
1472 5787 1669 5842 faciunt
1697 5801 1812 5841 ma-

295 5937 365 5998 (a)
394 5938 511 5987 Vide
533 5934 777 5997 augustini
801 5927 1051 5995 epistolam
1075 5926 1184 5989 I39,
1206 5939 1257 5976 n.
1282 5924 1329 5975 2.

1605 402 1805 463 LIBER
1841 404 2046 466 UNUS.

1888 520 1975 584 lis,
2005 526 2057 575 et
2075 518 2199 575 mali
2223 520 2377 577 bonis
2401 538 2414 576 :
2440 527 2496 578 et
2517 520 2627 593 pati
2654 521 3081 593 persecutionem
3110 534 3217 578 non
3257 531 3341 578 est
3381 524 3471 595 ju-

1882 614 2041 670 stitiae
2073 612 2490 682 documentum,
2523 615 2645 685 quia
2674 629 2791 670 eam
2823 629 2928 669 non
2959 614 3060 669 soli
3090 614 3213 672 boni
3234 629 3333 685 pro
3355 615 3475 685 pic

1882 714 2011 772 tate,
2045 707 2139 762 sed
2162 708 2285 762 mali
2309 723 2406 778 pro
2432 708 2710 778 iniquitate
2735 709 3022 778 patiuntur.

1954 800 2044 854 .
2088 801 2271 856 Restat
2311 816 2438 871 ergo
2480 801 2632 855 vobis
2675 816 2859 857 errore
2906 802 3128 872 depulso
3171 801 3471 857 Ecclesiam

1884 895 2077 952 Christi
2106 895 2288 951 videre
2326 912 2389 952 ac
2436 904 2618 953 tenere
2666 896 3018 965 Catholicam,
3062 913 3165 952 non
3211 906 3269 951 ut
3309 897 3361 951 in
3407 912 3473 951 ea

1885 987 2089 1059 eligatis
2118 988 2238 1059 quia
2273 991 2697 1059 persecutionem
2731 990 2948 1060 patitur.
2977 989 3109 1044 Cum
3134 989 3273 1044 enim
3298 988 3471 1043 dixis-

1885 1090 1968 1137 set
2011 1081 2290 1150 Dominus,
2332 1081 2479 1136 Beati
2504 1084 2588 1151 qui
2633 1084 3026 1153 persecutionem
3067 1082 3365 1153 patiuntur;
3404 1096 3472 1135 no

1885 1174 2009 1231 inde
2052 1190 2111 1231 se
2162 1177 2366 1246 jactent
2412 1176 2669 1243 haeretici,
2711 1174 2943 1240 addidit,
2978 1182 3181 1245 propter
3219 1172 3474 1244 justitiam

1888 1269 2102 1340 (Matth.
2146 1286 2200 1338 v,
2230 1270 2345 1342 10).
2396 1268 2530 1324 Nam
2582 1278 2777 1339 quanta
2827 1268 2962 1323 mala
3007 1266 3204 1321 nostris
3252 1264 3475 1318 fecerint

1888 1360 2221 1418 furiosissimi
2253 1362 2438 1418 clerici
2465 1370 2519 1417 et
2543 1360 3016 1416 Circumcelliones
3046 1359 3212 1429 partis
3232 1356 3437 1427 {Donati
3457 1398 3470 1417 .

1888 1454 2055 1509 nostis
2076 1462 2131 1508 et
2154 1468 2270 1508 vos.
2301 1454 2538 1509 Incensae
2562 1462 2686 1509 sunt
2706 1452 2966 1519 ecclesiae,
2990 1452 3137 1506 missi
3158 1451 3211 1503 in
3232 1448 3476 1502 flammas

1887 1546 2101 1601 codices
2146 1546 2336 1611 sancti,
2369 1546 2601 1601 incensae
2640 1546 2799 1601 etiam
2835 1546 3054 1615 privata:
3097 1542 3307 1605 domus,
3336 1540 3476 1611 rapti

1888 1636 2135 1692 homines
2172 1638 2238 1692 de
2289 1636 2504 1692 sedibus
2545 1637 2676 1702 suis,
2717 1645 2770 1690 et
2819 1634 3066 1688 omnibus
3104 1648 3223 1703 qua:
3270 1632 3477 1687 inerant

1888 1729 2080 1784 ablatis
2107 1738 2199 1784 aut
2228 1729 2468 1800 perditis,
2499 1729 2600 1800 ipsi
2628 1729 2750 1783 cmsi
2778 1769 2791 1795 ,
2823 1726 3025 1792 laniati,
3055 1723 3305 1781 exczecati
3334 1741 3345 1776 :
3376 1736 3477 1777 nec

1890 1824 1957 1878 ab
1984 1823 2272 1879 homicidio
2322 1824 2490 1894 potuit
2534 1821 2851 1892 temperari;
2897 1819 3142 1891 quamvis
3190 1818 3258 1871 sit
3297 1816 3481 1870 mitius

1892 1916 2017 1973 huic
2072 1918 2175 1972 luci
2222 1918 2569 1982 morientem,
2623 1932 2778 1986 quam
2834 1915 2989 1970 istam
3040 1914 3213 1968 lucem
3263 1910 3478 1965 auferre

1890 2010 2111 2065 viventi.
2138 2009 2365 2063 Ventum
2389 2019 2471 2063 est
2498 2009 2562 2061 ad
2590 2008 2853 2068 homines.
2883 2022 2985 2061 non
3008 2015 3067 2059 ut
3089 2004 3277 2059 retenti
3299 2003 3480 2071 aliquo

1892 2104 2233 2169 ducerentur,
2258 2103 2351 2157 sed
2383 2110 2587 2157 tantum
2618 2110 2673 2155 ut
2704 2103 2801 2155 ista
2823 2107 3149 2171 paterentur.
3174 2097 3281 2151 Nec
3298 2108 3476 2150 tamen

1893 2206 2104 2252 nostros
2128 2196 2248 2252 ideo
2269 2196 2638 2265 justicamus,
2665 2195 2786 2264 quia
2815 2194 2912 2248 ista
2936 2192 3171 2263 perpessi
3199 2199 3355 2252 sunt;
3384 2188 3479 2242 sed

1892 2288 2014 2358 quia
2045 2303 2141 2358 pro
2184 2286 2474 2342 christiana
2514 2287 2759 2351 veritate,
2808 2301 2904 2355 pro
2947 2284 3140 2339 Christi
3187 2298 3338 2353 pace,
3383 2295 3479 2349 pro

1892 2378 2150 2434 Ecclesiae
2190 2379 2389 2432 unitate
2419 2378 2656 2448 perpessi
2705 2384 2847 2431 sunt.
2889 2375 2970 2431 Illi
3010 2384 3188 2430 autem
3226 2373 3324 2427 sub
3370 2381 3475 2426 tam

1891 2472 2095 2539 multis,
2127 2471 2227 2526 sub
2249 2481 2354 2525 tam
2382 2470 2582 2525 severis
2610 2470 2832 2540 legibus,
2860 2478 2913 2524 et
2937 2468 3035 2524 sub
3058 2476 3197 2521 tanta
3221 2464 3475 2521 Ecclesiae

1892 2563 2192 2626 catholicae,
2226 2578 2383 2633 quam
2429 2561 2685 2615 Dominus
2708 2560 2757 2615 ei
2801 2560 3002 2625 tribuit,
3038 2566 3317 2629 potestate,
3349 2553 3477 2626 quid

1893 2656 1997 2710 tale
2026 2654 2331 2725 patiuntur?
2377 2653 2432 2708 Si
2476 2652 2688 2723 quando
2714 2652 2854 2706 enim
2901 2659 3073 2705 morte
3117 2649 3478 2712 mulctantur,

1892 2757 1985 2803 aut
2027 2748 2127 2818 ipsi
2174 2764 2232 2803 se
2272 2747 2543 2813 occidunt,
2592 2754 2683 2800 aut
2725 2759 2910 2800 eorum
2941 2752 3175 2797 cruenta:
3214 2738 3481 2795 violentia:

1893 2833 2017 2888 dum
2049 2833 2315 2887 resistitur
2344 2831 2679 2895 occiduntur,
2705 2843 2810 2884 non
2832 2844 2929 2898 pro
2957 2825 3333 2880 communione
3354 2838 3483 2893 par

1894 2927 1962 2981 tis
1988 2926 2200 2992 Donati,
2234 2940 2333 2981 nec
2374 2940 2471 2995 pro
2514 2939 2699 2979 errore
2746 2920 2986 2991 sacrilegi
3036 2918 3356 2984 schismatis,
3384 2915 3479 2970 sed

1892 3035 1992 3091 pro
2036 3020 2389 3091 apertissimis
2427 3018 2749 3073 facinoribus
2775 3024 2829 3070 et
2874 3013 3167 3070 sceleribus
3197 3012 3328 3073 suis,
3360 3022 3480 3077 qua:

1894 3130 2045 3170 more
2082 3114 2348 3167 latronum
2393 3111 2608 3166 immani
2663 3108 2843 3163 furore
2890 3114 2944 3161 et
2979 3104 3292 3159 crudelitate
3332 3115 3483 3155 com-

1894 3208 2130 3263 mittunt.
2160 3206 2262 3261 Pro
2283 3212 2432 3275 parte
2471 3212 2648 3258 autem
2692 3199 2877 3254 Donati
2904 3198 2987 3251 vix
3015 3195 3213 3265 aliquid
3246 3194 3349 3248 tale
3378 3206 3476 3261 pa

1895 3300 2117 3364 tiuntur,
2164 3297 2321 3367 quale
2360 3295 2700 3351 Ca3cilianum
2743 3292 2949 3345 Donato
2992 3289 3222 3342 instante
3268 3298 3482 3355 passum

1897 3406 2016 3448 esse
2038 3392 2305 3445 dixerunt.

1967 3482 2056 3537 25.
2099 3482 2204 3536 Aut
2228 3495 2355 3551 ergo
2380 3477 2683 3549 persecutio
2710 3489 2815 3531 non
2844 3473 3018 3530 omnis
3050 3471 3243 3542 injusta
3272 3475 3372 3533 est,
3396 3473 3488 3521 aut

1898 3588 2003 3631 non
2026 3582 2108 3629 est
2128 3572 2433 3643 persecutio
2464 3569 2686 3625 dicenda
2711 3583 2830 3624 cum
2849 3567 2991 3637 justa
3012 3575 3111 3620 est.
3133 3564 3484 3631 Quapropter,

1897 3676 1990 3721 aut
2025 3663 2450 3735 persecutionem
2499 3676 2623 3731 pars
2667 3660 2855 3713 Donati
2902 3658 3096 3728 patitur
3135 3655 3352 3724 justam,
3398 3659 3492 3704 aut

1898 3757 2326 3828 persecutionem
2372 3767 2476 3806 non
2520 3752 2736 3821 patitur,
2778 3749 2898 3818 quia
2942 3748 3136 3817 patitur
3171 3745 3332 3814 juste.
3372 3741 3488 3796 Non

1898 3856 2075 3901 autem
2100 3845 2243 3916 juste
2260 3858 2449 3915 passus
2471 3849 2553 3897 est
2576 3840 2910 3903 Caecilianus,
2938 3837 3060 3907 quia
3084 3840 3339 3890 innocens
3358 3848 3491 3903 pro-

1904 3940 2058 3995 batus
2087 3946 2141 3993 et
2164 3936 2439 3992 absolutus
2464 3943 2566 3990 est.
2600 3932 2753 3999 Quod
2783 3930 2997 4001 quidem
3040 3929 3113 3982 illi
3137 3933 3487 3997 negaverunt,

1902 4041 1958 4090 et
1988 4032 2161 4103 potius
2186 4030 2254 4085 ab
2276 4029 2606 4099 lmpcratore
2645 4026 2955 4101 damnatum
2982 4036 3102 4077 esse
3142 4019 3411 4082 dixerunt,
3438 4024 3494 4071 et

1903 4125 2026 4182 ideo
2052 4124 2284 4194 majores
2322 4136 2447 4178 suos
2480 4119 2820 4186 maximeque
2858 4116 3120 4169 Donatum
3142 4154 3156 4179 ,
3186 4126 3215 4165 a
3255 4124 3313 4164 se
3334 4115 3493 4179 tanta

1906 4215 2287 4290 prmdicatione
2312 4213 2585 4268 laudatum
2606 4253 2621 4277 ,
2648 4208 2934 4263 Caeciliano
2966 4203 3387 4276 persecutionem
3418 4199 3496 4256 fe-

1905 4311 2045 4367 cisse
2082 4307 2316 4365 confessi
2362 4313 2509 4361 sunt.
2559 4303 2711 4358 Illum
2763 4308 2940 4355 autem
2984 4297 3287 4353 convictum
3335 4304 3496 4363 atque

1906 4403 2213 4460 damnatum
2250 4398 2479 4472 probare
2522 4396 2744 4452 minime
2785 4400 3071 4465 potuerunt
3112 4407 3125 4444 :
3164 4391 3272 4445 imo
3310 4387 3493 4455 etiam,

1907 4494 2050 4568 quod
2079 4509 2178 4549 nos
2204 4492 2532 4554 dicebamus,
2565 4503 2685 4543 eum
2712 4501 2833 4542 esse
2860 4484 3157 4539 absolutum
3187 4490 3344 4550 atque
3369 4492 3496 4549 pur-

1908 4596 2112 4661 gatum,
2132 4586 2231 4657 ipsi
2256 4599 2467 4657 quoque
2493 4583 2662 4638 multa
2691 4588 2875 4635 contra
2898 4593 2956 4633 se
2986 4578 3130 4646 ipsos
3156 4571 3382 4644 legendo
3404 4568 3498 4625 fir-

1909 4687 2143 4736 marunt.
2174 4677 2244 4732 Et
2273 4686 2451 4732 tamen
2478 4674 2706 4729 liberum
2735 4669 3012 4725 arbitrium
3039 4667 3137 4723 sibi
3163 4666 3229 4719 ab
3258 4664 3498 4732 Impera-

1909 4782 2029 4830 tore
2062 4783 2377 4826 concessum
2407 4780 2526 4821 esse
2567 4764 2791 4833 jactant.
2818 4761 2949 4815 Victi
2990 4768 3150 4829 atque
3189 4754 3416 4819 confusi,
3445 4753 3499 4807 id

1911 4867 2014 4923 sibi
2056 4865 2410 4919 etiamnunc
2460 4856 2768 4927 flagitabant
2820 4855 3016 4909 debere
3064 4850 3306 4915 concedi,
3358 4846 3500 4918 quod

1914 4957 2144 5028 majores
2174 4968 2358 5008 eorum
2383 4949 2668 5005 Caeciliano
2690 4964 2795 5002 non
2817 4944 3183 5001 concedebant
3206 4957 3220 4993 :
3240 4953 3395 5009 quem
3423 4936 3501 4992 sic

1915 5027 2053 5119 apud
2083 5044 2463 5114 Imperatorem
2511 5048 2851 5103 accusarunt,
2882 5051 3037 5107 quem
3071 5032 3175 5086 illis
3203 5027 3500 5084 accusatio-

1916 5115 2072 5196 nibus
2148 5136 2214 5191 ab
2240 5134 2565 5205 Imperatore
2604 5132 2911 5185 damnatum
2956 5125 3042 5180 isti
3086 5122 3244 5178 etiam
3285 5115 3499 5173 mentiri

1916 5231 2217 5285 voluerunt.
2249 5227 2302 5282 Si
2324 5226 2571 5279 voluntas
2598 5223 2764 5277 libera
2786 5218 3069 5286 unicuique
3095 5209 3372 5268 tribuenda
3392 5219 3498 5275 est,

1918 5322 2203 5380 Caeciliano
2229 5318 2377 5390 prius
2399 5317 2739 5372 tribueretur.
2770 5310 2824 5365 Si
2844 5310 2957 5363 haec
2985 5320 3088 5360 non
3112 5301 3313 5357 homini
3334 5298 3502 5370 judici

1920 5412 2272 5489 permittenda
2293 5452 2307 5477 ,
2337 5410 2431 5467 sed
2465 5411 2575 5464 Deo
2600 5408 2774 5476 potius
2802 5398 3113 5457 dimittenda
3145 5402 3291 5459 sunt,
3332 5391 3503 5447 Cazci-

1921 5509 2094 5563 liauus
2120 5506 2266 5575 prius
2292 5501 2429 5572 apud
2454 5498 2832 5567 Imperatorem
2862 5506 2965 5544 non
2996 5494 3357 5543 accusaretur.

1990 5574 2217 5653 CAPUT
2260 5590 2646 5650 XVlIl.24.
2693 5579 3133 5655 Expergiscimini
3185 5574 3505 5645 aliquando,

1922 5708 2027 5748 non
2049 5706 2146 5745 vos
2168 5696 2429 5743 tartareus
2456 5682 2653 5751 obliget
2675 5692 2914 5742 somnus,
2952 5689 3056 5728 non
3098 5673 3148 5725 in
3180 5667 3500 5741 profundum

1923 5782 2165 5853 sacrilegi
2202 5777 2399 5835 erroris
2422 5773 2593 5830 adhuc
2628 5771 2788 5843 impia
2826 5758 3156 5826 consuetudo
3179 5762 3495 5831 demerget:

2044 5925 2200 5977 Forte,
2224 5906 2593 5963 accusatoribus.
