4010 6476
505 440 612 509 an

506 565 626 641 jam
671 573 964 623 consonate
1012 552 1166 633 paci,
1206 561 1476 621 cohazrete
1510 561 1720 632 unitati,
1768 558 2093 632 acquiescite

510 657 777 727 cbaritati,
807 657 979 716 cedite
1001 656 1213 715 veritati
1240 648 1571 714 :Ecclesiam
1608 654 1926 712 catholicam
1956 652 2092 708 inci-

511 752 747 823 pientem
782 750 850 807 ab
901 750 1196 809 Jerusalem
1233 749 1539 825 cognoscite
1581 760 1957 820 usquequaque
1990 743 2094 801 dif-

507 842 679 914 fundi,
728 843 950 900 cuinon
992 845 1351 901 communicat
1396 858 1519 917 pars
1554 842 1762 909 Donati,
1810 840 1893 897 cui
1931 852 2092 896 causa

510 950 616 993 non
668 935 977 1009 praeiudicat
1028 934 1319 994 Caeciliani.
1368 937 1548 993 Toties
1595 935 1741 992 enim
1793 942 2089 1007 purgatus,

508 1027 664 1085 toties
714 1025 1010 1101 absolutus,
1061 1029 1269 1086 etiamsi
1319 1044 1427 1086 non
1476 1036 1620 1085 esset
1661 1028 1953 1093 innocens,
2001 1038 2091 1078 nec

503 1135 658 1175 causa
702 1137 871 1177 causte
911 1120 1233 1196 prtejudicat,
1278 1136 1370 1177 nec
1400 1135 1616 1193 persona
1670 1128 1917 1191 persontt.
1960 1114 2091 1171 Haec

507 1213 671 1271 verba
702 1230 797 1288 per
842 1215 1029 1273 orbem
1070 1225 1227 1272 terrae
1271 1216 1518 1272 universa
1543 1220 1795 1291 personat
1821 1206 2084 1275 Ecclesia,

504 1304 699 1362 clamat
736 1306 897 1364 etiam
939 1308 1240 1365 membrum
1286 1306 1427 1365 illius
1466 1307 1522 1363 in
1570 1305 1749 1364 Africa
1781 1302 2087 1361 :Testimo-

505 1398 651 1455 nium
682 1400 779 1457 Dei
806 1400 951 1469 novi,
989 1401 1261 1475 negotium
1289 1396 1557 1459 Caeciliani
1586 1414 1693 1456 non
1725 1398 1847 1454 novi
1878 1414 1892 1452 :
1925 1394 2088 1453 credo

502 1491 840 1550 innocentem
885 1511 914 1550 a
961 1495 1155 1563 vestris
1197 1495 1489 1568 majoribus
1536 1495 1877 1560 insectatum,
1928 1504 2089 1563 quem

501 1582 622 1656 lego
676 1587 835 1643 toties
872 1586 1175 1644 absolutum
1204 1605 1215 1641 :
1241 1580 1337 1645 sed
1380 1586 1780 1660 qualiscumque
1827 1585 1896 1640 sit
1927 1596 2086 1640 causa

501 1673 833 1746 cjus,eausae
857 1693 992 1734 mea:
1025 1678 1159 1735 nihil
1196 1672 1532 1750 praeiudicat;
1576 1677 1977 1750 qualiscumque
2019 1673 2089 1731 sit

501 1782 729 1838 persona
754 1770 891 1841 ejus,
921 1786 1165 1842 personae
1187 1786 1325 1828 mete
1343 1770 1477 1828 nihil
1503 1769 1831 1844 praejudieat.
1854 1767 1965 1825 Vos
1980 1766 2087 1824 hoc

501 1858 705 1917 dixistis
725 1904 740 1931 ,
775 1877 871 1919 vos
901 1862 967 1919 ad
996 1862 1097 1921 hoc
1138 1863 1527 1937 subscripsistis
1558 1881 1571 1918 :
1605 1861 1714 1917 Nec
1739 1877 1894 1917 causa
1921 1874 2088 1915 causa!

498 1953 819 2024 praejudicat,
841 1972 931 2010 nec
958 1973 1183 2029 persona
1207 1973 1458 2030 personae.
1487 1956 1627 2013 Ecce
1652 1956 1907 2013 Dominus
1932 1953 2081 2020 dicit,

499 2039 604 2099 Per
618 2061 789 2102 omnes
809 2056 979 2117 gentes
1005 2048 1360 2120 incipientibus
1376 2048 1437 2102 ab
1455 2045 1742 2104 Jerusalem
1771 2045 1918 2121 (Luc.
1935 2060 2081 2114 nlv,

498 2134 590 2208 47)
624 2155 636 2192 :
666 2136 899 2194 divinam
930 2141 1207 2197 veritatem
1236 2138 1291 2196 in
1320 2156 1425 2197 una
1450 2138 1687 2197 Ecclesia
1711 2148 2008 2205 teneamus,
2032 2145 2087 2194 et

497 2227 756 2286 humanas
784 2231 906 2288 lites
927 2233 1213 2304 aliquando
1238 2233 1501 2291 finiamus.

568 2322 795 2381 CAPUT
838 2325 979 2383 XIX.
1009 2358 1080 2369 —
1104 2326 1196 2384 25.
1243 2327 1512 2401 Numquid
1554 2328 1697 2383 enim
1743 2325 1908 2383 verba
1940 2322 2040 2383 ista
2063 2367 2082 2396 ,

494 2415 584 2473 ubi
609 2416 881 2488 dixerunt,
910 2436 1001 2475 nec
1027 2436 1233 2476 causam
1260 2436 1428 2475 causa!
1444 2463 1461 2489 ,
1490 2434 1579 2475 nec
1604 2436 1869 2492 personam
1894 2419 2085 2492 prteju-

492 2509 663 2567 dicare
700 2528 969 2584 personae,
1002 2513 1114 2573 ullo
1159 2513 1319 2571 modo
1362 2521 1485 2587 post
1524 2515 1694 2583 ipsam
1733 2512 2083 2570 Collationem

493 2600 782 2663 defendere
814 2614 1148 2675 potuerunt,
1179 2620 1241 2662 ac
1271 2622 1377 2662 non
1419 2605 1598 2678 potius
1640 2621 1699 2663 se
1745 2605 1912 2661 multo
1956 2621 2081 2677 per-

492 2692 701 2765 plexius
731 2682 1105 2768 implicarunt?
1134 2695 1223 2755 Sic
1249 2714 1481 2771 namque
1523 2699 1576 2754 in
1607 2696 1920 2770 quibusdam
1949 2698 2083 2754 scri-

490 2787 596 2857 ptis
619 2787 732 2846 suis
756 2788 918 2847 locuti
943 2799 1070 2851 sunt
1101 2808 1114 2845 :
1143 2788 1364 2853 Causam
1391 2807 1558 2847 causa
1597 2800 1643 2846 et
1689 2806 1952 2862 personam
1978 2807 2082 2845 non

493 2880 829 2951 prwjudicare
862 2898 1127 2957 personis,
1156 2900 1189 2947 a
1226 2883 1369 2939 nobis
1390 2926 1406 2951 ,
1438 2880 1717 2954 inquiunt,
1751 2881 1940 2939 dictant
1977 2899 2082 2938 esse

494 2972 780 3035 metuariter
807 2976 1107 3033 recensitttm
1148 2986 1219 3033 est
1248 2992 1265 3031 :
1299 2976 1386 3030 sed
1422 2976 1725 3048 alloquimur
1761 2977 1776 3007 ¹
1808 2975 1949 3030 nobis
1979 2992 2081 3029 non

497 3063 824 3134 prejudicari
846 3065 910 3121 ab
935 3065 998 3125 iis
1021 3066 1107 3137 qui
1143 3083 1176 3121 a
1203 3066 1344 3123 nobis
1379 3066 1456 3121 vel
1494 3067 1665 3138 rejecti
1701 3076 1852 3134 sunt,
1880 3066 1956 3121 vel
1982 3066 2080 3119 da-

494 3154 691 3221 mnati;
714 3154 753 3209 ii
772 3164 940 3213 autem
957 3156 1045 3227 qui
1061 3172 1125 3218 ea:
1139 3154 1398 3215 Caeciliani
1419 3157 1734 3212 ordinatione
1754 3156 2077 3225 descendunt,

494 3260 618 3316 quos
642 3246 707 3303 de
731 3249 1097 3317 prwdecessore
1134 3251 1276 3322 origo
1307 3259 1538 3304 numerat
1566 3250 1633 3304 ad
1652 3258 1847 3303 reatum
1866 3291 1879 3315 ,
1908 3266 2082 3321 quent-

492 3336 770 3391 admodum
799 3355 900 3393 non
935 3340 1128 3410 possint
1170 3340 1476 3395 ordinatoris
1513 3341 1592 3394 sui
1631 3339 1924 3397 criminibus
1951 3338 2080 3394 obli-

494 3428 628 3500 gari,
654 3445 771 3487 cum
794 3446 887 3501 per
910 3430 1093 3493 seriem
1120 3442 1387 3505 protensus
1416 3444 1739 3505 peccatorum
1764 3433 1902 3503 funis
1928 3450 2083 3505 quos-

493 3535 705 3591 cumque
744 3522 1108 3587 communionis
1154 3525 1368 3583 vinxerit
1408 3525 1605 3580 vinculo
1629 3566 1643 3592 ,
1677 3540 1874 3580 necesse
1911 3536 1984 3580 est
2027 3535 2081 3581 ut

495 3623 750 3671 consortes
777 3616 935 3687 faciat
973 3633 1079 3674 esse
1125 3618 1351 3689 peccati?
1387 3618 1431 3676 Ο
1473 3618 1607 3673 mira
1636 3616 1916 3677 defensio!
1951 3614 2080 3673 Tam

500 3706 728 3769 densum
759 3716 814 3767 et
840 3717 1049 3771 arcium
1080 3720 1161 3768 est
1188 3711 1278 3766 ubi
1324 3712 1402 3768 eis
1426 3709 1766 3767 adhaeserunt
1792 3709 1956 3781 pedes
1975 3752 1988 3778 ,
2022 3716 2082 3764 ut

492 3812 589 3859 eos
615 3801 847 3859 evellere
875 3810 1169 3869 conantes,
1204 3802 1397 3858 frustra
1440 3810 1496 3859 et
1522 3818 1711 3859 manus
1750 3810 1805 3858 et
1831 3811 1991 3872 caput
2015 3799 2082 3854 fi-

493 3902 640 3969 si‘nt.
662 3902 716 3950 et
740 3895 795 3951 in
821 3894 1012 3952 eodem
1036 3895 1147 3953 luto
1168 3895 1477 3952 haesitantes
1503 3897 1701 3951 arctius
1722 3892 2079 3951 involvantur.

495 3984 578 4045 Ex
600 3987 678 4045 eis
706 3986 849 4047 enim
874 4001 1011 4058 quos
1031 3988 1115 4049 vel
1142 3988 1395 4059 rejecisse
1420 4001 1501 4055 se,
1523 3987 1609 4042 vel
1628 3984 1910 4041 damnasse
1935 3999 2084 4041 com-

497 4087 818 4144 memorant,
853 4078 954 4136 hoc
984 4088 1086 4147 est,
1116 4094 1183 4136 ex
1210 4078 1631 4146 Maximianistis,
1666 4093 1845 4134 secum
1884 4077 2084 4135 habent

495 4169 850 4236 Feliciantun.
873 4178 928 4231 et
947 4171 1316 4233 damnatorem
1342 4168 1619 4239 Primiani,
1643 4178 1698 4227 et
1722 4184 1752 4224 a
1778 4184 1837 4226 se
1862 4168 2085 4225 damna—

494 4260 691 4323 tumin
721 4274 881 4323 causa
925 4260 1200 4319 Primiani.
1249 4259 1387 4331 Quid
1433 4270 1519 4317 est
1560 4260 1703 4332 quod
1747 4258 1931 4317 funem
1972 4269 2082 4316 tam

493 4349 710 4427 longum
735 4365 768 4417 ει
794 4349 1076 4416 Cmciliano
1105 4367 1273 4427 usque
1301 4352 1367 4407 ad
1397 4354 1511 4425 haec
1531 4363 1778 4429 tempora
1805 4347 2084 4415 catholica‘.

494 4440 753 4517 Ecclesiae
777 4442 1051 4515 implicare
1071 4442 1421 4511 contendunt,
1452 4454 1506 4511 et
1531 4453 1773 4501 catenam
1802 4461 1953 4502 suam
1974 4453 2083 4500 tam

494 4535 552 4593 in
575 4533 829 4611 proximo
854 4548 961 4591 non
986 4534 1302 4601 attendunt?
1329 4531 1592 4590 Praeclara
1616 4530 1815 4607 quippe
1854 4534 1944 4591 illa
1977 4532 2082 4592 Ba-

496 4626 711 4697 gaitana
733 4627 999 4684 sententia
1020 4624 1087 4683 de
1111 4625 1432 4683 Maximiano
1462 4633 1515 4682 et
1541 4626 1702 4682 sociis
1723 4625 1861 4701 ejus,
1880 4624 2079 4693 Trahit,

492 4717 667 4799 inquit
686 4758 701 4786 ,
730 4718 798 4775 ad
832 4718 1142 4781 consortium
1185 4718 1412 4773 criminis
1451 4717 1696 4789 plurimos
1722 4727 1899 4773 catena
1926 4714 2084 4773 sacri—

492 4814 636 4886 legii.
670 4813 974 4877 Felicianus
1002 4829 1135 4886 ergo
1162 4815 1261 4870 ista
1292 4823 1478 4871 catena
1516 4812 1844 4870 trahebatur.
1878 4808 1933 4870 Si
1976 4810 2083 4875 illis

499 4920 609 4961 non
636 4905 949 4978 pratjudicat
973 4905 1272 4962 Felicianus
1296 4947 1310 4973 ,
1341 4921 1508 4977 quare
1546 4904 1700 4963 nobis
1724 4904 2083 4961 Caecilianus?

495 4998 579 5053 An
605 4996 744 5055 forte
776 4996 863 5055 ubi
892 4996 1079 5055 volunt
1099 5037 1116 5067 ,
1147 4995 1458 5067 praejudicat
1482 5037 1495 5062 ,
1526 4995 1619 5051 ubi
1648 5003 1823 5050 autem
1854 4994 2038 5053 nolunt
2063 5036 2079 5064 ,

493 5104 673 5148 causae
698 5106 808 5147 non
838 5088 1149 5164 praeiudicat
1172 5105 1356 5158 causa,
1386 5099 1440 5145 et
1469 5104 1565 5162 pro
1593 5088 1812 5146 libidine
1844 5087 2082 5160 ipsorum

495 5179 691 5237 fortior
714 5190 798 5238 est
828 5180 968 5237 funis
1012 5180 1261 5251 antiquus
1287 5222 1302 5248 ,
1330 5195 1489 5251 quam
1529 5194 1665 5235 nova
1708 5188 1894 5235 catena
1915 5176 1938 5232 ?
1963 5176 2080 5234 Non

493 5270 809 5344 prmjudieat
823 5271 1171 5331 Maximianus
1184 5270 1452 5327 Feliciauo
1470 5286 1501 5326 a
1516 5287 1623 5342 quo
1635 5272 1654 5301 ¹
1672 5270 1950 5349 damnatus
1967 5282 2047 5327 est
2065 5288 2079 5339 ;

494 5378 603 5421 non
628 5363 979 5437 prtejudicant
1008 5363 1356 5425 Maximianus
1396 5371 1449 5418 et
1477 5360 1775 5419 Felicianus
1810 5362 2082 5419 Primiano

494 5471 527 5513 a
554 5457 747 5528 quibus
774 5456 1056 5515 damnatus
1085 5465 1198 5525 est;
1241 5472 1347 5517 non
1379 5455 1693 5529 praeiudicat
1731 5454 2082 5513 Maximianus

495 5547 575 5604 eis
609 5549 702 5620 qui
741 5548 1052 5607 dilationem
1094 5558 1448 5624 acceperunt,
1482 5548 1675 5621 quibus
1706 5550 1758 5604 in
1801 5563 1909 5605 uno
1940 5548 2083 5605 schi-

496 5648 671 5698 smate
694 5640 927 5698 sociatus
958 5652 1079 5711 est;
1112 5658 1218 5700 non
1260 5642 1573 5716 praeiudicat
1614 5638 1916 5698 Felicianus
1944 5642 2083 5714 parti

498 5731 712 5801 Donati,
742 5747 773 5788 a
799 5749 902 5804 qua
942 5735 994 5791 in
1030 5735 1220 5795 eodem
1264 5735 1469 5794 honore
1510 5744 1790 5815 susceptus
1832 5744 1915 5794 est
1938 5777 1953 5804 ,
1983 5750 2084 5793 nec

569 5898 585 5929 ι
624 5899 1487 5960 omnesuss.,sedadlocmnnotis.

568 5962 590 5992 ι
614 5966 772 6024 Forte,
796 5972 906 6011 omn
921 5973 1032 6023 quo.

1228 444 1319 506 AD
1356 444 1783 507 DONATISTAS
1811 442 1982 503 POST
2020 436 2521 513 COLLATIONEM,
2562 443 2619 501 S.
2661 445 3029 508 AUGUSTINI

3683 448 3790 511 ωε

2202 556 2502 629 Baptismus
2533 568 2689 631 quem
2718 561 2771 617 in
2800 563 3061 636 sacrilego
3080 562 3370 622 schismate
3396 562 3565 635 dedit,
3592 564 3669 624 ibi
3695 566 3790 625 det

2198 659 2431 707 structus
2457 660 2539 707 est
2567 669 2581 708 :
2609 660 2666 709 et
2690 644 3000 726 praeiudicat
3018 646 3340 712 Caecilianus
3366 664 3444 713 tot
3470 654 3792 715 christiauis

2195 742 2557 815 gentibus,qui
2574 745 2737 801 semel
2754 745 3035 803 damnatos
3052 750 3133 804 est
3149 748 3647 822 absens,quomodo
3664 750 3787 807 Fris

2196 835 2404 891 mianus
2426 879 2442 906 ,
2470 846 2524 893 et
2549 847 2630 894 ter
2656 839 2929 898 absolutus
2971 853 3053 899 est
3096 850 3334 915 praeeris
3373 844 3448 918 (a)
3467 888 3483 914 ,
3513 842 3793 917 quomodo

2195 942 2303 984 non
2346 925 2694 987 Primianus?
2745 928 3063 1005 Praejudieat
3108 930 3267 993 nobis
3316 930 3444 994 olim
3490 938 3787 997 defunctus

2195 1020 2406 1092 ignotus
2434 1036 2448 1074 :
2478 1029 2533 1078 et
2556 1021 2671 1079 istis
2695 1034 2804 1081 non
2830 1025 3141 1097 praejudicat
3161 1029 3337 1097 vivus,
3360 1030 3396 1084 ’a
3414 1028 3618 1101 quibus
3640 1026 3780 1102 tegi-

2193 1121 2280 1170 tur
2306 1110 2464 1189 paulo
2507 1124 2629 1173 ante
2663 1118 2948 1177 damnatus
2971 1162 2986 1188 ,
3027 1131 3082 1178 et
3109 1122 3301 1194 quibus
3344 1124 3589 1181 cernitur
3618 1124 3784 1181 modo

2193 1206 2462 1263 sociatus?
2504 1196 2667 1266 Nobis
2709 1210 2995 1268 involvitur
3022 1210 3166 1271 mnis
3192 1208 3464 1272 Caeciliani
3509 1228 3542 1273 a
3585 1209 3789 1288 quibus

2191 1296 2466 1371 ignoratur
2512 1318 2524 1355 :
2572 1311 2626 1358 et
2673 1302 2775 1358 illis
2817 1318 2926 1361 non
2969 1306 3257 1363 involvitur
3292 1312 3481 1366 catena
3522 1302 3786 1368 Feliciani

2191 1400 2417 1464 quorum
2444 1392 2497 1448 in
2528 1406 2649 1450 eum
2680 1397 2940 1453 sententia
2979 1394 3235 1456 recitatur
3256 1443 3272 1467 ,
3302 1400 3393 1458 ubi
3428 1394 3550 1473 ipsa
3589 1408 3783 1458 eatena

2190 1480 2503 1540 damnatur?
2530 1483 2637 1542 Illis
2660 1486 2787 1544 licet
2808 1486 3010 1558 dicere,
3030 1482 3374 1563 Suscepimus
3394 1499 3531 1564 quos
3550 1492 3787 1548 damna-

2193 1572 2365 1631 vimus
2394 1589 2491 1647 pro
2519 1586 2648 1649 pace
2685 1576 2877 1636 Donati
2900 1622 2916 1648 ,
2950 1582 3073 1653 quia
3115 1594 3216 1639 nec
3242 1594 3402 1641 causa
3428 1590 3611 1641 eam
3638 1592 3789 1655 pra!-

2186 1669 2425 1741 judicat,
2453 1685 2553 1728 nec
2590 1688 2820 1744 persona
2870 1686 3117 1746 personat
3168 1696 3182 1732 :
3232 1684 3288 1735 et
3333 1674 3485 1735 nobis
3515 1690 3629 1734 non
3660 1678 3789 1734 licet

2189 1758 2369 1818 dicere
2392 1803 2409 1829 ,
2438 1762 2666 1834 Pr0pter
2692 1776 2785 1821 eos
2814 1774 2947 1837 ques
2985 1765 3277 1825 damnastis
3298 1811 3313 1835 ,
3342 1784 3450 1826 non
3477 1769 3786 1826 deserimus

2191 1861 2377 1923 pacem
2400 1850 2621 1923 Christi,
2654 1856 2777 1927 quia
2804 1868 2903 1914 nec
2930 1872 3087 1915 causa
3114 1872 3289 1916 causae
3317 1859 3655 1932 prtejudicat,
3686 1874 3785 1917 nec

2189 1961 2416 2017 persona
2456 1950 2734 2020 personae?
2756 1949 2807 2006 Ὀ
2832 1951 3059 2008 ferream
3092 1946 3355 2010 frontem!
3393 1966 3434 2009 'o
3472 1953 3676 2010 furoris
3704 1963 3785 2010 te-

2188 2040 2384 2097 nebras
2402 2084 2416 2109 ,
2444 2048 2759 2100 necturnam
2805 2046 3124 2102 sententiam
3149 2042 3314 2118 iudici
3338 2047 3665 2119 objicientes
3685 2090 3700 2113 ,
3729 2056 3784 2104 et

2188 2134 2243 2190 in
2274 2135 2356 2190 sui
2385 2135 2563 2192 cordis
2586 2146 2747 2194 noete
2788 2138 3085 2209 palpantes,
3114 2136 3469 2208 oﬂ'endentes,
3498 2138 3780 2209 cadentes,

2187 2238 2372 2285 contra
2403 2245 2501 2286 nos
2541 2224 2726 2288 rabide
2772 2231 3040 2305 litigantes
3064 2274 3079 2301 ,
3108 2240 3161 2289 et
3198 2244 3300 2305 pro
3325 2224 3482 2290 nobis
3510 2241 3667 2290 tanta
3700 2232 3784 2289 di-

2187 2329 2369 2377 centes
2389 2324 2403 2376 !

2256 2408 2483 2471 CAPUT
2519 2408 2640 2470 XX.
2687 2446 2757 2457 —
2792 2414 2885 2473 26.
2926 2412 3150 2489 insuper
3191 2416 3367 2473 adhuc
3410 2418 3574 2475 etiam
3620 2418 3787 2475 modo

2186 2516 2611 2563 commemorare
2635 2504 2831 2563 audent
2861 2506 3170 2578 prophetica
3210 2519 3263 2565 et
3287 2508 3585 2581 apostolica
3617 2510 3782 2567 testi-

2186 2597 2387 2667 monia,
2412 2597 2603 2670 quibus
2630 2612 2728 2654 nos
2746 2597 3123 2655 universaliter
3164 2598 3220 2654 in
3250 2598 3338 2654 ilia
3361 2599 3668 2657 Collatione
3693 2612 3784 2658 re.

2185 2690 2518 2763 spondimus,
2548 2690 2893 2747 ostendentes
2920 2691 3065 2763 ipsos
3092 2688 3387 2761 Prophetas
3414 2698 3636 2749 sanctos
3661 2707 3782 2749 cum

2186 2783 2382 2855 iniquis
2411 2783 2464 2840 in
2492 2798 2601 2839 uno
2626 2782 2847 2855 templo,
2879 2783 2978 2839 sub
3004 2776 3205 2839 eisdem
3232 2782 3625 2853 sacerdotibus,
3646 2785 3787 2839 inter

2185 2876 2371 2932 eadem
2399 2884 2729 2932 sacramenta
2750 2884 3011 2943 versatas,
3040 2888 3141 2931 nec
3168 2880 3348 2932 tamen
3379 2889 3410 2928 a
3437 2875 3600 2931 malis
3613 2874 3787 2933 fuisse

2184 2969 2416 3041 pollutos
2440 2987 2453 3023 :
2478 2970 2600 3042 quia
2625 2977 2884 3025 noverant
2907 2969 3049 3025 inter
3073 2976 3318 3025 sanetum
3340 2978 3398 3025 et
3415 2968 3781 3039 immundum,

2186 3075 2293 3116 non
2327 3061 2467 3115 sicut
2493 3060 2578 3116 isti
2604 3059 2842 3116 sentiunt
2863 3060 3219 3130 corporaliter
3248 3059 3506 3132 populum
3537 3059 3785 3117 dividen-

2184 3151 2255 3207 do
2277 3193 2290 3217 ,
2321 3150 2418 3206 sed
2447 3150 2585 3207 bene
2604 3150 2893 3223 iudicando
2922 3156 2977 3208 et
3015 3151 3153 3208 bene
3191 3151 3420 3207 vivendo
3442 3150 3780 3208 discernere.

2185 3242 2254 3299 Et
2282 3245 2385 3300 hoc
2412 3244 2527 3299 sine
2556 3238 2950 3301 intermissione
2990 3243 3259 3301 faciebant
3282 3287 3298 3313 ,
3331 3252 3391 3300 ut
3416 3244 3471 3299 in
3500 3244 3595 3301 illa
3622 3244 3786 3301 domo

2185 3350 2398 3409 magna,
2428 3332 2520 3392 ubi
2548 3346 2702 3393 erant
2722 3379 2737 3405 ,
2765 3337 2903 3395 sicut
2928 3336 3058 3394 dicit
3086 3336 3375 3409 Apostolus
3399 3378 3416 3405 ,
3443 3336 3551 3392 alia
3572 3351 3703 3393 vasa
3731 3338 3785 3393 in

2185 3428 2467 3495 honorem,
2495 3426 2596 3485 alia
2629 3429 2683 3484 in
2709 3428 3106 3497 Contumeliam,
3135 3440 3195 3486 se
3220 3430 3365 3500 ipsos
3391 3442 3423 3484 a
3446 3428 3651 3486 talibus
3671 3442 3787 3487 mo-

2186 3536 2302 3577 rum
2334 3521 2641 3577 diversitate
2666 3520 2987 3577 mandarent
3008 3562 3023 3586 ,
3056 3528 3112 3577 et
3156 3528 3340 3577 essent
3363 3534 3495 3576 vasa
3527 3520 3583 3577 in
3612 3522 3787 3579 bono-

2185 3622 2297 3667 rem
2325 3610 2475 3667 utilia
2504 3609 2731 3666 Domino
2757 3608 2823 3665 ad
2850 3625 3010 3667 omne
3038 3616 3172 3683 opus
3213 3612 3415 3668 bonum
3442 3622 3660 3684 seniper
3681 3620 3786 3684 po-

2186 3704 2386 3776 rata(ll
2407 3702 2536 3759 Tim.
2558 3700 2747 3775 ψει).
2789 3702 2894 3760 Sed
2934 3703 3091 3771 bene,
3120 3703 3263 3775 quod
3285 3704 3385 3776 ipsi
3408 3712 3479 3761 ex
3496 3705 3785 3762 multistu-

2186 3794 2800 3869 stimoniis,qua:lilteris
2812 3796 2921 3852 suis
2936 3810 3041 3851 non
3054 3795 3406 3868 intelligentes
3418 3798 3787 3867 inseruerunt,

2186 3902 2317 3961 quas
2344 3890 2398 3944 in
2423 3886 2721 3944 Collatione
2761 3884 3095 3959 protulerunt
3130 3896 3186 3943 et
3214 3887 3460 3960 legerunt
3482 3929 3498 3955 ,
3532 3896 3787 3962 tanquam

2189 3979 2513 4052 praecipuum
2530 3977 2596 4034 de
2613 3980 2807 4050 Aggmo
2828 3978 3083 4051 propheta
3100 3979 3465 4037 testimonium
3484 3980 3653 4039 modo
3672 3986 3790 4054 post

2186 4075 2539 4132 Collationem
2568 4074 2693 4130 victi
2722 4081 3209 4131 commemorarunt
3242 4072 3441 4148 (Aggei
3467 4074 3557 4146 ιι).
3590 4074 3655 4131 lu
3688 4077 3789 4133 isto

2187 4180 2316 4240 ergo
2359 4166 2615 4238 propheta
2662 4156 2831 4222 multo
2874 4164 3174 4222 evidentius
3218 4166 3363 4238 quod
3407 4167 3664 4223 volumus
3691 4167 3786 4223 de.

2189 4269 2569 4328 monstramus,
2595 4259 2718 4330 quia
2742 4270 2850 4315 non
2875 4257 3191 4331 corporalis,
3214 4258 3310 4315 sed
3330 4258 3635 4330 spiritualis
3658 4271 3787 4317 con.

2188 4360 2398 4418 tactus,
2431 4352 2522 4424 qui
2552 4348 2611 4407 lit
2657 4365 2753 4421 per
2794 4351 3239 4417 consensionem,
3286 4350 3404 4420 ipse
3446 4350 3646 4421 polluit
3686 4349 3786 4406 In»

2189 4444 2397 4511 mines,
2422 4454 2648 4514 quorum
2674 4454 2891 4499 causam
2918 4448 3079 4497 unam
3108 4439 3236 4497 facit
3260 4440 3376 4512 ipsa
3401 4443 3716 4499 consensio.

2259 4537 2351 4592 27.
2400 4534 2534 4592 Nam
2571 4536 2784 4608 quando
2830 4534 3022 4607 impios
3070 4534 3333 4591 Dominus
3377 4536 3544 4592 etiam
3588 4535 3785 4593 visibili

2190 4640 2347 4705 pinna
2377 4629 2600 4700 perdere
2622 4626 2830 4696 voluit,
2858 4629 2975 4699 ipse
3000 4627 3067 4683 ab
3095 4628 3175 4684 eis
3212 4627 3387 4698 iustos
3413 4627 3785 4684 admonitione

2190 4721 2476 4797 separavit.
2507 4720 2657 4777 Sicut
2684 4720 2797 4776 Noe
2822 4732 2944 4776 cum
2969 4718 3130 4777 domo
3159 4728 3253 4775 sua
3278 4718 3347 4775 ab
3374 4720 3454 4775 eis
3477 4732 3620 4791 quos
3644 4720 3779 4775 ditus

2188 4813 2277 4871 vio
2298 4814 2465 4870 fuerat
2482 4811 2785 4882 perditurus
2804 4814 2823 4882 (
2842 4809 2969 4867 Gen.
3000 4809 3211 4882 vtwni)
3240 4822 3255 4865 :
3278 4810 3419 4867 sicut
3447 4809 3591 4868 Loth
3615 4811 3688 4868 sb
3707 4812 3781 4869 eis

2188 4925 2324 4983 quos
2350 4906 2468 4980 igne
2493 4906 2665 4965 fuerat
2705 4916 3119 4979 consumpturus
3152 4904 3279 4979 (Μ.
3306 4907 3438 4979 xu)
3470 4920 3483 4961 ε
3514 4908 3664 4965 sicut
3686 4921 3780 4980 po-

2190 5002 2372 5074 pulum
2412 4996 2636 5057 suum'a
2681 5008 2948 5073 synagdga
2989 4998 3193 5056 Abiroh
3218 5042 3233 5067 ,
3260 5008 3421 5072 quam
3447 5005 3585 5059 mox
3614 5001 3781 5059 fuerat

2190 5094 2549 5150 exstincturus
2580 5088 2766 5163 (Num.
2813 5093 2947 5163 xvr).
2988 5090 3115 5148 ideo
3154 5100 3208 5148 et
3232 5092 3383 5149 illum
3420 5092 3517 5165 qui
3557 5104 3669 5150 non
3696 5095 3782 5149 has

2188 5186 2349 5243 bebat
2368 5195 2571 5243 vestem
2594 5184 2907 5257 nuptialem,
2934 5196 3041 5240 non
3067 5184 3143 5241 illi
3174 5186 3265 5257 qui
3284 5186 3668 5253 invitaverant,
3692 5183 3779 5244 sed

2190 5278 2305 5350 ipse
2358 5278 2607 5335 dominus
2648 5277 2800 5348 cujus
2839 5284 2954 5333 erat
2991 5277 3290 5333 convivium
3315 5318 3330 5345 ,
3358 5276 3511 5348 ligari
3538 5274 3703 5351 jussit
3732 5285 3780 5334 et

2190 5369 2397 5443 projiei.
2426 5368 2611 5442 Neque
2636 5364 2779 5425 enim
2808 5376 2863 5426 et
2903 5369 3018 5441 ipse
3054 5368 3191 5424 sicut
3214 5368 3379 5438 piscis
3404 5370 3508 5425 sub
3534 5368 3777 5426 fluctibus

2192 5471 2325 5531 erat,
2348 5472 2402 5518 et
2430 5463 2507 5519 sic
2532 5462 2601 5517 ab
2628 5458 3019 5529 invitatoribus,
3044 5458 3315 5531 quomodo
3340 5474 3370 5515 a
3398 5461 3776 5531 piscatoribus,

2191 5554 2358 5610 videri
2386 5569 2496 5611 non
2531 5561 2757 5626 poterat.
2788 5551 3022 5613 Proinde
3044 5595 3058 5619 ,
3086 5566 3155 5607 ne
3180 5557 3463 5623 putaretur
3483 5593 3501 5621 ,
3532 5553 3671 5608 sicut
3695 5549 3779 5606 isti

2193 5656 2397 5719 putant,
2419 5646 2559 5719 quod
2576 5647 2724 5704 velut
2742 5663 2880 5704 unus
2908 5647 2961 5702 in
2991 5646 3141 5703 turba
3168 5645 3393 5701 latenter
3418 5643 3779 5717 subrepsisset

2193 5738 2419 5812 ignaris;
2453 5738 2707 5795 continuo
2743 5734 2987 5795 dominus
3015 5738 3069 5794 in
3098 5736 3286 5794 eodem
3318 5736 3438 5808 ipso
3464 5748 3594 5805 uno,
3621 5748 3778 5807 quem

2141 5896 2147 5901 ’
2257 5899 2329 5960 (a)
2361 5899 2541 5950 iudicio
2565 5900 2754 5951 Romani
2776 5897 2965 5951 concilii
2993 5904 3046 5950 et
3075 5894 3368 5948 Arelatensis
3392 5903 3446 5949 et
3477 5894 3778 5961 WB

2193 5962 2499 6012 Constantini.
