  <div class='ocr_page' id='page_1' title='image "/cluster/home/n/w/nwhite01/storage/ocr_20150623/43/hvd.32044012717385/340.png"; bbox 0 0 4010 6472; ppageno 0'>
   <div class='ocr_carea' id='block_1_1' title="bbox 222 488 326 552">
    <p class='ocr_par' dir='ltr' id='par_1_1' title="bbox 222 488 326 552">
     <span class='ocr_line' id='line_1_1' title="bbox 222 488 326 552; baseline 0 0"><span class='ocrx_word' id='word_1_1' title='bbox 222 488 326 552; x_wconf 78' lang='lat'><strong>609</strong></span> 
     </span>
    </p>
   </div>
   <div class='ocr_carea' id='block_1_2' title="bbox 218 610 1808 692">
    <p class='ocr_par' dir='ltr' id='par_1_2' title="bbox 218 610 1808 692">
     <span class='ocr_line' id='line_1_2' title="bbox 218 610 1808 692; baseline -0.009 -16"><span class='ocrx_word' id='word_1_2' title='bbox 218 617 396 692; x_wconf 75' lang='lat' dir='ltr'><strong>ligatis</strong></span> <span class='ocrx_word' id='word_1_3' title='bbox 420 615 669 675; x_wconf 88' lang='lat' dir='ltr'><strong>manibus</strong></span> <span class='ocrx_word' id='word_1_4' title='bbox 694 623 747 673; x_wconf 91' lang='lat' dir='ltr'><strong>et</strong></span> <span class='ocrx_word' id='word_1_5' title='bbox 789 611 1016 687; x_wconf 81' lang='lat' dir='ltr'><strong>pedibus</strong></span> <span class='ocrx_word' id='word_1_6' title='bbox 1056 614 1110 669; x_wconf 88' lang='lat' dir='ltr'><strong>in</strong></span> <span class='ocrx_word' id='word_1_7' title='bbox 1137 610 1387 669; x_wconf 79' lang='lat' dir='ltr'><strong>tenebras</strong></span> <span class='ocrx_word' id='word_1_8' title='bbox 1412 610 1709 668; x_wconf 83' lang='lat' dir='ltr'><strong>exteriores</strong></span> <span class='ocrx_word' id='word_1_9' title='bbox 1738 622 1808 662; x_wconf 78' lang='lat' dir='ltr'><strong>ex</strong></span> 
     </span>
    </p>
   </div>
   <div class='ocr_carea' id='block_1_3' title="bbox 217 702 1809 783">
    <p class='ocr_par' dir='ltr' id='par_1_3' title="bbox 217 702 1809 783">
     <span class='ocr_line' id='line_1_3' title="bbox 217 702 1809 783; baseline -0.008 -14"><span class='ocrx_word' id='word_1_10' title='bbox 217 710 311 769; x_wconf 91' lang='lat' dir='ltr'><strong>illo</strong></span> <span class='ocrx_word' id='word_1_11' title='bbox 336 710 586 769; x_wconf 88' lang='lat' dir='ltr'><strong>convivio</strong></span> <span class='ocrx_word' id='word_1_12' title='bbox 609 708 799 783; x_wconf 91' lang='lat' dir='ltr'><strong>projici</strong></span> <span class='ocrx_word' id='word_1_13' title='bbox 836 708 1026 781; x_wconf 87' lang='lat' dir='ltr'><strong>jussit,</strong></span> <span class='ocrx_word' id='word_1_14' title='bbox 1058 707 1276 765; x_wconf 88' lang='lat' dir='ltr'><strong>multam</strong></span> <span class='ocrx_word' id='word_1_15' title='bbox 1304 705 1614 762; x_wconf 89' lang='lat' dir='ltr'><strong>societatem</strong></span> <span class='ocrx_word' id='word_1_16' title='bbox 1642 702 1809 757; x_wconf 87' lang='lat' dir='ltr'><strong>malo-</strong></span> 
     </span>
    </p>
   </div>
   <div class='ocr_carea' id='block_1_4' title="bbox 218 794 1810 877">
    <p class='ocr_par' dir='ltr' id='par_1_4' title="bbox 218 794 1810 877">
     <span class='ocr_line' id='line_1_4' title="bbox 218 794 1810 877; baseline -0.009 -14"><span class='ocrx_word' id='word_1_17' title='bbox 218 822 343 863; x_wconf 93' lang='lat' dir='ltr'><strong>rum</strong></span> <span class='ocrx_word' id='word_1_18' title='bbox 368 820 491 862; x_wconf 87' lang='lat' dir='ltr'><strong>esse</strong></span> <span class='ocrx_word' id='word_1_19' title='bbox 517 802 939 877; x_wconf 77' lang='lat' dir='ltr'><strong>intelligendam,</strong></span> <span class='ocrx_word' id='word_1_20' title='bbox 971 801 1113 858; x_wconf 90' lang='lat' dir='ltr'><strong>inter</strong></span> <span class='ocrx_word' id='word_1_21' title='bbox 1136 816 1271 873; x_wconf 90' lang='lat' dir='ltr'><strong>quos</strong></span> <span class='ocrx_word' id='word_1_22' title='bbox 1294 798 1572 873; x_wconf 84' lang='lat' dir='ltr'><strong>pauciores</strong></span> <span class='ocrx_word' id='word_1_23' title='bbox 1598 797 1722 852; x_wconf 88' lang='lat' dir='ltr'><strong>boni</strong></span> <span class='ocrx_word' id='word_1_24' title='bbox 1753 794 1810 850; x_wconf 89' lang='lat' dir='ltr'><strong>in</strong></span> 
     </span>
    </p>
   </div>
   <div class='ocr_carea' id='block_1_5' title="bbox 216 888 1804 967">
    <p class='ocr_par' dir='ltr' id='par_1_5' title="bbox 216 888 1804 967">
     <span class='ocr_line' id='line_1_5' title="bbox 216 888 1804 967; baseline -0.007 -13"><span class='ocrx_word' id='word_1_25' title='bbox 216 898 468 954; x_wconf 91' lang='lat' dir='ltr'><strong>convivio</strong></span> <span class='ocrx_word' id='word_1_26' title='bbox 510 894 779 953; x_wconf 89' lang='lat' dir='ltr'><strong>dominico</strong></span> <span class='ocrx_word' id='word_1_27' title='bbox 824 897 1046 965; x_wconf 86' lang='lat' dir='ltr'><strong>vivunt,</strong></span> <span class='ocrx_word' id='word_1_28' title='bbox 1093 893 1390 967; x_wconf 86' lang='lat' dir='ltr'><strong>signiﬁcare</strong></span> <span class='ocrx_word' id='word_1_29' title='bbox 1433 907 1538 946; x_wconf 92' lang='lat' dir='ltr'><strong>non</strong></span> <span class='ocrx_word' id='word_1_30' title='bbox 1580 888 1804 947; x_wconf 86' lang='lat' dir='ltr'><strong>distulit.</strong></span> 
     </span>
    </p>
   </div>
   <div class='ocr_carea' id='block_1_6' title="bbox 213 982 1811 1062">
    <p class='ocr_par' dir='ltr' id='par_1_6' title="bbox 213 982 1811 1062">
     <span class='ocr_line' id='line_1_6' title="bbox 213 982 1811 1062; baseline -0.008 -15"><span class='ocrx_word' id='word_1_31' title='bbox 213 989 351 1047; x_wconf 80' lang='lat' dir='ltr'><strong>Nam</strong></span> <span class='ocrx_word' id='word_1_32' title='bbox 380 999 728 1062; x_wconf 79' lang='lat' dir='ltr'><strong>posteaquam</strong></span> <span class='ocrx_word' id='word_1_33' title='bbox 758 988 889 1044; x_wconf 83' lang='lat' dir='ltr'><strong>dixit</strong></span> <span class='ocrx_word' id='word_1_34' title='bbox 914 1029 928 1056; x_wconf 87' lang='lat'><strong>,</strong></span> <span class='ocrx_word' id='word_1_35' title='bbox 956 986 1136 1059; x_wconf 89' lang='lat' dir='ltr'><strong>Ligate</strong></span> <span class='ocrx_word' id='word_1_36' title='bbox 1160 986 1237 1041; x_wconf 94' lang='lat' dir='ltr'><strong>illi</strong></span> <span class='ocrx_word' id='word_1_37' title='bbox 1267 1000 1446 1040; x_wconf 88' lang='lat' dir='ltr'><strong>manus</strong></span> <span class='ocrx_word' id='word_1_38' title='bbox 1471 994 1519 1038; x_wconf 88' lang='lat' dir='ltr'><strong>et</strong></span> <span class='ocrx_word' id='word_1_39' title='bbox 1545 982 1693 1053; x_wconf 86' lang='lat' dir='ltr'><strong>pedes</strong></span> <span class='ocrx_word' id='word_1_40' title='bbox 1715 1023 1731 1051; x_wconf 89' lang='lat'><strong>,</strong></span> <span class='ocrx_word' id='word_1_41' title='bbox 1762 989 1811 1035; x_wconf 88' lang='lat' dir='ltr'><strong>et</strong></span> 
     </span>
    </p>
   </div>
   <div class='ocr_carea' id='block_1_7' title="bbox 213 1075 1810 1156">
    <p class='ocr_par' dir='ltr' id='par_1_7' title="bbox 213 1075 1810 1156">
     <span class='ocr_line' id='line_1_7' title="bbox 213 1075 1810 1156; baseline -0.005 -20"><span class='ocrx_word' id='word_1_42' title='bbox 213 1080 451 1156; x_wconf 80' lang='lat' dir='ltr'><strong>projicite</strong></span> <span class='ocrx_word' id='word_1_43' title='bbox 474 1098 589 1135; x_wconf 89' lang='lat' dir='ltr'><strong>eum</strong></span> <span class='ocrx_word' id='word_1_44' title='bbox 610 1084 663 1136; x_wconf 89' lang='lat' dir='ltr'><strong>in</strong></span> <span class='ocrx_word' id='word_1_45' title='bbox 688 1081 915 1136; x_wconf 79' lang='lat' dir='ltr'><strong>tenebras</strong></span> <span class='ocrx_word' id='word_1_46' title='bbox 938 1078 1226 1144; x_wconf 71' lang='lat' dir='ltr'><strong>exteriores,</strong></span> <span class='ocrx_word' id='word_1_47' title='bbox 1253 1078 1321 1132; x_wconf 91' lang='lat' dir='ltr'><strong>ibi</strong></span> <span class='ocrx_word' id='word_1_48' title='bbox 1340 1078 1433 1132; x_wconf 89' lang='lat' dir='ltr'><strong>erit</strong></span> <span class='ocrx_word' id='word_1_49' title='bbox 1457 1078 1604 1147; x_wconf 81' lang='lat' dir='ltr'><strong>ﬂetus</strong></span> <span class='ocrx_word' id='word_1_50' title='bbox 1628 1083 1673 1129; x_wconf 87' lang='lat' dir='ltr'><strong>et</strong></span> <span class='ocrx_word' id='word_1_51' title='bbox 1693 1075 1810 1129; x_wconf 87' lang='lat' dir='ltr'><strong>stri-</strong></span> 
     </span>
    </p>
   </div>
   <div class='ocr_carea' id='block_1_8' title="bbox 211 1170 1809 1243">
    <p class='ocr_par' dir='ltr' id='par_1_8' title="bbox 211 1170 1809 1243">
     <span class='ocr_line' id='line_1_8' title="bbox 211 1170 1809 1243; baseline -0.004 -14"><span class='ocrx_word' id='word_1_52' title='bbox 211 1175 310 1229; x_wconf 86' lang='lat' dir='ltr'><strong>dor</strong></span> <span class='ocrx_word' id='word_1_53' title='bbox 340 1175 597 1241; x_wconf 79' lang='lat' dir='ltr'><strong>dentiant;</strong></span> <span class='ocrx_word' id='word_1_54' title='bbox 630 1173 883 1230; x_wconf 90' lang='lat' dir='ltr'><strong>continuo</strong></span> <span class='ocrx_word' id='word_1_55' title='bbox 908 1172 1213 1243; x_wconf 85' lang='lat' dir='ltr'><strong>subjunxit,</strong></span> <span class='ocrx_word' id='word_1_56' title='bbox 1250 1171 1404 1227; x_wconf 81' lang='lat' dir='ltr'><strong>Multi</strong></span> <span class='ocrx_word' id='word_1_57' title='bbox 1425 1171 1557 1225; x_wconf 86' lang='lat' dir='ltr'><strong>enim</strong></span> <span class='ocrx_word' id='word_1_58' title='bbox 1582 1170 1697 1225; x_wconf 81' lang='lat' dir='ltr'><strong>sinit</strong></span> <span class='ocrx_word' id='word_1_59' title='bbox 1718 1185 1809 1223; x_wconf 88' lang='lat' dir='ltr'><strong>vo-</strong></span> 
     </span>
    </p>
   </div>
   <div class='ocr_carea' id='block_1_9' title="bbox 211 1259 1811 1337">
    <p class='ocr_par' dir='ltr' id='par_1_9' title="bbox 211 1259 1811 1337">
     <span class='ocr_line' id='line_1_9' title="bbox 211 1259 1811 1337; baseline -0.004 -16"><span class='ocrx_word' id='word_1_60' title='bbox 211 1266 336 1333; x_wconf 88' lang='lat' dir='ltr'><strong>cati,</strong></span> <span class='ocrx_word' id='word_1_61' title='bbox 369 1266 521 1337; x_wconf 84' lang='lat' dir='ltr'><strong>pauci</strong></span> <span class='ocrx_word' id='word_1_62' title='bbox 550 1281 664 1320; x_wconf 82' lang='lat' dir='ltr'><strong>vero</strong></span> <span class='ocrx_word' id='word_1_63' title='bbox 693 1264 833 1321; x_wconf 80' lang='lat' dir='ltr'><strong>electi</strong></span> <span class='ocrx_word' id='word_1_64' title='bbox 860 1264 879 1337; x_wconf 97' lang='lat'><strong>(</strong></span> <span class='ocrx_word' id='word_1_65' title='bbox 902 1262 1086 1320; x_wconf 84' lang='lat' dir='ltr'><strong>Matth.</strong></span> <span class='ocrx_word' id='word_1_66' title='bbox 1124 1279 1240 1319; x_wconf 67' lang='grc' dir='ltr'><strong>χχιι</strong></span> <span class='ocrx_word' id='word_1_67' title='bbox 1264 1305 1277 1329; x_wconf 88' lang='grc'><em>,</em></span> <span class='ocrx_word' id='word_1_68' title='bbox 1307 1261 1495 1333; x_wconf 75' lang='lat' dir='ltr'><strong>l-M).</strong></span> <span class='ocrx_word' id='word_1_69' title='bbox 1528 1259 1811 1328; x_wconf 83' lang='lat' dir='ltr'><strong>Quomodo</strong></span> 
     </span>
    </p>
   </div>
   <div class='ocr_carea' id='block_1_10' title="bbox 210 1353 1809 1428">
    <p class='ocr_par' dir='ltr' id='par_1_10' title="bbox 210 1353 1809 1428">
     <span class='ocr_line' id='line_1_10' title="bbox 210 1353 1809 1428; baseline -0.004 -14"><span class='ocrx_word' id='word_1_70' title='bbox 210 1358 317 1415; x_wconf 86' lang='lat' dir='ltr'><strong>hoc</strong></span> <span class='ocrx_word' id='word_1_71' title='bbox 342 1374 525 1415; x_wconf 89' lang='lat' dir='ltr'><strong>verum</strong></span> <span class='ocrx_word' id='word_1_72' title='bbox 556 1366 657 1423; x_wconf 93' lang='lat' dir='ltr'><strong>est,</strong></span> <span class='ocrx_word' id='word_1_73' title='bbox 688 1373 807 1412; x_wconf 91' lang='lat' dir='ltr'><strong>cum</strong></span> <span class='ocrx_word' id='word_1_74' title='bbox 837 1358 1012 1428; x_wconf 90' lang='lat' dir='ltr'><strong>potius</strong></span> <span class='ocrx_word' id='word_1_75' title='bbox 1040 1372 1175 1411; x_wconf 91' lang='lat' dir='ltr'><strong>unus</strong></span> <span class='ocrx_word' id='word_1_76' title='bbox 1200 1371 1230 1411; x_wconf 92' lang='lat' dir='ltr'><strong>e</strong></span> <span class='ocrx_word' id='word_1_77' title='bbox 1257 1354 1437 1409; x_wconf 92' lang='lat' dir='ltr'><strong>multis</strong></span> <span class='ocrx_word' id='word_1_78' title='bbox 1463 1353 1651 1408; x_wconf 76' lang='lat' dir='ltr'><strong>[uisset</strong></span> <span class='ocrx_word' id='word_1_79' title='bbox 1682 1367 1809 1423; x_wconf 86' lang='lat' dir='ltr'><strong>pro-</strong></span> 
     </span>
    </p>
   </div>
   <div class='ocr_carea' id='block_1_11' title="bbox 211 1445 1810 1523">
    <p class='ocr_par' dir='ltr' id='par_1_11' title="bbox 211 1445 1810 1523">
     <span class='ocr_line' id='line_1_11' title="bbox 211 1445 1810 1523; baseline -0.004 -18"><span class='ocrx_word' id='word_1_80' title='bbox 211 1450 385 1523; x_wconf 76' lang='lat' dir='ltr'><strong>iectus</strong></span> <span class='ocrx_word' id='word_1_81' title='bbox 428 1451 479 1507; x_wconf 89' lang='lat' dir='ltr'><strong>in</strong></span> <span class='ocrx_word' id='word_1_82' title='bbox 510 1450 759 1505; x_wconf 89' lang='lat' dir='ltr'><strong>tenebras</strong></span> <span class='ocrx_word' id='word_1_83' title='bbox 807 1449 1102 1505; x_wconf 81' lang='lat' dir='ltr'><strong>exteriores</strong></span> <span class='ocrx_word' id='word_1_84' title='bbox 1126 1488 1142 1514; x_wconf 91' lang='lat'><strong>,</strong></span> <span class='ocrx_word' id='word_1_85' title='bbox 1178 1446 1278 1503; x_wconf 81' lang='lat' dir='ltr'><strong>nisi</strong></span> <span class='ocrx_word' id='word_1_86' title='bbox 1318 1446 1438 1518; x_wconf 86' lang='lat' dir='ltr'><strong>quia</strong></span> <span class='ocrx_word' id='word_1_87' title='bbox 1483 1445 1536 1501; x_wconf 89' lang='lat' dir='ltr'><strong>in</strong></span> <span class='ocrx_word' id='word_1_88' title='bbox 1580 1445 1670 1501; x_wconf 89' lang='lat' dir='ltr'><strong>illo</strong></span> <span class='ocrx_word' id='word_1_89' title='bbox 1703 1459 1810 1499; x_wconf 92' lang='lat' dir='ltr'><strong>uno</strong></span> 
     </span>
    </p>
   </div>
   <div class='ocr_carea' id='block_1_12' title="bbox 209 1534 1809 1615">
    <p class='ocr_par' dir='ltr' id='par_1_12' title="bbox 209 1534 1809 1615">
     <span class='ocr_line' id='line_1_12' title="bbox 209 1534 1809 1615; baseline -0.003 -21"><span class='ocrx_word' id='word_1_90' title='bbox 209 1540 417 1612; x_wconf 79' lang='lat' dir='ltr'><strong>grande</strong></span> <span class='ocrx_word' id='word_1_91' title='bbox 442 1555 638 1615; x_wconf 88' lang='lat' dir='ltr'><strong>corpus</strong></span> <span class='ocrx_word' id='word_1_92' title='bbox 664 1540 990 1611; x_wconf 89' lang='lat' dir='ltr'><strong>ﬁgurabatur</strong></span> <span class='ocrx_word' id='word_1_93' title='bbox 1012 1536 1249 1596; x_wconf 87' lang='lat' dir='ltr'><strong>omnium</strong></span> <span class='ocrx_word' id='word_1_94' title='bbox 1280 1538 1538 1593; x_wconf 87' lang='lat' dir='ltr'><strong>malorum</strong></span> <span class='ocrx_word' id='word_1_95' title='bbox 1564 1545 1689 1591; x_wconf 85' lang='lat' dir='ltr'><strong>ante</strong></span> <span class='ocrx_word' id='word_1_96' title='bbox 1713 1534 1809 1591; x_wconf 85' lang='lat' dir='ltr'><strong>Do-</strong></span> 
     </span>
    </p>
   </div>
   <div class='ocr_carea' id='block_1_13' title="bbox 210 1629 1809 1705">
    <p class='ocr_par' dir='ltr' id='par_1_13' title="bbox 210 1629 1809 1705">
     <span class='ocr_line' id='line_1_13' title="bbox 210 1629 1809 1705; baseline -0.003 -16"><span class='ocrx_word' id='word_1_97' title='bbox 210 1634 347 1690; x_wconf 87' lang='lat' dir='ltr'><strong>mini</strong></span> <span class='ocrx_word' id='word_1_98' title='bbox 382 1633 643 1705; x_wconf 84' lang='lat' dir='ltr'><strong>judicium</strong></span> <span class='ocrx_word' id='word_1_99' title='bbox 688 1634 932 1689; x_wconf 89' lang='lat' dir='ltr'><strong>convivio</strong></span> <span class='ocrx_word' id='word_1_100' title='bbox 978 1632 1247 1688; x_wconf 89' lang='lat' dir='ltr'><strong>dominico</strong></span> <span class='ocrx_word' id='word_1_101' title='bbox 1292 1629 1719 1702; x_wconf 81' lang='lat' dir='ltr'><strong>permixtorum?</strong></span> <span class='ocrx_word' id='word_1_102' title='bbox 1764 1631 1809 1685; x_wconf 85' lang='lat' dir='ltr'><strong>A</strong></span> 
     </span>
    </p>
   </div>
   <div class='ocr_carea' id='block_1_14' title="bbox 208 1723 1805 1795">
    <p class='ocr_par' dir='ltr' id='par_1_14' title="bbox 208 1723 1805 1795">
     <span class='ocr_line' id='line_1_14' title="bbox 208 1723 1805 1795; baseline -0.001 -17"><span class='ocrx_word' id='word_1_103' title='bbox 208 1726 408 1795; x_wconf 85' lang='lat' dir='ltr'><strong>quibus</strong></span> <span class='ocrx_word' id='word_1_104' title='bbox 439 1740 498 1781; x_wconf 89' lang='lat' dir='ltr'><strong>se</strong></span> <span class='ocrx_word' id='word_1_105' title='bbox 538 1723 665 1781; x_wconf 90' lang='lat' dir='ltr'><strong>boni</strong></span> <span class='ocrx_word' id='word_1_106' title='bbox 689 1726 853 1781; x_wconf 90' lang='lat' dir='ltr'><strong>corde</strong></span> <span class='ocrx_word' id='word_1_107' title='bbox 894 1724 1106 1781; x_wconf 84' lang='lat' dir='ltr'><strong>interim</strong></span> <span class='ocrx_word' id='word_1_108' title='bbox 1144 1740 1207 1779; x_wconf 92' lang='lat' dir='ltr'><strong>ac</strong></span> <span class='ocrx_word' id='word_1_109' title='bbox 1249 1724 1487 1779; x_wconf 88' lang='lat' dir='ltr'><strong>moribus</strong></span> <span class='ocrx_word' id='word_1_110' title='bbox 1514 1731 1805 1794; x_wconf 85' lang='lat' dir='ltr'><strong>separant,</strong></span> 
     </span>
    </p>
   </div>
   <div class='ocr_carea' id='block_1_15' title="bbox 209 1814 1809 1886">
    <p class='ocr_par' dir='ltr' id='par_1_15' title="bbox 209 1814 1809 1886">
     <span class='ocr_line' id='line_1_15' title="bbox 209 1814 1809 1886; baseline -0.003 -13"><span class='ocrx_word' id='word_1_111' title='bbox 209 1818 373 1873; x_wconf 89' lang='lat' dir='ltr'><strong>simul</strong></span> <span class='ocrx_word' id='word_1_112' title='bbox 407 1816 789 1873; x_wconf 89' lang='lat' dir='ltr'><strong>manducantes</strong></span> <span class='ocrx_word' id='word_1_113' title='bbox 814 1826 868 1872; x_wconf 90' lang='lat' dir='ltr'><strong>et</strong></span> <span class='ocrx_word' id='word_1_114' title='bbox 905 1816 1150 1872; x_wconf 86' lang='lat' dir='ltr'><strong>bibentes</strong></span> <span class='ocrx_word' id='word_1_115' title='bbox 1178 1831 1374 1886; x_wconf 90' lang='lat' dir='ltr'><strong>corpus</strong></span> <span class='ocrx_word' id='word_1_116' title='bbox 1401 1824 1457 1870; x_wconf 92' lang='lat' dir='ltr'><strong>et</strong></span> <span class='ocrx_word' id='word_1_117' title='bbox 1496 1814 1809 1886; x_wconf 87' lang='lat' dir='ltr'><strong>sanguinem</strong></span> 
     </span>
    </p>
   </div>
   <div class='ocr_carea' id='block_1_16' title="bbox 209 1905 1811 1979">
    <p class='ocr_par' dir='ltr' id='par_1_16' title="bbox 209 1905 1811 1979">
     <span class='ocr_line' id='line_1_16' title="bbox 209 1905 1811 1979; baseline -0.002 -15"><span class='ocrx_word' id='word_1_118' title='bbox 209 1906 447 1974; x_wconf 87' lang='lat' dir='ltr'><strong>Domini,</strong></span> <span class='ocrx_word' id='word_1_119' title='bbox 473 1907 568 1965; x_wconf 91' lang='lat' dir='ltr'><strong>sed</strong></span> <span class='ocrx_word' id='word_1_120' title='bbox 597 1924 719 1963; x_wconf 92' lang='lat' dir='ltr'><strong>cum</strong></span> <span class='ocrx_word' id='word_1_121' title='bbox 747 1923 935 1979; x_wconf 87' lang='lat' dir='ltr'><strong>magna</strong></span> <span class='ocrx_word' id='word_1_122' title='bbox 962 1908 1303 1962; x_wconf 71' lang='lat' dir='ltr'><strong>distinctione</strong></span> <span class='ocrx_word' id='word_1_123' title='bbox 1331 1926 1342 1961; x_wconf 90' lang='lat'>:</span> <span class='ocrx_word' id='word_1_124' title='bbox 1372 1907 1492 1978; x_wconf 89' lang='lat' dir='ltr'><strong>quia</strong></span> <span class='ocrx_word' id='word_1_125' title='bbox 1523 1907 1609 1961; x_wconf 72' lang='lat' dir='ltr'><strong>isti</strong></span> <span class='ocrx_word' id='word_1_126' title='bbox 1641 1907 1693 1961; x_wconf 92' lang='lat' dir='ltr'><strong>in</strong></span> <span class='ocrx_word' id='word_1_127' title='bbox 1722 1905 1811 1961; x_wconf 79' lang='lat' dir='ltr'><strong>lio-</strong></span> 
     </span>
    </p>
   </div>
   <div class='ocr_carea' id='block_1_17' title="bbox 210 2000 1808 2073">
    <p class='ocr_par' dir='ltr' id='par_1_17' title="bbox 210 2000 1808 2073">
     <span class='ocr_line' id='line_1_17' title="bbox 210 2000 1808 2073; baseline 0 -17"><span class='ocrx_word' id='word_1_128' title='bbox 210 2016 347 2057; x_wconf 89' lang='lat' dir='ltr'><strong>nore</strong></span> <span class='ocrx_word' id='word_1_129' title='bbox 372 2002 557 2073; x_wconf 89' lang='lat' dir='ltr'><strong>sponsi</strong></span> <span class='ocrx_word' id='word_1_130' title='bbox 586 2000 753 2057; x_wconf 89' lang='lat' dir='ltr'><strong>induti</strong></span> <span class='ocrx_word' id='word_1_131' title='bbox 780 2010 906 2057; x_wconf 89' lang='lat' dir='ltr'><strong>sunt</strong></span> <span class='ocrx_word' id='word_1_132' title='bbox 934 2011 1081 2057; x_wconf 85' lang='lat' dir='ltr'><strong>veste</strong></span> <span class='ocrx_word' id='word_1_133' title='bbox 1108 2001 1365 2073; x_wconf 89' lang='lat' dir='ltr'><strong>nuptiali,</strong></span> <span class='ocrx_word' id='word_1_134' title='bbox 1393 2016 1499 2056; x_wconf 91' lang='lat' dir='ltr'><strong>non</strong></span> <span class='ocrx_word' id='word_1_135' title='bbox 1539 2016 1633 2056; x_wconf 91' lang='lat' dir='ltr'><strong>sua</strong></span> <span class='ocrx_word' id='word_1_136' title='bbox 1659 2016 1808 2072; x_wconf 69' lang='lat' dir='ltr'><strong>quae-</strong></span> 
     </span>
    </p>
   </div>
   <div class='ocr_carea' id='block_1_18' title="bbox 208 2093 1811 2169">
    <p class='ocr_par' dir='ltr' id='par_1_18' title="bbox 208 2093 1811 2169">
     <span class='ocr_line' id='line_1_18' title="bbox 208 2093 1811 2169; baseline 0.002 -20"><span class='ocrx_word' id='word_1_137' title='bbox 208 2106 394 2150; x_wconf 84' lang='lat' dir='ltr'><strong>rentes</strong></span> <span class='ocrx_word' id='word_1_138' title='bbox 420 2135 435 2162; x_wconf 95' lang='lat'><strong>,</strong></span> <span class='ocrx_word' id='word_1_139' title='bbox 464 2093 555 2150; x_wconf 89' lang='lat' dir='ltr'><strong>sed</strong></span> <span class='ocrx_word' id='word_1_140' title='bbox 584 2110 702 2169; x_wconf 63' lang='lat' dir='ltr'><strong>qua‘.</strong></span> <span class='ocrx_word' id='word_1_141' title='bbox 728 2094 855 2150; x_wconf 86' lang='lat' dir='ltr'><strong>Jesu</strong></span> <span class='ocrx_word' id='word_1_142' title='bbox 886 2094 1081 2151; x_wconf 83' lang='lat' dir='ltr'><strong>Christi</strong></span> <span class='ocrx_word' id='word_1_143' title='bbox 1106 2113 1121 2163; x_wconf 88' lang='lat'><strong>;</strong></span> <span class='ocrx_word' id='word_1_144' title='bbox 1157 2096 1229 2150; x_wconf 92' lang='lat' dir='ltr'><strong>illi</strong></span> <span class='ocrx_word' id='word_1_145' title='bbox 1270 2104 1445 2151; x_wconf 90' lang='lat' dir='ltr'><strong>autem</strong></span> <span class='ocrx_word' id='word_1_146' title='bbox 1477 2111 1583 2151; x_wconf 91' lang='lat' dir='ltr'><strong>non</strong></span> <span class='ocrx_word' id='word_1_147' title='bbox 1609 2095 1811 2154; x_wconf 84' lang='lat' dir='ltr'><strong>habent</strong></span> 
     </span>
    </p>
   </div>
   <div class='ocr_carea' id='block_1_19' title="bbox 207 2187 1809 2261">
    <p class='ocr_par' dir='ltr' id='par_1_19' title="bbox 207 2187 1809 2261">
     <span class='ocr_line' id='line_1_19' title="bbox 207 2187 1809 2261; baseline 0.002 -17"><span class='ocrx_word' id='word_1_148' title='bbox 207 2196 416 2244; x_wconf 79' lang='lat' dir='ltr'><strong>vestem</strong></span> <span class='ocrx_word' id='word_1_149' title='bbox 442 2188 731 2258; x_wconf 86' lang='lat' dir='ltr'><strong>nuptialem</strong></span> <span class='ocrx_word' id='word_1_150' title='bbox 757 2231 772 2257; x_wconf 93' lang='lat'><strong>,</strong></span> <span class='ocrx_word' id='word_1_151' title='bbox 804 2187 905 2244; x_wconf 87' lang='lat' dir='ltr'><strong>hoc</strong></span> <span class='ocrx_word' id='word_1_152' title='bbox 932 2198 1014 2247; x_wconf 88' lang='lat' dir='ltr'><strong>est</strong></span> <span class='ocrx_word' id='word_1_153' title='bbox 1036 2231 1052 2258; x_wconf 92' lang='lat'><strong>,</strong></span> <span class='ocrx_word' id='word_1_154' title='bbox 1088 2189 1397 2247; x_wconf 76' lang='lat' dir='ltr'><strong>ﬁdissimum</strong></span> <span class='ocrx_word' id='word_1_155' title='bbox 1425 2191 1607 2261; x_wconf 86' lang='lat' dir='ltr'><strong>sponsi</strong></span> <span class='ocrx_word' id='word_1_156' title='bbox 1634 2190 1809 2247; x_wconf 86' lang='lat' dir='ltr'><strong>chari-</strong></span> 
     </span>
    </p>
   </div>
   <div class='ocr_carea' id='block_1_20' title="bbox 209 2282 1809 2353">
    <p class='ocr_par' dir='ltr' id='par_1_20' title="bbox 209 2282 1809 2353">
     <span class='ocr_line' id='line_1_20' title="bbox 209 2282 1809 2353; baseline 0.003 -18"><span class='ocrx_word' id='word_1_157' title='bbox 209 2286 377 2335; x_wconf 83' lang='lat' dir='ltr'><strong>tatem</strong></span> <span class='ocrx_word' id='word_1_158' title='bbox 401 2322 415 2345; x_wconf 90' lang='lat'><strong>,</strong></span> <span class='ocrx_word' id='word_1_159' title='bbox 446 2294 541 2335; x_wconf 87' lang='lat' dir='ltr'><strong>sua</strong></span> <span class='ocrx_word' id='word_1_160' title='bbox 572 2289 873 2350; x_wconf 67' lang='lat' dir='ltr'><strong>quaerentes</strong></span> <span class='ocrx_word' id='word_1_161' title='bbox 896 2324 911 2350; x_wconf 88' lang='lat'><strong>,</strong></span> <span class='ocrx_word' id='word_1_162' title='bbox 941 2296 1047 2336; x_wconf 89' lang='lat' dir='ltr'><strong>non</strong></span> <span class='ocrx_word' id='word_1_163' title='bbox 1072 2298 1191 2353; x_wconf 85' lang='lat' dir='ltr'><strong>quae</strong></span> <span class='ocrx_word' id='word_1_164' title='bbox 1214 2282 1340 2339; x_wconf 81' lang='lat' dir='ltr'><strong>Jesu</strong></span> <span class='ocrx_word' id='word_1_165' title='bbox 1365 2282 1583 2339; x_wconf 82' lang='lat' dir='ltr'><strong>Christi.</strong></span> <span class='ocrx_word' id='word_1_166' title='bbox 1613 2283 1692 2339; x_wconf 82' lang='lat' dir='ltr'><strong>Ac</strong></span> <span class='ocrx_word' id='word_1_167' title='bbox 1714 2295 1809 2353; x_wconf 86' lang='lat' dir='ltr'><strong>per</strong></span> 
     </span>
    </p>
   </div>
   <div class='ocr_carea' id='block_1_21' title="bbox 211 2372 1809 2447">
    <p class='ocr_par' dir='ltr' id='par_1_21' title="bbox 211 2372 1809 2447">
     <span class='ocr_line' id='line_1_21' title="bbox 211 2372 1809 2447; baseline 0.002 -21"><span class='ocrx_word' id='word_1_168' title='bbox 211 2372 338 2440; x_wconf 88' lang='lat' dir='ltr'><strong>hoc,</strong></span> <span class='ocrx_word' id='word_1_169' title='bbox 366 2372 610 2447; x_wconf 83' lang='lat' dir='ltr'><strong>quamvis</strong></span> <span class='ocrx_word' id='word_1_170' title='bbox 649 2372 701 2427; x_wconf 92' lang='lat' dir='ltr'><strong>in</strong></span> <span class='ocrx_word' id='word_1_171' title='bbox 726 2388 832 2435; x_wconf 87' lang='lat' dir='ltr'><strong>llllO</strong></span> <span class='ocrx_word' id='word_1_172' title='bbox 858 2373 1159 2444; x_wconf 89' lang='lat' dir='ltr'><strong>eodemque</strong></span> <span class='ocrx_word' id='word_1_173' title='bbox 1192 2373 1457 2441; x_wconf 88' lang='lat' dir='ltr'><strong>convivio,</strong></span> <span class='ocrx_word' id='word_1_174' title='bbox 1486 2374 1572 2429; x_wconf 89' lang='lat' dir='ltr'><strong>isti</strong></span> <span class='ocrx_word' id='word_1_175' title='bbox 1598 2373 1809 2431; x_wconf 56' lang='lat' dir='ltr'><strong>miseri»</strong></span> 
     </span>
    </p>
   </div>
   <div class='ocr_carea' id='block_1_22' title="bbox 206 2463 1806 2539">
    <p class='ocr_par' dir='ltr' id='par_1_22' title="bbox 206 2463 1806 2539">
     <span class='ocr_line' id='line_1_22' title="bbox 206 2463 1806 2539; baseline 0.004 -20"><span class='ocrx_word' id='word_1_176' title='bbox 206 2463 451 2520; x_wconf 88' lang='lat' dir='ltr'><strong>eordiam</strong></span> <span class='ocrx_word' id='word_1_177' title='bbox 486 2465 811 2522; x_wconf 89' lang='lat' dir='ltr'><strong>manducant</strong></span> <span class='ocrx_word' id='word_1_178' title='bbox 833 2508 848 2535; x_wconf 90' lang='lat'><strong>,</strong></span> <span class='ocrx_word' id='word_1_179' title='bbox 882 2467 956 2522; x_wconf 90' lang='lat' dir='ltr'><strong>illi</strong></span> <span class='ocrx_word' id='word_1_180' title='bbox 990 2467 1249 2538; x_wconf 89' lang='lat' dir='ltr'><strong>judicium</strong></span> <span class='ocrx_word' id='word_1_181' title='bbox 1281 2485 1295 2522; x_wconf 86' lang='lat'><strong>:</strong></span> <span class='ocrx_word' id='word_1_182' title='bbox 1325 2468 1447 2539; x_wconf 88' lang='lat' dir='ltr'><strong>quia</strong></span> <span class='ocrx_word' id='word_1_183' title='bbox 1478 2468 1643 2538; x_wconf 86' lang='lat' dir='ltr'><strong>ipsius</strong></span> <span class='ocrx_word' id='word_1_184' title='bbox 1672 2483 1806 2525; x_wconf 90' lang='lat' dir='ltr'><strong>con-</strong></span> 
     </span>
    </p>
   </div>
   <div class='ocr_carea' id='block_1_23' title="bbox 207 2554 1804 2631">
    <p class='ocr_par' dir='ltr' id='par_1_23' title="bbox 207 2554 1804 2631">
     <span class='ocr_line' id='line_1_23' title="bbox 207 2554 1804 2631; baseline 0.005 -22"><span class='ocrx_word' id='word_1_185' title='bbox 207 2554 339 2611; x_wconf 80' lang='lat' dir='ltr'><strong>vivii</strong></span> <span class='ocrx_word' id='word_1_186' title='bbox 381 2557 647 2612; x_wconf 88' lang='lat' dir='ltr'><strong>canticum</strong></span> <span class='ocrx_word' id='word_1_187' title='bbox 696 2566 814 2625; x_wconf 91' lang='lat' dir='ltr'><strong>est,</strong></span> <span class='ocrx_word' id='word_1_188' title='bbox 845 2559 989 2628; x_wconf 90' lang='lat' dir='ltr'><strong>quod</strong></span> <span class='ocrx_word' id='word_1_189' title='bbox 1039 2570 1093 2615; x_wconf 91' lang='lat' dir='ltr'><strong>et</strong></span> <span class='ocrx_word' id='word_1_190' title='bbox 1146 2575 1305 2631; x_wconf 85' lang='lat' dir='ltr'><strong>supra</strong></span> <span class='ocrx_word' id='word_1_191' title='bbox 1349 2562 1804 2628; x_wconf 81' lang='lat' dir='ltr'><strong>commemoravi,</strong></span> 
     </span>
    </p>
   </div>
   <div class='ocr_carea' id='block_1_24' title="bbox 209 2643 1803 2725">
    <p class='ocr_par' dir='ltr' id='par_1_24' title="bbox 209 2643 1803 2725">
     <span class='ocr_line' id='line_1_24' title="bbox 209 2643 1803 2725; baseline 0.004 -24"><span class='ocrx_word' id='word_1_192' title='bbox 209 2643 622 2711; x_wconf 71' lang='lat' dir='ltr'><strong>Misericordiam</strong></span> <span class='ocrx_word' id='word_1_193' title='bbox 648 2658 694 2704; x_wconf 90' lang='lat' dir='ltr'><strong>et</strong></span> <span class='ocrx_word' id='word_1_194' title='bbox 712 2650 972 2720; x_wconf 86' lang='lat' dir='ltr'><strong>judicium</strong></span> <span class='ocrx_word' id='word_1_195' title='bbox 1012 2651 1223 2709; x_wconf 86' lang='lat' dir='ltr'><strong>cantabo</strong></span> <span class='ocrx_word' id='word_1_196' title='bbox 1254 2651 1360 2718; x_wconf 89' lang='lat' dir='ltr'><strong>tibi,</strong></span> <span class='ocrx_word' id='word_1_197' title='bbox 1390 2651 1606 2709; x_wconf 83' lang='lat' dir='ltr'><strong>Domine</strong></span> <span class='ocrx_word' id='word_1_198' title='bbox 1633 2652 1803 2725; x_wconf 83' lang='lat' dir='ltr'><strong>(Psai.</strong></span> 
     </span>
    </p>
   </div>
   <div class='ocr_carea' id='block_1_25' title="bbox 210 2740 413 2807">
    <p class='ocr_par' dir='ltr' id='par_1_25' title="bbox 210 2740 413 2807">
     <span class='ocr_line' id='line_1_25' title="bbox 210 2740 413 2807; baseline -0.015 -11"><span class='ocrx_word' id='word_1_199' title='bbox 210 2740 413 2807; x_wconf 79' lang='lat' dir='ltr'><strong>C,i).</strong></span> 
     </span>
    </p>
   </div>
   <div class='ocr_carea' id='block_1_26' title="bbox 278 2828 1805 2909">
    <p class='ocr_par' dir='ltr' id='par_1_26' title="bbox 278 2828 1805 2909">
     <span class='ocr_line' id='line_1_26' title="bbox 278 2828 1805 2909; baseline 0.003 -19"><span class='ocrx_word' id='word_1_200' title='bbox 278 2828 371 2890; x_wconf 71' lang='lat'><strong>28.</strong></span> <span class='ocrx_word' id='word_1_201' title='bbox 414 2832 523 2890; x_wconf 90' lang='lat' dir='ltr'><strong>Nec</strong></span> <span class='ocrx_word' id='word_1_202' title='bbox 550 2832 671 2891; x_wconf 91' lang='lat' dir='ltr'><strong>ideo</strong></span> <span class='ocrx_word' id='word_1_203' title='bbox 693 2842 870 2892; x_wconf 87' lang='lat' dir='ltr'><strong>tamen</strong></span> <span class='ocrx_word' id='word_1_204' title='bbox 896 2834 1097 2892; x_wconf 86' lang='lat' dir='ltr'><strong>dormit</strong></span> <span class='ocrx_word' id='word_1_205' title='bbox 1116 2836 1478 2895; x_wconf 88' lang='lat' dir='ltr'><strong>ecclesiastica</strong></span> <span class='ocrx_word' id='word_1_206' title='bbox 1502 2837 1805 2909; x_wconf 79' lang='lat' dir='ltr'><strong>disciplina,</strong></span> 
     </span>
    </p>
   </div>
   <div class='ocr_carea' id='block_1_27' title="bbox 208 2924 1804 3003">
    <p class='ocr_par' dir='ltr' id='par_1_27' title="bbox 208 2924 1804 3003">
     <span class='ocr_line' id='line_1_27' title="bbox 208 2924 1804 3003; baseline 0.006 -23"><span class='ocrx_word' id='word_1_207' title='bbox 208 2933 271 2989; x_wconf 88' lang='lat' dir='ltr'><strong>ut</strong></span> <span class='ocrx_word' id='word_1_208' title='bbox 297 2924 553 3003; x_wconf 85' lang='lat' dir='ltr'><strong>corripiat</strong></span> <span class='ocrx_word' id='word_1_209' title='bbox 578 2925 864 2997; x_wconf 87' lang='lat' dir='ltr'><strong>inquietos.</strong></span> <span class='ocrx_word' id='word_1_210' title='bbox 895 2926 1079 3000; x_wconf 88' lang='lat' dir='ltr'><strong>Neque</strong></span> <span class='ocrx_word' id='word_1_211' title='bbox 1110 2932 1253 2985; x_wconf 89' lang='lat' dir='ltr'><strong>enim</strong></span> <span class='ocrx_word' id='word_1_212' title='bbox 1295 2945 1325 2984; x_wconf 89' lang='lat' dir='ltr'><strong>a</strong></span> <span class='ocrx_word' id='word_1_213' title='bbox 1366 2931 1562 3001; x_wconf 89' lang='lat' dir='ltr'><strong>populo</strong></span> <span class='ocrx_word' id='word_1_214' title='bbox 1591 2932 1687 2988; x_wconf 89' lang='lat' dir='ltr'><strong>Dei</strong></span> <span class='ocrx_word' id='word_1_215' title='bbox 1714 2947 1804 2989; x_wconf 88' lang='lat' dir='ltr'><strong>se-</strong></span> 
     </span>
    </p>
   </div>
   <div class='ocr_carea' id='block_1_28' title="bbox 207 3018 1806 3092">
    <p class='ocr_par' dir='ltr' id='par_1_28' title="bbox 207 3018 1806 3092">
     <span class='ocr_line' id='line_1_28' title="bbox 207 3018 1806 3092; baseline 0.006 -20"><span class='ocrx_word' id='word_1_216' title='bbox 207 3031 464 3090; x_wconf 83' lang='lat' dir='ltr'><strong>paramus</strong></span> <span class='ocrx_word' id='word_1_217' title='bbox 486 3058 501 3085; x_wconf 94' lang='lat'><strong>,</strong></span> <span class='ocrx_word' id='word_1_218' title='bbox 531 3032 665 3088; x_wconf 89' lang='lat' dir='ltr'><strong>quos</strong></span> <span class='ocrx_word' id='word_1_219' title='bbox 693 3018 774 3075; x_wconf 91' lang='lat' dir='ltr'><strong>vel</strong></span> <span class='ocrx_word' id='word_1_220' title='bbox 803 3018 1146 3092; x_wconf 78' lang='lat' dir='ltr'><strong>degradando</strong></span> <span class='ocrx_word' id='word_1_221' title='bbox 1174 3020 1258 3077; x_wconf 86' lang='lat' dir='ltr'><strong>vel</strong></span> <span class='ocrx_word' id='word_1_222' title='bbox 1287 3024 1806 3081; x_wconf 78' lang='lat' dir='ltr'><strong>excommunicando</strong></span> 
     </span>
    </p>
   </div>
   <div class='ocr_carea' id='block_1_29' title="bbox 203 3110 1807 3187">
    <p class='ocr_par' dir='ltr' id='par_1_29' title="bbox 203 3110 1807 3187">
     <span class='ocr_line' id='line_1_29' title="bbox 203 3110 1807 3187; baseline 0.005 -20"><span class='ocrx_word' id='word_1_223' title='bbox 203 3110 276 3173; x_wconf 83' lang='lat' dir='ltr'><strong>ad</strong></span> <span class='ocrx_word' id='word_1_224' title='bbox 327 3110 668 3171; x_wconf 88' lang='lat' dir='ltr'><strong>humiliorem</strong></span> <span class='ocrx_word' id='word_1_225' title='bbox 708 3113 1000 3183; x_wconf 65' lang='lat' dir='ltr'><strong>paenitendi</strong></span> <span class='ocrx_word' id='word_1_226' title='bbox 1044 3114 1219 3171; x_wconf 88' lang='lat' dir='ltr'><strong>locum</strong></span> <span class='ocrx_word' id='word_1_227' title='bbox 1259 3114 1569 3187; x_wconf 78' lang='lat' dir='ltr'><strong>redigimus.</strong></span> <span class='ocrx_word' id='word_1_228' title='bbox 1607 3118 1674 3174; x_wconf 89' lang='lat' dir='ltr'><strong>Et</strong></span> <span class='ocrx_word' id='word_1_229' title='bbox 1716 3118 1807 3181; x_wconf 78' lang='lat' dir='ltr'><strong>ubi</strong></span> 
     </span>
    </p>
   </div>
   <div class='ocr_carea' id='block_1_30' title="bbox 207 3201 1805 3282">
    <p class='ocr_par' dir='ltr' id='par_1_30' title="bbox 207 3201 1805 3282">
     <span class='ocr_line' id='line_1_30' title="bbox 207 3201 1805 3282; baseline 0.006 -24"><span class='ocrx_word' id='word_1_230' title='bbox 207 3201 315 3261; x_wconf 88' lang='lat' dir='ltr'><strong>hoc</strong></span> <span class='ocrx_word' id='word_1_231' title='bbox 335 3202 512 3263; x_wconf 78' lang='lat' dir='ltr'><strong>facere</strong></span> <span class='ocrx_word' id='word_1_232' title='bbox 538 3204 685 3275; x_wconf 86' lang='lat' dir='ltr'><strong>pacis</strong></span> <span class='ocrx_word' id='word_1_233' title='bbox 710 3215 761 3262; x_wconf 91' lang='lat' dir='ltr'><strong>et</strong></span> <span class='ocrx_word' id='word_1_234' title='bbox 788 3207 1184 3279; x_wconf 86' lang='lat' dir='ltr'><strong>tranquillitatis</strong></span> <span class='ocrx_word' id='word_1_235' title='bbox 1216 3208 1472 3266; x_wconf 76' lang='lat' dir='ltr'><strong>Ecclesia:</strong></span> <span class='ocrx_word' id='word_1_236' title='bbox 1502 3212 1671 3282; x_wconf 82' lang='lat' dir='ltr'><strong>gratia</strong></span> <span class='ocrx_word' id='word_1_237' title='bbox 1694 3226 1805 3269; x_wconf 84' lang='lat' dir='ltr'><strong>non</strong></span> 
     </span>
    </p>
   </div>
   <div class='ocr_carea' id='block_1_31' title="bbox 206 3297 1803 3376">
    <p class='ocr_par' dir='ltr' id='par_1_31' title="bbox 206 3297 1803 3376">
     <span class='ocr_line' id='line_1_31' title="bbox 206 3297 1803 3376; baseline 0.008 -25"><span class='ocrx_word' id='word_1_238' title='bbox 206 3297 594 3369; x_wconf 87' lang='lat' dir='ltr'><strong>permittimur,</strong></span> <span class='ocrx_word' id='word_1_239' title='bbox 624 3313 731 3363; x_wconf 83' lang='lat' dir='ltr'><strong>non</strong></span> <span class='ocrx_word' id='word_1_240' title='bbox 755 3309 930 3357; x_wconf 86' lang='lat' dir='ltr'><strong>tamen</strong></span> <span class='ocrx_word' id='word_1_241' title='bbox 957 3300 1079 3357; x_wconf 90' lang='lat' dir='ltr'><strong>ideo</strong></span> <span class='ocrx_word' id='word_1_242' title='bbox 1104 3301 1399 3358; x_wconf 88' lang='lat' dir='ltr'><strong>Ecclesiam</strong></span> <span class='ocrx_word' id='word_1_243' title='bbox 1423 3305 1741 3376; x_wconf 80' lang='lat' dir='ltr'><strong>negligimus</strong></span> <span class='ocrx_word' id='word_1_244' title='bbox 1760 3307 1803 3374; x_wconf 73' lang='lat'><strong>‘;</strong></span> 
     </span>
    </p>
   </div>
   <div class='ocr_carea' id='block_1_32' title="bbox 205 3388 1805 3469">
    <p class='ocr_par' dir='ltr' id='par_1_32' title="bbox 205 3388 1805 3469">
     <span class='ocr_line' id='line_1_32' title="bbox 205 3388 1805 3469; baseline 0.007 -25"><span class='ocrx_word' id='word_1_245' title='bbox 205 3388 312 3445; x_wconf 87' lang='lat' dir='ltr'><strong>sed</strong></span> <span class='ocrx_word' id='word_1_246' title='bbox 336 3391 620 3449; x_wconf 76' lang='lat' dir='ltr'><strong>toleramus</strong></span> <span class='ocrx_word' id='word_1_247' title='bbox 641 3392 784 3463; x_wconf 86' lang='lat' dir='ltr'><strong>quod</strong></span> <span class='ocrx_word' id='word_1_248' title='bbox 812 3393 1079 3459; x_wconf 90' lang='lat' dir='ltr'><strong>nolumus,</strong></span> <span class='ocrx_word' id='word_1_249' title='bbox 1107 3403 1166 3450; x_wconf 92' lang='lat' dir='ltr'><strong>ut</strong></span> <span class='ocrx_word' id='word_1_250' title='bbox 1187 3398 1562 3466; x_wconf 81' lang='lat' dir='ltr'><strong>perveniamus</strong></span> <span class='ocrx_word' id='word_1_251' title='bbox 1585 3414 1690 3469; x_wconf 89' lang='lat' dir='ltr'><strong>quo</strong></span> <span class='ocrx_word' id='word_1_252' title='bbox 1711 3414 1805 3455; x_wconf 89' lang='lat' dir='ltr'><strong>vo-</strong></span> 
     </span>
    </p>
   </div>
   <div class='ocr_carea' id='block_1_33' title="bbox 206 3480 1804 3558">
    <p class='ocr_par' dir='ltr' id='par_1_33' title="bbox 206 3480 1804 3558">
     <span class='ocr_line' id='line_1_33' title="bbox 206 3480 1804 3558; baseline 0.008 -23"><span class='ocrx_word' id='word_1_253' title='bbox 206 3480 396 3537; x_wconf 88' lang='lat' dir='ltr'><strong>lumus</strong></span> <span class='ocrx_word' id='word_1_254' title='bbox 417 3522 433 3547; x_wconf 97' lang='lat'><strong>,</strong></span> <span class='ocrx_word' id='word_1_255' title='bbox 461 3492 668 3541; x_wconf 85' lang='lat' dir='ltr'><strong>utentes</strong></span> <span class='ocrx_word' id='word_1_256' title='bbox 712 3486 916 3541; x_wconf 83' lang='lat' dir='ltr'><strong>cautela</strong></span> <span class='ocrx_word' id='word_1_257' title='bbox 964 3488 1218 3558; x_wconf 85' lang='lat' dir='ltr'><strong>praecepti</strong></span> <span class='ocrx_word' id='word_1_258' title='bbox 1247 3487 1541 3556; x_wconf 87' lang='lat' dir='ltr'><strong>dominici,</strong></span> <span class='ocrx_word' id='word_1_259' title='bbox 1570 3506 1638 3545; x_wconf 90' lang='lat' dir='ltr'><strong>ne</strong></span> <span class='ocrx_word' id='word_1_260' title='bbox 1681 3506 1804 3548; x_wconf 84' lang='lat' dir='ltr'><strong>cum</strong></span> 
     </span>
    </p>
   </div>
   <div class='ocr_carea' id='block_1_34' title="bbox 203 3573 1805 3651">
    <p class='ocr_par' dir='ltr' id='par_1_34' title="bbox 203 3573 1805 3651">
     <span class='ocr_line' id='line_1_34' title="bbox 203 3573 1805 3651; baseline 0.007 -22"><span class='ocrx_word' id='word_1_261' title='bbox 203 3573 458 3633; x_wconf 84' lang='lat' dir='ltr'><strong>volumus</strong></span> <span class='ocrx_word' id='word_1_262' title='bbox 486 3586 607 3634; x_wconf 86' lang='lat' dir='ltr'><strong>ante</strong></span> <span class='ocrx_word' id='word_1_263' title='bbox 639 3586 849 3649; x_wconf 89' lang='lat' dir='ltr'><strong>tempus</strong></span> <span class='ocrx_word' id='word_1_264' title='bbox 874 3580 1126 3651; x_wconf 78' lang='lat' dir='ltr'><strong>colligere</strong></span> <span class='ocrx_word' id='word_1_265' title='bbox 1171 3581 1374 3637; x_wconf 70' lang='lat' dir='ltr'><strong>simia</strong></span> <span class='ocrx_word' id='word_1_266' title='bbox 1398 3624 1413 3649; x_wconf 91' lang='lat'><strong>,</strong></span> <span class='ocrx_word' id='word_1_267' title='bbox 1442 3584 1598 3639; x_wconf 88' lang='lat' dir='ltr'><strong>simul</strong></span> <span class='ocrx_word' id='word_1_268' title='bbox 1628 3585 1805 3641; x_wconf 88' lang='lat' dir='ltr'><strong>eradi-</strong></span> 
     </span>
    </p>
   </div>
   <div class='ocr_carea' id='block_1_35' title="bbox 201 3670 1804 3743">
    <p class='ocr_par' dir='ltr' id='par_1_35' title="bbox 201 3670 1804 3743">
     <span class='ocr_line' id='line_1_35' title="bbox 201 3670 1804 3743; baseline 0.007 -22"><span class='ocrx_word' id='word_1_269' title='bbox 201 3679 393 3721; x_wconf 88' lang='lat' dir='ltr'><strong>ccmus</strong></span> <span class='ocrx_word' id='word_1_270' title='bbox 456 3676 511 3725; x_wconf 89' lang='lat' dir='ltr'><strong>et</strong></span> <span class='ocrx_word' id='word_1_271' title='bbox 574 3670 805 3727; x_wconf 90' lang='lat' dir='ltr'><strong>triticum</strong></span> <span class='ocrx_word' id='word_1_272' title='bbox 860 3670 1082 3743; x_wconf 75' lang='lat' dir='ltr'><strong>(Matth.</strong></span> <span class='ocrx_word' id='word_1_273' title='bbox 1136 3671 1297 3743; x_wconf 83' lang='lat' dir='ltr'><strong>xm).</strong></span> <span class='ocrx_word' id='word_1_274' title='bbox 1365 3673 1587 3731; x_wconf 87' lang='lat' dir='ltr'><strong>Utentes</strong></span> <span class='ocrx_word' id='word_1_275' title='bbox 1642 3676 1804 3733; x_wconf 85' lang='lat' dir='ltr'><strong>etiam</strong></span> 
     </span>
    </p>
   </div>
   <div class='ocr_carea' id='block_1_36' title="bbox 203 3758 1804 3836">
    <p class='ocr_par' dir='ltr' id='par_1_36' title="bbox 203 3758 1804 3836">
     <span class='ocr_line' id='line_1_36' title="bbox 203 3758 1804 3836; baseline 0.009 -25"><span class='ocrx_word' id='word_1_276' title='bbox 203 3758 456 3827; x_wconf 79' lang='lat' dir='ltr'><strong>exemplo</strong></span> <span class='ocrx_word' id='word_1_277' title='bbox 481 3767 535 3813; x_wconf 93' lang='lat' dir='ltr'><strong>et</strong></span> <span class='ocrx_word' id='word_1_278' title='bbox 554 3770 822 3832; x_wconf 85' lang='lat' dir='ltr'><strong>praecepto</strong></span> <span class='ocrx_word' id='word_1_279' title='bbox 852 3762 994 3817; x_wconf 91' lang='lat' dir='ltr'><strong>beati</strong></span> <span class='ocrx_word' id='word_1_280' title='bbox 1016 3763 1286 3834; x_wconf 88' lang='lat' dir='ltr'><strong>Cypriani,</strong></span> <span class='ocrx_word' id='word_1_281' title='bbox 1309 3766 1399 3835; x_wconf 88' lang='lat' dir='ltr'><strong>qui</strong></span> <span class='ocrx_word' id='word_1_282' title='bbox 1426 3767 1657 3836; x_wconf 73' lang='lat' dir='ltr'><strong>collegas</strong></span> <span class='ocrx_word' id='word_1_283' title='bbox 1678 3783 1804 3826; x_wconf 87' lang='lat' dir='ltr'><strong>suos</strong></span> 
     </span>
    </p>
   </div>
   <div class='ocr_carea' id='block_1_37' title="bbox 205 3849 1803 3930">
    <p class='ocr_par' dir='ltr' id='par_1_37' title="bbox 205 3849 1803 3930">
     <span class='ocr_line' id='line_1_37' title="bbox 205 3849 1803 3930; baseline 0.006 -24"><span class='ocrx_word' id='word_1_284' title='bbox 205 3849 562 3921; x_wconf 78' lang='lat' dir='ltr'><strong>feneratores,</strong></span> <span class='ocrx_word' id='word_1_285' title='bbox 596 3854 951 3921; x_wconf 82' lang='lat' dir='ltr'><strong>fraudatores,</strong></span> <span class='ocrx_word' id='word_1_286' title='bbox 985 3866 1226 3926; x_wconf 87' lang='lat' dir='ltr'><strong>raptores</strong></span> <span class='ocrx_word' id='word_1_287' title='bbox 1247 3899 1262 3923; x_wconf 89' lang='lat'><strong>,</strong></span> <span class='ocrx_word' id='word_1_288' title='bbox 1298 3859 1444 3927; x_wconf 88' lang='lat' dir='ltr'><strong>pacis</strong></span> <span class='ocrx_word' id='word_1_289' title='bbox 1472 3862 1803 3930; x_wconf 86' lang='lat' dir='ltr'><strong>contempla-</strong></span> 
     </span>
    </p>
   </div>
   <div class='ocr_carea' id='block_1_38' title="bbox 203 3942 1802 4023">
    <p class='ocr_par' dir='ltr' id='par_1_38' title="bbox 203 3942 1802 4023">
     <span class='ocr_line' id='line_1_38' title="bbox 203 3942 1802 4023; baseline 0.009 -25"><span class='ocrx_word' id='word_1_290' title='bbox 203 3942 356 3999; x_wconf 88' lang='lat' dir='ltr'><strong>tione</strong></span> <span class='ocrx_word' id='word_1_291' title='bbox 394 3946 609 4015; x_wconf 88' lang='lat' dir='ltr'><strong>pertulit</strong></span> <span class='ocrx_word' id='word_1_292' title='bbox 652 3947 786 4002; x_wconf 86' lang='lat' dir='ltr'><strong>tales</strong></span> <span class='ocrx_word' id='word_1_293' title='bbox 836 3946 1038 4020; x_wconf 86' lang='lat' dir='ltr'><strong>(Serm.</strong></span> <span class='ocrx_word' id='word_1_294' title='bbox 1090 3950 1152 4003; x_wconf 89' lang='lat' dir='ltr'><strong>de</strong></span> <span class='ocrx_word' id='word_1_295' title='bbox 1194 3949 1440 4023; x_wconf 83' lang='lat' dir='ltr'><strong>Lapsis),</strong></span> <span class='ocrx_word' id='word_1_296' title='bbox 1473 3967 1571 4009; x_wconf 90' lang='lat' dir='ltr'><strong>nec</strong></span> <span class='ocrx_word' id='word_1_297' title='bbox 1615 3968 1802 4013; x_wconf 85' lang='lat' dir='ltr'><strong>eorum</strong></span> 
     </span>
    </p>
   </div>
   <div class='ocr_carea' id='block_1_39' title="bbox 202 4037 1800 4109">
    <p class='ocr_par' dir='ltr' id='par_1_39' title="bbox 202 4037 1800 4109">
     <span class='ocr_line' id='line_1_39' title="bbox 202 4037 1800 4109; baseline 0.008 -14"><span class='ocrx_word' id='word_1_298' title='bbox 202 4037 529 4109; x_wconf 74' lang='lat' dir='ltr'><strong>contagione</strong></span> <span class='ocrx_word' id='word_1_299' title='bbox 555 4038 726 4096; x_wconf 77' lang='lat' dir='ltr'><strong>factus</strong></span> <span class='ocrx_word' id='word_1_300' title='bbox 768 4050 852 4096; x_wconf 90' lang='lat' dir='ltr'><strong>est</strong></span> <span class='ocrx_word' id='word_1_301' title='bbox 900 4042 1041 4097; x_wconf 86' lang='lat' dir='ltr'><strong>talis.</strong></span> <span class='ocrx_word' id='word_1_302' title='bbox 1074 4042 1227 4100; x_wconf 89' lang='lat' dir='ltr'><strong>Unde</strong></span> <span class='ocrx_word' id='word_1_303' title='bbox 1270 4053 1322 4101; x_wconf 91' lang='lat' dir='ltr'><strong>et</strong></span> <span class='ocrx_word' id='word_1_304' title='bbox 1351 4061 1451 4102; x_wconf 88' lang='lat' dir='ltr'><strong>nos</strong></span> <span class='ocrx_word' id='word_1_305' title='bbox 1492 4048 1535 4102; x_wconf 91' lang='lat' dir='ltr'><strong>si</strong></span> <span class='ocrx_word' id='word_1_306' title='bbox 1567 4049 1800 4109; x_wconf 76' lang='lat' dir='ltr'><strong>triticum</strong></span> 
     </span>
    </p>
   </div>
   <div class='ocr_carea' id='block_1_40' title="bbox 202 4129 1801 4205">
    <p class='ocr_par' dir='ltr' id='par_1_40' title="bbox 202 4129 1801 4205">
     <span class='ocr_line' id='line_1_40' title="bbox 202 4129 1801 4205; baseline 0.01 -20"><span class='ocrx_word' id='word_1_307' title='bbox 202 4141 433 4195; x_wconf 85' lang='lat' dir='ltr'><strong>sumus,</strong></span> <span class='ocrx_word' id='word_1_308' title='bbox 482 4129 723 4200; x_wconf 82' lang='lat' dir='ltr'><strong>ejusdem</strong></span> <span class='ocrx_word' id='word_1_309' title='bbox 767 4132 908 4189; x_wconf 85' lang='lat' dir='ltr'><strong>beati</strong></span> <span class='ocrx_word' id='word_1_310' title='bbox 955 4136 1204 4205; x_wconf 81' lang='lat' dir='ltr'><strong>martyris</strong></span> <span class='ocrx_word' id='word_1_311' title='bbox 1246 4137 1403 4193; x_wconf 88' lang='lat' dir='ltr'><strong>verba</strong></span> <span class='ocrx_word' id='word_1_312' title='bbox 1450 4139 1801 4201; x_wconf 82' lang='lat' dir='ltr'><strong>ﬁdentissime</strong></span> 
     </span>
    </p>
   </div>
   <div class='ocr_carea' id='block_1_41' title="bbox 200 4219 1799 4302">
    <p class='ocr_par' dir='ltr' id='par_1_41' title="bbox 200 4219 1799 4302">
     <span class='ocr_line' id='line_1_41' title="bbox 200 4219 1799 4302; baseline 0.009 -26"><span class='ocrx_word' id='word_1_313' title='bbox 200 4219 438 4289; x_wconf 77' lang='lat' dir='ltr'><strong>dicimus</strong></span> <span class='ocrx_word' id='word_1_314' title='bbox 470 4240 482 4275; x_wconf 90' lang='lat'><strong>:</strong></span> <span class='ocrx_word' id='word_1_315' title='bbox 519 4224 639 4294; x_wconf 83' lang='lat' dir='ltr'><strong>quia</strong></span> <span class='ocrx_word' id='word_1_316' title='bbox 681 4226 773 4280; x_wconf 83' lang='lat' dir='ltr'><strong>etsi</strong></span> <span class='ocrx_word' id='word_1_317' title='bbox 802 4226 1032 4280; x_wconf 83' lang='lat' dir='ltr'><strong>uidentur</strong></span> <span class='ocrx_word' id='word_1_318' title='bbox 1060 4228 1111 4280; x_wconf 87' lang='lat' dir='ltr'><strong>in</strong></span> <span class='ocrx_word' id='word_1_319' title='bbox 1155 4227 1385 4283; x_wconf 76' lang='lat' dir='ltr'><strong>Ecclesia</strong></span> <span class='ocrx_word' id='word_1_320' title='bbox 1418 4247 1528 4287; x_wconf 84' lang='lat' dir='ltr'><strong>esse</strong></span> <span class='ocrx_word' id='word_1_321' title='bbox 1562 4233 1761 4290; x_wconf 75' lang='lat' dir='ltr'><strong>ziunia</strong></span> <span class='ocrx_word' id='word_1_322' title='bbox 1781 4276 1799 4302; x_wconf 88' lang='lat'><strong>,</strong></span> 
     </span>
    </p>
   </div>
   <div class='ocr_carea' id='block_1_42' title="bbox 198 4315 1800 4395">
    <p class='ocr_par' dir='ltr' id='par_1_42' title="bbox 198 4315 1800 4395">
     <span class='ocr_line' id='line_1_42' title="bbox 198 4315 1800 4395; baseline 0.009 -25"><span class='ocrx_word' id='word_1_323' title='bbox 198 4330 310 4371; x_wconf 78' lang='lat' dir='ltr'><strong>non</strong></span> <span class='ocrx_word' id='word_1_324' title='bbox 338 4325 507 4369; x_wconf 86' lang='lat' dir='ltr'><strong>tamen</strong></span> <span class='ocrx_word' id='word_1_325' title='bbox 532 4315 766 4383; x_wconf 88' lang='lat' dir='ltr'><strong>impediri</strong></span> <span class='ocrx_word' id='word_1_326' title='bbox 795 4318 935 4372; x_wconf 82' lang='lat' dir='ltr'><strong>debet</strong></span> <span class='ocrx_word' id='word_1_327' title='bbox 962 4327 1050 4373; x_wconf 85' lang='lat' dir='ltr'><strong>aut</strong></span> <span class='ocrx_word' id='word_1_328' title='bbox 1076 4320 1221 4389; x_wconf 74' lang='lat' dir='ltr'><strong>ﬁdes,</strong></span> <span class='ocrx_word' id='word_1_329' title='bbox 1244 4330 1334 4375; x_wconf 84' lang='lat' dir='ltr'><strong>aut</strong></span> <span class='ocrx_word' id='word_1_330' title='bbox 1348 4323 1570 4379; x_wconf 76' lang='lat' dir='ltr'><strong>citat-itas</strong></span> <span class='ocrx_word' id='word_1_331' title='bbox 1592 4336 1800 4395; x_wconf 82' lang='lat' dir='ltr'><strong>nostra;</strong></span> 
     </span>
    </p>
   </div>
   <div class='ocr_carea' id='block_1_43' title="bbox 199 4406 1803 4487">
    <p class='ocr_par' dir='ltr' id='par_1_43' title="bbox 199 4406 1803 4487">
     <span class='ocr_line' id='line_1_43' title="bbox 199 4406 1803 4487; baseline 0.009 -26"><span class='ocrx_word' id='word_1_332' title='bbox 199 4415 255 4463; x_wconf 75' lang='lat' dir='ltr'><strong>ut</strong></span> <span class='ocrx_word' id='word_1_333' title='bbox 284 4406 530 4477; x_wconf 87' lang='lat' dir='ltr'><strong>quoniam</strong></span> <span class='ocrx_word' id='word_1_334' title='bbox 557 4406 758 4463; x_wconf 74' lang='lat' dir='ltr'><strong>sisania</strong></span> <span class='ocrx_word' id='word_1_335' title='bbox 783 4410 836 4464; x_wconf 88' lang='lat' dir='ltr'><strong>in</strong></span> <span class='ocrx_word' id='word_1_336' title='bbox 856 4409 1087 4466; x_wconf 83' lang='lat' dir='ltr'><strong>Ecclesia</strong></span> <span class='ocrx_word' id='word_1_337' title='bbox 1112 4415 1384 4481; x_wconf 87' lang='lat' dir='ltr'><strong>cernimus,</strong></span> <span class='ocrx_word' id='word_1_338' title='bbox 1407 4416 1507 4487; x_wconf 79' lang='lat' dir='ltr'><strong>ipsi</strong></span> <span class='ocrx_word' id='word_1_339' title='bbox 1531 4418 1596 4473; x_wconf 81' lang='lat' dir='ltr'><strong>de</strong></span> <span class='ocrx_word' id='word_1_340' title='bbox 1623 4410 1803 4476; x_wconf 85' lang='lat' dir='ltr'><strong>Eccle-</strong></span> 
     </span>
    </p>
   </div>
   <div class='ocr_carea' id='block_1_44' title="bbox 198 4497 1801 4582">
    <p class='ocr_par' dir='ltr' id='par_1_44' title="bbox 198 4497 1801 4582">
     <span class='ocr_line' id='line_1_44' title="bbox 198 4497 1801 4582; baseline 0.009 -27"><span class='ocrx_word' id='word_1_341' title='bbox 198 4498 279 4555; x_wconf 89' lang='lat' dir='ltr'><strong>sia</strong></span> <span class='ocrx_word' id='word_1_342' title='bbox 307 4497 604 4563; x_wconf 78' lang='lat' dir='ltr'><strong>recedamus</strong></span> <span class='ocrx_word' id='word_1_343' title='bbox 632 4498 838 4572; x_wconf 79' lang='lat' dir='ltr'><strong>(Epist.</strong></span> <span class='ocrx_word' id='word_1_344' title='bbox 883 4502 953 4555; x_wconf 89' lang='lat' dir='ltr'><strong>ad</strong></span> <span class='ocrx_word' id='word_1_345' title='bbox 993 4503 1331 4577; x_wconf 72' lang='lat' dir='ltr'><strong>Maximum).</strong></span> <span class='ocrx_word' id='word_1_346' title='bbox 1374 4508 1499 4564; x_wconf 65' lang='lat' dir='ltr'><strong>Haec</strong></span> <span class='ocrx_word' id='word_1_347' title='bbox 1527 4511 1686 4568; x_wconf 84' lang='lat' dir='ltr'><strong>verba</strong></span> <span class='ocrx_word' id='word_1_348' title='bbox 1712 4513 1801 4582; x_wconf 82' lang='lat' dir='ltr'><strong>ju-</strong></span> 
     </span>
    </p>
   </div>
   <div class='ocr_carea' id='block_1_45' title="bbox 199 4590 1801 4669">
    <p class='ocr_par' dir='ltr' id='par_1_45' title="bbox 199 4590 1801 4669">
     <span class='ocr_line' id='line_1_45' title="bbox 199 4590 1801 4669; baseline 0.009 -21"><span class='ocrx_word' id='word_1_349' title='bbox 199 4590 445 4649; x_wconf 87' lang='lat' dir='ltr'><strong>stissime</strong></span> <span class='ocrx_word' id='word_1_350' title='bbox 467 4605 530 4647; x_wconf 91' lang='lat' dir='ltr'><strong>ac</strong></span> <span class='ocrx_word' id='word_1_351' title='bbox 558 4592 798 4663; x_wconf 84' lang='lat' dir='ltr'><strong>piissime</strong></span> <span class='ocrx_word' id='word_1_352' title='bbox 826 4594 1069 4655; x_wconf 55' lang='lat' dir='ltr'><strong>ﬁcerent</strong></span> <span class='ocrx_word' id='word_1_353' title='bbox 1112 4598 1343 4669; x_wconf 85' lang='lat' dir='ltr'><strong>majores</strong></span> <span class='ocrx_word' id='word_1_354' title='bbox 1364 4603 1554 4669; x_wconf 85' lang='lat' dir='ltr'><strong>nostri,</strong></span> <span class='ocrx_word' id='word_1_355' title='bbox 1589 4606 1801 4663; x_wconf 82' lang='lat' dir='ltr'><strong>etiamsi</strong></span> 
     </span>
    </p>
   </div>
   <div class='ocr_carea' id='block_1_46' title="bbox 199 4680 1797 4761">
    <p class='ocr_par' dir='ltr' id='par_1_46' title="bbox 199 4680 1797 4761">
     <span class='ocr_line' id='line_1_46' title="bbox 199 4680 1797 4761; baseline 0.011 -25"><span class='ocrx_word' id='word_1_356' title='bbox 199 4680 549 4743; x_wconf 64' lang='lat' dir='ltr'><strong>Caecilianum</strong></span> <span class='ocrx_word' id='word_1_357' title='bbox 580 4692 635 4739; x_wconf 88' lang='lat' dir='ltr'><strong>et</strong></span> <span class='ocrx_word' id='word_1_358' title='bbox 660 4684 869 4756; x_wconf 86' lang='lat' dir='ltr'><strong>aliquos</strong></span> <span class='ocrx_word' id='word_1_359' title='bbox 907 4688 1254 4760; x_wconf 87' lang='lat' dir='ltr'><strong>coepiscopos</strong></span> <span class='ocrx_word' id='word_1_360' title='bbox 1295 4691 1413 4761; x_wconf 90' lang='lat' dir='ltr'><strong>ejus</strong></span> <span class='ocrx_word' id='word_1_361' title='bbox 1451 4695 1621 4751; x_wconf 78' lang='lat' dir='ltr'><strong>malos</strong></span> <span class='ocrx_word' id='word_1_362' title='bbox 1646 4696 1797 4753; x_wconf 85' lang='lat' dir='ltr'><strong>vide-</strong></span> 
     </span>
    </p>
   </div>
   <div class='ocr_carea' id='block_1_47' title="bbox 201 4780 1795 4859">
    <p class='ocr_par' dir='ltr' id='par_1_47' title="bbox 201 4780 1795 4859">
     <span class='ocr_line' id='line_1_47' title="bbox 201 4780 1795 4859; baseline 0.009 -28"><span class='ocrx_word' id='word_1_363' title='bbox 201 4784 346 4842; x_wconf 84' lang='lat' dir='ltr'><strong>rent,</strong></span> <span class='ocrx_word' id='word_1_364' title='bbox 378 4790 513 4849; x_wconf 80' lang='lat' dir='ltr'><strong>quos</strong></span> <span class='ocrx_word' id='word_1_365' title='bbox 541 4786 720 4833; x_wconf 87' lang='lat' dir='ltr'><strong>tamen</strong></span> <span class='ocrx_word' id='word_1_366' title='bbox 745 4780 813 4835; x_wconf 89' lang='lat' dir='ltr'><strong>ab</strong></span> <span class='ocrx_word' id='word_1_367' title='bbox 838 4780 1078 4837; x_wconf 85' lang='lat' dir='ltr'><strong>Ecclesia</strong></span> <span class='ocrx_word' id='word_1_368' title='bbox 1123 4798 1373 4852; x_wconf 88' lang='lat' dir='ltr'><strong>separare</strong></span> <span class='ocrx_word' id='word_1_369' title='bbox 1399 4801 1507 4841; x_wconf 91' lang='lat' dir='ltr'><strong>non</strong></span> <span class='ocrx_word' id='word_1_370' title='bbox 1535 4799 1795 4859; x_wconf 79' lang='lat' dir='ltr'><strong>possent,</strong></span> 
     </span>
    </p>
   </div>
   <div class='ocr_carea' id='block_1_48' title="bbox 201 4866 1793 4947">
    <p class='ocr_par' dir='ltr' id='par_1_48' title="bbox 201 4866 1793 4947">
     <span class='ocr_line' id='line_1_48' title="bbox 201 4866 1793 4947; baseline 0.01 -27"><span class='ocrx_word' id='word_1_371' title='bbox 201 4874 425 4935; x_wconf 87' lang='lat' dir='ltr'><strong>propter</strong></span> <span class='ocrx_word' id='word_1_372' title='bbox 451 4866 570 4923; x_wconf 88' lang='lat' dir='ltr'><strong>illos</strong></span> <span class='ocrx_word' id='word_1_373' title='bbox 593 4868 785 4938; x_wconf 81' lang='lat' dir='ltr'><strong>quibus</strong></span> <span class='ocrx_word' id='word_1_374' title='bbox 828 4872 955 4926; x_wconf 89' lang='lat' dir='ltr'><strong>mali</strong></span> <span class='ocrx_word' id='word_1_375' title='bbox 984 4871 1341 4929; x_wconf 87' lang='lat' dir='ltr'><strong>demonstrari</strong></span> <span class='ocrx_word' id='word_1_376' title='bbox 1370 4891 1475 4932; x_wconf 92' lang='lat' dir='ltr'><strong>non</strong></span> <span class='ocrx_word' id='word_1_377' title='bbox 1505 4887 1755 4946; x_wconf 83' lang='lat' dir='ltr'><strong>poterant</strong></span> <span class='ocrx_word' id='word_1_378' title='bbox 1779 4923 1793 4947; x_wconf 96' lang='lat'><strong>,</strong></span> 
     </span>
    </p>
   </div>
   <div class='ocr_carea' id='block_1_49' title="bbox 200 4958 1796 5035">
    <p class='ocr_par' dir='ltr' id='par_1_49' title="bbox 200 4958 1796 5035">
     <span class='ocr_line' id='line_1_49' title="bbox 200 4958 1796 5035; baseline 0.01 -23"><span class='ocrx_word' id='word_1_379' title='bbox 200 4964 257 5013; x_wconf 93' lang='lat' dir='ltr'><strong>et</strong></span> <span class='ocrx_word' id='word_1_380' title='bbox 297 4971 392 5013; x_wconf 89' lang='lat' dir='ltr'><strong>eos</strong></span> <span class='ocrx_word' id='word_1_381' title='bbox 433 4958 605 5016; x_wconf 89' lang='lat' dir='ltr'><strong>bonos</strong></span> <span class='ocrx_word' id='word_1_382' title='bbox 651 4970 706 5016; x_wconf 89' lang='lat' dir='ltr'><strong>et</strong></span> <span class='ocrx_word' id='word_1_383' title='bbox 744 4961 1059 5019; x_wconf 85' lang='lat' dir='ltr'><strong>innocentes</strong></span> <span class='ocrx_word' id='word_1_384' title='bbox 1105 4965 1364 5035; x_wconf 80' lang='lat' dir='ltr'><strong>putabant</strong></span> <span class='ocrx_word' id='word_1_385' title='bbox 1413 4984 1426 5020; x_wconf 91' lang='lat'><strong>:</strong></span> <span class='ocrx_word' id='word_1_386' title='bbox 1477 4968 1594 5024; x_wconf 86' lang='lat' dir='ltr'><strong>haec</strong></span> <span class='ocrx_word' id='word_1_387' title='bbox 1635 4972 1796 5028; x_wconf 82' lang='lat' dir='ltr'><strong>verba</strong></span> 
     </span>
    </p>
   </div>
   <div class='ocr_carea' id='block_1_50' title="bbox 201 5050 1797 5125">
    <p class='ocr_par' dir='ltr' id='par_1_50' title="bbox 201 5050 1797 5125">
     <span class='ocr_line' id='line_1_50' title="bbox 201 5050 1797 5125; baseline 0.009 -20"><span class='ocrx_word' id='word_1_388' title='bbox 201 5052 425 5107; x_wconf 87' lang='lat' dir='ltr'><strong>omnino</strong></span> <span class='ocrx_word' id='word_1_389' title='bbox 450 5050 708 5121; x_wconf 85' lang='lat' dir='ltr'><strong>dicerent,</strong></span> <span class='ocrx_word' id='word_1_390' title='bbox 739 5053 843 5112; x_wconf 80' lang='lat' dir='ltr'><strong>hoc</strong></span> <span class='ocrx_word' id='word_1_391' title='bbox 868 5056 1086 5112; x_wconf 84' lang='lat' dir='ltr'><strong>omnino</strong></span> <span class='ocrx_word' id='word_1_392' title='bbox 1112 5058 1414 5125; x_wconf 85' lang='lat' dir='ltr'><strong>sentirent,</strong></span> <span class='ocrx_word' id='word_1_393' title='bbox 1440 5075 1509 5116; x_wconf 88' lang='lat' dir='ltr'><strong>ne</strong></span> <span class='ocrx_word' id='word_1_394' title='bbox 1533 5075 1655 5117; x_wconf 93' lang='lat' dir='ltr'><strong>cum</strong></span> <span class='ocrx_word' id='word_1_395' title='bbox 1684 5064 1797 5119; x_wconf 86' lang='lat' dir='ltr'><strong>vel-</strong></span> 
     </span>
    </p>
   </div>
   <div class='ocr_carea' id='block_1_51' title="bbox 203 5140 1795 5218">
    <p class='ocr_par' dir='ltr' id='par_1_51' title="bbox 203 5140 1795 5218">
     <span class='ocr_line' id='line_1_51' title="bbox 203 5140 1795 5218; baseline 0.011 -23"><span class='ocrx_word' id='word_1_396' title='bbox 203 5140 318 5197; x_wconf 89' lang='lat' dir='ltr'><strong>lent</strong></span> <span class='ocrx_word' id='word_1_397' title='bbox 343 5152 544 5201; x_wconf 82' lang='lat' dir='ltr'><strong>temere</strong></span> <span class='ocrx_word' id='word_1_398' title='bbox 571 5145 775 5203; x_wconf 76' lang='lat' dir='ltr'><strong>zizania</strong></span> <span class='ocrx_word' id='word_1_399' title='bbox 802 5160 1077 5218; x_wconf 82' lang='lat' dir='ltr'><strong>separare,</strong></span> <span class='ocrx_word' id='word_1_400' title='bbox 1102 5150 1264 5207; x_wconf 87' lang='lat' dir='ltr'><strong>simul</strong></span> <span class='ocrx_word' id='word_1_401' title='bbox 1284 5160 1340 5208; x_wconf 89' lang='lat' dir='ltr'><strong>et</strong></span> <span class='ocrx_word' id='word_1_402' title='bbox 1364 5152 1596 5210; x_wconf 84' lang='lat' dir='ltr'><strong>triticum</strong></span> <span class='ocrx_word' id='word_1_403' title='bbox 1621 5157 1795 5213; x_wconf 83' lang='lat' dir='ltr'><strong>eradi-</strong></span> 
     </span>
    </p>
   </div>
   <div class='ocr_carea' id='block_1_52' title="bbox 202 5243 410 5290">
    <p class='ocr_par' dir='ltr' id='par_1_52' title="bbox 202 5243 410 5290">
     <span class='ocr_line' id='line_1_52' title="bbox 202 5243 410 5290; baseline 0.01 -2"><span class='ocrx_word' id='word_1_404' title='bbox 202 5243 410 5290; x_wconf 87' lang='lat' dir='ltr'><strong>carent.</strong></span> 
     </span>
    </p>
   </div>
   <div class='ocr_carea' id='block_1_53' title="bbox 271 5324 1793 5409">
    <p class='ocr_par' dir='ltr' id='par_1_53' title="bbox 271 5324 1793 5409">
     <span class='ocr_line' id='line_1_53' title="bbox 271 5324 1793 5409; baseline 0.014 -32"><span class='ocrx_word' id='word_1_405' title='bbox 271 5324 366 5381; x_wconf 75' lang='lat'><strong>29.</strong></span> <span class='ocrx_word' id='word_1_406' title='bbox 407 5325 559 5393; x_wconf 88' lang='lat' dir='ltr'><strong>Quod</strong></span> <span class='ocrx_word' id='word_1_407' title='bbox 606 5343 734 5400; x_wconf 80' lang='lat' dir='ltr'><strong>ergo</strong></span> <span class='ocrx_word' id='word_1_408' title='bbox 774 5328 959 5399; x_wconf 81' lang='lat' dir='ltr'><strong>jussus</strong></span> <span class='ocrx_word' id='word_1_409' title='bbox 1000 5340 1085 5388; x_wconf 84' lang='lat' dir='ltr'><strong>est</strong></span> <span class='ocrx_word' id='word_1_410' title='bbox 1127 5334 1345 5405; x_wconf 83' lang='lat' dir='ltr'><strong>quidam</strong></span> <span class='ocrx_word' id='word_1_411' title='bbox 1393 5338 1648 5409; x_wconf 75' lang='lat' dir='ltr'><strong>propheta</strong></span> <span class='ocrx_word' id='word_1_412' title='bbox 1693 5355 1793 5399; x_wconf 88' lang='lat' dir='ltr'><strong>nec</strong></span> 
     </span>
    </p>
   </div>
   <div class='ocr_carea' id='block_1_54' title="bbox 201 5418 1786 5501">
    <p class='ocr_par' dir='ltr' id='par_1_54' title="bbox 201 5418 1786 5501">
     <span class='ocr_line' id='line_1_54' title="bbox 201 5418 1786 5501; baseline 0.013 -31"><span class='ocrx_word' id='word_1_413' title='bbox 201 5429 397 5487; x_wconf 85' lang='lat' dir='ltr'><strong>panem</strong></span> <span class='ocrx_word' id='word_1_414' title='bbox 422 5418 745 5477; x_wconf 85' lang='lat' dir='ltr'><strong>manducare</strong></span> <span class='ocrx_word' id='word_1_415' title='bbox 767 5462 784 5488; x_wconf 94' lang='lat'><strong>,</strong></span> <span class='ocrx_word' id='word_1_416' title='bbox 812 5437 912 5479; x_wconf 89' lang='lat' dir='ltr'><strong>nec</strong></span> <span class='ocrx_word' id='word_1_417' title='bbox 957 5439 1149 5495; x_wconf 76' lang='lat' dir='ltr'><strong>aquam</strong></span> <span class='ocrx_word' id='word_1_418' title='bbox 1195 5426 1380 5484; x_wconf 87' lang='lat' dir='ltr'><strong>bibere</strong></span> <span class='ocrx_word' id='word_1_419' title='bbox 1422 5430 1476 5485; x_wconf 90' lang='lat' dir='ltr'><strong>in</strong></span> <span class='ocrx_word' id='word_1_420' title='bbox 1514 5432 1786 5501; x_wconf 87' lang='lat' dir='ltr'><strong>Samaria,</strong></span> 
     </span>
    </p>
   </div>
   <div class='ocr_carea' id='block_1_55' title="bbox 204 5509 1787 5591">
    <p class='ocr_par' dir='ltr' id='par_1_55' title="bbox 204 5509 1787 5591">
     <span class='ocr_line' id='line_1_55' title="bbox 204 5509 1787 5591; baseline 0.012 -30"><span class='ocrx_word' id='word_1_421' title='bbox 204 5522 309 5578; x_wconf 87' lang='lat' dir='ltr'><strong>quo</strong></span> <span class='ocrx_word' id='word_1_422' title='bbox 336 5509 534 5564; x_wconf 90' lang='lat' dir='ltr'><strong>missus</strong></span> <span class='ocrx_word' id='word_1_423' title='bbox 562 5509 734 5567; x_wconf 80' lang='lat' dir='ltr'><strong>fuerat</strong></span> <span class='ocrx_word' id='word_1_424' title='bbox 774 5522 831 5568; x_wconf 88' lang='lat' dir='ltr'><strong>ut</strong></span> <span class='ocrx_word' id='word_1_425' title='bbox 858 5516 1152 5585; x_wconf 80' lang='lat' dir='ltr'><strong>corriperet</strong></span> <span class='ocrx_word' id='word_1_426' title='bbox 1195 5532 1289 5574; x_wconf 88' lang='lat' dir='ltr'><strong>eos</strong></span> <span class='ocrx_word' id='word_1_427' title='bbox 1319 5520 1408 5591; x_wconf 87' lang='lat' dir='ltr'><strong>qui</strong></span> <span class='ocrx_word' id='word_1_428' title='bbox 1434 5536 1625 5579; x_wconf 85' lang='lat' dir='ltr'><strong>vaccas</strong></span> <span class='ocrx_word' id='word_1_429' title='bbox 1652 5538 1787 5579; x_wconf 87' lang='lat' dir='ltr'><strong>con-</strong></span> 
     </span>
    </p>
   </div>
   <div class='ocr_carea' id='block_1_56' title="bbox 202 5603 1788 5687">
    <p class='ocr_par' dir='ltr' id='par_1_56' title="bbox 202 5603 1788 5687">
     <span class='ocr_line' id='line_1_56' title="bbox 202 5603 1788 5687; baseline 0.011 -30"><span class='ocrx_word' id='word_1_430' title='bbox 202 5603 487 5658; x_wconf 84' lang='lat' dir='ltr'><strong>stituerant</strong></span> <span class='ocrx_word' id='word_1_431' title='bbox 548 5604 873 5663; x_wconf 84' lang='lat' dir='ltr'><strong>adorandas&#39;</strong></span> <span class='ocrx_word' id='word_1_432' title='bbox 907 5623 1055 5665; x_wconf 89' lang='lat' dir='ltr'><strong>more</strong></span> <span class='ocrx_word' id='word_1_433' title='bbox 1102 5609 1365 5667; x_wconf 85' lang='lat' dir='ltr'><strong>idolorum</strong></span> <span class='ocrx_word' id='word_1_434' title='bbox 1417 5613 1788 5687; x_wconf 61' lang='lat' dir='ltr'><strong>IEgyptiorum</strong></span> 
     </span>
    </p>
   </div>
   <div class='ocr_carea' id='block_1_57' title="bbox 209 5693 1789 5780">
    <p class='ocr_par' dir='ltr' id='par_1_57' title="bbox 209 5693 1789 5780">
     <span class='ocr_line' id='line_1_57' title="bbox 209 5693 1789 5780; baseline 0.011 -32"><span class='ocrx_word' id='word_1_435' title='bbox 209 5693 307 5766; x_wconf 91' lang='lat' dir='ltr'><strong>(Ill</strong></span> <span class='ocrx_word' id='word_1_436' title='bbox 338 5696 473 5766; x_wconf 78' lang='lat' dir='ltr'><strong>Reg.</strong></span> <span class='ocrx_word' id='word_1_437' title='bbox 504 5697 661 5769; x_wconf 74' lang='lat' dir='ltr'><strong>xm);</strong></span> <span class='ocrx_word' id='word_1_438' title='bbox 693 5698 795 5755; x_wconf 86' lang='lat' dir='ltr'><strong>hoc</strong></span> <span class='ocrx_word' id='word_1_439' title='bbox 821 5702 1041 5757; x_wconf 88' lang='lat' dir='ltr'><strong>omnino</strong></span> <span class='ocrx_word' id='word_1_440' title='bbox 1070 5702 1246 5759; x_wconf 78' lang='lat' dir='ltr'><strong>facere</strong></span> <span class='ocrx_word' id='word_1_441' title='bbox 1272 5704 1458 5760; x_wconf 86' lang='lat' dir='ltr'><strong>debuit</strong></span> <span class='ocrx_word' id='word_1_442' title='bbox 1484 5708 1624 5777; x_wconf 92' lang='lat' dir='ltr'><strong>quod</strong></span> <span class='ocrx_word' id='word_1_443' title='bbox 1651 5725 1789 5780; x_wconf 73' lang='lat' dir='ltr'><strong>pm-</strong></span> 
     </span>
    </p>
   </div>
   <div class='ocr_carea' id='block_1_58' title="bbox 204 5788 1787 5873">
    <p class='ocr_par' dir='ltr' id='par_1_58' title="bbox 204 5788 1787 5873">
     <span class='ocr_line' id='line_1_58' title="bbox 204 5788 1787 5873; baseline 0.012 -32"><span class='ocrx_word' id='word_1_444' title='bbox 204 5796 419 5857; x_wconf 86' lang='lat' dir='ltr'><strong>ceperat</strong></span> <span class='ocrx_word' id='word_1_445' title='bbox 447 5788 704 5847; x_wconf 86' lang='lat' dir='ltr'><strong>Dominus</strong></span> <span class='ocrx_word' id='word_1_446' title='bbox 728 5833 742 5857; x_wconf 89' lang='lat'><strong>,</strong></span> <span class='ocrx_word' id='word_1_447' title='bbox 777 5793 863 5848; x_wconf 88' lang='lat' dir='ltr'><strong>cui</strong></span> <span class='ocrx_word' id='word_1_448' title='bbox 910 5802 1034 5849; x_wconf 88' lang='lat' dir='ltr'><strong>tunc</strong></span> <span class='ocrx_word' id='word_1_449' title='bbox 1062 5810 1128 5850; x_wconf 90' lang='lat' dir='ltr'><strong>eo</strong></span> <span class='ocrx_word' id='word_1_450' title='bbox 1167 5797 1328 5853; x_wconf 92' lang='lat' dir='ltr'><strong>modo</strong></span> <span class='ocrx_word' id='word_1_451' title='bbox 1369 5798 1489 5853; x_wconf 90' lang='lat' dir='ltr'><strong>illos</strong></span> <span class='ocrx_word' id='word_1_452' title='bbox 1514 5802 1787 5873; x_wconf 87' lang='lat' dir='ltr'><strong>corripere</strong></span> 
     </span>
    </p>
   </div>
   <div class='ocr_carea' id='block_1_59' title="bbox 265 5946 1785 6027">
    <p class='ocr_par' dir='ltr' id='par_1_59' title="bbox 265 5946 1785 6027">
     <span class='ocr_line' id='line_1_59' title="bbox 265 5946 1785 6027; baseline 0.018 -38"><span class='ocrx_word' id='word_1_453' title='bbox 265 5946 571 6027; x_wconf 30' lang='lat' dir='ltr'><strong>idln‘ericensis‘</strong></span> <span class='ocrx_word' id='word_1_454' title='bbox 584 5948 929 6027; x_wconf 45' lang='lat' dir='ltr'><strong>sis.,_lzjccte_siw</strong></span> <span class='ocrx_word' id='word_1_455' title='bbox 952 5950 1253 6027; x_wconf 78' lang='lat' dir='ltr'><strong>disciplinam</strong></span> <span class='ocrx_word' id='word_1_456' title='bbox 1270 5958 1545 6027; x_wconf 68' lang='lat' dir='ltr'><strong>refutamus.</strong></span> <span class='ocrx_word' id='word_1_457' title='bbox 1560 5960 1645 6013; x_wconf 83' lang='lat' dir='ltr'><strong>Alii</strong></span> <span class='ocrx_word' id='word_1_458' title='bbox 1659 5969 1748 6015; x_wconf 81' lang='lat' dir='ltr'><strong>Mss</strong></span> <span class='ocrx_word' id='word_1_459' title='bbox 1769 5998 1785 6027; x_wconf 88' lang='lat'><strong>,</strong></span> 
     </span>
    </p>
   </div>
   <div class='ocr_carea' id='block_1_60' title="bbox 203 6008 1446 6082">
    <p class='ocr_par' dir='ltr' id='par_1_60' title="bbox 203 6008 1446 6082">
     <span class='ocr_line' id='line_1_60' title="bbox 203 6008 1446 6082; baseline 0.013 -23"><span class='ocrx_word' id='word_1_460' title='bbox 203 6008 424 6061; x_wconf 71' lang='lat' dir='ltr'><strong>Ecclesite</strong></span> <span class='ocrx_word' id='word_1_461' title='bbox 450 6009 741 6074; x_wconf 78' lang='lat' dir='ltr'><strong>refutamus;</strong></span> <span class='ocrx_word' id='word_1_462' title='bbox 763 6014 937 6067; x_wconf 85' lang='lat' dir='ltr'><strong>omissa</strong></span> <span class='ocrx_word' id='word_1_463' title='bbox 962 6008 1098 6079; x_wconf 67' lang='lat' dir='ltr'><strong>voce,</strong></span> <span class='ocrx_word' id='word_1_464' title='bbox 1123 6008 1446 6082; x_wconf 65' lang='lat' dir='ltr'><strong>disciplinam.</strong></span> 
     </span>
    </p>
   </div>
   <div class='ocr_carea' id='block_1_61' title="bbox 1642 481 2080 540">
    <p class='ocr_par' dir='ltr' id='par_1_61' title="bbox 1642 481 2080 540">
     <span class='ocr_line' id='line_1_61' title="bbox 1642 481 2080 540; baseline 0.011 -6"><span class='ocrx_word' id='word_1_465' title='bbox 1642 481 1844 536; x_wconf 75' lang='lat' dir='ltr'><strong>LIBER</strong></span> <span class='ocrx_word' id='word_1_466' title='bbox 1884 483 2080 540; x_wconf 75' lang='lat' dir='ltr'><strong>UNUS.</strong></span> 
     </span>
    </p>
   </div>
   <div class='ocr_carea' id='block_1_62' title="bbox 3397 496 3506 566">
    <p class='ocr_par' dir='ltr' id='par_1_62' title="bbox 3397 496 3506 566">
     <span class='ocr_line' id='line_1_62' title="bbox 3397 496 3506 566; baseline 0 0"><span class='ocrx_word' id='word_1_467' title='bbox 3397 496 3506 566; x_wconf 77' lang='lat'><strong>670</strong></span> 
     </span>
    </p>
   </div>
   <div class='ocr_carea' id='block_1_63' title="bbox 1916 607 3503 699">
    <p class='ocr_par' dir='ltr' id='par_1_63' title="bbox 1916 607 3503 699">
     <span class='ocr_line' id='line_1_63' title="bbox 1916 607 3503 699; baseline 0.016 -39"><span class='ocrx_word' id='word_1_468' title='bbox 1916 607 2148 679; x_wconf 90' lang='lat' dir='ltr'><strong>placuit,</strong></span> <span class='ocrx_word' id='word_1_469' title='bbox 2178 618 2237 667; x_wconf 90' lang='lat' dir='ltr'><strong>ut</strong></span> <span class='ocrx_word' id='word_1_470' title='bbox 2279 612 2409 671; x_wconf 89' lang='lat' dir='ltr'><strong>nihil</strong></span> <span class='ocrx_word' id='word_1_471' title='bbox 2453 614 2526 673; x_wconf 90' lang='lat' dir='ltr'><strong>ibi</strong></span> <span class='ocrx_word' id='word_1_472' title='bbox 2553 615 2930 679; x_wconf 88' lang='lat' dir='ltr'><strong>alimentorum</strong></span> <span class='ocrx_word' id='word_1_473' title='bbox 2963 626 3203 694; x_wconf 77' lang='lat' dir='ltr'><strong>tangeret</strong></span> <span class='ocrx_word' id='word_1_474' title='bbox 3240 624 3503 699; x_wconf 86' lang='lat' dir='ltr'><strong>propheta</strong></span> 
     </span>
    </p>
   </div>
   <div class='ocr_carea' id='block_1_64' title="bbox 1915 704 3504 791">
    <p class='ocr_par' dir='ltr' id='par_1_64' title="bbox 1915 704 3504 791">
     <span class='ocr_line' id='line_1_64' title="bbox 1915 704 3504 791; baseline 0.014 -37"><span class='ocrx_word' id='word_1_475' title='bbox 1915 717 2073 772; x_wconf 91' lang='lat' dir='ltr'><strong>quem</strong></span> <span class='ocrx_word' id='word_1_476' title='bbox 2102 704 2339 764; x_wconf 84' lang='lat' dir='ltr'><strong>miserat.</strong></span> <span class='ocrx_word' id='word_1_477' title='bbox 2376 707 2557 781; x_wconf 90' lang='lat' dir='ltr'><strong>Neque</strong></span> <span class='ocrx_word' id='word_1_478' title='bbox 2601 712 2745 767; x_wconf 90' lang='lat' dir='ltr'><strong>enim</strong></span> <span class='ocrx_word' id='word_1_479' title='bbox 2788 713 2844 767; x_wconf 90' lang='lat' dir='ltr'><strong>in</strong></span> <span class='ocrx_word' id='word_1_480' title='bbox 2874 712 3111 771; x_wconf 90' lang='lat' dir='ltr'><strong>Ecclesia</strong></span> <span class='ocrx_word' id='word_1_481' title='bbox 3144 732 3250 774; x_wconf 88' lang='lat' dir='ltr'><strong>non</strong></span> <span class='ocrx_word' id='word_1_482' title='bbox 3280 716 3335 774; x_wconf 89' lang='lat' dir='ltr'><strong>ﬁt</strong></span> <span class='ocrx_word' id='word_1_483' title='bbox 3370 735 3504 791; x_wconf 81' lang='lat' dir='ltr'><strong>quo-</strong></span> 
     </span>
    </p>
   </div>
   <div class='ocr_carea' id='block_1_65' title="bbox 1915 794 3505 879">
    <p class='ocr_par' dir='ltr' id='par_1_65' title="bbox 1915 794 3505 879">
     <span class='ocr_line' id='line_1_65' title="bbox 1915 794 3505 879; baseline 0.013 -31"><span class='ocrx_word' id='word_1_484' title='bbox 1915 794 2043 851; x_wconf 89' lang='lat' dir='ltr'><strong>tidie</strong></span> <span class='ocrx_word' id='word_1_485' title='bbox 2068 837 2082 861; x_wconf 94' lang='lat'><strong>,</strong></span> <span class='ocrx_word' id='word_1_486' title='bbox 2114 798 2325 868; x_wconf 89' lang='lat' dir='ltr'><strong>quando</strong></span> <span class='ocrx_word' id='word_1_487' title='bbox 2365 815 2458 857; x_wconf 91' lang='lat' dir='ltr'><strong>eos</strong></span> <span class='ocrx_word' id='word_1_488' title='bbox 2497 818 2629 874; x_wconf 90' lang='lat' dir='ltr'><strong>quos</strong></span> <span class='ocrx_word' id='word_1_489' title='bbox 2671 805 2848 864; x_wconf 90' lang='lat' dir='ltr'><strong>acrius</strong></span> <span class='ocrx_word' id='word_1_490' title='bbox 2891 809 3209 879; x_wconf 90' lang='lat' dir='ltr'><strong>corripimus</strong></span> <span class='ocrx_word' id='word_1_491' title='bbox 3233 851 3248 877; x_wconf 94' lang='lat'><strong>,</strong></span> <span class='ocrx_word' id='word_1_492' title='bbox 3295 811 3505 869; x_wconf 88' lang='lat' dir='ltr'><strong>etiamsi</strong></span> 
     </span>
    </p>
   </div>
   <div class='ocr_carea' id='block_1_66' title="bbox 1915 887 3501 972">
    <p class='ocr_par' dir='ltr' id='par_1_66' title="bbox 1915 887 3501 972">
     <span class='ocr_line' id='line_1_66' title="bbox 1915 887 3501 972; baseline 0.01 -30"><span class='ocrx_word' id='word_1_493' title='bbox 1915 887 1970 942; x_wconf 91' lang='lat' dir='ltr'><strong>in</strong></span> <span class='ocrx_word' id='word_1_494' title='bbox 1995 903 2178 944; x_wconf 90' lang='lat' dir='ltr'><strong>eorum</strong></span> <span class='ocrx_word' id='word_1_495' title='bbox 2210 894 2549 962; x_wconf 90' lang='lat' dir='ltr'><strong>possessione</strong></span> <span class='ocrx_word' id='word_1_496' title='bbox 2578 910 2782 965; x_wconf 89' lang='lat' dir='ltr'><strong>sumus,</strong></span> <span class='ocrx_word' id='word_1_497' title='bbox 2816 898 2947 954; x_wconf 89' lang='lat' dir='ltr'><strong>nihil</strong></span> <span class='ocrx_word' id='word_1_498' title='bbox 2979 899 3050 956; x_wconf 90' lang='lat' dir='ltr'><strong>ibi</strong></span> <span class='ocrx_word' id='word_1_499' title='bbox 3078 900 3219 972; x_wconf 90' lang='lat' dir='ltr'><strong>apud</strong></span> <span class='ocrx_word' id='word_1_500' title='bbox 3247 916 3341 958; x_wconf 91' lang='lat' dir='ltr'><strong>eos</strong></span> <span class='ocrx_word' id='word_1_501' title='bbox 3369 918 3501 958; x_wconf 88' lang='lat' dir='ltr'><strong>con-</strong></span> 
     </span>
    </p>
   </div>
   <div class='ocr_carea' id='block_1_67' title="bbox 1917 980 3507 1064">
    <p class='ocr_par' dir='ltr' id='par_1_67' title="bbox 1917 980 3507 1064">
     <span class='ocr_line' id='line_1_67' title="bbox 1917 980 3507 1064; baseline 0.01 -29"><span class='ocrx_word' id='word_1_502' title='bbox 1917 980 2170 1052; x_wconf 86' lang='lat' dir='ltr'><strong>tingimus</strong></span> <span class='ocrx_word' id='word_1_503' title='bbox 2192 1026 2207 1053; x_wconf 91' lang='lat'><strong>,</strong></span> <span class='ocrx_word' id='word_1_504' title='bbox 2241 993 2298 1041; x_wconf 92' lang='lat' dir='ltr'><strong>ut</strong></span> <span class='ocrx_word' id='word_1_505' title='bbox 2322 987 2553 1043; x_wconf 88' lang='lat' dir='ltr'><strong>sentiant</strong></span> <span class='ocrx_word' id='word_1_506' title='bbox 2578 1000 2833 1060; x_wconf 88' lang='lat' dir='ltr'><strong>quantum</strong></span> <span class='ocrx_word' id='word_1_507' title='bbox 2859 1008 3044 1048; x_wconf 90' lang='lat' dir='ltr'><strong>eorum</strong></span> <span class='ocrx_word' id='word_1_508' title='bbox 3077 1005 3292 1064; x_wconf 88' lang='lat' dir='ltr'><strong>peccata</strong></span> <span class='ocrx_word' id='word_1_509' title='bbox 3323 996 3507 1053; x_wconf 86' lang='lat' dir='ltr'><strong>dolea-</strong></span> 
     </span>
    </p>
   </div>
   <div class='ocr_carea' id='block_1_68' title="bbox 1916 1076 3503 1155">
    <p class='ocr_par' dir='ltr' id='par_1_68' title="bbox 1916 1076 3503 1155">
     <span class='ocr_line' id='line_1_68' title="bbox 1916 1076 3503 1155; baseline 0.009 -26"><span class='ocrx_word' id='word_1_510' title='bbox 1916 1090 2055 1135; x_wconf 90' lang='lat' dir='ltr'><strong>mus.</strong></span> <span class='ocrx_word' id='word_1_511' title='bbox 2095 1076 2361 1149; x_wconf 87' lang='lat' dir='ltr'><strong>Numquid</strong></span> <span class='ocrx_word' id='word_1_512' title='bbox 2405 1088 2583 1136; x_wconf 89' lang='lat' dir='ltr'><strong>tamen</strong></span> <span class='ocrx_word' id='word_1_513' title='bbox 2629 1081 2753 1139; x_wconf 91' lang='lat' dir='ltr'><strong>ideo</strong></span> <span class='ocrx_word' id='word_1_514' title='bbox 2795 1085 2955 1139; x_wconf 89' lang='lat' dir='ltr'><strong>etiam</strong></span> <span class='ocrx_word' id='word_1_515' title='bbox 3004 1084 3174 1155; x_wconf 90' lang='lat' dir='ltr'><strong>plebis</strong></span> <span class='ocrx_word' id='word_1_516' title='bbox 3213 1086 3503 1143; x_wconf 67' lang='lat' dir='ltr'><strong>discissio‘</strong></span> 
     </span>
    </p>
   </div>
   <div class='ocr_carea' id='block_1_69' title="bbox 1916 1166 3503 1237">
    <p class='ocr_par' dir='ltr' id='par_1_69' title="bbox 1916 1166 3503 1237">
     <span class='ocr_line' id='line_1_69' title="bbox 1916 1166 3503 1237; baseline 0.008 -14"><span class='ocrx_word' id='word_1_517' title='bbox 1916 1166 2157 1226; x_wconf 82' lang='lat' dir='ltr'><strong>facienda</strong></span> <span class='ocrx_word' id='word_1_518' title='bbox 2184 1181 2264 1227; x_wconf 88' lang='lat' dir='ltr'><strong>est</strong></span> <span class='ocrx_word' id='word_1_519' title='bbox 2290 1214 2303 1237; x_wconf 95' lang='lat'><strong>,</strong></span> <span class='ocrx_word' id='word_1_520' title='bbox 2333 1181 2391 1227; x_wconf 94' lang='lat' dir='ltr'><strong>ut</strong></span> <span class='ocrx_word' id='word_1_521' title='bbox 2420 1173 2557 1231; x_wconf 89' lang='lat' dir='ltr'><strong>sicut</strong></span> <span class='ocrx_word' id='word_1_522' title='bbox 2596 1175 2774 1231; x_wconf 90' lang='lat' dir='ltr'><strong>mollis</strong></span> <span class='ocrx_word' id='word_1_523' title='bbox 2805 1176 2968 1233; x_wconf 89' lang='lat' dir='ltr'><strong>herba</strong></span> <span class='ocrx_word' id='word_1_524' title='bbox 3010 1177 3297 1237; x_wconf 88' lang='lat' dir='ltr'><strong>indiscrete</strong></span> <span class='ocrx_word' id='word_1_525' title='bbox 3326 1180 3503 1236; x_wconf 86' lang='lat' dir='ltr'><strong>eradi-</strong></span> 
     </span>
    </p>
   </div>
   <div class='ocr_carea' id='block_1_70' title="bbox 1915 1262 3504 1345">
    <p class='ocr_par' dir='ltr' id='par_1_70' title="bbox 1915 1262 3504 1345">
     <span class='ocr_line' id='line_1_70' title="bbox 1915 1262 3504 1345; baseline 0.007 -28"><span class='ocrx_word' id='word_1_526' title='bbox 1915 1270 2104 1318; x_wconf 90' lang='lat' dir='ltr'><strong>centur</strong></span> <span class='ocrx_word' id='word_1_527' title='bbox 2130 1262 2324 1320; x_wconf 80' lang='lat' dir='ltr'><strong>infirmi</strong></span> <span class='ocrx_word' id='word_1_528' title='bbox 2347 1307 2361 1333; x_wconf 91' lang='lat'><strong>,</strong></span> <span class='ocrx_word' id='word_1_529' title='bbox 2390 1267 2479 1337; x_wconf 90' lang='lat' dir='ltr'><strong>qui</strong></span> <span class='ocrx_word' id='word_1_530' title='bbox 2511 1266 2579 1323; x_wconf 91' lang='lat' dir='ltr'><strong>de</strong></span> <span class='ocrx_word' id='word_1_531' title='bbox 2620 1268 2869 1325; x_wconf 87' lang='lat' dir='ltr'><strong>cordibus</strong></span> <span class='ocrx_word' id='word_1_532' title='bbox 2910 1269 3184 1326; x_wconf 87' lang='lat' dir='ltr'><strong>hominum</strong></span> <span class='ocrx_word' id='word_1_533' title='bbox 3227 1281 3282 1328; x_wconf 92' lang='lat' dir='ltr'><strong>et</strong></span> <span class='ocrx_word' id='word_1_534' title='bbox 3311 1272 3504 1345; x_wconf 82' lang='lat' dir='ltr'><strong>ignotis</strong></span> 
     </span>
    </p>
   </div>
   <div class='ocr_carea' id='block_1_71' title="bbox 1915 1351 3505 1434">
    <p class='ocr_par' dir='ltr' id='par_1_71' title="bbox 1915 1351 3505 1434">
     <span class='ocr_line' id='line_1_71' title="bbox 1915 1351 3505 1434; baseline 0.008 -26"><span class='ocrx_word' id='word_1_535' title='bbox 1915 1351 2069 1411; x_wconf 79' lang='lat' dir='ltr'><strong>factis</strong></span> <span class='ocrx_word' id='word_1_536' title='bbox 2094 1398 2108 1424; x_wconf 91' lang='lat'><strong>,</strong></span> <span class='ocrx_word' id='word_1_537' title='bbox 2138 1358 2346 1415; x_wconf 88' lang='lat' dir='ltr'><strong>etiamsi</strong></span> <span class='ocrx_word' id='word_1_538' title='bbox 2391 1360 2544 1414; x_wconf 91' lang='lat' dir='ltr'><strong>nobis</strong></span> <span class='ocrx_word' id='word_1_539' title='bbox 2570 1360 2676 1415; x_wconf 88' lang='lat' dir='ltr'><strong>sint</strong></span> <span class='ocrx_word' id='word_1_540' title='bbox 2707 1362 2914 1433; x_wconf 88' lang='lat' dir='ltr'><strong>cognita</strong></span> <span class='ocrx_word' id='word_1_541' title='bbox 2940 1404 2956 1429; x_wconf 89' lang='lat'><strong>,</strong></span> <span class='ocrx_word' id='word_1_542' title='bbox 2984 1362 3223 1433; x_wconf 88' lang='lat' dir='ltr'><strong>judicare</strong></span> <span class='ocrx_word' id='word_1_543' title='bbox 3248 1380 3354 1419; x_wconf 90' lang='lat' dir='ltr'><strong>non</strong></span> <span class='ocrx_word' id='word_1_544' title='bbox 3382 1377 3505 1434; x_wconf 88' lang='lat' dir='ltr'><strong>pos-</strong></span> 
     </span>
    </p>
   </div>
   <div class='ocr_carea' id='block_1_72' title="bbox 1915 1448 3501 1524">
    <p class='ocr_par' dir='ltr' id='par_1_72' title="bbox 1915 1448 3501 1524">
     <span class='ocr_line' id='line_1_72' title="bbox 1915 1448 3501 1524; baseline 0.006 -21"><span class='ocrx_word' id='word_1_545' title='bbox 1915 1449 2076 1504; x_wconf 90' lang='lat' dir='ltr'><strong>sunt?</strong></span> <span class='ocrx_word' id='word_1_546' title='bbox 2105 1448 2236 1505; x_wconf 90' lang='lat' dir='ltr'><strong>Nam</strong></span> <span class='ocrx_word' id='word_1_547' title='bbox 2267 1450 2317 1504; x_wconf 88' lang='lat' dir='ltr'><strong>in</strong></span> <span class='ocrx_word' id='word_1_548' title='bbox 2346 1453 2457 1522; x_wconf 91' lang='lat' dir='ltr'><strong>ipsa</strong></span> <span class='ocrx_word' id='word_1_549' title='bbox 2483 1452 2718 1507; x_wconf 88' lang='lat' dir='ltr'><strong>Samaria</strong></span> <span class='ocrx_word' id='word_1_550' title='bbox 2742 1464 2796 1509; x_wconf 93' lang='lat' dir='ltr'><strong>et</strong></span> <span class='ocrx_word' id='word_1_551' title='bbox 2819 1453 2964 1508; x_wconf 90' lang='lat' dir='ltr'><strong>Elias</strong></span> <span class='ocrx_word' id='word_1_552' title='bbox 2993 1464 3047 1509; x_wconf 90' lang='lat' dir='ltr'><strong>et</strong></span> <span class='ocrx_word' id='word_1_553' title='bbox 3074 1455 3295 1511; x_wconf 79' lang='lat' dir='ltr'><strong>Elisaeus</strong></span> <span class='ocrx_word' id='word_1_554' title='bbox 3314 1465 3501 1524; x_wconf 72' lang='lat' dir='ltr'><strong>erant,</strong></span> 
     </span>
    </p>
   </div>
   <div class='ocr_carea' id='block_1_73' title="bbox 1913 1540 3504 1613">
    <p class='ocr_par' dir='ltr' id='par_1_73' title="bbox 1913 1540 3504 1613">
     <span class='ocr_line' id='line_1_73' title="bbox 1913 1540 3504 1613; baseline 0.006 -19"><span class='ocrx_word' id='word_1_555' title='bbox 1913 1548 1969 1595; x_wconf 90' lang='lat' dir='ltr'><strong>et</strong></span> <span class='ocrx_word' id='word_1_556' title='bbox 1998 1540 2043 1596; x_wconf 91' lang='lat' dir='ltr'><strong>si</strong></span> <span class='ocrx_word' id='word_1_557' title='bbox 2072 1542 2168 1613; x_wconf 90' lang='lat' dir='ltr'><strong>ipsi</strong></span> <span class='ocrx_word' id='word_1_558' title='bbox 2200 1543 2251 1597; x_wconf 91' lang='lat' dir='ltr'><strong>iu</strong></span> <span class='ocrx_word' id='word_1_559' title='bbox 2280 1543 2565 1601; x_wconf 87' lang='lat' dir='ltr'><strong>solitudine</strong></span> <span class='ocrx_word' id='word_1_560' title='bbox 2589 1586 2604 1613; x_wconf 96' lang='lat'><strong>,</strong></span> <span class='ocrx_word' id='word_1_561' title='bbox 2640 1560 2747 1602; x_wconf 90' lang='lat' dir='ltr'><strong>non</strong></span> <span class='ocrx_word' id='word_1_562' title='bbox 2775 1556 2950 1602; x_wconf 86' lang='lat' dir='ltr'><strong>tamen</strong></span> <span class='ocrx_word' id='word_1_563' title='bbox 2975 1547 3376 1604; x_wconf 89' lang='lat' dir='ltr'><strong>devitandorum</strong></span> <span class='ocrx_word' id='word_1_564' title='bbox 3415 1564 3504 1605; x_wconf 85' lang='lat' dir='ltr'><strong>sa-</strong></span> 
     </span>
    </p>
   </div>
   <div class='ocr_carea' id='block_1_74' title="bbox 1915 1638 3505 1714">
    <p class='ocr_par' dir='ltr' id='par_1_74' title="bbox 1915 1638 3505 1714">
     <span class='ocr_line' id='line_1_74' title="bbox 1915 1638 3505 1714; baseline 0.006 -25"><span class='ocrx_word' id='word_1_565' title='bbox 1915 1644 2309 1691; x_wconf 87' lang='lat' dir='ltr'><strong>cramentorum</strong></span> <span class='ocrx_word' id='word_1_566' title='bbox 2331 1652 2507 1704; x_wconf 84' lang='lat' dir='ltr'><strong>causa,</strong></span> <span class='ocrx_word' id='word_1_567' title='bbox 2533 1638 2629 1694; x_wconf 90' lang='lat' dir='ltr'><strong>sed</strong></span> <span class='ocrx_word' id='word_1_568' title='bbox 2650 1638 2770 1709; x_wconf 90' lang='lat' dir='ltr'><strong>quia</strong></span> <span class='ocrx_word' id='word_1_569' title='bbox 2795 1641 3219 1710; x_wconf 89' lang='lat' dir='ltr'><strong>persecutionem</strong></span> <span class='ocrx_word' id='word_1_570' title='bbox 3239 1641 3304 1697; x_wconf 89' lang='lat' dir='ltr'><strong>ab</strong></span> <span class='ocrx_word' id='word_1_571' title='bbox 3328 1642 3505 1714; x_wconf 88' lang='lat' dir='ltr'><strong>impiis</strong></span> 
     </span>
    </p>
   </div>
   <div class='ocr_carea' id='block_1_75' title="bbox 1914 1726 3505 1806">
    <p class='ocr_par' dir='ltr' id='par_1_75' title="bbox 1914 1726 3505 1806">
     <span class='ocr_line' id='line_1_75' title="bbox 1914 1726 3505 1806; baseline 0.005 -24"><span class='ocrx_word' id='word_1_572' title='bbox 1914 1726 2129 1795; x_wconf 83' lang='lat' dir='ltr'><strong>regibus</strong></span> <span class='ocrx_word' id='word_1_573' title='bbox 2167 1727 2521 1797; x_wconf 88' lang='lat' dir='ltr'><strong>patiebantur.</strong></span> <span class='ocrx_word' id='word_1_574' title='bbox 2564 1729 2698 1786; x_wconf 90' lang='lat' dir='ltr'><strong>Nam</strong></span> <span class='ocrx_word' id='word_1_575' title='bbox 2740 1731 2847 1787; x_wconf 89' lang='lat' dir='ltr'><strong>illic</strong></span> <span class='ocrx_word' id='word_1_576' title='bbox 2876 1740 3065 1801; x_wconf 89' lang='lat' dir='ltr'><strong>erant,</strong></span> <span class='ocrx_word' id='word_1_577' title='bbox 3095 1748 3199 1789; x_wconf 92' lang='lat' dir='ltr'><strong>non</strong></span> <span class='ocrx_word' id='word_1_578' title='bbox 3239 1734 3420 1806; x_wconf 88' lang='lat' dir='ltr'><strong>utique</strong></span> <span class='ocrx_word' id='word_1_579' title='bbox 3448 1735 3505 1790; x_wconf 90' lang='lat' dir='ltr'><strong>in</strong></span> 
     </span>
    </p>
   </div>
   <div class='ocr_carea' id='block_1_76' title="bbox 1914 1819 3504 1900">
    <p class='ocr_par' dir='ltr' id='par_1_76' title="bbox 1914 1819 3504 1900">
     <span class='ocr_line' id='line_1_76' title="bbox 1914 1819 3504 1900; baseline 0.008 -27"><span class='ocrx_word' id='word_1_580' title='bbox 1914 1819 2219 1889; x_wconf 89' lang='lat' dir='ltr'><strong>solitudine,</strong></span> <span class='ocrx_word' id='word_1_581' title='bbox 2244 1832 2509 1893; x_wconf 84' lang='lat' dir='ltr'><strong>separata,</strong></span> <span class='ocrx_word' id='word_1_582' title='bbox 2527 1826 2772 1896; x_wconf 66' lang='lat' dir='ltr'><strong>qumipse</strong></span> <span class='ocrx_word' id='word_1_583' title='bbox 2804 1826 3081 1896; x_wconf 84' lang='lat' dir='ltr'><strong>ignorabat</strong></span> <span class='ocrx_word' id='word_1_584' title='bbox 3107 1826 3271 1895; x_wconf 88' lang='lat' dir='ltr'><strong>Elias,</strong></span> <span class='ocrx_word' id='word_1_585' title='bbox 3298 1838 3504 1900; x_wconf 89' lang='lat' dir='ltr'><strong>septem</strong></span> 
     </span>
    </p>
   </div>
   <div class='ocr_carea' id='block_1_77' title="bbox 1914 1910 3505 1989">
    <p class='ocr_par' dir='ltr' id='par_1_77' title="bbox 1914 1910 3505 1989">
     <span class='ocr_line' id='line_1_77' title="bbox 1914 1910 3505 1989; baseline 0.006 -24"><span class='ocrx_word' id='word_1_586' title='bbox 1914 1910 2081 1965; x_wconf 85' lang='lat' dir='ltr'><strong>millia</strong></span> <span class='ocrx_word' id='word_1_587' title='bbox 2111 1912 2343 1969; x_wconf 87' lang='lat' dir='ltr'><strong>virorum</strong></span> <span class='ocrx_word' id='word_1_588' title='bbox 2369 1916 2458 1985; x_wconf 90' lang='lat' dir='ltr'><strong>qui</strong></span> <span class='ocrx_word' id='word_1_589' title='bbox 2505 1931 2610 1971; x_wconf 90' lang='lat' dir='ltr'><strong>non</strong></span> <span class='ocrx_word' id='word_1_590' title='bbox 2656 1928 3011 1974; x_wconf 84' lang='lat' dir='ltr'><strong>curvaverunt</strong></span> <span class='ocrx_word' id='word_1_591' title='bbox 3051 1934 3188 1989; x_wconf 89' lang='lat' dir='ltr'><strong>genu</strong></span> <span class='ocrx_word' id='word_1_592' title='bbox 3225 1928 3350 1975; x_wconf 87' lang='lat' dir='ltr'><strong>ante</strong></span> <span class='ocrx_word' id='word_1_593' title='bbox 3376 1919 3505 1975; x_wconf 86' lang='lat' dir='ltr'><strong>Baal</strong></span> 
     </span>
    </p>
   </div>
   <div class='ocr_carea' id='block_1_78' title="bbox 1920 1999 3505 2079">
    <p class='ocr_par' dir='ltr' id='par_1_78' title="bbox 1920 1999 3505 2079">
     <span class='ocr_line' id='line_1_78' title="bbox 1920 1999 3505 2079; baseline 0.008 -26"><span class='ocrx_word' id='word_1_594' title='bbox 1920 2000 2008 2072; x_wconf 93' lang='lat' dir='ltr'><strong>(lll</strong></span> <span class='ocrx_word' id='word_1_595' title='bbox 2026 1999 2154 2072; x_wconf 83' lang='lat' dir='ltr'><strong>Reg.</strong></span> <span class='ocrx_word' id='word_1_596' title='bbox 2174 2005 2315 2075; x_wconf 75' lang='lat' dir='ltr'><strong>six).</strong></span> <span class='ocrx_word' id='word_1_597' title='bbox 2334 2005 2569 2076; x_wconf 84' lang='lat' dir='ltr'><strong>Denique</strong></span> <span class='ocrx_word' id='word_1_598' title='bbox 2587 2008 2722 2063; x_wconf 88' lang='lat' dir='ltr'><strong>inter</strong></span> <span class='ocrx_word' id='word_1_599' title='bbox 2745 2009 3040 2079; x_wconf 87' lang='lat' dir='ltr'><strong>praecipuos</strong></span> <span class='ocrx_word' id='word_1_600' title='bbox 3061 2019 3274 2065; x_wconf 90' lang='lat' dir='ltr'><strong>sanctos</strong></span> <span class='ocrx_word' id='word_1_601' title='bbox 3291 2009 3505 2067; x_wconf 88' lang='lat' dir='ltr'><strong>habitus</strong></span> 
     </span>
    </p>
   </div>
   <div class='ocr_carea' id='block_1_79' title="bbox 1914 2092 3505 2170">
    <p class='ocr_par' dir='ltr' id='par_1_79' title="bbox 1914 2092 3505 2170">
     <span class='ocr_line' id='line_1_79' title="bbox 1914 2092 3505 2170; baseline 0.006 -23"><span class='ocrx_word' id='word_1_602' title='bbox 1914 2092 2131 2150; x_wconf 88' lang='lat' dir='ltr'><strong>Samuel</strong></span> <span class='ocrx_word' id='word_1_603' title='bbox 2169 2104 2221 2150; x_wconf 92' lang='lat' dir='ltr'><strong>et</strong></span> <span class='ocrx_word' id='word_1_604' title='bbox 2249 2099 2481 2167; x_wconf 83' lang='lat' dir='ltr'><strong>graviter</strong></span> <span class='ocrx_word' id='word_1_605' title='bbox 2508 2097 2719 2154; x_wconf 77' lang='lat' dir='ltr'><strong>Saulem</strong></span> <span class='ocrx_word' id='word_1_606' title='bbox 2765 2100 3053 2170; x_wconf 89' lang='lat' dir='ltr'><strong>corripuit,</strong></span> <span class='ocrx_word' id='word_1_607' title='bbox 3085 2110 3287 2156; x_wconf 92' lang='lat' dir='ltr'><strong>etcum</strong></span> <span class='ocrx_word' id='word_1_608' title='bbox 3326 2116 3392 2157; x_wconf 91' lang='lat' dir='ltr'><strong>eo</strong></span> <span class='ocrx_word' id='word_1_609' title='bbox 3427 2109 3505 2156; x_wconf 88' lang='lat' dir='ltr'><strong>ta-</strong></span> 
     </span>
    </p>
   </div>
   <div class='ocr_carea' id='block_1_80' title="bbox 1914 2185 3505 2250">
    <p class='ocr_par' dir='ltr' id='par_1_80' title="bbox 1914 2185 3505 2250">
     <span class='ocr_line' id='line_1_80' title="bbox 1914 2185 3505 2250; baseline 0.006 -11"><span class='ocrx_word' id='word_1_610' title='bbox 1914 2200 2037 2242; x_wconf 89' lang='lat' dir='ltr'><strong>men</strong></span> <span class='ocrx_word' id='word_1_611' title='bbox 2062 2188 2129 2241; x_wconf 89' lang='lat' dir='ltr'><strong>ad</strong></span> <span class='ocrx_word' id='word_1_612' title='bbox 2156 2185 2485 2245; x_wconf 84' lang='lat' dir='ltr'><strong>oﬁ‘erendum</strong></span> <span class='ocrx_word' id='word_1_613' title='bbox 2526 2191 2753 2247; x_wconf 91' lang='lat' dir='ltr'><strong>Domino</strong></span> <span class='ocrx_word' id='word_1_614' title='bbox 2782 2192 3102 2247; x_wconf 90' lang='lat' dir='ltr'><strong>sacriﬁcium</strong></span> <span class='ocrx_word' id='word_1_615' title='bbox 3133 2192 3248 2249; x_wconf 88' lang='lat' dir='ltr'><strong>sine</strong></span> <span class='ocrx_word' id='word_1_616' title='bbox 3279 2208 3505 2250; x_wconf 85' lang='lat' dir='ltr'><strong>excusa-</strong></span> 
     </span>
    </p>
   </div>
   <div class='ocr_carea' id='block_1_81' title="bbox 1913 2277 3503 2356">
    <p class='ocr_par' dir='ltr' id='par_1_81' title="bbox 1913 2277 3503 2356">
     <span class='ocr_line' id='line_1_81' title="bbox 1913 2277 3503 2356; baseline 0.006 -24"><span class='ocrx_word' id='word_1_617' title='bbox 1913 2277 2058 2333; x_wconf 85' lang='lat' dir='ltr'><strong>tione</strong></span> <span class='ocrx_word' id='word_1_618' title='bbox 2086 2280 2319 2350; x_wconf 77' lang='lat' dir='ltr'><strong>perrexit</strong></span> <span class='ocrx_word' id='word_1_619' title='bbox 2337 2280 2393 2353; x_wconf 88' lang='grc' dir='ltr'><strong>(ι</strong></span> <span class='ocrx_word' id='word_1_620' title='bbox 2417 2281 2543 2353; x_wconf 86' lang='lat' dir='ltr'><strong>Reg.</strong></span> <span class='ocrx_word' id='word_1_621' title='bbox 2574 2283 2669 2353; x_wconf 81' lang='lat' dir='ltr'><strong>xv)</strong></span> <span class='ocrx_word' id='word_1_622' title='bbox 2692 2302 2703 2337; x_wconf 78' lang='grc' dir='ltr'>ε</span> <span class='ocrx_word' id='word_1_623' title='bbox 2724 2299 2822 2339; x_wconf 90' lang='lat' dir='ltr'><strong>nec</strong></span> <span class='ocrx_word' id='word_1_624' title='bbox 2864 2294 3204 2355; x_wconf 89' lang='lat' dir='ltr'><strong>peccatorum</strong></span> <span class='ocrx_word' id='word_1_625' title='bbox 3227 2285 3344 2356; x_wconf 84' lang='lat' dir='ltr'><strong>ejus</strong></span> <span class='ocrx_word' id='word_1_626' title='bbox 3370 2300 3503 2342; x_wconf 80' lang='lat' dir='ltr'><strong>con-</strong></span> 
     </span>
    </p>
   </div>
   <div class='ocr_carea' id='block_1_82' title="bbox 1914 2371 3505 2443">
    <p class='ocr_par' dir='ltr' id='par_1_82' title="bbox 1914 2371 3505 2443">
     <span class='ocr_line' id='line_1_82' title="bbox 1914 2371 3505 2443; baseline 0.008 -19"><span class='ocrx_word' id='word_1_627' title='bbox 1914 2371 2124 2443; x_wconf 78' lang='lat' dir='ltr'><strong>tagione</strong></span> <span class='ocrx_word' id='word_1_628' title='bbox 2153 2374 2386 2442; x_wconf 89' lang='lat' dir='ltr'><strong>pollutus</strong></span> <span class='ocrx_word' id='word_1_629' title='bbox 2426 2384 2529 2442; x_wconf 90' lang='lat' dir='ltr'><strong>est,</strong></span> <span class='ocrx_word' id='word_1_630' title='bbox 2560 2376 2654 2431; x_wconf 91' lang='lat' dir='ltr'><strong>sed</strong></span> <span class='ocrx_word' id='word_1_631' title='bbox 2682 2377 2901 2433; x_wconf 91' lang='lat' dir='ltr'><strong>omnino</strong></span> <span class='ocrx_word' id='word_1_632' title='bbox 2931 2379 3161 2435; x_wconf 91' lang='lat' dir='ltr'><strong>mundus</strong></span> <span class='ocrx_word' id='word_1_633' title='bbox 3187 2380 3505 2436; x_wconf 89' lang='lat' dir='ltr'><strong>meritorum</strong></span> 
     </span>
    </p>
   </div>
   <div class='ocr_carea' id='block_1_83' title="bbox 1912 2467 2899 2537">
    <p class='ocr_par' dir='ltr' id='par_1_83' title="bbox 1912 2467 2899 2537">
     <span class='ocr_line' id='line_1_83' title="bbox 1912 2467 2899 2537; baseline 0.006 -20"><span class='ocrx_word' id='word_1_634' title='bbox 1912 2478 2130 2518; x_wconf 90' lang='lat' dir='ltr'><strong>suorum</strong></span> <span class='ocrx_word' id='word_1_635' title='bbox 2156 2467 2565 2521; x_wconf 88' lang='lat' dir='ltr'><strong>conservatione</strong></span> <span class='ocrx_word' id='word_1_636' title='bbox 2587 2469 2899 2537; x_wconf 89' lang='lat' dir='ltr'><strong>permansit.</strong></span> 
     </span>
    </p>
   </div>
   <div class='ocr_carea' id='block_1_84' title="bbox 1984 2554 3499 2633">
    <p class='ocr_par' dir='ltr' id='par_1_84' title="bbox 1984 2554 3499 2633">
     <span class='ocr_line' id='line_1_84' title="bbox 1984 2554 3499 2633; baseline 0.005 -23"><span class='ocrx_word' id='word_1_637' title='bbox 1984 2554 2070 2610; x_wconf 79' lang='lat'><strong>50.</strong></span> <span class='ocrx_word' id='word_1_638' title='bbox 2112 2554 2216 2611; x_wconf 89' lang='lat' dir='ltr'><strong>Sed</strong></span> <span class='ocrx_word' id='word_1_639' title='bbox 2253 2555 2406 2611; x_wconf 90' lang='lat' dir='ltr'><strong>istam</strong></span> <span class='ocrx_word' id='word_1_640' title='bbox 2435 2558 2589 2613; x_wconf 91' lang='lat' dir='ltr'><strong>nobis</strong></span> <span class='ocrx_word' id='word_1_641' title='bbox 2631 2559 2980 2629; x_wconf 68' lang='lat' dir='ltr'><strong>qumstionem</strong></span> <span class='ocrx_word' id='word_1_642' title='bbox 3007 2562 3249 2633; x_wconf 86' lang='lat' dir='ltr'><strong>quamvis</strong></span> <span class='ocrx_word' id='word_1_643' title='bbox 3274 2560 3499 2618; x_wconf 88' lang='lat' dir='ltr'><strong>eviden-</strong></span> 
     </span>
    </p>
   </div>
   <div class='ocr_carea' id='block_1_85' title="bbox 1913 2647 3504 2725">
    <p class='ocr_par' dir='ltr' id='par_1_85' title="bbox 1913 2647 3504 2725">
     <span class='ocr_line' id='line_1_85' title="bbox 1913 2647 3504 2725; baseline 0.009 -24"><span class='ocrx_word' id='word_1_644' title='bbox 1913 2655 1996 2702; x_wconf 90' lang='lat' dir='ltr'><strong>ter</strong></span> <span class='ocrx_word' id='word_1_645' title='bbox 2040 2657 2093 2703; x_wconf 91' lang='lat' dir='ltr'><strong>et</strong></span> <span class='ocrx_word' id='word_1_646' title='bbox 2140 2648 2192 2703; x_wconf 92' lang='lat' dir='ltr'><strong>in</strong></span> <span class='ocrx_word' id='word_1_647' title='bbox 2237 2647 2533 2707; x_wconf 86' lang='lat' dir='ltr'><strong>Collatione</strong></span> <span class='ocrx_word' id='word_1_648' title='bbox 2569 2651 2813 2708; x_wconf 90' lang='lat' dir='ltr'><strong>etmodo</strong></span> <span class='ocrx_word' id='word_1_649' title='bbox 2855 2655 3027 2709; x_wconf 86' lang='lat' dir='ltr'><strong>soluta</strong></span> <span class='ocrx_word' id='word_1_650' title='bbox 3074 2656 3162 2725; x_wconf 86' lang='lat' dir='ltr'><strong>sit,</strong></span> <span class='ocrx_word' id='word_1_651' title='bbox 3207 2655 3504 2715; x_wconf 88' lang='lat' dir='ltr'><strong>evidentius</strong></span> 
     </span>
    </p>
   </div>
   <div class='ocr_carea' id='block_1_86' title="bbox 1911 2739 3505 2818">
    <p class='ocr_par' dir='ltr' id='par_1_86' title="bbox 1911 2739 3505 2818">
     <span class='ocr_line' id='line_1_86' title="bbox 1911 2739 3505 2818; baseline 0.008 -26"><span class='ocrx_word' id='word_1_652' title='bbox 1911 2745 2092 2794; x_wconf 88' lang='lat' dir='ltr'><strong>tamen</strong></span> <span class='ocrx_word' id='word_1_653' title='bbox 2121 2739 2291 2795; x_wconf 92' lang='lat' dir='ltr'><strong>solvat</strong></span> <span class='ocrx_word' id='word_1_654' title='bbox 2313 2742 2559 2812; x_wconf 78' lang='lat' dir='ltr'><strong>Aggaeus,</strong></span> <span class='ocrx_word' id='word_1_655' title='bbox 2584 2742 2735 2812; x_wconf 90' lang='lat' dir='ltr'><strong>cujus</strong></span> <span class='ocrx_word' id='word_1_656' title='bbox 2767 2745 3131 2801; x_wconf 90' lang='lat' dir='ltr'><strong>testimonium</strong></span> <span class='ocrx_word' id='word_1_657' title='bbox 3158 2762 3269 2818; x_wconf 70' lang='lat' dir='ltr'><strong>pra:</strong></span> <span class='ocrx_word' id='word_1_658' title='bbox 3291 2749 3505 2805; x_wconf 66' lang='lat' dir='ltr'><strong>caeteris</strong></span> 
     </span>
    </p>
   </div>
   <div class='ocr_carea' id='block_1_87' title="bbox 1910 2830 3505 2908">
    <p class='ocr_par' dir='ltr' id='par_1_87' title="bbox 1910 2830 3505 2908">
     <span class='ocr_line' id='line_1_87' title="bbox 1910 2830 3505 2908; baseline 0.006 -23"><span class='ocrx_word' id='word_1_659' title='bbox 1910 2830 2218 2901; x_wconf 88' lang='lat' dir='ltr'><strong>elegerunt,</strong></span> <span class='ocrx_word' id='word_1_660' title='bbox 2251 2841 2309 2887; x_wconf 90' lang='lat' dir='ltr'><strong>ut</strong></span> <span class='ocrx_word' id='word_1_661' title='bbox 2335 2832 2507 2889; x_wconf 91' lang='lat' dir='ltr'><strong>solum</strong></span> <span class='ocrx_word' id='word_1_662' title='bbox 2534 2832 2709 2889; x_wconf 88' lang='lat' dir='ltr'><strong>adhuc</strong></span> <span class='ocrx_word' id='word_1_663' title='bbox 2738 2850 2835 2908; x_wconf 89' lang='lat' dir='ltr'><strong>pro</strong></span> <span class='ocrx_word' id='word_1_664' title='bbox 2862 2837 3110 2893; x_wconf 90' lang='lat' dir='ltr'><strong>omnibus</strong></span> <span class='ocrx_word' id='word_1_665' title='bbox 3146 2838 3367 2907; x_wconf 89' lang='lat' dir='ltr'><strong>jactent.</strong></span> <span class='ocrx_word' id='word_1_666' title='bbox 3401 2841 3505 2895; x_wconf 83' lang='lat' dir='ltr'><strong>Ar-</strong></span> 
     </span>
    </p>
   </div>
   <div class='ocr_carea' id='block_1_88' title="bbox 1910 2922 3503 3004">
    <p class='ocr_par' dir='ltr' id='par_1_88' title="bbox 1910 2922 3503 3004">
     <span class='ocr_line' id='line_1_88' title="bbox 1910 2922 3503 3004; baseline 0.008 -29"><span class='ocrx_word' id='word_1_667' title='bbox 1910 2922 2026 2991; x_wconf 93' lang='lat' dir='ltr'><strong>guit</strong></span> <span class='ocrx_word' id='word_1_668' title='bbox 2055 2922 2311 2997; x_wconf 84' lang='lat' dir='ltr'><strong>Dominus</strong></span> <span class='ocrx_word' id='word_1_669' title='bbox 2341 2939 2437 2994; x_wconf 91' lang='lat' dir='ltr'><strong>per</strong></span> <span class='ocrx_word' id='word_1_670' title='bbox 2463 2926 2714 2997; x_wconf 78' lang='lat' dir='ltr'><strong>Aggaeum</strong></span> <span class='ocrx_word' id='word_1_671' title='bbox 2754 2926 3068 2999; x_wconf 87' lang='lat' dir='ltr'><strong>prophetam</strong></span> <span class='ocrx_word' id='word_1_672' title='bbox 3092 2970 3107 2996; x_wconf 95' lang='lat'><strong>,</strong></span> <span class='ocrx_word' id='word_1_673' title='bbox 3137 2931 3391 3004; x_wconf 92' lang='lat' dir='ltr'><strong>populum</strong></span> <span class='ocrx_word' id='word_1_674' title='bbox 3436 2947 3503 2988; x_wconf 82' lang='lat' dir='ltr'><strong>es</strong></span> 
     </span>
    </p>
   </div>
   <div class='ocr_carea' id='block_1_89' title="bbox 1910 3011 3505 3094">
    <p class='ocr_par' dir='ltr' id='par_1_89' title="bbox 1910 3011 3505 3094">
     <span class='ocr_line' id='line_1_89' title="bbox 1910 3011 3505 3094; baseline 0.008 -27"><span class='ocrx_word' id='word_1_675' title='bbox 1910 3011 2201 3085; x_wconf 86' lang='lat' dir='ltr'><strong>Babylonia</strong></span> <span class='ocrx_word' id='word_1_676' title='bbox 2254 3015 2557 3084; x_wconf 88' lang='lat' dir='ltr'><strong>residuum,</strong></span> <span class='ocrx_word' id='word_1_677' title='bbox 2608 3017 2695 3073; x_wconf 91' lang='lat' dir='ltr'><strong>ubi</strong></span> <span class='ocrx_word' id='word_1_678' title='bbox 2736 3017 2974 3091; x_wconf 90' lang='lat' dir='ltr'><strong>captivus</strong></span> <span class='ocrx_word' id='word_1_679' title='bbox 3018 3018 3331 3090; x_wconf 88' lang='lat' dir='ltr'><strong>tenebatur,</strong></span> <span class='ocrx_word' id='word_1_680' title='bbox 3364 3021 3505 3094; x_wconf 87' lang='lat' dir='ltr'><strong>quod</strong></span> 
     </span>
    </p>
   </div>
   <div class='ocr_carea' id='block_1_90' title="bbox 1912 3104 3505 3183">
    <p class='ocr_par' dir='ltr' id='par_1_90' title="bbox 1912 3104 3505 3183">
     <span class='ocr_line' id='line_1_90' title="bbox 1912 3104 3505 3183; baseline 0.008 -23"><span class='ocrx_word' id='word_1_681' title='bbox 1912 3104 2130 3162; x_wconf 90' lang='lat' dir='ltr'><strong>domum</strong></span> <span class='ocrx_word' id='word_1_682' title='bbox 2164 3107 2372 3164; x_wconf 89' lang='lat' dir='ltr'><strong>Domini</strong></span> <span class='ocrx_word' id='word_1_683' title='bbox 2417 3111 2774 3183; x_wconf 85' lang='lat' dir='ltr'><strong>negligerent,</strong></span> <span class='ocrx_word' id='word_1_684' title='bbox 2806 3122 2860 3168; x_wconf 90' lang='lat' dir='ltr'><strong>et</strong></span> <span class='ocrx_word' id='word_1_685' title='bbox 2899 3128 3023 3169; x_wconf 87' lang='lat' dir='ltr'><strong>suas</strong></span> <span class='ocrx_word' id='word_1_686' title='bbox 3065 3114 3253 3172; x_wconf 89' lang='lat' dir='ltr'><strong>domos</strong></span> <span class='ocrx_word' id='word_1_687' title='bbox 3292 3117 3505 3173; x_wconf 86' lang='lat' dir='ltr'><strong>excole-</strong></span> 
     </span>
    </p>
   </div>
   <div class='ocr_carea' id='block_1_91' title="bbox 1910 3201 3502 3276">
    <p class='ocr_par' dir='ltr' id='par_1_91' title="bbox 1910 3201 3502 3276">
     <span class='ocr_line' id='line_1_91' title="bbox 1910 3201 3502 3276; baseline 0.008 -23"><span class='ocrx_word' id='word_1_688' title='bbox 1910 3208 2034 3255; x_wconf 87' lang='lat' dir='ltr'><strong>rent</strong></span> <span class='ocrx_word' id='word_1_689' title='bbox 2054 3201 2073 3230; x_wconf 83' lang='grc'><strong><em>²</em></strong></span> <span class='ocrx_word' id='word_1_690' title='bbox 2100 3217 2114 3266; x_wconf 89' lang='grc'><strong>;</strong></span> <span class='ocrx_word' id='word_1_691' title='bbox 2147 3210 2200 3255; x_wconf 89' lang='lat' dir='ltr'><strong>et</strong></span> <span class='ocrx_word' id='word_1_692' title='bbox 2227 3201 2355 3256; x_wconf 84' lang='lat' dir='ltr'><strong>dicit</strong></span> <span class='ocrx_word' id='word_1_693' title='bbox 2399 3212 2678 3274; x_wconf 87' lang='lat' dir='ltr'><strong>propterea</strong></span> <span class='ocrx_word' id='word_1_694' title='bbox 2710 3219 2769 3259; x_wconf 91' lang='lat' dir='ltr'><strong>se</strong></span> <span class='ocrx_word' id='word_1_695' title='bbox 2798 3206 2950 3276; x_wconf 87' lang='lat' dir='ltr'><strong>plaga</strong></span> <span class='ocrx_word' id='word_1_696' title='bbox 2992 3208 3287 3263; x_wconf 87' lang='lat' dir='ltr'><strong>sterilitatis</strong></span> <span class='ocrx_word' id='word_1_697' title='bbox 3315 3224 3502 3267; x_wconf 89' lang='lat' dir='ltr'><strong>eorum</strong></span> 
     </span>
    </p>
   </div>
   <div class='ocr_carea' id='block_1_92' title="bbox 1910 3294 3502 3369">
    <p class='ocr_par' dir='ltr' id='par_1_92' title="bbox 1910 3294 3502 3369">
     <span class='ocr_line' id='line_1_92' title="bbox 1910 3294 3502 3369; baseline 0.006 -23"><span class='ocrx_word' id='word_1_698' title='bbox 1910 3294 2239 3365; x_wconf 91' lang='lat' dir='ltr'><strong>percussisse</strong></span> <span class='ocrx_word' id='word_1_699' title='bbox 2287 3294 2578 3369; x_wconf 80' lang='lat' dir='ltr'><strong>regionem.</strong></span> <span class='ocrx_word' id='word_1_700' title='bbox 2634 3295 2784 3351; x_wconf 90' lang='lat' dir='ltr'><strong>Tunc</strong></span> <span class='ocrx_word' id='word_1_701' title='bbox 2825 3297 3119 3355; x_wconf 82' lang='lat' dir='ltr'><strong>Zorobabel</strong></span> <span class='ocrx_word' id='word_1_702' title='bbox 3154 3299 3317 3355; x_wconf 87' lang='lat' dir='ltr'><strong>Filius</strong></span> <span class='ocrx_word' id='word_1_703' title='bbox 3347 3300 3502 3357; x_wconf 82' lang='lat' dir='ltr'><strong>Sala-</strong></span> 
     </span>
    </p>
   </div>
   <div class='ocr_carea' id='block_1_93' title="bbox 1911 3382 3505 3466">
    <p class='ocr_par' dir='ltr' id='par_1_93' title="bbox 1911 3382 3505 3466">
     <span class='ocr_line' id='line_1_93' title="bbox 1911 3382 3505 3466; baseline 0.008 -27"><span class='ocrx_word' id='word_1_704' title='bbox 1911 3382 2040 3441; x_wconf 81' lang='lat' dir='ltr'><strong>tliicl</strong></span> <span class='ocrx_word' id='word_1_705' title='bbox 2061 3428 2075 3451; x_wconf 94' lang='lat'><strong>,</strong></span> <span class='ocrx_word' id='word_1_706' title='bbox 2109 3395 2163 3441; x_wconf 90' lang='lat' dir='ltr'><strong>ct</strong></span> <span class='ocrx_word' id='word_1_707' title='bbox 2200 3387 2354 3443; x_wconf 88' lang='lat' dir='ltr'><strong>Jesus</strong></span> <span class='ocrx_word' id='word_1_708' title='bbox 2387 3388 2524 3443; x_wconf 85' lang='lat' dir='ltr'><strong>ﬁlius</strong></span> <span class='ocrx_word' id='word_1_709' title='bbox 2553 3387 2817 3445; x_wconf 80' lang='lat' dir='ltr'><strong>Iosedech</strong></span> <span class='ocrx_word' id='word_1_710' title='bbox 2863 3392 3112 3449; x_wconf 89' lang='lat' dir='ltr'><strong>sacerdos</strong></span> <span class='ocrx_word' id='word_1_711' title='bbox 3155 3409 3378 3466; x_wconf 86' lang='lat' dir='ltr'><strong>magnus</strong></span> <span class='ocrx_word' id='word_1_712' title='bbox 3402 3436 3416 3463; x_wconf 95' lang='lat'><strong>,</strong></span> <span class='ocrx_word' id='word_1_713' title='bbox 3450 3404 3505 3451; x_wconf 90' lang='lat' dir='ltr'><strong>et</strong></span> 
     </span>
    </p>
   </div>
   <div class='ocr_carea' id='block_1_94' title="bbox 1910 3477 3504 3557">
    <p class='ocr_par' dir='ltr' id='par_1_94' title="bbox 1910 3477 3504 3557">
     <span class='ocr_line' id='line_1_94' title="bbox 1910 3477 3504 3557; baseline 0.006 -25"><span class='ocrx_word' id='word_1_714' title='bbox 1910 3477 2086 3532; x_wconf 91' lang='lat' dir='ltr'><strong>omnis</strong></span> <span class='ocrx_word' id='word_1_715' title='bbox 2113 3477 2202 3533; x_wconf 93' lang='lat' dir='ltr'><strong>ille</strong></span> <span class='ocrx_word' id='word_1_716' title='bbox 2232 3479 2458 3550; x_wconf 87' lang='lat' dir='ltr'><strong>pepulus</strong></span> <span class='ocrx_word' id='word_1_717' title='bbox 2488 3479 2741 3537; x_wconf 88' lang='lat' dir='ltr'><strong>divinitus</strong></span> <span class='ocrx_word' id='word_1_718' title='bbox 2786 3482 3075 3555; x_wconf 90' lang='lat' dir='ltr'><strong>inspiratus</strong></span> <span class='ocrx_word' id='word_1_719' title='bbox 3106 3484 3315 3555; x_wconf 88' lang='lat' dir='ltr'><strong>operari</strong></span> <span class='ocrx_word' id='word_1_720' title='bbox 3341 3487 3504 3557; x_wconf 65' lang='lat' dir='ltr'><strong>coepit</strong></span> 
     </span>
    </p>
   </div>
   <div class='ocr_carea' id='block_1_95' title="bbox 1910 3567 3503 3648">
    <p class='ocr_par' dir='ltr' id='par_1_95' title="bbox 1910 3567 3503 3648">
     <span class='ocr_line' id='line_1_95' title="bbox 1910 3567 3503 3648; baseline 0.008 -27"><span class='ocrx_word' id='word_1_721' title='bbox 1910 3567 1962 3621; x_wconf 88' lang='lat' dir='ltr'><strong>iu</strong></span> <span class='ocrx_word' id='word_1_722' title='bbox 1994 3568 2153 3624; x_wconf 89' lang='lat' dir='ltr'><strong>domo</strong></span> <span class='ocrx_word' id='word_1_723' title='bbox 2182 3570 2391 3625; x_wconf 91' lang='lat' dir='ltr'><strong>Domini</strong></span> <span class='ocrx_word' id='word_1_724' title='bbox 2424 3571 2519 3627; x_wconf 91' lang='lat' dir='ltr'><strong>Dei</strong></span> <span class='ocrx_word' id='word_1_725' title='bbox 2549 3572 2652 3627; x_wconf 91' lang='lat' dir='ltr'><strong>sui.</strong></span> <span class='ocrx_word' id='word_1_726' title='bbox 2700 3573 2789 3629; x_wconf 90' lang='lat' dir='ltr'><strong>Sic</strong></span> <span class='ocrx_word' id='word_1_727' title='bbox 2820 3576 2962 3630; x_wconf 88' lang='lat' dir='ltr'><strong>enim</strong></span> <span class='ocrx_word' id='word_1_728' title='bbox 3008 3576 3193 3632; x_wconf 90' lang='lat' dir='ltr'><strong>eadem</strong></span> <span class='ocrx_word' id='word_1_729' title='bbox 3229 3576 3503 3648; x_wconf 86' lang='lat' dir='ltr'><strong>Scriptura</strong></span> 
     </span>
    </p>
   </div>
   <div class='ocr_carea' id='block_1_96' title="bbox 1908 3660 3503 3738">
    <p class='ocr_par' dir='ltr' id='par_1_96' title="bbox 1908 3660 3503 3738">
     <span class='ocr_line' id='line_1_96' title="bbox 1908 3660 3503 3738; baseline 0.006 -24"><span class='ocrx_word' id='word_1_730' title='bbox 1908 3660 2079 3715; x_wconf 86' lang='lat' dir='ltr'><strong>dicit:</strong></span> <span class='ocrx_word' id='word_1_731' title='bbox 2118 3661 2181 3716; x_wconf 87' lang='lat' dir='ltr'><strong>Et</strong></span> <span class='ocrx_word' id='word_1_732' title='bbox 2224 3665 2479 3718; x_wconf 85' lang='lat' dir='ltr'><strong>suscitavit</strong></span> <span class='ocrx_word' id='word_1_733' title='bbox 2524 3663 2770 3721; x_wconf 83' lang='lat' dir='ltr'><strong>Dominus</strong></span> <span class='ocrx_word' id='word_1_734' title='bbox 2812 3668 3044 3738; x_wconf 87' lang='lat' dir='ltr'><strong>spiritum</strong></span> <span class='ocrx_word' id='word_1_735' title='bbox 3085 3667 3363 3723; x_wconf 90' lang='lat' dir='ltr'><strong>Zorobabel</strong></span> <span class='ocrx_word' id='word_1_736' title='bbox 3404 3668 3503 3737; x_wconf 84' lang='lat' dir='ltr'><strong>ﬁlii</strong></span> 
     </span>
    </p>
   </div>
   <div class='ocr_carea' id='block_1_97' title="bbox 1909 3752 3498 3829">
    <p class='ocr_par' dir='ltr' id='par_1_97' title="bbox 1909 3752 3498 3829">
     <span class='ocr_line' id='line_1_97' title="bbox 1909 3752 3498 3829; baseline 0.004 -21"><span class='ocrx_word' id='word_1_737' title='bbox 1909 3752 2163 3808; x_wconf 86' lang='lat' dir='ltr'><strong>Salathiel</strong></span> <span class='ocrx_word' id='word_1_738' title='bbox 2192 3772 2253 3808; x_wconf 78' lang='lat' dir='ltr'><strong>ea:</strong></span> <span class='ocrx_word' id='word_1_739' title='bbox 2284 3757 2413 3809; x_wconf 80' lang='lat' dir='ltr'><strong>tribu</strong></span> <span class='ocrx_word' id='word_1_740' title='bbox 2436 3756 2595 3821; x_wconf 89' lang='lat' dir='ltr'><strong>Iuda,</strong></span> <span class='ocrx_word' id='word_1_741' title='bbox 2621 3768 2666 3812; x_wconf 90' lang='lat' dir='ltr'><strong>et</strong></span> <span class='ocrx_word' id='word_1_742' title='bbox 2698 3758 2951 3829; x_wconf 85' lang='lat' dir='ltr'><strong>Spiritum</strong></span> <span class='ocrx_word' id='word_1_743' title='bbox 2975 3759 3099 3814; x_wconf 85' lang='lat' dir='ltr'><strong>Iesu</strong></span> <span class='ocrx_word' id='word_1_744' title='bbox 3128 3761 3223 3829; x_wconf 74' lang='lat' dir='ltr'><strong>ﬁlii</strong></span> <span class='ocrx_word' id='word_1_745' title='bbox 3247 3760 3498 3816; x_wconf 74' lang='lat' dir='ltr'><strong>Iosedech</strong></span> 
     </span>
    </p>
   </div>
   <div class='ocr_carea' id='block_1_98' title="bbox 1906 3846 3494 3923">
    <p class='ocr_par' dir='ltr' id='par_1_98' title="bbox 1906 3846 3494 3923">
     <span class='ocr_line' id='line_1_98' title="bbox 1906 3846 3494 3923; baseline 0.005 -25"><span class='ocrx_word' id='word_1_746' title='bbox 1906 3846 2183 3899; x_wconf 81' lang='lat' dir='ltr'><strong>sacerdotis</strong></span> <span class='ocrx_word' id='word_1_747' title='bbox 2210 3849 2399 3917; x_wconf 87' lang='lat' dir='ltr'><strong>magni,</strong></span> <span class='ocrx_word' id='word_1_748' title='bbox 2434 3856 2479 3901; x_wconf 87' lang='lat' dir='ltr'><strong>et</strong></span> <span class='ocrx_word' id='word_1_749' title='bbox 2504 3849 2740 3917; x_wconf 85' lang='lat' dir='ltr'><strong>spiritum</strong></span> <span class='ocrx_word' id='word_1_750' title='bbox 2766 3851 3081 3905; x_wconf 86' lang='lat' dir='ltr'><strong>residuorum</strong></span> <span class='ocrx_word' id='word_1_751' title='bbox 3107 3853 3268 3906; x_wconf 86' lang='lat' dir='ltr'><strong>omnis</strong></span> <span class='ocrx_word' id='word_1_752' title='bbox 3297 3852 3494 3923; x_wconf 82' lang='lat' dir='ltr'><strong>pepuli,</strong></span> 
     </span>
    </p>
   </div>
   <div class='ocr_carea' id='block_1_99' title="bbox 1907 3937 3503 4012">
    <p class='ocr_par' dir='ltr' id='par_1_99' title="bbox 1907 3937 3503 4012">
     <span class='ocr_line' id='line_1_99' title="bbox 1907 3937 3503 4012; baseline 0.004 -21"><span class='ocrx_word' id='word_1_753' title='bbox 1907 3947 1953 3991; x_wconf 90' lang='lat' dir='ltr'><strong>et</strong></span> <span class='ocrx_word' id='word_1_754' title='bbox 1980 3937 2277 3992; x_wconf 85' lang='lat' dir='ltr'><strong>introierunt</strong></span> <span class='ocrx_word' id='word_1_755' title='bbox 2306 3948 2351 3993; x_wconf 85' lang='lat' dir='ltr'><strong>et</strong></span> <span class='ocrx_word' id='word_1_756' title='bbox 2378 3940 2629 4009; x_wconf 79' lang='lat' dir='ltr'><strong>faciebant</strong></span> <span class='ocrx_word' id='word_1_757' title='bbox 2659 3958 2811 4012; x_wconf 85' lang='lat' dir='ltr'><strong>opera</strong></span> <span class='ocrx_word' id='word_1_758' title='bbox 2841 3943 2892 3997; x_wconf 89' lang='lat' dir='ltr'><strong>in</strong></span> <span class='ocrx_word' id='word_1_759' title='bbox 2921 3942 3070 3999; x_wconf 85' lang='lat' dir='ltr'><strong>domo</strong></span> <span class='ocrx_word' id='word_1_760' title='bbox 3091 3941 3300 3998; x_wconf 87' lang='lat' dir='ltr'><strong>Domini</strong></span> <span class='ocrx_word' id='word_1_761' title='bbox 3340 3945 3503 3998; x_wconf 86' lang='lat' dir='ltr'><strong>omni-</strong></span> 
     </span>
    </p>
   </div>
   <div class='ocr_carea' id='block_1_100' title="bbox 1908 4029 3501 4104">
    <p class='ocr_par' dir='ltr' id='par_1_100' title="bbox 1908 4029 3501 4104">
     <span class='ocr_line' id='line_1_100' title="bbox 1908 4029 3501 4104; baseline 0.004 -20"><span class='ocrx_word' id='word_1_762' title='bbox 1908 4032 2123 4101; x_wconf 83' lang='lat' dir='ltr'><strong>potentis</strong></span> <span class='ocrx_word' id='word_1_763' title='bbox 2148 4029 2245 4086; x_wconf 89' lang='lat' dir='ltr'><strong>Dei</strong></span> <span class='ocrx_word' id='word_1_764' title='bbox 2273 4035 2370 4098; x_wconf 88' lang='lat' dir='ltr'><strong>sui,</strong></span> <span class='ocrx_word' id='word_1_765' title='bbox 2394 4043 2575 4103; x_wconf 87' lang='lat' dir='ltr'><strong>quarta</strong></span> <span class='ocrx_word' id='word_1_766' title='bbox 2604 4043 2650 4087; x_wconf 87' lang='lat' dir='ltr'><strong>et</strong></span> <span class='ocrx_word' id='word_1_767' title='bbox 2677 4035 2908 4093; x_wconf 83' lang='lat' dir='ltr'><strong>vicesima</strong></span> <span class='ocrx_word' id='word_1_768' title='bbox 2934 4038 3115 4092; x_wconf 81' lang='lat' dir='ltr'><strong>mensis</strong></span> <span class='ocrx_word' id='word_1_769' title='bbox 3142 4036 3290 4104; x_wconf 69' lang='lat' dir='ltr'><strong>sexti,</strong></span> <span class='ocrx_word' id='word_1_770' title='bbox 3320 4052 3501 4092; x_wconf 83' lang='lat' dir='ltr'><strong>secun-</strong></span> 
     </span>
    </p>
   </div>
   <div class='ocr_carea' id='block_1_101' title="bbox 1907 4123 3499 4197">
    <p class='ocr_par' dir='ltr' id='par_1_101' title="bbox 1907 4123 3499 4197">
     <span class='ocr_line' id='line_1_101' title="bbox 1907 4123 3499 4197; baseline 0.004 -19"><span class='ocrx_word' id='word_1_771' title='bbox 1907 4124 1973 4178; x_wconf 88' lang='lat' dir='ltr'><strong>do</strong></span> <span class='ocrx_word' id='word_1_772' title='bbox 2004 4141 2136 4179; x_wconf 86' lang='lat' dir='ltr'><strong>anno</strong></span> <span class='ocrx_word' id='word_1_773' title='bbox 2180 4126 2269 4179; x_wconf 87' lang='lat' dir='ltr'><strong>sub</strong></span> <span class='ocrx_word' id='word_1_774' title='bbox 2302 4123 2463 4180; x_wconf 87' lang='lat' dir='ltr'><strong>Dario</strong></span> <span class='ocrx_word' id='word_1_775' title='bbox 2510 4142 2642 4197; x_wconf 88' lang='lat' dir='ltr'><strong>rege.</strong></span> <span class='ocrx_word' id='word_1_776' title='bbox 2694 4125 2834 4183; x_wconf 89' lang='lat' dir='ltr'><strong>Ecce</strong></span> <span class='ocrx_word' id='word_1_777' title='bbox 2876 4136 2930 4183; x_wconf 91' lang='lat' dir='ltr'><strong>et</strong></span> <span class='ocrx_word' id='word_1_778' title='bbox 2966 4126 3080 4183; x_wconf 88' lang='lat' dir='ltr'><strong>dies</strong></span> <span class='ocrx_word' id='word_1_779' title='bbox 3126 4136 3183 4184; x_wconf 91' lang='lat' dir='ltr'><strong>et</strong></span> <span class='ocrx_word' id='word_1_780' title='bbox 3218 4127 3417 4184; x_wconf 90' lang='lat' dir='ltr'><strong>mensis</strong></span> <span class='ocrx_word' id='word_1_781' title='bbox 3444 4136 3499 4185; x_wconf 91' lang='lat' dir='ltr'><strong>et</strong></span> 
     </span>
    </p>
   </div>
   <div class='ocr_carea' id='block_1_102' title="bbox 1906 4217 3497 4291">
    <p class='ocr_par' dir='ltr' id='par_1_102' title="bbox 1906 4217 3497 4291">
     <span class='ocr_line' id='line_1_102' title="bbox 1906 4217 3497 4291; baseline 0.002 -19"><span class='ocrx_word' id='word_1_782' title='bbox 1906 4232 2077 4273; x_wconf 89' lang='lat' dir='ltr'><strong>annus</strong></span> <span class='ocrx_word' id='word_1_783' title='bbox 2105 4218 2124 4248; x_wconf 85' lang='grc'><strong>³</strong></span> <span class='ocrx_word' id='word_1_784' title='bbox 2151 4217 2401 4275; x_wconf 86' lang='lat' dir='ltr'><strong>deﬁnitus</strong></span> <span class='ocrx_word' id='word_1_785' title='bbox 2428 4226 2529 4285; x_wconf 88' lang='lat' dir='ltr'><strong>est,</strong></span> <span class='ocrx_word' id='word_1_786' title='bbox 2560 4218 2772 4291; x_wconf 87' lang='lat' dir='ltr'><strong>quando</strong></span> <span class='ocrx_word' id='word_1_787' title='bbox 2811 4220 3143 4281; x_wconf 85' lang='lat' dir='ltr'><strong>intraverunt</strong></span> <span class='ocrx_word' id='word_1_788' title='bbox 3170 4219 3237 4279; x_wconf 91' lang='lat' dir='ltr'><strong>ad</strong></span> <span class='ocrx_word' id='word_1_789' title='bbox 3265 4233 3497 4291; x_wconf 86' lang='lat' dir='ltr'><strong>operan-</strong></span> 
     </span>
    </p>
   </div>
   <div class='ocr_carea' id='block_1_103' title="bbox 1906 4310 3495 4387">
    <p class='ocr_par' dir='ltr' id='par_1_103' title="bbox 1906 4310 3495 4387">
     <span class='ocr_line' id='line_1_103' title="bbox 1906 4310 3495 4387; baseline 0.003 -21"><span class='ocrx_word' id='word_1_790' title='bbox 1906 4310 2034 4366; x_wconf 89' lang='lat' dir='ltr'><strong>dum</strong></span> <span class='ocrx_word' id='word_1_791' title='bbox 2064 4311 2116 4366; x_wconf 90' lang='lat' dir='ltr'><strong>in</strong></span> <span class='ocrx_word' id='word_1_792' title='bbox 2147 4311 2307 4368; x_wconf 92' lang='lat' dir='ltr'><strong>domo</strong></span> <span class='ocrx_word' id='word_1_793' title='bbox 2337 4312 2449 4369; x_wconf 92' lang='lat' dir='ltr'><strong>Dei.</strong></span> <span class='ocrx_word' id='word_1_794' title='bbox 2480 4313 2653 4371; x_wconf 84' lang='lat' dir='ltr'><strong>Credo</strong></span> <span class='ocrx_word' id='word_1_795' title='bbox 2693 4314 2836 4386; x_wconf 89' lang='lat' dir='ltr'><strong>quod</strong></span> <span class='ocrx_word' id='word_1_796' title='bbox 2868 4313 2945 4370; x_wconf 92' lang='lat' dir='ltr'><strong>illi</strong></span> <span class='ocrx_word' id='word_1_797' title='bbox 2974 4314 3092 4380; x_wconf 85' lang='lat' dir='ltr'><strong>viri,</strong></span> <span class='ocrx_word' id='word_1_798' title='bbox 3123 4324 3177 4371; x_wconf 92' lang='lat' dir='ltr'><strong>et</strong></span> <span class='ocrx_word' id='word_1_799' title='bbox 3206 4316 3292 4377; x_wconf 90' lang='lat' dir='ltr'><strong>ille</strong></span> <span class='ocrx_word' id='word_1_800' title='bbox 3322 4330 3495 4387; x_wconf 87' lang='lat' dir='ltr'><strong>popu-</strong></span> 
     </span>
    </p>
   </div>
   <div class='ocr_carea' id='block_1_104' title="bbox 1906 4401 3495 4478">
    <p class='ocr_par' dir='ltr' id='par_1_104' title="bbox 1906 4401 3495 4478">
     <span class='ocr_line' id='line_1_104' title="bbox 1906 4401 3495 4478; baseline 0.007 -22"><span class='ocrx_word' id='word_1_801' title='bbox 1906 4401 1991 4457; x_wconf 92' lang='lat' dir='ltr'><strong>lus</strong></span> <span class='ocrx_word' id='word_1_802' title='bbox 2017 4418 2243 4474; x_wconf 90' lang='lat' dir='ltr'><strong>operans</strong></span> <span class='ocrx_word' id='word_1_803' title='bbox 2274 4404 2327 4461; x_wconf 92' lang='lat' dir='ltr'><strong>in</strong></span> <span class='ocrx_word' id='word_1_804' title='bbox 2354 4404 2515 4461; x_wconf 90' lang='lat' dir='ltr'><strong>domo</strong></span> <span class='ocrx_word' id='word_1_805' title='bbox 2546 4406 2640 4463; x_wconf 90' lang='lat' dir='ltr'><strong>Dei</strong></span> <span class='ocrx_word' id='word_1_806' title='bbox 2670 4421 2775 4465; x_wconf 89' lang='lat' dir='ltr'><strong>non</strong></span> <span class='ocrx_word' id='word_1_807' title='bbox 2806 4416 2920 4463; x_wconf 85' lang='lat' dir='ltr'><strong>erat</strong></span> <span class='ocrx_word' id='word_1_808' title='bbox 2961 4407 3309 4474; x_wconf 84' lang='lat' dir='ltr'><strong>immundus;</strong></span> <span class='ocrx_word' id='word_1_809' title='bbox 3354 4422 3495 4478; x_wconf 69' lang='lat' dir='ltr'><strong>prte-</strong></span> 
     </span>
    </p>
   </div>
   <div class='ocr_carea' id='block_1_105' title="bbox 1903 4496 3496 4571">
    <p class='ocr_par' dir='ltr' id='par_1_105' title="bbox 1903 4496 3496 4571">
     <span class='ocr_line' id='line_1_105' title="bbox 1903 4496 3496 4571; baseline 0.003 -18"><span class='ocrx_word' id='word_1_810' title='bbox 1903 4496 2089 4553; x_wconf 89' lang='lat' dir='ltr'><strong>sertim</strong></span> <span class='ocrx_word' id='word_1_811' title='bbox 2134 4496 2254 4567; x_wconf 88' lang='lat' dir='ltr'><strong>quia</strong></span> <span class='ocrx_word' id='word_1_812' title='bbox 2300 4497 2506 4553; x_wconf 76' lang='lat' dir='ltr'><strong>dixerat</strong></span> <span class='ocrx_word' id='word_1_813' title='bbox 2534 4498 2582 4555; x_wconf 91' lang='lat' dir='ltr'><strong>ei</strong></span> <span class='ocrx_word' id='word_1_814' title='bbox 2612 4498 2901 4566; x_wconf 90' lang='lat' dir='ltr'><strong>Dominus,</strong></span> <span class='ocrx_word' id='word_1_815' title='bbox 2954 4499 3060 4571; x_wconf 82' lang='lat' dir='ltr'><strong>Ego</strong></span> <span class='ocrx_word' id='word_1_816' title='bbox 3104 4500 3395 4564; x_wconf 84' lang='lat' dir='ltr'><strong>vobiscum;</strong></span> <span class='ocrx_word' id='word_1_817' title='bbox 3442 4508 3496 4557; x_wconf 90' lang='lat' dir='ltr'><strong>et</strong></span> 
     </span>
    </p>
   </div>
   <div class='ocr_carea' id='block_1_106' title="bbox 1903 4588 3493 4663">
    <p class='ocr_par' dir='ltr' id='par_1_106' title="bbox 1903 4588 3493 4663">
     <span class='ocr_line' id='line_1_106' title="bbox 1903 4588 3493 4663; baseline 0.005 -22"><span class='ocrx_word' id='word_1_818' title='bbox 1903 4588 2254 4645; x_wconf 86' lang='lat' dir='ltr'><strong>suscitaverat</strong></span> <span class='ocrx_word' id='word_1_819' title='bbox 2294 4590 2541 4659; x_wconf 88' lang='lat' dir='ltr'><strong>spiritum</strong></span> <span class='ocrx_word' id='word_1_820' title='bbox 2580 4606 2767 4647; x_wconf 87' lang='lat' dir='ltr'><strong>eorum</strong></span> <span class='ocrx_word' id='word_1_821' title='bbox 2798 4590 2863 4646; x_wconf 87' lang='lat' dir='ltr'><strong>ad</strong></span> <span class='ocrx_word' id='word_1_822' title='bbox 2908 4591 3046 4648; x_wconf 89' lang='lat' dir='ltr'><strong>bene</strong></span> <span class='ocrx_word' id='word_1_823' title='bbox 3076 4592 3405 4663; x_wconf 76' lang='lat' dir='ltr'><strong>operantium</strong></span> <span class='ocrx_word' id='word_1_824' title='bbox 3439 4594 3493 4649; x_wconf 91' lang='lat' dir='ltr'><strong>in</strong></span> 
     </span>
    </p>
   </div>
   <div class='ocr_carea' id='block_1_107' title="bbox 1901 4676 3497 4755">
    <p class='ocr_par' dir='ltr' id='par_1_107' title="bbox 1901 4676 3497 4755">
     <span class='ocr_line' id='line_1_107' title="bbox 1901 4676 3497 4755; baseline 0.006 -22"><span class='ocrx_word' id='word_1_825' title='bbox 1901 4676 2062 4735; x_wconf 91' lang='lat' dir='ltr'><strong>domo</strong></span> <span class='ocrx_word' id='word_1_826' title='bbox 2107 4696 2221 4736; x_wconf 91' lang='lat' dir='ltr'><strong>sua.</strong></span> <span class='ocrx_word' id='word_1_827' title='bbox 2272 4680 2512 4752; x_wconf 86' lang='lat' dir='ltr'><strong>Denique</strong></span> <span class='ocrx_word' id='word_1_828' title='bbox 2555 4681 2729 4738; x_wconf 89' lang='lat' dir='ltr'><strong>videte</strong></span> <span class='ocrx_word' id='word_1_829' title='bbox 2773 4682 2900 4753; x_wconf 90' lang='lat' dir='ltr'><strong>quid</strong></span> <span class='ocrx_word' id='word_1_830' title='bbox 2945 4685 3215 4755; x_wconf 84' lang='lat' dir='ltr'><strong>sequitur;</strong></span> <span class='ocrx_word' id='word_1_831' title='bbox 3258 4686 3497 4743; x_wconf 77' lang='lat' dir='ltr'><strong>contexit</strong></span> 
     </span>
    </p>
   </div>
   <div class='ocr_carea' id='block_1_108' title="bbox 1902 4769 3494 4845">
    <p class='ocr_par' dir='ltr' id='par_1_108' title="bbox 1902 4769 3494 4845">
     <span class='ocr_line' id='line_1_108' title="bbox 1902 4769 3494 4845; baseline 0.003 -18"><span class='ocrx_word' id='word_1_832' title='bbox 1902 4770 2045 4827; x_wconf 85' lang='lat' dir='ltr'><strong>enim</strong></span> <span class='ocrx_word' id='word_1_833' title='bbox 2076 4772 2265 4827; x_wconf 89' lang='lat' dir='ltr'><strong>eadem</strong></span> <span class='ocrx_word' id='word_1_834' title='bbox 2297 4769 2570 4841; x_wconf 86' lang='lat' dir='ltr'><strong>Scriptura</strong></span> <span class='ocrx_word' id='word_1_835' title='bbox 2611 4781 2665 4828; x_wconf 89' lang='lat' dir='ltr'><strong>et</strong></span> <span class='ocrx_word' id='word_1_836' title='bbox 2701 4772 2829 4827; x_wconf 90' lang='lat' dir='ltr'><strong>dicit</strong></span> <span class='ocrx_word' id='word_1_837' title='bbox 2859 4791 2870 4827; x_wconf 91' lang='lat'>:</span> <span class='ocrx_word' id='word_1_838' title='bbox 2906 4772 3133 4845; x_wconf 84' lang='lat' dir='ltr'><strong>Septimo</strong></span> <span class='ocrx_word' id='word_1_839' title='bbox 3162 4792 3355 4843; x_wconf 83' lang='lat' dir='ltr'><strong>mense,</strong></span> <span class='ocrx_word' id='word_1_840' title='bbox 3392 4794 3494 4831; x_wconf 89' lang='lat' dir='ltr'><strong>una</strong></span> 
     </span>
    </p>
   </div>
   <div class='ocr_carea' id='block_1_109' title="bbox 1902 4862 3493 4939">
    <p class='ocr_par' dir='ltr' id='par_1_109' title="bbox 1902 4862 3493 4939">
     <span class='ocr_line' id='line_1_109' title="bbox 1902 4862 3493 4939; baseline 0.002 -22"><span class='ocrx_word' id='word_1_841' title='bbox 1902 4872 1949 4917; x_wconf 90' lang='lat' dir='ltr'><strong>et</strong></span> <span class='ocrx_word' id='word_1_842' title='bbox 1977 4862 2209 4917; x_wconf 79' lang='lat' dir='ltr'><strong>vicesima</strong></span> <span class='ocrx_word' id='word_1_843' title='bbox 2236 4865 2437 4929; x_wconf 87' lang='lat' dir='ltr'><strong>mensis,</strong></span> <span class='ocrx_word' id='word_1_844' title='bbox 2467 4864 2667 4917; x_wconf 86' lang='lat' dir='ltr'><strong>locutus</strong></span> <span class='ocrx_word' id='word_1_845' title='bbox 2694 4873 2764 4918; x_wconf 87' lang='lat' dir='ltr'><strong>est</strong></span> <span class='ocrx_word' id='word_1_846' title='bbox 2792 4865 3039 4921; x_wconf 88' lang='lat' dir='ltr'><strong>Dominus</strong></span> <span class='ocrx_word' id='word_1_847' title='bbox 3066 4868 3117 4921; x_wconf 91' lang='lat' dir='ltr'><strong>in</strong></span> <span class='ocrx_word' id='word_1_848' title='bbox 3144 4885 3296 4923; x_wconf 88' lang='lat' dir='ltr'><strong>manu</strong></span> <span class='ocrx_word' id='word_1_849' title='bbox 3316 4868 3493 4939; x_wconf 75' lang='lat' dir='ltr'><strong>Aggwi</strong></span> 
     </span>
    </p>
   </div>
   <div class='ocr_carea' id='block_1_110' title="bbox 1902 4952 3491 5025">
    <p class='ocr_par' dir='ltr' id='par_1_110' title="bbox 1902 4952 3491 5025">
     <span class='ocr_line' id='line_1_110' title="bbox 1902 4952 3491 5025; baseline 0.004 -20"><span class='ocrx_word' id='word_1_850' title='bbox 1902 4952 2159 5022; x_wconf 76' lang='lat' dir='ltr'><strong>praphetw</strong></span> <span class='ocrx_word' id='word_1_851' title='bbox 2184 4953 2354 5007; x_wconf 89' lang='lat' dir='ltr'><strong>dicens</strong></span> <span class='ocrx_word' id='word_1_852' title='bbox 2383 4954 2450 5007; x_wconf 85' lang='lat' dir='ltr'><strong>ad</strong></span> <span class='ocrx_word' id='word_1_853' title='bbox 2484 4953 2764 5011; x_wconf 87' lang='lat' dir='ltr'><strong>Zorobabel</strong></span> <span class='ocrx_word' id='word_1_854' title='bbox 2792 4957 2956 5025; x_wconf 85' lang='lat' dir='ltr'><strong>ﬁlium</strong></span> <span class='ocrx_word' id='word_1_855' title='bbox 2983 4958 3237 5013; x_wconf 87' lang='lat' dir='ltr'><strong>Salathiel</strong></span> <span class='ocrx_word' id='word_1_856' title='bbox 3266 4976 3327 5014; x_wconf 77' lang='lat' dir='ltr'><strong>ex</strong></span> <span class='ocrx_word' id='word_1_857' title='bbox 3356 4958 3491 5013; x_wconf 85' lang='lat' dir='ltr'><strong>tribu</strong></span> 
     </span>
    </p>
   </div>
   <div class='ocr_carea' id='block_1_111' title="bbox 1898 5043 3483 5122">
    <p class='ocr_par' dir='ltr' id='par_1_111' title="bbox 1898 5043 3483 5122">
     <span class='ocr_line' id='line_1_111' title="bbox 1898 5043 3483 5122; baseline 0.006 -25"><span class='ocrx_word' id='word_1_858' title='bbox 1898 5044 2057 5110; x_wconf 89' lang='lat' dir='ltr'><strong>Iuda,</strong></span> <span class='ocrx_word' id='word_1_859' title='bbox 2082 5054 2129 5097; x_wconf 89' lang='lat' dir='ltr'><strong>et</strong></span> <span class='ocrx_word' id='word_1_860' title='bbox 2150 5045 2215 5097; x_wconf 86' lang='lat' dir='ltr'><strong>ad</strong></span> <span class='ocrx_word' id='word_1_861' title='bbox 2229 5043 2407 5098; x_wconf 85' lang='lat' dir='ltr'><strong>Iesum</strong></span> <span class='ocrx_word' id='word_1_862' title='bbox 2435 5046 2596 5106; x_wconf 78' lang='lat' dir='ltr'><strong>ﬁlium</strong></span> <span class='ocrx_word' id='word_1_863' title='bbox 2612 5046 2861 5103; x_wconf 84' lang='lat' dir='ltr'><strong>Iosedech</strong></span> <span class='ocrx_word' id='word_1_864' title='bbox 2886 5051 3195 5105; x_wconf 82' lang='lat' dir='ltr'><strong>sacerdotem</strong></span> <span class='ocrx_word' id='word_1_865' title='bbox 3222 5068 3483 5122; x_wconf 86' lang='lat' dir='ltr'><strong>magnum,</strong></span> 
     </span>
    </p>
   </div>
   <div class='ocr_carea' id='block_1_112' title="bbox 1899 5138 3485 5211">
    <p class='ocr_par' dir='ltr' id='par_1_112' title="bbox 1899 5138 3485 5211">
     <span class='ocr_line' id='line_1_112' title="bbox 1899 5138 3485 5211; baseline 0.006 -21"><span class='ocrx_word' id='word_1_866' title='bbox 1899 5146 1944 5190; x_wconf 89' lang='lat' dir='ltr'><strong>et</strong></span> <span class='ocrx_word' id='word_1_867' title='bbox 1971 5138 2038 5190; x_wconf 85' lang='lat' dir='ltr'><strong>ad</strong></span> <span class='ocrx_word' id='word_1_868' title='bbox 2065 5154 2260 5191; x_wconf 87' lang='lat' dir='ltr'><strong>omnent</strong></span> <span class='ocrx_word' id='word_1_869' title='bbox 2292 5138 2535 5207; x_wconf 81' lang='lat' dir='ltr'><strong>papulunt</strong></span> <span class='ocrx_word' id='word_1_870' title='bbox 2564 5142 2818 5197; x_wconf 85' lang='lat' dir='ltr'><strong>residuum</strong></span> <span class='ocrx_word' id='word_1_871' title='bbox 2839 5185 2853 5211; x_wconf 90' lang='lat'><strong>,</strong></span> <span class='ocrx_word' id='word_1_872' title='bbox 2885 5145 3075 5209; x_wconf 84' lang='lat' dir='ltr'><strong>dicens,</strong></span> <span class='ocrx_word' id='word_1_873' title='bbox 3110 5145 3233 5209; x_wconf 83' lang='lat' dir='ltr'><strong>Quis</strong></span> <span class='ocrx_word' id='word_1_874' title='bbox 3262 5161 3324 5200; x_wconf 77' lang='lat' dir='ltr'><strong>ea:</strong></span> <span class='ocrx_word' id='word_1_875' title='bbox 3350 5147 3485 5200; x_wconf 85' lang='lat' dir='ltr'><strong>vobis</strong></span> 
     </span>
    </p>
   </div>
   <div class='ocr_carea' id='block_1_113' title="bbox 1897 5231 3485 5308">
    <p class='ocr_par' dir='ltr' id='par_1_113' title="bbox 1897 5231 3485 5308">
     <span class='ocr_line' id='line_1_113' title="bbox 1897 5231 3485 5308; baseline 0.006 -24"><span class='ocrx_word' id='word_1_876' title='bbox 1897 5231 1982 5299; x_wconf 87' lang='lat' dir='ltr'><strong>qui</strong></span> <span class='ocrx_word' id='word_1_877' title='bbox 2014 5232 2130 5284; x_wconf 77' lang='lat' dir='ltr'><strong>vidit</strong></span> <span class='ocrx_word' id='word_1_878' title='bbox 2159 5233 2361 5285; x_wconf 90' lang='lat' dir='ltr'><strong>domum</strong></span> <span class='ocrx_word' id='word_1_879' title='bbox 2391 5234 2520 5287; x_wconf 87' lang='lat' dir='ltr'><strong>hanc</strong></span> <span class='ocrx_word' id='word_1_880' title='bbox 2549 5236 2600 5288; x_wconf 88' lang='lat' dir='ltr'><strong>in</strong></span> <span class='ocrx_word' id='word_1_881' title='bbox 2644 5237 2872 5291; x_wconf 86' lang='lat' dir='ltr'><strong>claritate</strong></span> <span class='ocrx_word' id='word_1_882' title='bbox 2896 5238 2987 5291; x_wconf 88' lang='lat' dir='ltr'><strong>illa</strong></span> <span class='ocrx_word' id='word_1_883' title='bbox 3013 5254 3104 5291; x_wconf 83' lang='lat' dir='ltr'><strong>sua</strong></span> <span class='ocrx_word' id='word_1_884' title='bbox 3132 5239 3387 5308; x_wconf 85' lang='lat' dir='ltr'><strong>pristina?</strong></span> <span class='ocrx_word' id='word_1_885' title='bbox 3415 5240 3485 5293; x_wconf 86' lang='lat' dir='ltr'><strong>Et</strong></span> 
     </span>
    </p>
   </div>
   <div class='ocr_carea' id='block_1_114' title="bbox 1895 5323 3482 5398">
    <p class='ocr_par' dir='ltr' id='par_1_114' title="bbox 1895 5323 3482 5398">
     <span class='ocr_line' id='line_1_114' title="bbox 1895 5323 3482 5398; baseline 0.006 -21"><span class='ocrx_word' id='word_1_886' title='bbox 1895 5323 2146 5394; x_wconf 90' lang='lat' dir='ltr'><strong>quomodo</strong></span> <span class='ocrx_word' id='word_1_887' title='bbox 2174 5325 2348 5379; x_wconf 85' lang='lat' dir='ltr'><strong>videtis</strong></span> <span class='ocrx_word' id='word_1_888' title='bbox 2389 5342 2499 5381; x_wconf 81' lang='lat' dir='ltr'><strong>eant</strong></span> <span class='ocrx_word' id='word_1_889' title='bbox 2529 5328 2713 5393; x_wconf 88' lang='lat' dir='ltr'><strong>modo,</strong></span> <span class='ocrx_word' id='word_1_890' title='bbox 2748 5337 2987 5398; x_wconf 84' lang='lat' dir='ltr'><strong>tanquam</strong></span> <span class='ocrx_word' id='word_1_891' title='bbox 3027 5345 3129 5382; x_wconf 90' lang='lat' dir='ltr'><strong>non</strong></span> <span class='ocrx_word' id='word_1_892' title='bbox 3169 5331 3232 5383; x_wconf 85' lang='lat' dir='ltr'><strong>sit</strong></span> <span class='ocrx_word' id='word_1_893' title='bbox 3274 5332 3326 5384; x_wconf 89' lang='lat' dir='ltr'><strong>in</strong></span> <span class='ocrx_word' id='word_1_894' title='bbox 3357 5348 3482 5386; x_wconf 89' lang='lat' dir='ltr'><strong>con-</strong></span> 
     </span>
    </p>
   </div>
   <div class='ocr_carea' id='block_1_115' title="bbox 1894 5415 3485 5490">
    <p class='ocr_par' dir='ltr' id='par_1_115' title="bbox 1894 5415 3485 5490">
     <span class='ocr_line' id='line_1_115' title="bbox 1894 5415 3485 5490; baseline 0.003 -17"><span class='ocrx_word' id='word_1_895' title='bbox 1894 5424 2065 5487; x_wconf 82' lang='lat' dir='ltr'><strong>spectu</strong></span> <span class='ocrx_word' id='word_1_896' title='bbox 2093 5418 2289 5471; x_wconf 87' lang='lat' dir='ltr'><strong>vestro?</strong></span> <span class='ocrx_word' id='word_1_897' title='bbox 2320 5415 2387 5472; x_wconf 85' lang='lat' dir='ltr'><strong>Et</strong></span> <span class='ocrx_word' id='word_1_898' title='bbox 2417 5435 2550 5473; x_wconf 90' lang='lat' dir='ltr'><strong>nunc</strong></span> <span class='ocrx_word' id='word_1_899' title='bbox 2577 5419 2812 5490; x_wconf 81' lang='lat' dir='ltr'><strong>prtcvale,</strong></span> <span class='ocrx_word' id='word_1_900' title='bbox 2829 5419 3131 5488; x_wconf 88' lang='lat' dir='ltr'><strong>Zorobabel,</strong></span> <span class='ocrx_word' id='word_1_901' title='bbox 3152 5421 3273 5476; x_wconf 89' lang='lat' dir='ltr'><strong>dicit</strong></span> <span class='ocrx_word' id='word_1_902' title='bbox 3300 5422 3485 5477; x_wconf 88' lang='lat' dir='ltr'><strong>Domi-</strong></span> 
     </span>
    </p>
   </div>
   <div class='ocr_carea' id='block_1_116' title="bbox 1894 5516 3485 5590">
    <p class='ocr_par' dir='ltr' id='par_1_116' title="bbox 1894 5516 3485 5590">
     <span class='ocr_line' id='line_1_116' title="bbox 1894 5516 3485 5590; baseline 0.004 -22"><span class='ocrx_word' id='word_1_903' title='bbox 1894 5530 2025 5581; x_wconf 88' lang='lat' dir='ltr'><strong>nus;</strong></span> <span class='ocrx_word' id='word_1_904' title='bbox 2054 5524 2099 5569; x_wconf 87' lang='lat' dir='ltr'><strong>et</strong></span> <span class='ocrx_word' id='word_1_905' title='bbox 2124 5518 2340 5586; x_wconf 73' lang='lat' dir='ltr'><strong>prwvale</strong></span> <span class='ocrx_word' id='word_1_906' title='bbox 2359 5558 2373 5583; x_wconf 91' lang='lat'><strong>,</strong></span> <span class='ocrx_word' id='word_1_907' title='bbox 2396 5516 2522 5573; x_wconf 88' lang='lat' dir='ltr'><strong>Iesu</strong></span> <span class='ocrx_word' id='word_1_908' title='bbox 2551 5518 2627 5587; x_wconf 80' lang='lat' dir='ltr'><strong>ﬁli</strong></span> <span class='ocrx_word' id='word_1_909' title='bbox 2650 5516 2899 5572; x_wconf 89' lang='lat' dir='ltr'><strong>Iosedech</strong></span> <span class='ocrx_word' id='word_1_910' title='bbox 2923 5519 3159 5573; x_wconf 88' lang='lat' dir='ltr'><strong>sacerdos</strong></span> <span class='ocrx_word' id='word_1_911' title='bbox 3190 5536 3405 5590; x_wconf 84' lang='lat' dir='ltr'><strong>magne;</strong></span> <span class='ocrx_word' id='word_1_912' title='bbox 3437 5528 3485 5574; x_wconf 83' lang='lat' dir='ltr'><strong>et</strong></span> 
     </span>
    </p>
   </div>
   <div class='ocr_carea' id='block_1_117' title="bbox 1895 5608 3480 5681">
    <p class='ocr_par' dir='ltr' id='par_1_117' title="bbox 1895 5608 3480 5681">
     <span class='ocr_line' id='line_1_117' title="bbox 1895 5608 3480 5681; baseline 0.002 -18"><span class='ocrx_word' id='word_1_913' title='bbox 1895 5608 2225 5678; x_wconf 72' lang='lat' dir='ltr'><strong>pra&#39;valesce,</strong></span> <span class='ocrx_word' id='word_1_914' title='bbox 2253 5610 2414 5664; x_wconf 85' lang='lat' dir='ltr'><strong>omnis</strong></span> <span class='ocrx_word' id='word_1_915' title='bbox 2458 5610 2641 5681; x_wconf 83' lang='lat' dir='ltr'><strong>popule</strong></span> <span class='ocrx_word' id='word_1_916' title='bbox 2676 5620 2855 5676; x_wconf 82' lang='lat' dir='ltr'><strong>teme,</strong></span> <span class='ocrx_word' id='word_1_917' title='bbox 2889 5610 3011 5663; x_wconf 84' lang='lat' dir='ltr'><strong>dicit</strong></span> <span class='ocrx_word' id='word_1_918' title='bbox 3034 5610 3279 5665; x_wconf 87' lang='lat' dir='ltr'><strong>Dominus</strong></span> <span class='ocrx_word' id='word_1_919' title='bbox 3308 5613 3480 5666; x_wconf 84' lang='lat' dir='ltr'><strong>omni—</strong></span> 
     </span>
    </p>
   </div>
   <div class='ocr_carea' id='block_1_118' title="bbox 1894 5702 3482 5771">
    <p class='ocr_par' dir='ltr' id='par_1_118' title="bbox 1894 5702 3482 5771">
     <span class='ocr_line' id='line_1_118' title="bbox 1894 5702 3482 5771; baseline 0.003 -16"><span class='ocrx_word' id='word_1_920' title='bbox 1894 5709 2105 5771; x_wconf 85' lang='lat' dir='ltr'><strong>potens;</strong></span> <span class='ocrx_word' id='word_1_921' title='bbox 2135 5711 2181 5754; x_wconf 88' lang='lat' dir='ltr'><strong>et</strong></span> <span class='ocrx_word' id='word_1_922' title='bbox 2204 5702 2411 5771; x_wconf 78' lang='lat' dir='ltr'><strong>spiritus</strong></span> <span class='ocrx_word' id='word_1_923' title='bbox 2438 5718 2577 5756; x_wconf 86' lang='lat' dir='ltr'><strong>meus</strong></span> <span class='ocrx_word' id='word_1_924' title='bbox 2601 5710 2778 5771; x_wconf 79' lang='lat' dir='ltr'><strong>prtecst</strong></span> <span class='ocrx_word' id='word_1_925' title='bbox 2808 5704 2861 5756; x_wconf 87' lang='lat' dir='ltr'><strong>in</strong></span> <span class='ocrx_word' id='word_1_926' title='bbox 2886 5703 3050 5759; x_wconf 88' lang='lat' dir='ltr'><strong>medio</strong></span> <span class='ocrx_word' id='word_1_927' title='bbox 3078 5714 3309 5759; x_wconf 78' lang='lat' dir='ltr'><strong>vestrum.</strong></span> <span class='ocrx_word' id='word_1_928' title='bbox 3335 5704 3482 5760; x_wconf 66' lang='lat' dir='ltr'><strong>Bona</strong></span> 
     </span>
    </p>
   </div>
   <div class='ocr_carea' id='block_1_119' title="bbox 1958 5903 2895 5969">
    <p class='ocr_par' dir='ltr' id='par_1_119' title="bbox 1958 5903 2895 5969">
     <span class='ocr_line' id='line_1_119' title="bbox 1958 5903 2895 5969; baseline 0.002 -18"><span class='ocrx_word' id='word_1_929' title='bbox 1958 5904 1973 5969; x_wconf 54' lang='grc' dir='ltr'>ξ</span> <span class='ocrx_word' id='word_1_930' title='bbox 2007 5906 2082 5969; x_wconf 76' lang='lat' dir='ltr'><strong>Sic</strong></span> <span class='ocrx_word' id='word_1_931' title='bbox 2104 5912 2205 5969; x_wconf 69' lang='lat' dir='ltr'><strong>uss.</strong></span> <span class='ocrx_word' id='word_1_932' title='bbox 2234 5911 2402 5969; x_wconf 60' lang='lat' dir='ltr'><strong>Aram.</strong></span> <span class='ocrx_word' id='word_1_933' title='bbox 2428 5911 2477 5953; x_wconf 87' lang='lat' dir='ltr'><strong>et</strong></span> <span class='ocrx_word' id='word_1_934' title='bbox 2496 5910 2627 5962; x_wconf 84' lang='lat' dir='ltr'><strong>Lov.,</strong></span> <span class='ocrx_word' id='word_1_935' title='bbox 2654 5903 2895 5969; x_wconf 78' lang='lat' dir='ltr'><strong>discessio.</strong></span> 
     </span>
    </p>
   </div>
   <div class='ocr_carea' id='block_1_120' title="bbox 1956 5964 3015 6026">
    <p class='ocr_par' dir='ltr' id='par_1_120' title="bbox 1956 5964 3015 6026">
     <span class='ocr_line' id='line_1_120' title="bbox 1956 5964 3015 6026; baseline 0.008 -14"><span class='ocrx_word' id='word_1_936' title='bbox 1956 5968 1975 5996; x_wconf 75' lang='grc'>³</span> <span class='ocrx_word' id='word_1_937' title='bbox 2010 5967 2145 6022; x_wconf 82' lang='lat' dir='ltr'><strong>Editi,</strong></span> <span class='ocrx_word' id='word_1_938' title='bbox 2169 5964 2469 6015; x_wconf 64' lang='lat' dir='ltr'><strong>attollerent.</strong></span> <span class='ocrx_word' id='word_1_939' title='bbox 2498 5973 2547 6015; x_wconf 78' lang='lat' dir='ltr'><strong>Al</strong></span> <span class='ocrx_word' id='word_1_940' title='bbox 2575 5966 2700 6026; x_wconf 80' lang='lat' dir='ltr'><strong>Mss.,</strong></span> <span class='ocrx_word' id='word_1_941' title='bbox 2725 5967 3015 6021; x_wconf 67' lang='lat' dir='ltr'><strong>excelerent.</strong></span> 
     </span>
    </p>
   </div>
   <div class='ocr_carea' id='block_1_121' title="bbox 1958 6026 2902 6091">
    <p class='ocr_par' dir='ltr' id='par_1_121' title="bbox 1958 6026 2902 6091">
     <span class='ocr_line' id='line_1_121' title="bbox 1958 6026 2902 6091; baseline 0.01 -14"><span class='ocrx_word' id='word_1_942' title='bbox 1958 6028 1979 6061; x_wconf 79' lang='grc'><em>³</em></span> <span class='ocrx_word' id='word_1_943' title='bbox 2010 6026 2902 6091; x_wconf 69' lang='lat' dir='ltr'><strong>muss.deest,etmensisetarmus.</strong></span> 
     </span>
    </p>
   </div>
  </div>
