4010 6470
530 446 632 505 871

523 566 696 620 animo
725 569 897 629 estote,
927 559 1165 634 quoniam
1193 561 1301 614 haec
1329 557 1450 612 dicit
1480 555 1731 611 Dominus
1757 551 2108 621 omnipotens:

521 657 706 712 Adhuc
731 655 917 721 semel,
955 663 1003 708 et
1029 651 1344 707 commovebo
1375 649 1554 704 caelum
1580 657 1625 702 et
1655 657 1872 709 terram,
1901 659 2040 697 mare
2066 649 2112 696 et

521 749 756 812 aridam,
790 757 836 800 et
875 746 1156 800 concutiant
1186 761 1355 798 omnes
1387 752 1553 814 gentes
1574 782 1586 797 .
1618 749 1664 794 et
1706 738 1900 793 venient
1940 734 2110 789 omnia

527 842 686 895 electa
715 841 956 912 gentium,
988 849 1034 892 et
1062 837 1277 908 implebo
1305 837 1510 889 domum
1539 835 1688 900 hanc,
1716 833 1837 886 dicit
1861 830 2110 885 Dominus

524 933 840 1000 omnipotens
868 947 885 984 :
912 940 965 986 et
988 939 1180 985 caetera
1206 944 1324 1000 quae
1351 927 1571 992 addidit,
1603 926 1762 981 etiam
1791 923 1962 978 futura
1986 935 2110 992 pro.

521 1024 787 1095 phetans;
822 1039 938 1093 quae
963 1023 1030 1078 de
1059 1022 1262 1076 Domini
1290 1021 1458 1075 nostri
1485 1018 1608 1074 Jesu
1630 1015 1826 1072 Christi
1856 1014 2109 1084 tempori-

520 1116 622 1170 bus
650 1115 847 1169 rectius
876 1115 1092 1184 intelligi
1123 1115 1313 1178 solent,
1345 1113 1494 1182 cujus
1523 1112 1748 1182 populus
1772 1108 2108 1164 verissimum

520 1215 577 1261 et
617 1206 1014 1261 sanctissimum
1063 1213 1144 1260 est
1175 1205 1428 1273 templum
1458 1204 1583 1268 Dei,
1615 1217 1718 1256 non
1752 1201 1910 1255 etiam
1939 1199 1992 1252 in
2031 1197 2109 1252 eis

519 1299 612 1370 qui
658 1299 906 1368 permixti
947 1298 1273 1361 tolerantur,
1307 1296 1400 1351 sed
1450 1296 1506 1350 in
1535 1296 1614 1350 eis
1657 1295 1784 1348 solis
1827 1292 1916 1363 qui
1967 1305 2108 1346 nunc

522 1390 737 1446 interim
767 1406 796 1443 a
828 1389 1024 1444 talibus
1053 1389 1189 1444 bene
1213 1387 1447 1442 vivendo
1474 1385 1820 1456 spiritualiter
1849 1397 2105 1452 separan-

519 1468 644 1550 tur,
693 1492 814 1552 post
857 1497 984 1538 vero
1027 1483 1186 1537 etiam
1233 1481 1580 1552 corporaliter
1627 1477 1909 1548 separandi
1958 1484 2104 1532 sunt.

530 1575 909 1631 Verumtamen
939 1574 1084 1628 illum
1115 1575 1389 1645 populum,
1421 1573 1504 1626 cui
1536 1569 1813 1642 pr0phetia
1842 1571 1940 1624 ista
1969 1583 2108 1639 prce-

524 1670 764 1723 nuntiata
810 1677 912 1735 est,
958 1676 1012 1720 et
1057 1667 1148 1736 qui
1189 1676 1313 1720 tunc
1355 1665 1673 1734 onerabatur
1712 1664 1764 1717 in
1796 1662 1955 1716 domo
1987 1662 2103 1727 Dei,

523 1761 616 1816 ubi
646 1769 799 1816 erant
839 1770 893 1814 et
937 1759 1010 1813 illi
1041 1759 1167 1827 duo,
1214 1757 1507 1812 Zorobabel
1560 1757 1698 1810 ﬁlius
1743 1754 2015 1818 Salathiel,
2055 1761 2109 1807 et

521 1852 680 1909 Jcsus
725 1853 864 1908 ﬁlius
912 1851 1170 1908 Josedech
1197 1893 1211 1918 ,
1263 1849 1530 1921 quomodo
1575 1849 1643 1902 sit
1693 1847 2010 1902 exhortatus
2055 1851 2110 1898 et

522 1943 926 2000 commendatus
956 1958 984 1995 a
1015 1942 1241 1996 Domino
1262 1983 1275 2008 ,
1305 1941 1434 1995 satis
1459 1940 1509 1993 in
1542 1946 1791 2009 promptu
1818 1945 1901 1991 est
1927 1934 2109 1989 videre

521 2034 576 2089 in
609 2034 693 2090 his
712 2035 888 2088 verbis
916 2033 1218 2102 PrOphetce,
1249 2047 1367 2102 qum
1394 2031 1532 2085 sicut
1556 2030 1696 2084 dicta
1719 2037 1860 2092 sunt,
1884 2026 2109 2082 inserui-

521 2141 662 2181 mus.
697 2124 1084 2195 Numquidnam
1116 2139 1244 2193 ergo
1290 2124 1447 2178 istum
1493 2123 1744 2192 populum
1777 2101 2108 2175 immundum

523 2233 810 2290 possumus
835 2219 1035 2285 dicere,
1061 2218 1127 2272 ad
1153 2233 1309 2288 quem
1339 2219 1382 2271 si
1414 2218 1532 2288 quis
1555 2218 1841 2271 accesserit
1868 2217 2111 2286 inquina-

521 2310 686 2379 bitur,
711 2314 794 2367 cui
826 2314 1020 2382 populo
1049 2311 1262 2377 dicitur,
1291 2311 1358 2364 Et
1389 2327 1520 2364 nunc
1547 2309 1784 2379 prazvale,
1808 2307 2106 2374 Zorobabel,

522 2403 644 2457 dicit
675 2403 961 2470 Dominus;
991 2413 1035 2456 et
1067 2403 1316 2472 prtcvale,
1345 2400 1470 2456 Jcsu
1499 2401 1576 2470 ﬁli
1603 2399 1851 2455 Josetlech
1875 2399 2108 2455 sacerdos

520 2512 738 2568 magne;
778 2504 824 2550 et
861 2496 1190 2566 prtevalesce,
1220 2495 1381 2548 omnis
1411 2493 1596 2564 p0pule
1641 2501 1818 2557 terrae,
1850 2492 1971 2544 dicit
2001 2490 2109 2544 Do-

521 2589 688 2642 minus
729 2589 1081 2657 omnipotens;
1126 2595 1170 2640 et
1214 2586 1420 2657 spiritus
1463 2601 1600 2638 meus
1643 2592 1824 2655 prteest
1861 2583 1914 2637 in
1944 2582 2110 2636 medio

521 2679 787 2733 vestrum?
833 2678 963 2747 Quis
990 2677 1425 2733 dementissimus
1453 2675 1646 2730 dixerit
1674 2676 1833 2728 istum
1864 2689 1984 2728 esse
2011 2689 2108 2744 po-

521 2773 730 2845 pulum,
762 2773 828 2827 ad
858 2788 1014 2843 quem
1042 2772 1085 2826 si
1113 2771 1232 2841 quis
1255 2769 1564 2834 accesserit,
1595 2766 2020 2838 iniquinabitur?

595 2865 685 2919 3i.
725 2862 874 2918 Nunc
916 2877 1044 2933 ergo
1082 2861 1338 2917 attendite
1383 2861 1509 2932 quid
1541 2868 1659 2930 post
1703 2859 1846 2913 illam
1875 2857 2108 2929 prophe-

523 2957 674 3022 tiam,
704 2971 823 3026 quae
848 2954 972 3009 huic
1003 2953 1199 3025 populo
1227 2953 1296 3009 de
1320 2953 1518 3009 Christi
1550 2953 1878 3020 temporibus
1905 2967 2111 3006 annun-

522 3047 647 3101 tiata
691 3056 807 3112 est,
852 3055 1239 3116 consequenter
1285 3044 1557 3114 Scriptura
1602 3052 1871 3099 contexat.
1916 3043 2112 3108 Quarta

523 3148 570 3192 et
608 3137 840 3192 vicesima
866 3138 986 3192 noni
1026 3139 1209 3191 mensis
1247 3153 1382 3190 anno
1420 3135 1640 3189 secundo
1667 3135 1758 3189 sub
1783 3134 1944 3188 Dario
1973 3151 2108 3206 rege,

522 3236 715 3304 factum
764 3240 835 3286 est
880 3231 1082 3285 verbum
1130 3229 1339 3285 Domini
1386 3229 1455 3283 ad
1499 3229 1740 3300 Aggazum
1789 3228 2107 3298 prophetam,

522 3327 694 3380 dicens
735 3342 754 3380 :
802 3323 924 3379 Haec
971 3325 1090 3377 dicit
1144 3323 1391 3378 Dominus
1441 3323 1794 3394 omnipotens,
1844 3319 2111 3392 Interroga

522 3419 806 3476 sacerdotes
835 3420 994 3490 legem
1017 3460 1031 3485 ,
1061 3419 1231 3473 dicens
1261 3437 1278 3471 :
1308 3418 1369 3473 Si
1409 3417 1677 3487 sumpserit
1721 3417 1870 3468 honto
1910 3431 2113 3469 carnem

524 3511 890 3580 sanctiﬁcatam
914 3512 968 3565 in
994 3528 1188 3565 summo
1213 3511 1494 3565 vestimenti
1523 3511 1622 3574 sui,
1655 3519 1700 3562 et
1727 3509 1949 3579 attigerit
1973 3526 2114 3564 sum-

524 3619 663 3656 mum
686 3603 962 3658 vestimenti
984 3605 1092 3674 ejus
1117 3618 1323 3674 panem,
1347 3610 1434 3655 aut
1458 3602 1790 3671 pulmentum,
1812 3610 1900 3654 aut
1919 3601 2109 3668 vinum,

524 3701 613 3747 aut
642 3709 840 3747 omnem
868 3709 1065 3760 escam,
1096 3693 1140 3747 si
1176 3692 1613 3761 sancti/imbitur?
1657 3689 1724 3744 Et
1752 3693 2114 3761 responderunt

525 3785 808 3840 sacerdotes
835 3794 882 3838 et
909 3784 1166 3849 dixerunt,
1199 3783 1340 3838 Non.
1371 3782 1439 3836 Et
1469 3782 1597 3836 dixit
1623 3783 1838 3854 Aggteus
1866 3798 1884 3837 :
1914 3783 1975 3838 Si
2005 3784 2115 3836 teli-

526 3877 653 3947 gerit
689 3876 976 3946 inquinatus
1004 3876 1054 3929 in
1083 3875 1257 3928 anima
1295 3874 1488 3943 aliquid
1518 3874 1718 3941 horum,
1751 3875 1794 3927 si
1824 3873 2112 3942 inquinabi-

526 3967 654 4020 tur?
696 3965 764 4020 Et
795 3967 1161 4036 responderunt
1207 3965 1489 4019 sacerdotes
1535 3974 1583 4018 et
1626 3965 1896 4026 dixerunt,
1930 3964 2112 4032 Inqui-

526 4062 747 4116 nabitur.
783 4060 852 4114 Et
877 4061 1136 4131 respondit
1158 4060 1376 4131 Aggwus
1403 4068 1448 4112 et
1475 4058 1635 4123 dixit,
1670 4056 1760 4112 Sic
1787 4057 2004 4128 populus
2033 4057 2114 4112 hic

527 4162 573 4208 et
603 4169 724 4224 gens
751 4153 856 4207 haec
895 4153 947 4205 in
988 4159 1257 4222 conspectu
1286 4165 1396 4204 meo
1417 4190 1430 4216 ,
1461 4149 1582 4203 dicit
1610 4147 1857 4202 Dominus
1875 4189 1890 4214 ,
1923 4156 1968 4202 et
1996 4149 2068 4201 sic
2096 4150 2113 4180 ί

527 4261 680 4314 opera
705 4261 947 4299 manuunt
986 4244 1211 4314 ipsorum
1230 4260 1248 4308 ,°
1279 4253 1326 4296 et
1364 4243 1662 4313 quicumque
1704 4241 1965 4295 accesserit
2001 4240 2114 4308 illo,

530 4335 906 4404 inquinabitur,
939 4345 1146 4407 propter
1188 4337 1603 4406 prwsumptiones
1641 4352 1812 4390 eorum
1842 4337 2115 4390 matutinas

529 4443 562 4481 a
592 4428 722 4498 facie
762 4427 990 4482 laborum
1032 4444 1273 4493 suorum,
1314 4437 1361 4480 et
1403 4429 1520 4481 odio
1565 4429 1819 4483 habebatis
1862 4432 1915 4482 in
1960 4431 2116 4499 portis

528 4529 813 4590 arguentes.
859 4518 989 4587 Quis
1027 4527 1110 4573 est
1151 4520 1251 4573 iste
1294 4519 1522 4588 populus
1551 4527 1656 4572 tam
1689 4520 2027 4586 immundus,
2057 4528 2119 4574 ut

530 4612 770 4682 quisquis
821 4612 910 4666 illo
957 4611 1281 4678 accesserit,
1326 4612 1670 4682 inquinetur?
1713 4611 1978 4682 Numquid
2026 4613 2116 4670 ille

529 4704 620 4760 cui
646 4702 841 4758 dictum
873 4713 986 4771 est,
1015 4703 1347 4770 Prtevalesce,
1380 4714 1426 4758 et
1463 4705 1669 4775 spiritus
1694 4722 1833 4760 meus
1873 4706 1925 4759 in
1952 4706 2116 4761 medio

529 4799 788 4852 vestrum?
833 4797 985 4852 Absit
1015 4807 1071 4852 ut
1115 4797 1205 4852 ille
1253 4797 1340 4852 sit.
1392 4798 1508 4852 Duo
1551 4797 1710 4868 igitur
1755 4807 1906 4853 erant
1934 4813 1947 4853 ε
1980 4814 2118 4855 unus

529 4888 856 4953 immundus,
903 4898 956 4942 et
995 4889 1128 4942 alter
1171 4889 1260 4958 qui
1308 4888 1375 4943 ad
1423 4888 1755 4942 immundum
1804 4889 2118 4958 prohibetur

530 4979 805 5044 accedere,
837 4979 924 5050 qui
957 4979 1340 5034 exhortabatur
1370 4980 1774 5049 praevalescerc,
1806 4981 1926 5050 quia
1954 4981 2116 5050 spiri-

531 5083 614 5128 tus
643 5073 733 5128 Dei
778 5084 893 5128 erat
938 5075 988 5129 in
1039 5073 1215 5128 medio
1264 5087 1471 5128 eorum.
1522 5072 1578 5128 Si
1621 5088 1748 5142 ergo
1795 5072 1900 5126 duo
1941 5072 2126 5140 erant,

533 5165 882 5220 ostendantur
909 5174 963 5220 et
981 5165 1097 5238 .duo
1127 5165 1320 5234 templa
1343 5205 1358 5230 ,
1391 5180 1553 5218 unum
1584 5179 1688 5233 quo
1720 5165 1816 5218 iste
1840 5205 1854 5230 ,
1891 5163 2128 5218 alterum

534 5272 637 5324 qm
671 5256 758 5310 ille
803 5255 1236 5325 ingrediebatur:
1271 5254 1616 5308 ostendantur
1662 5261 1716 5306 et
1757 5255 1941 5307 altaria
1988 5253 2114 5321 duo,

537 5362 698 5400 unum
742 5347 792 5400 in
824 5362 927 5416 quo
957 5347 1056 5400 iste
1077 5387 1091 5410 ,
1119 5346 1344 5400 alterum
1376 5346 1428 5399 in
1455 5360 1559 5415 quo
1597 5345 1684 5399 ille
1711 5346 1955 5400 victimas
1983 5345 2116 5400 oll‘e-

536 5437 682 5491 rchat
714 5454 725 5489 :
761 5437 1108 5491 ostendantur
1134 5446 1187 5490 et
1215 5436 1540 5502 sacerdotes,
1573 5435 1729 5504 hujus
1754 5437 1862 5502 alii,
1895 5446 1949 5490 et
1979 5437 2119 5491 illius

536 5527 644 5590 alii,
676 5527 765 5596 qui
793 5521 889 5594 pro
927 5541 1024 5582 suo
1053 5528 1276 5598 quisque
1306 5528 1501 5598 popqu
1541 5527 1821 5597 separatim
1852 5523 2128 5582 sacriﬁca;

537 5617 682 5671 bant.
712 5619 768 5673 Si
812 5629 986 5673 autem
1030 5621 1268 5690 quisquis
1314 5621 1414 5675 hoc
1456 5621 1720 5675 afﬁrmare
1748 5628 2003 5683 conatur,
2035 5620 2119 5673 in-

531 5704 678 5762 'sanit
714 5710 836 5764 :sic
860 5719 1012 5765 erant
1041 5712 1126 5766 isti
1154 5712 1260 5767 duo
1302 5713 1483 5783 populi
1522 5713 1576 5767 in
1606 5727 1712 5766 uno
1739 5711 1937 5783 populo
1962 5753 1976 5778 ,
2022 5712 2122 5768 sub

536 5817 643 5858 Uno
689 5804 965 5859 sacerdote
1014 5820 1240 5875 magno,
1292 5821 1455 5861 unum
1500 5806 1758 5877 templum
1812 5805 2115 5872 intrantes;

595 5918 615 5949 ί
813 5919 856 5964 et
876 5921 1013 5966 sicut.
1040 5922 1095 5965 At
1116 5923 1242 5977 Mss.,
1264 5919 1314 5966 et
1332 5914 1419 5966 sic.

1169 441 1441 500 CONTRA
1484 434 1907 497 DONATISTAS
1945 430 2114 489 POST
2153 430 2654 505 COLLATIONEM,
2694 436 2752 494 S.
2792 436 3159 496 AUGUSTINI

3702 440 3807 499 οη

2219 545 2356 599 sicut
2381 555 2532 600 erant
2555 549 2714 606 etiam
2743 553 2846 611 sub
2867 569 2974 610 uno
2993 552 3178 625 Moyse
3201 551 3417 624 quidam
3443 553 3612 611 Deum
3637 555 3808 618 oden-

2217 638 2434 707 dentes,
2467 640 2681 710 quidam
2711 643 2822 700 Deo
2850 646 3123 716 placentes
3143 687 3158 713 ,
3200 645 3267 700 de
3293 647 3484 716 quibus
3517 649 3809 719 Apostolus

2217 731 2365 799 dicit,
2393 731 2513 786 Non
2539 735 2590 787 in
2615 737 2842 791 omnibus
2871 737 2976 790 illis
3004 739 3368 808 beneplacitum
3393 749 3467 794 est
3487 739 3598 795 Deo
3621 742 3666 814 (Ι
3688 743 3806 798 Cor.

2217 841 2272 892 κ,
2301 825 2376 898 5).
2405 826 2591 897 Neque
2618 829 2758 883 enim
2785 829 2878 893 ait,
2904 830 3236 885 lii-omnibus
3267 830 3373 885 illis
3400 847 3505 886 non
3535 843 3617 888 est
3645 834 3811 891 bene-

2216 918 2471 988 placitum
2512 919 2656 988 Deo,
2703 929 2955 992 tanquam
3001 907 3192 978 omnes
3239 923 3617 994 displicuerint
3658 927 3808 988 Deo:

2216 1010 2311 1064 sed
2342 1012 2451 1079 ait,
2482 1011 2604 1066 Non
2642 1013 2696 1066 in
2735 1015 2963 1068 omnibus
3001 1016 3106 1070 illis
3135 1017 3506 1086 beneplacitum
3547 1029 3624 1074 est
3657 1020 3812 1077 Deo:

2216 1116 2345 1173 ergo
2385 1103 2438 1157 in
2466 1103 2780 1174 quibusdam
2801 1145 2816 1170 ,
2847 1121 2952 1159 non
2998 1106 3049 1160 in
3093 1107 3362 1162 omnibus.
3394 1109 3463 1164 Et
3490 1125 3684 1166 omnes
3713 1113 3810 1168 sub

2215 1195 2418 1251 eisdem
2449 1196 2818 1253 sacerdotibus
2861 1209 3013 1253 erant
3056 1200 3108 1254 in
3150 1216 3256 1256 uno
3303 1203 3602 1274 eodemque
3631 1205 3809 1262 taber-

2216 1289 2410 1342 naculo
2431 1329 2444 1352 ,
2473 1289 2527 1343 in
2571 1305 2678 1345 uno
2707 1290 3005 1361 eodemque
3033 1292 3188 1347 altari
3229 1292 3433 1350 hostias
3463 1295 3759 1353 oﬂ‘erebant
3791 1318 3807 1355 :

2215 1385 2271 1435 et
2300 1387 2478 1435 tamen
2524 1380 2989 1452 distinguebantur
3030 1381 3217 1450 factis,
3251 1400 3357 1439 non
3386 1386 3559 1453 locis;
3603 1389 3806 1455 animo,

2215 1485 2326 1527 non
2356 1473 2589 1544 templo;
2624 1477 2887 1545 moribus,
2916 1493 3020 1531 non
3046 1478 3321 1534 altaribus.
3349 1478 3437 1534 Sic
3462 1481 3555 1535 alii
3579 1481 3652 1536 ad
3677 1483 3812 1538 alios

2214 1578 2321 1618 non
2365 1564 2720 1633 accedebant,
2766 1583 2834 1622 ne
2872 1567 2940 1622 ab
2980 1568 3058 1622 eis
3091 1569 3494 1639 inquinarentur
3528 1589 3542 1626 :
3573 1571 3682 1627 hoc
3707 1583 3810 1641 est,

2213 1669 2402 1710 eorum
2448 1657 2602 1710 malis
2647 1657 2800 1712 factis
2848 1673 2956 1712 non
3005 1661 3446 1728 consentiebant,
3493 1678 3566 1718 ne
3613 1665 3812 1734 pariter

2215 1749 2616 1805 damnarentur.
2652 1751 2765 1806 Non
2795 1753 2938 1808 enim
2967 1761 3022 1807 et
3048 1753 3170 1808 illos
3198 1755 3366 1808 malos
3395 1755 3608 1827 Moyses
3634 1765 3812 1813 tantus

2213 1842 2474 1912 prOpheta
2505 1844 2798 1913 nesciebat,
2839 1860 3064 1916 quorum
3108 1847 3267 1916 impia
3297 1863 3567 1902 murmura
3596 1857 3656 1903 et
3686 1849 3811 1904 bor-

2214 1934 2409 1990 rendas
2439 1936 2822 1992 amaritudines
2866 1937 3103 2007 quotidie
3148 1937 3459 1993 sull‘ercbat.
3491 1938 3600 1994 Sed
3650 1942 3810 1996 istum

2215 2026 2454 2082 nescisse
2482 2027 2738 2083 faciamus
2773 2047 2785 2082 :
2820 2029 3076 2098 numquid
3120 2039 3174 2084 et
3202 2029 3421 2086 Samuel
3452 2030 3677 2087 Saulem
3719 2049 3810 2088 ne-

2215 2117 2449 2182 sciebat,
2480 2133 2638 2188 quem
2673 2134 2768 2188 per
2797 2134 2858 2174 os
2888 2120 3004 2189 ejus
3047 2130 3245 2175 :eterna
3279 2123 3542 2178 sententia
3585 2123 3812 2179 damna-

2214 2214 2367 2260 verat
2393 2207 2531 2264 Deus
2554 2210 2577 2262 ?
2598 2208 2980 2265 Verumtamen
3009 2218 3064 2266 et
3095 2210 3267 2280 ipsum
3298 2219 3353 2266 et
3378 2221 3623 2267 sanctum
3650 2212 3812 2271 David

2214 2313 2380 2353 unum
2401 2299 2498 2354 Dei
2529 2301 2929 2356 tabernaculum
2957 2303 3236 2365 intrantes,
3265 2303 3405 2358 inter
3432 2303 3623 2359 eadem
3653 2305 3812 2360 sacri-

2215 2387 2331 2442 ﬁcia
2356 2389 2603 2457 videbat;
2629 2390 2721 2445 sed
2747 2391 2996 2446 distincte
3022 2393 3204 2462 utique
3217 2392 3448 2458 videbat,
3471 2394 3598 2463 quia
3627 2393 3812 2450 distin-

2214 2491 2332 2538 ctos
2355 2482 2605 2549 videbat;
2650 2492 2705 2538 et
2751 2501 2910 2539 unum
2941 2501 3129 2540 eorum
3177 2487 3228 2540 in
3271 2496 3532 2542 aeternum
3575 2488 3808 2558 amabat,

2214 2573 2374 2628 alium
2401 2588 2499 2643 pro
2528 2581 2770 2644 tempore
2800 2575 3088 2630 tolerabat.
3130 2575 3219 2631 Sic
3248 2585 3302 2631 et
3329 2578 3560 2647 Aggaaus
3590 2587 3812 2634 noverat

2215 2663 2268 2716 in
2296 2678 2402 2717 uno
2426 2663 2622 2733 populo
2643 2664 2778 2720 duos
2800 2667 3026 2735 populos
3050 2683 3214 2722 unum
3240 2668 3494 2738 templum
3521 2669 3808 2738 intrantes,

2214 2753 2316 2808 sub
2341 2768 2450 2807 uno
2471 2768 2663 2824 magno
2693 2756 2971 2811 sacerdote
2991 2758 3229 2813 viventes
3253 2775 3268 2824 ;
3299 2767 3354 2812 et
3377 2759 3608 2815 alterum
3635 2769 3812 2817 osten-

2215 2842 2374 2898 debat
2403 2844 2733 2901 immundum
2755 2888 2770 2913 ,
2801 2847 3025 2902 alterum
3069 2849 3137 2902 ad
3186 2849 3517 2906 immundum
3550 2851 3810 2908 accedere

2215 2937 2534 3008 prohibebat
2579 2957 2593 2994 :
2637 2950 2692 2996 et
2739 2950 2914 2996 tamen
2947 2956 3046 2996 nec
3095 2941 3216 2995 illos
3266 2956 3365 2996 nec
3411 2957 3470 2997 se
3520 2943 3702 3012 ipsum
3747 2943 3810 2999 ab

2215 3028 2404 3084 eodem
2429 3031 2625 3101 templo
2654 3040 2709 3086 et
2729 3031 2796 3086 ab
2825 3031 3028 3086 eisdem
3051 3032 3307 3088 altaribus
3331 3033 3643 3104 separabat.
3674 3035 3809 3106 Ergo

2216 3119 2547 3189 spiritualem
2601 3120 2922 3190 prohibebat
2966 3137 3240 3177 accessum
3289 3125 3809 3196 consensionemque

2215 3213 2479 3269 factorum
2509 3232 2520 3266 :
2554 3216 2692 3284 quod
2723 3224 2778 3271 et
2807 3216 2920 3286 ipsa
2953 3215 3110 3270 verba
3142 3217 3410 3284 clamant,
3441 3217 3487 3272 si
3524 3233 3690 3273 aures
3717 3219 3808 3273 ad-

2217 3306 2346 3376 sint,
2369 3323 2502 3378 quas
2522 3310 2832 3364 animositas
2856 3310 3051 3365 furiosa
3077 3323 3182 3364 non
3210 3309 3423 3365 claudat
3441 3319 3534 3365 aut
3557 3313 3808 3382 strepitus

2215 3401 2380 3456 variae
2434 3402 2796 3457 contentionis
2846 3402 3121 3472 impediat.
3177 3403 3264 3458 Ait
3321 3404 3462 3459 enim
3516 3403 3804 3475 Propheta,

2221 3490 2399 3546 Omnis
2424 3493 2511 3563 qui
2551 3494 2814 3547 accesserit
2841 3493 2950 3561 illo,
2987 3494 3348 3565 inquinabitur.
3377 3495 3580 3549 Vitium
3609 3497 3810 3551 notavit

2217 3597 2322 3653 quo
2366 3583 2547 3639 accedi
2594 3583 2900 3654 prohibuit,
2945 3599 3051 3639 non
3097 3584 3344 3640 homines
3386 3585 3455 3641 ab
3500 3585 3808 3643 hominibus

2217 3674 2483 3745 corporali
2529 3674 2887 3745 disjunctione
2929 3676 3164 3731 seclusit.
3203 3676 3494 3732 Aeceditur
3533 3687 3717 3736 autem
3745 3678 3807 3735 ad

2216 3767 2404 3822 vitium
2431 3769 2814 3839 corruptionis,
2846 3769 2976 3824 vitio
3003 3769 3392 3825 consensionis.

2290 3858 2378 3914 52.
2423 3860 2500 3914 Ac
2527 3875 2594 3914 ne
2633 3863 2912 3930 quisquam
2957 3860 3193 3928 diceret,
3225 3861 3372 3916 illum
3398 3862 3696 3933 populum,
3731 3865 3808 3920 :ui

2218 3951 2391 4022 primo
2421 3951 2619 4006 dictum
2644 3962 2745 4018 est,
2779 3951 3124 4021 Prtevalesce,
3154 3955 3404 4025 quoniam
3430 3956 3649 4026 spiritus
3677 3974 3808 4012 meus

2219 4053 2400 4113 prteest
2435 4046 2487 4097 in
2532 4045 2693 4098 medio
2721 4055 2937 4100 vestrum
2959 4065 2979 4112 ;
3019 4047 3205 4116 paucis
3248 4047 3581 4117 interpositis
3620 4048 3807 4105 diebus

2219 4135 2274 4190 in
2304 4134 2542 4192 deterius
2583 4147 2991 4206 commutatum,
3029 4148 3089 4193 ut
3127 4138 3314 4194 audire
3353 4149 3694 4206 mereretur,
3724 4140 3810 4197 Sic

2219 4229 2440 4301 populus
2464 4231 2558 4284 iste
2583 4239 2629 4283 et
2658 4247 2778 4300 gens
2804 4231 2904 4284 ista
2923 4272 2937 4297 ,
2970 4232 3133 4284 omnis
3160 4232 3245 4301 qui
3269 4232 3535 4286 accesserit
3573 4232 3668 4287 illo
3684 4274 3700 4296 ,
3729 4233 3809 4286 in-

2219 4322 2539 4393 quinabitur;
2577 4322 2692 4376 dies
2731 4322 2872 4376 enim
2905 4320 3072 4377 ferme
3117 4322 3401 4392 nonaginta
3429 4331 3812 4393 computantur

2220 4415 2360 4469 inter
2381 4413 2542 4469 verba
2571 4415 2659 4468 illa
2687 4429 2806 4484 qute
2835 4415 2970 4470 bona
3007 4415 3059 4468 in
3085 4415 3365 4485 populum,
3390 4415 3529 4472 dicta
3562 4427 3729 4484 sunt,
3759 4426 3812 4472 et

2221 4505 2319 4559 ista
2351 4505 2542 4574 quibus
2587 4505 2705 4574 ejus
2743 4505 3077 4560 immunditia
3105 4506 3317 4562 vitanda
3358 4507 3673 4578 praecipitur
3704 4526 3717 4561 :
3749 4523 3812 4564 ne

2221 4596 2340 4666 quis
2363 4611 2492 4665 ergo
2520 4595 2622 4650 hoc
2652 4603 2897 4666 putaret,
2929 4596 3124 4652 bonum
3155 4597 3304 4652 illum
3333 4598 3592 4668 populum
3624 4614 3809 4670 quam-

2220 4687 2302 4741 vis
2351 4688 2452 4742 hoc
2504 4702 2666 4757 parvo
2715 4689 2971 4758 temporis
3029 4689 3311 4745 intervallo
3356 4699 3465 4744 tam
3516 4692 3808 4760 pessimum

2221 4779 2490 4843 etiectum,
2519 4779 2700 4835 videte
2722 4779 2848 4849 quid
2875 4780 3134 4850 sequitur,
3163 4780 3420 4836 attendite
3448 4782 3578 4852 quid
3605 4782 3810 4839 dicatur

2222 4885 2288 4926 eo
2313 4872 2430 4940 ipso
2459 4870 2565 4935 die,
2597 4870 2698 4925 hoc
2722 4879 2804 4925 est
2829 4871 3081 4926 vicesima
3116 4881 3171 4926 et
3212 4881 3398 4942 quarta
3427 4873 3558 4927 noni
3588 4875 3806 4941 mensis,

2222 4977 2328 5032 quo
2373 4961 2458 5016 die
2503 4961 2699 5016 dictum
2746 4970 2862 5030 cst,
2913 4962 3002 5018 Sic
3031 4963 3250 5034 populus
3296 4965 3388 5018 iste
3431 4973 3480 5018 et
3523 4982 3653 5036 gens
3697 4967 3806 5034 ista,

2222 5054 2385 5108 omnis
2412 5055 2500 5123 qui
2526 5055 2787 5108 accesserit
2821 5053 2912 5108 illo
2933 5093 2946 5118 ,
2975 5054 3341 5126 inquinabitur.
3372 5052 3504 5110 Cum
3537 5057 3689 5111 enim
3717 5058 3810 5112 hoc

2222 5145 2464 5212 dixisset,
2521 5153 2573 5199 et
2619 5146 2756 5199 mala
2802 5159 2988 5199 eorum
3036 5155 3531 5212 commemorasset,
3584 5162 3808 5218 quorum

2223 5238 2416 5292 merito
2455 5236 2949 5292 demonstrarentur
2990 5237 3282 5305 immundi,
3315 5238 3519 5294 addens
3556 5242 3721 5296 etiam
3761 5250 3810 5294 et

2224 5328 2442 5393 dicens,
2478 5329 2610 5382 Odia
2650 5328 2904 5383 habebatis
2933 5329 2984 5383 in
3017 5331 3177 5400 portis
3218 5341 3483 5404 arguentes
3509 5347 3530 5384 :
3558 5334 3809 5387 continuo

2224 5419 2523 5489 subjunxit,
2557 5417 2624 5472 Et
2646 5437 2776 5474 nunc
2807 5420 2976 5490 ponite
2998 5421 3051 5474 in
3075 5421 3310 5475 cordibus
3344 5422 3518 5476 vestris
3553 5439 3586 5476 a
3611 5425 3696 5476 die
3722 5424 3810 5476 hoc

2225 5523 2269 5567 et
2308 5529 2484 5583 supra,
2523 5513 2812 5582 priusquam
2853 5523 3118 5584 poneretur
3157 5513 3288 5584 lapis
3325 5531 3474 5584 super
3506 5516 3730 5587 lapidem
3760 5517 3808 5568 in

2226 5605 2411 5673 templo
2441 5603 2686 5669 Domini;
2727 5606 2812 5674 qui
2853 5608 3002 5659 eratis
3040 5621 3154 5658 cum
3192 5606 3458 5660 mittebatis
3492 5607 3545 5660 in
3587 5609 3808 5678 capsella

2225 5696 2404 5766 viginti
2430 5705 2539 5749 sata
2565 5696 2772 5760 hordei,
2804 5706 2854 5750 et
2882 5697 3066 5765 fiebant
3095 5698 3263 5752 decem
3289 5708 3400 5752 sata
3421 5739 3438 5761 ,
3471 5707 3517 5751 et
3547 5699 3807 5754 intrabatis

2225 5788 2278 5841 in
2306 5789 2530 5842 torcular
2553 5788 2822 5841 exhaurire
2843 5791 3208 5860 quinquaginta
3232 5790 3527 5860 amphoras,
3552 5802 3600 5844 ct
3624 5792 3806 5860 ﬁebant

2226 5881 2420 5952 viginti.
2453 5879 2687 5935 Percussi
2717 5896 2800 5935 vos
2839 5882 3226 5950 infecunditate,
3257 5890 3302 5935 et
3329 5883 3461 5937 uenti
3485 5883 3804 5954 corruptione
