4010 6476
195 434 297 503 673

191 573 239 619 ιι
272 556 521 632 grandine
547 552 718 609 omnia
756 564 910 622 Opera
933 557 1113 613 vestra,
1162 554 1211 603 et
1255 563 1357 601 non
1396 546 1512 601 estis
1556 545 1776 599 conversi

192 653 260 707 ad
286 667 399 718 me,
431 648 552 702 dicit
585 644 852 700 Dominus.
883 641 1182 697 Constituite
1228 640 1381 711 igitur
1422 637 1575 693 corda
1617 644 1781 691 vestra

193 762 224 799 a
248 744 329 798 die
355 744 451 796 hoc
478 748 527 794 et
551 738 804 807 deinceps,
832 752 864 789 a
889 743 1069 805 quarta
1094 742 1141 787 et
1165 733 1397 788 vicesima
1425 731 1545 785 noni
1572 729 1778 797 mensis,

192 848 292 891 sta
322 835 404 889 die
431 849 533 905 qua
571 829 840 903 fundatum
870 837 941 882 est
986 827 1228 895 templum
1263 824 1505 888 Domini,
1535 823 1701 895 ponite
1728 821 1783 875 in

192 928 427 985 cordibus
454 926 630 981 vestris
653 966 668 992 ,
711 923 756 979 si
784 922 950 977 adhuc
978 929 1301 993 cognoscetur
1339 920 1392 972 in
1432 934 1551 972 area
1572 960 1587 985 ,
1628 925 1713 969 aut
1740 898 1793 971 si

191 1023 303 1076 vilis
322 1061 340 1087 ,
374 1027 461 1073 aut
500 1017 724 1083 malum,
764 1023 851 1069 aut
881 1014 1006 1083 ﬁcus
1027 1054 1039 1078 ,
1070 1022 1157 1065 aut
1184 1012 1377 1065 malum
1404 999 1671 1081 granatum
1695 1051 1709 1075 ,
1736 1017 1785 1063 et

192 1108 333 1184 ligna
360 1111 583 1180 oleaeque
613 1124 713 1162 non
744 1110 967 1178 fecerunt
997 1104 1216 1173 fructum
1235 1145 1251 1170 ,
1286 1118 1319 1156 a
1345 1101 1426 1155 die
1454 1102 1547 1154 hoc
1578 1100 1784 1154 benedi-

192 1223 303 1261 cam
332 1206 530 1277 (Aggcei
555 1220 571 1258 ι
599 1211 645 1257 et
671 1201 752 1272 ιι).
798 1202 934 1255 Ecce
963 1200 1078 1268 ipso
1103 1198 1189 1253 die
1214 1197 1374 1252 etiam
1400 1193 1644 1251 benedici
1674 1209 1789 1249 me-

192 1308 437 1355 ruerunt.
486 1294 796 1351 Benedictio
822 1308 949 1363 ergo
993 1292 1108 1346 hmc
1153 1298 1280 1361 puto
1323 1287 1465 1359 quod
1495 1303 1597 1341 non
1627 1286 1789 1355 perti-

194 1401 321 1448 neat
367 1390 436 1445 ad
483 1388 639 1455 illos,
690 1386 758 1441 ad
806 1399 1030 1457 quorum
1091 1381 1479 1437 immunditiam
1544 1378 1791 1449 prohibet

193 1576 251 1632 in
278 1590 391 1631 uno
420 1588 549 1645 ergo
574 1573 863 1627 fueruntet
887 1568 1134 1639 permixti
1161 1574 1214 1622 et
1240 1564 1469 1635 separati
1498 1583 1509 1617 :
1541 1561 1789 1632 permixti

194 1666 416 1740 quidem
462 1642 729 1735 corporali
778 1668 944 1725 tactu,
993 1658 1225 1729 separati
1271 1665 1451 1711 autem
1500 1642 1853 1739 voluntatis

195 1737 472 1817 abscessu.
502 1756 607 1813 Sed
646 1769 797 1811 more
835 1768 934 1809 suo
961 1751 1234 1823 Scriptura
1274 1749 1506 1819 loquitur
1526 1790 1540 1815 ,
1569 1762 1690 1818 quae
1715 1746 1793 1801 sic
1831 1737 1851 1747 ί

195 1853 373 1925 arguit
411 1850 621 1916 malos,
663 1856 914 1918 tanquam
973 1861 1158 1900 omnes
1205 1845 1259 1898 in
1305 1858 1370 1898 eo
1421 1841 1620 1913 populo
1668 1839 1795 1894 mali

197 1947 427 2011 sint;et
470 1943 547 1999 sic
590 1942 897 1997 consolatur
948 1939 1148 2004 bonos,
1198 1947 1449 2005 tanquam
1492 1948 1679 1989 omnes
1722 1933 1795 1987 ibi

198 2038 337 2094 tales
375 2036 502 2092 sint.
545 2035 649 2089 Pro
691 2032 842 2087 nobis
883 2045 1009 2102 ergo
1038 2029 1273 2099 episcopi
1306 2027 1507 2093 vestri,
1537 2026 1699 2081 etiam
1738 2024 1795 2078 in

198 2144 266 2185 eo
299 2126 447 2199 quod
486 2135 607 2196 post
625 2122 979 2179 Collationem
1004 2120 1129 2175 victi
1164 2118 1452 2188 scripsisse
1472 2117 1490 2148 ¹
1524 2108 1854 2183 dicuntur,""

196 2220 385 2293 Aggzei
413 2217 745 2290 prophetiam
792 2222 1116 2286 posuerunt,
1142 2209 1286 2266 unde
1329 2225 1425 2264 nos
1463 2222 1794 2264 commemo-

197 2320 389 2369 rarent
414 2309 720 2367 evidentius
761 2307 991 2379 probare
1030 2303 1173 2375 quod
1202 2302 1428 2357 dicimus
1453 2343 1468 2368 ,
1501 2300 1623 2370 quia
1652 2307 1705 2354 et
1741 2298 1796 2353 in
1829 2278 1851 2289 Ὃ

197 2422 310 2463 uno
339 2405 555 2477 pOpulo,
584 2405 638 2458 in
660 2417 767 2457 uno
795 2400 1013 2470 templo,
1047 2398 1148 2453 sub
1170 2396 1374 2452 eisdem
1403 2384 1853 2461 sacerdotibus,'f;_

197 2500 343 2556 inter
369 2496 557 2553 eadem
598 2502 953 2557 sacramenta,
987 2489 1292 2546 hominibus
1333 2486 1580 2543 dissimili
1611 2485 1801 2540 volun-

198 2598 311 2648 tate
340 2589 640 2645 viventibus
664 2599 717 2642 et
745 2585 970 2642 diversis
1000 2582 1237 2639 moribus
1262 2588 1317 2635 et
1342 2573 1833 2648 discrepantibus,“

198 2699 303 2741 nec
346 2697 522 2739 causae
566 2694 765 2747 causa,
796 2692 895 2734 nec
941 2690 1185 2747 persona:
1225 2680 1402 2743 potest
1446 2668 1799 2741 praeiudicare
1839 2666 1848 2681 ’

198 2792 456 2851 persona.
528 2760 529 2765 “
747 2805 751 2813 -
1809 2762 1849 2847 διέ

532 2863 674 2919 XXI.
701 2891 772 2903 —
794 2862 883 2917 55.
914 2858 1047 2914 lllud
1075 2858 1235 2913 etiam
1275 2853 1417 2925 quod
1462 2869 1525 2907 ex
1554 2850 1800 2921 Apostoli
1838 2816 1861 2859 ἢ

200 2961 467 3032 Epistola,
496 2956 709 3026 scriptis
734 2954 845 3009 suis
871 2952 1030 3008 etiam
1058 2948 1218 3005 modo
1238 2953 1681 3010 commemorant,
1710 2942 1801 2997 ubi

200 3053 313 3118 ait,
345 3049 523 3105 Nolite
555 3049 738 3118 jugum
775 3045 957 3098 ducere
1001 3057 1116 3095 cum
1155 3036 1441 3107 inﬁdelibus
1467 3052 1485 3089 :
1517 3050 1629 3100 qua:
1669 3034 1803 3087 enim

204 3140 531 3216 participatio
561 3139 661 3193 luci
688 3137 754 3190 ad
780 3134 1004 3190 tenebras
1036 3132 1102 3203 (ll
1129 3131 1243 3185 Cor.
1269 3146 1341 3197 vi,
1372 3128 1503 3199 14)?
1529 3137 1582 3181 et
1610 3134 1803 3181 caetera

203 3253 328 3310 quae
366 3249 528 3306 supra
567 3230 1108 3289 commemoravimus
1128 3268 1143 3291 ,
1173 3236 1226 3282 ct
1251 3223 1519 3296 quomodo
1548 3231 1694 3277 recte
1723 3220 1807 3275 in-

209 3330 610 3400 telligerentur,
639 3322 999 3387 ostendimus,
1031 3318 1158 3390 quid
1202 3316 1347 3371 aliud
1388 3324 1583 3385 agunt,
1618 3313 1718 3367 nisi
1749 3320 1807 3367 ut

211 3436 319 3478 nos
344 3425 760 3475 commemorent
800 3416 990 3486 quibus
1034 3413 1137 3468 hoc
1175 3410 1462 3480 Apostolus
1496 3404 1805 3476 scripserit?

212 3514 275 3571 In
305 3512 495 3568 eodem
523 3512 715 3582 quippe
752 3509 867 3578 ipso
900 3505 1098 3577 pOpulo
1127 3501 1522 3557 Corinthiorum
1552 3497 1691 3568 quod
1721 3496 1805 3550 di-

210 3607 389 3663 cimus
416 3604 875 3665 demonstramos;
907 3612 975 3652 ne
1004 3597 1137 3650 forte
1164 3593 1486 3648 arbitrentur
1512 3588 1808 3659 Propheta-

212 3717 336 3759 rum
366 3697 731 3754 tantummodo
757 3695 921 3751 moris
952 3692 1132 3759 fuisse,
1162 3698 1215 3746 et
1243 3704 1346 3743 non
1376 3686 1441 3743 ad
1466 3686 1599 3740 Novi
1627 3684 1812 3739 Testa-

214 3792 429 3857 menti;
450 3790 541 3846 sed
582 3789 648 3844 ad
673 3786 882 3843 Veteris
912 3781 1350 3839 consuetudinem
1396 3778 1690 3849 pertinere,
1736 3775 1813 3830 sic

216 3899 446 3956 arguere
475 3878 955 3953 reprehensibiles,
993 3874 1143 3945 quasi
1190 3884 1378 3926 omnes
1418 3870 1470 3922 in
1513 3862 1578 3921 eo
1619 3866 1813 3936 populo

220 3984 545 4048 arguantur;
577 3982 630 4028 et
658 3972 735 4026 sic
762 3968 958 4038 alloqui
984 3964 1278 4020 laudabiles
1299 4002 1313 4026 ,
1344 3959 1496 4031 quasi
1526 3973 1712 4013 omnes
1742 3958 1815 4011 ibi

228 4068 530 4125 laudentur.
561 4066 700 4120 Ecce
724 4072 779 4131 et
802 4060 869 4115 ad
894 4057 1200 4114 Corinthios
1225 4055 1301 4109 sic
1328 4052 1614 4122 Apostolus
1644 4051 1817 4120 loqui-

225 4171 310 4218 tur
337 4181 351 4216 :
382 4161 578 4216 Paulus
603 4165 809 4212 vocatus
849 4151 1105 4222 apostolus
1131 4147 1315 4204 Christi
1343 4145 1468 4200 Jesu
1510 4162 1598 4215 per
1636 4146 1817 4199 volun-

228 4269 383 4313 tatem
409 4258 549 4321 Dei,
587 4264 633 4309 et
675 4253 945 4310 Sosthenes
989 4253 1174 4321 frater,
1211 4247 1450 4302 Ecclesia:
1476 4245 1571 4299 Dei
1609 4261 1722 4313 qua:
1747 4254 1819 4298 est

227 4348 495 4411 Corinthi,
524 4344 852 4413 sanctiﬁcatis
879 4342 933 4396 in
962 4340 1159 4396 Christo
1187 4334 1312 4393 Jesu
1330 4378 1345 4405 ,
1388 4337 1571 4391 vocatis
1609 4336 1817 4403 sanctis,

227 4460 347 4499 sum
388 4438 615 4495 omnibus
657 4438 741 4509 qui
776 4438 1009 4491 invocant
1040 4451 1219 4489 nomen
1254 4431 1462 4487 Domini
1500 4431 1656 4485 nostri
1694 4428 1822 4483 Jesu

230 4536 422 4593 Christi
451 4537 502 4588 in
530 4534 666 4588 omni
695 4534 805 4588 loco
843 4534 1068 4602 ipsorum
1103 4539 1150 4585 et
1179 4538 1347 4584 nostro
1379 4543 1395 4581 :
1422 4526 1585 4598 gratia
1612 4524 1747 4580 vobis
1774 4532 1823 4579 et

230 4648 335 4703 pax
361 4646 393 4681 a
413 4627 522 4682 Deo
551 4627 703 4681 Patre
726 4634 895 4681 nostra
922 4634 967 4678 et
988 4623 1206 4678 Domino
1230 4620 1354 4676 Jesu
1375 4618 1595 4675 Christo.
1621 4616 1823 4672 Gratias

228 4739 329 4794 ago
364 4719 468 4774 Deo
496 4736 605 4773 meo
635 4716 829 4789 semper
858 4734 949 4788 pro
978 4716 1117 4769 vobis
1135 4757 1148 4781 ,
1180 4715 1232 4767 in
1259 4712 1423 4784 gratia
1448 4710 1545 4764 Dei
1568 4726 1681 4781 qua:
1705 4711 1827 4763 data

232 4826 306 4871 est
346 4814 482 4868 vobis
507 4814 560 4867 in
587 4812 785 4867 Christo
810 4809 846 4864 Ι
850 4826 967 4874 esu,
993 4809 1111 4873 quia
1156 4810 1208 4861 in
1248 4805 1475 4860 omnibus
1504 4804 1676 4858 divites
1707 4802 1828 4872 facti

235 4909 354 4964 estis
380 4906 431 4960 in
461 4906 572 4973 illo,
605 4906 657 4959 in
683 4903 817 4958 omni
844 4902 990 4956 verbo
1019 4910 1064 4955 et
1089 4900 1141 4954 in
1168 4898 1305 4953 omni
1328 4897 1572 4959 scientia;
1599 4897 1727 4949 sicut
1758 4904 1830 4947 te-

236 4999 529 5056 stimonium
554 4996 740 5052 Christi
766 4994 1121 5064 conﬁrmatum
1150 4999 1224 5045 est
1248 4991 1301 5043 in
1327 4989 1463 5042 vobis
1482 5028 1498 5054 ,
1528 4988 1599 5041 ita
1626 4996 1680 5040 ut
1706 4986 1832 5041 nihil

238 5094 377 5150 vobis
405 5092 532 5146 desit
566 5092 618 5145 in
661 5090 770 5144 ulla
796 5087 978 5160 gratia.
1012 5084 1143 5153 Quis
1172 5083 1287 5138 haec
1314 5080 1538 5136 audiens
1566 5079 1749 5134 credat
1778 5078 1831 5133 in

242 5184 483 5240 Ecclesia
502 5180 896 5237 Corinthiorum
920 5192 1041 5233 esse
1064 5176 1271 5246 aliquos
1296 5171 1573 5244 reprobos,
1598 5170 1836 5241 quando-

243 5277 461 5348 quidem
487 5274 645 5330 verha
676 5274 774 5327 ista
801 5272 878 5326 sic
903 5276 1129 5335 sonant,
1151 5267 1298 5323 velut
1327 5266 1392 5321 ad
1419 5279 1609 5320 omnes
1636 5263 1835 5319 directa

245 5372 315 5424 sit
351 5369 453 5423 ista
483 5366 753 5421 laudatio?
783 5364 851 5420 Et
888 5372 1062 5417 tamen
1097 5360 1254 5432 paulo
1285 5368 1403 5430 post
1428 5358 1589 5423 dicit,
1621 5356 1838 5411 Obsecro

248 5470 439 5526 autem,
468 5459 650 5527 fratres
669 5498 684 5524 ,
715 5466 771 5509 ut
794 5455 1015 5524 idipsum
1032 5452 1211 5507 dicatis
1237 5467 1427 5517 onmes,
1452 5459 1496 5504 et
1529 5465 1629 5503 non
1659 5449 1757 5502 sint
1786 5448 1840 5502 in

251 5551 388 5607 vobis
412 5549 706 5604 schismata.
734 5546 940 5601 Rursus
970 5553 1221 5614 tanquam
1252 5543 1303 5597 in
1335 5540 1437 5595 hoc
1466 5539 1737 5595 horrendo
1764 5538 1844 5592 vi-

253 5644 329 5701 tio
360 5641 502 5699 velut
529 5654 716 5697 omnes
738 5653 967 5710 arguens
995 5644 1157 5708 atque
1196 5635 1476 5704 increpans
1496 5674 1512 5701 ,
1543 5631 1706 5699 dicit,
1749 5630 1845 5684 Di-

317 5827 336 5857 ί
372 5822 512 5883 Editi,
533 5820 870 5884 subscripsisse
891 5831 981 5884 .fac
1002 5815 1146 5880 paulo
1160 5821 1288 5884 post,
1297 5813 1428 5884 unde
1444 5815 1812 5884 commemorant
1829 5849 1845 5873 ,

259 5875 730 6002 :t‘mﬁm'diversis
786 5875 1019 5937 moribus'
1447 5875 1741 5952 castigantur
1783 5886 1851 5925 ex

1610 424 1814 485 LIBER
1851 423 2053 486 UNUS.

3373 428 3480 494 θη

1890 545 2023 599 visus
2051 552 2123 600 est
2161 542 2431 603 Christus?
2472 542 2736 621 Numquid
2763 548 2962 607 Paulus
2989 553 3262 625 cruciﬁxus
3289 566 3363 612 est
3388 570 3483 625 pro

1888 638 2066 693 vobis?
2092 649 2177 695 aut
2204 641 2257 694 in
2284 642 2485 697 nomine
2506 640 2664 699 Pauli
2693 645 2935 713 baptizati
2960 646 3115 701 estis?
3141 648 3276 703 Puto
3304 658 3484 703 autem

1890 745 1985 786 eos
2009 732 2098 801 qui
2127 732 2177 786 in
2204 748 2269 788 eo
2298 734 2497 804 populo
2524 735 2802 804 dicebant,
2834 737 2946 808 Ego
2976 754 3086 793 sum
3116 738 3343 803 Christi;
3379 755 3486 795 non

1890 822 2107 879 duxisse
2133 824 2317 897 jugum
2348 842 2469 882 cum
2498 828 2577 883 eis
2603 829 2690 898 qui
2717 828 2991 896 dicebant,
3022 829 3133 901 Ego
3167 848 3281 885 sum
3308 830 3486 897 Pauli,

1892 932 1983 988 ego
2009 928 2174 973 autem
2208 920 2410 990 Apollo,
2443 937 2531 992 ego
2560 936 2673 976 vero
2699 921 2881 993 Cephw
2910 922 2955 993 (1
2981 922 3099 979 Cor.
3128 906 3177 993 ἰ,
3207 924 3360 991 1-15)
3391 940 3403 977 :
3435 932 3490 979 et

1892 1016 2071 1065 tamen
2099 1026 2285 1067 omnes
2328 1012 2394 1066 ad
2432 1029 2596 1068 unum
2625 1014 2793 1070 altare
2822 1014 3147 1071 accedebant
3167 1057 3182 1081 ,
3215 1024 3268 1071 et
3298 1016 3489 1072 eadem

1893 1102 2236 1160 Sacramenta
2284 1106 2775 1171 communieabant,
2826 1107 2913 1177 qui
2961 1107 3146 1163 eadem
3199 1108 3326 1163 vitia
3381 1123 3492 1163 non

1895 1200 2381 1256 communicabant.
2418 1201 2509 1255 His
2539 1203 2681 1255 enim
2707 1199 3000 1256 Corinthiis
3038 1203 3198 1257 etiam
3238 1201 3365 1256 illud
3406 1201 3491 1256 (li-

1895 1301 2037 1346 ctum
2068 1302 2148 1347 est
2171 1335 2184 1358 ,
2222 1292 2320 1359 Qui
2347 1293 2620 1347 manducat
2648 1302 2695 1346 et
2721 1293 2840 1346 bibit
2866 1293 3093 1365 indigne,
3118 1294 3371 1364 judicium
3398 1293 3494 1347 sibi

1842 1446 1849 1463 ὲ
1896 1384 2171 1437 manducat
2198 1394 2243 1438 et
2272 1384 2392 1438 bibit
2434 1383 2545 1453 (1d.
2575 1401 2628 1439 χι
2648 1426 2662 1449 ,
2690 1371 2814 1455 29).
2832 1384 2967 1450 Quid
2999 1388 3141 1440 enim
3171 1384 3313 1439 aliud
3343 1387 3493 1455 Apo-

193 1482 417 1551 accedi,
445 1481 539 1537 sed
565 1479 632 1535 ad
662 1479 782 1534 illos
810 1477 980 1533 bonos
1008 1475 1096 1547 qui
1130 1474 1479 1544 prohibentur
1505 1470 1786 1525 accedere.
1832 1468 1859 1489 “

1898 1476 2067 1531 stolus
2098 1477 2198 1531 nisi
2240 1478 2372 1534 istos
2411 1479 2725 1548 vaniloquos
2754 1478 3053 1548 cogitabat,
3081 1487 3139 1534 ut
3166 1478 3215 1534 ei
3244 1494 3353 1534 non
3379 1476 3495 1533 snio

1898 1569 2083 1625 liceret
2104 1570 2302 1639 dicere,
2321 1573 2577 1641 judicium
2601 1572 2872 1626 manducat
2891 1582 2938 1626 et
2959 1573 3099 1639 bibit,
3128 1573 3228 1629 nisi
3251 1573 3496 1642 adderet,

1898 1661 1993 1715 sibi
2018 1679 2036 1715 :
2063 1678 2132 1718 ne
2158 1662 2259 1719 hoc
2286 1665 2443 1719 etiam
2470 1664 2536 1718 ad
2565 1665 2684 1719 illos
2710 1666 3021 1735 pertineret,
3046 1665 3137 1736 qui
3159 1654 3355 1735 pariter
3375 1666 3498 1736 qui-

1901 1752 2043 1821 dem,
2078 1754 2173 1811 sed
2202 1771 2307 1811 non
2334 1756 2593 1825 judicium
2622 1756 3052 1812 manducabant?

1973 1847 2063 1901 54.
2106 1846 2165 1901 In
2197 1848 2327 1917 ipsis
2350 1848 2509 1904 etiam
2539 1848 2826 1904 Corinthiis
2856 1849 2928 1906 ibi
2957 1858 3111 1906 erant
3138 1851 3227 1920 qui
3254 1864 3359 1905 non
3381 1864 3502 1908 cre-

1902 1935 2101 1991 debant
2144 1940 2590 1994 resurrectionem
2639 1951 3004 2009 mortuorum,
3050 1957 3169 2012 qua:
3214 1942 3501 2012 singularis

1903 2027 2037 2084 ﬁdes
2064 2038 2147 2084 est
2167 2030 2627 2097 Christianorum;
2660 2033 2799 2102 quod
2828 2035 2904 2088 eis
2930 2035 2999 2088 ita
3029 2034 3156 2089 dicit
3176 2035 3497 2103 Apostolus:

1904 2118 1965 2175 Si
1995 2130 2163 2174 autem
2189 2120 2419 2176 Christus
2465 2124 2770 2193 prccdicatur
2813 2125 2947 2194 quod
2988 2126 3259 2180 resurrexit
3298 2142 3330 2178 a
3367 2142 3504 2179 mor-

1903 2212 2003 2266 tuis
2022 2253 2036 2278 ,
2065 2214 2315 2282 quomodo
2347 2214 2518 2268 dicunt
2549 2216 2755 2287 quidam
2785 2217 2838 2270 in
2868 2217 3005 2270 vobis
3047 2218 3165 2287 quia
3204 2217 3505 2272 resurrectio

1902 2312 2218 2357 mortuorum
2246 2321 2344 2359 non
2367 2306 2481 2359 est?
2504 2306 2618 2360 Non
2644 2305 2795 2373 dixit,
2826 2306 2880 2360 in
2909 2307 3008 2361 hac
3031 2317 3192 2376 terra,
3220 2307 3304 2361 vel
3328 2309 3381 2361 in
3402 2305 3506 2363 hoc

1902 2396 2139 2462 mundo;
2170 2397 2261 2451 sed
2282 2439 2295 2463 ,
2336 2398 2387 2450 in
2419 2398 2585 2465 vobis,
2620 2399 2808 2468 inquit.
2841 2399 3025 2469 Neque
3055 2401 3197 2454 enim
3230 2410 3408 2470 posset
3435 2399 3507 2456 de

1906 2490 2107 2547 Christi
2156 2491 2549 2545 resurrectione
2597 2491 2980 2560 prmscribere,
3026 2492 3126 2545 nisi
3165 2491 3276 2561 jam
3322 2492 3508 2561 utique

1840 2589 1862 2661 ᾗ
1904 2582 2255 2648 Christianis,
2290 2584 2479 2653 quibus
2510 2583 2577 2638 de
2609 2584 2721 2654 ipsa
2762 2583 3156 2639 resurrectione
3190 2583 3387 2638 Christi
3425 2583 3509 2638 di-

1905 2676 1998 2740 cit,
2030 2674 2120 2730 Sic
2146 2676 2505 2745 prwdicnmus,
2539 2685 2584 2728 et
2608 2677 2680 2730 sic
2708 2676 2989 2729 credidistis
3018 2673 3129 2745 (Id.
3153 2691 3242 2739 xv,
3273 2674 3361 2742 12,
3392 2674 3506 2745 ﬂ).

1904 2766 2057 2822 Nunc
2104 2767 2441 2822 attendamus
2493 2766 2652 2821 verba
2700 2767 2825 2833 illa,
2876 2766 3069 2836 quibus
3109 2766 3508 2821 Corinthiorum

1907 2857 2205 2913 Ecclesium
2236 2860 2289 2912 in
2322 2858 2575 2928 Epistolas
2608 2858 2866 2929 principio
2896 2860 2972 2912 sic
3004 2858 3217 2925 laudat,
3250 2866 3308 2913 ut
3344 2857 3511 2925 dicat,

1910 2951 2113 3005 Gratias
2154 2968 2249 3022 ago
2289 2950 2400 3005 Deo
2440 2968 2547 3005 meo
2587 2968 2783 3021 semper
2825 2967 2915 3021 pro
2946 2950 3112 3019 vobis,
3141 2952 3195 3004 in
3222 2951 3386 3021 gratia
3412 2950 3512 3004 Dei

1907 3061 2023 3116 qua:
2051 3044 2171 3098 data
2202 3054 2271 3099 est
2296 3045 2433 3099 vobis
2460 3046 2513 3098 in
2540 3045 2736 3100 Christo
2765 3045 2889 3099 Jesu
2907 3088 2922 3111 ,
2956 3045 3075 3115 quia
3100 3046 3152 3098 in
3174 3046 3407 3099 omnibus
3431 3045 3514 3098 di-

1908 3138 2031 3191 vites
2059 3137 2179 3206 [αειί
2205 3136 2320 3189 estis
2340 3137 2393 3189 in
2414 3136 2522 3201 illo,
2550 3136 2604 3189 in
2625 3136 2763 3190 omni
2790 3136 2933 3189 verbo
2959 3146 3003 3189 et
3026 3136 3077 3189 in
3101 3135 3238 3188 omni
3257 3134 3511 3199 scientia;

1911 3230 2041 3284 sicut
2069 3228 2408 3282 testimonium
2435 3228 2618 3283 Christi
2658 3228 3011 3296 conﬁrmatum
3050 3240 3123 3282 est
3156 3228 3208 3281 in
3245 3228 3408 3292 vobis,
3439 3227 3516 3280 ita

1910 3334 1965 3379 ut
1994 3323 2123 3378 nihil
2149 3323 2285 3376 vobis
2314 3322 2441 3376 desit
2480 3322 2533 3376 in
2562 3323 2667 3375 ulla
2696 3322 2879 3392 gratia.
2911 3321 3047 3376 Ecce
3077 3322 3153 3375 sic
3179 3330 3330 3375 erant
3358 3296 3523 3375 dilati.

1913 3419 1967 3473 in
1995 3419 2210 3475 Christo
2241 3420 2295 3475 in
2320 3419 2464 3474 omni
2495 3419 2657 3474 verbo
2698 3427 2753 3473 et
2782 3419 2833 3472 in
2863 3418 3008 3471 omni
3043 3417 3262 3472 scientia
3283 3457 3298 3483 ,
3332 3416 3404 3470 ita
3434 3414 3521 3487 eis,

1915 3511 2048 3566 nihil
2076 3512 2260 3568 deerat
2289 3513 2343 3567 in
2372 3512 2474 3567 ulla
2500 3512 2690 3581 gratia,
2716 3519 2771 3564 ut
2799 3510 2851 3564 in
2882 3511 2986 3565 illis
3010 3518 3194 3565 essent
3215 3509 3306 3579 qui
3330 3520 3517 3563 resur-

1916 3608 2209 3662 rectionem
2258 3616 2592 3662 mortuorum
2633 3604 2807 3659 adhuc
2853 3619 3020 3672 usque
3064 3617 3168 3656 non
3211 3600 3517 3656 crederent.

1918 3698 2053 3753 Puto
2080 3708 2256 3753 autem
2289 3698 2431 3767 quod
2462 3698 2547 3751 isti
2577 3696 2768 3765 quibus
2799 3695 2930 3748 nihil
2963 3694 3145 3747 deerat
3182 3692 3235 3745 in
3260 3691 3366 3745 ulla
3396 3703 3520 3760 gra-

1918 3791 1989 3844 tia
2012 3831 2026 3857 ,
2056 3804 2162 3844 non
2204 3766 2470 3843 ducebant
2513 3788 2697 3855 jugum
2743 3801 2862 3839 cum
2904 3784 2982 3837 eis
3010 3784 3093 3851 qui
3124 3766 3529 3836 resurrecturos‘

1919 3891 2162 3936 mortuos
2211 3896 2319 3933 non
2365 3878 2673 3934 credebant.
2707 3878 2846 3932 Ecce
2877 3874 3144 3945 quomodo
3184 3889 3292 3929 non
3319 3872 3522 3929 ducunt

1916 3974 2100 4044 jugum
2150 3988 2272 4027 cum
2316 3970 2654 4035 infidelibus,
2700 3968 2940 4039 quamvis
2981 3966 3155 4021 eidem
3196 3966 3390 4036 populo
3419 3965 3522 4020 mi-

1921 4075 2191 4132 sceantur,
2225 4074 2280 4119 ct
2307 4065 2407 4119 sub
2436 4063 2636 4120 eisdem
2665 4060 3065 4125 sacerdotibus,
3099 4059 3300 4115 eisdem
3326 4059 3520 4115 Sacra-

1923 4157 2116 4212 mentis
2142 4156 2467 4211 imbuantur.

1998 4252 2086 4306 35.
2122 4250 2361 4321 Denique
2384 4250 2496 4318 ipse
2518 4248 2823 4320 Apostolus,
2848 4261 2916 4301 ne
2938 4245 3061 4301 huic
3084 4243 3379 4301 inﬁdelitati
3401 4258 3524 4300 con-

1926 4344 2219 4408 sentirent,
2249 4357 2476 4414 quorum
2511 4341 2621 4411 jam
2662 4340 2793 4395 ﬁdes
2833 4340 3045 4394 tenebat
3074 4339 3526 4394 resurrectionem

1927 4448 2293 4505 mortuorum,
2330 4451 2435 4491 non
2471 4435 2549 4490 eis
2586 4433 2841 4504 praecepit
2870 4432 3200 4502 corporalem
3233 4430 3529 4500 separatio-

1928 4550 2094 4590 nem:
2131 4532 2283 4587 multi
2323 4532 2519 4601 quippe
2563 4537 2715 4583 erant
2748 4546 2760 4582 :
2789 4543 2893 4582 non
2942 4528 3079 4580 sicut
3119 4525 3209 4580 ille
3251 4538 3389 4580 unus
3430 4521 3528 4595 qui

1931 4640 2153 4684 uxorem
2181 4624 2348 4696 patris
2373 4622 2456 4677 sui
2490 4621 2694 4686 habuit,
2723 4634 2880 4689 quem
2909 4616 3161 4673 liberiore
3188 4616 3529 4687 correptione

1931 4728 1989 4775 et
2016 4713 2569 4775 excommunicatione
2606 4710 2812 4781 judicat
2854 4708 3070 4780 dignum
3113 4708 3222 4778 (Id.
3252 4724 3308 4777 v,
3342 4706 3480 4778 1-5)
3510 4725 3531 4762 :

1934 4813 2088 4879 longe
2115 4809 2269 4862 aliter
2294 4807 2417 4871 iste,
2447 4804 2602 4858 aliter
2628 4802 2819 4857 vitiosa
2844 4802 3076 4857 curanda
3106 4809 3160 4856 et
3184 4799 3419 4855 sananda
3445 4806 3530 4853 est

1935 4899 2252 4966 multitudo,
2291 4914 2360 4954 ne
2389 4897 2525 4953 forte
2560 4896 2605 4951 si
2636 4895 2785 4967 plebs
2825 4911 2853 4949 a
2884 4895 3041 4965 plebe
3081 4902 3391 4965 separetur,
3432 4904 3536 4960 per

1936 4992 2239 5051 schismatis
2268 4990 2419 5046 nefas
2445 4990 2604 5044 etiam
2636 4988 2867 5043 triticum
2902 4970 3239 5043 eradicetur.
3263 4984 3372 5038 Eos
3397 4997 3531 5052 ergo

1938 5089 2026 5160 qui
2051 5089 2159 5157 jam
2191 5083 2478 5141 credebant
2503 5081 2949 5157 resurrectionem
2980 5086 3329 5139 mortuorum,
3353 5073 3419 5129 ab
3445 5072 3541 5128 his.

1941 5183 2029 5253 qui
2057 5196 2174 5237 eam
2206 5180 2257 5234 in
2286 5177 2472 5234 eodem
2500 5175 2700 5253 populo,
2728 5189 2832 5229 non
2862 5171 3170 5232 credebant,
3202 5182 3306 5221 non
3336 5179 3539 5235 corpo-
3595 5211 3600 5215 .

1943 5251 2126 5330 raliter
2152 5271 2436 5341 Apostolus
2464 5276 2674 5338 separat
2697 5251 2712 5320 ﬁ:
2743 5264 2835 5320 sed
2865 5272 3041 5317 tamen
3072 5257 3420 5330 spiritualiter
3445 5271 3543 5311 sev

1944 5381 2133 5439 parare
2160 5380 2262 5419 non
2293 5372 2499 5427 cessat,
2529 5362 2711 5417 dicens
2731 5401 2745 5423 ,
2780 5356 2953 5411 Nolite
2979 5354 3180 5420 seduci,
3208 5353 3544 5421 corrumpunt

1949 5477 2109 5514 mores
2140 5459 2293 5512 bonos
2329 5456 2578 5527 colloquia
2615 5453 2750 5507 mala
2790 5450 2898 5523 (Id.
2929 5464 3027 5515 xv,
3059 5446 3175 5518 33).
3205 5446 3318 5503 Non
3349 5460 3539 5500 eorum

1949 5568 2318 5625 congressum,
2342 5549 2436 5606 sed
2461 5561 2778 5605 consensum
2801 5546 2972 5610 timet,
3002 5558 3066 5599 ne
3089 5541 3241 5597 malis
3260 5537 3539 5609 colloquiis

1952 5645 2357 5703 accommodent
2387 5642 2566 5709 tidem,
2598 5654 2715 5710 qua:
2744 5643 3093 5706 corrumpunt
3134 5648 3309 5689 mores
3344 5632 3539 5687 bonos.

1955 5741 2188 5796 Moribus
2226 5752 2353 5808 ergo
2393 5749 2520 5798 eos,
2561 5749 2665 5788 non
2707 5730 2961 5787 altaribus
2990 5728 3242 5783 admonet
3281 5722 3540 5797 separari.

1956 5834 2236 5889 Postremo
2274 5837 2557 5897 antequam
2598 5826 2676 5880 eis
2713 5824 2827 5879 haec
2850 5821 3138 5893 Apostolus
3167 5819 3460 5885 scriberet,
3485 5815 3544 5889 in

1957 5923 2148 5984 eadem
2170 5920 2407 5979 Ecclesia
2432 5928 2603 5989 erant,
2633 5918 2721 5990 qui
2747 5916 3188 5974 resurrectionem
3212 5920 3545 5970 mortuorum
