4010 6546
438 439 546 503 675

442 567 547 608 non
569 546 880 616 credebant,
905 544 960 602 in
980 557 1083 616 qua
1103 550 1255 598 erant
1273 539 1466 616 quibus
1487 537 1616 596 nihil
1637 536 1821 593 deerat
1844 534 1897 588 in
1917 529 2026 586 ulla

443 643 613 714 gratia
642 659 656 696 :
687 647 741 696 et
769 637 847 694 illi
872 637 1002 693 istos
1042 631 1356 690 inﬁdelitate
1395 646 1491 688 sua
1525 645 1631 685 non
1661 625 2026 698 inquinabant,

442 735 568 806 quia
599 732 684 788 isti
722 729 822 784 illis
860 726 926 783 ad
966 725 1210 782 eamdem
1250 723 1615 779 inﬁdelitatem
1656 734 1762 776 non
1801 731 2029 774 consen-

448 824 668 882 tiebant.
697 819 835 878 Ecce
857 818 1124 891 quomodo
1145 818 1236 873 illo
1259 831 1361 871 non
1387 814 1675 881 acceditur,
1700 828 1767 868 ne
1792 810 2031 882 quisquis

447 915 760 982 accesserit,
797 914 1100 984 inquinetur
1133 929 1144 966 :
1176 924 1302 966 ecce
1339 907 1606 986 quomodo
1634 905 1778 961 nulla
1818 903 2032 976 partici-

372 1027 378 1074 χ
446 1010 592 1081 patio
616 1015 697 1064 est
724 1007 908 1062 lumini
935 1005 1000 1062 ad
1029 1004 1273 1060 tenebras
1299 1021 1311 1057 :
1335 1017 1458 1058 ecce
1484 998 1771 1072 quomodo,
1794 996 2035 1070 quamvis

445 1101 585 1157 intra
613 1099 797 1155 eadem
840 1098 972 1153 retia
1012 1105 1195 1151 natent
1240 1095 1443 1165 pisces,
1492 1094 1700 1162 utrique
1743 1106 1842 1147 nec
1876 1102 2034 1144 causa

444 1205 619 1249 causae
649 1191 978 1264 praeiudicat,
1010 1201 1108 1244 nec
1136 1199 1358 1259 persona
1389 1200 1652 1256 personae.

518 1285 606 1341 36'.
639 1283 791 1353 Quod
819 1299 940 1338 cum
973 1283 1044 1337 ita
1071 1281 1160 1348 sit,
1193 1293 1310 1352 quae
1338 1287 1442 1332 tam
1470 1276 1632 1332 cruda
1655 1274 1895 1340 stultitia,
1921 1272 2039 1344 quis

447 1385 560 1433 tam
591 1375 796 1432 ferreus
821 1375 1000 1430 cordis
1029 1387 1249 1430 somnus
1279 1387 1384 1427 non
1414 1370 1740 1436 excutiatur,
1769 1366 2041 1438 possitque

449 1469 734 1541 aliquando
779 1467 1012 1533 sentire,
1042 1463 1313 1520 Caeciliani
1358 1478 1570 1518 causam
1617 1458 1882 1516 catholico
1927 1456 2041 1514 orbi

448 1571 741 1629 terrarum,
773 1560 856 1617 cui
887 1573 992 1614 non
1023 1558 1381 1614 communicat
1407 1563 1527 1626 pars
1552 1553 1757 1620 Donati,
1790 1549 2043 1624 prtejudi-

449 1670 575 1713 care
612 1669 717 1710 non
756 1667 936 1724 posse,
969 1653 1012 1706 si
1040 1665 1143 1705 non
1169 1649 1479 1720 prtejudicat
1506 1648 1642 1718 parti
1667 1643 1861 1700 Donati
1885 1656 2044 1698 causa

450 1746 779 1814 Maximiani,
808 1745 888 1800 vcl
918 1745 1093 1814 potius
1119 1757 1275 1798 causa
1298 1739 1552 1796 Feliciani
1580 1748 1632 1795 et
1653 1737 1904 1794 Primiani
1933 1750 2047 1790 mo-

451 1839 522 1895 do
545 1837 979 1908 conjunctorum,
1009 1835 1166 1904 paulo
1203 1843 1324 1888 ante
1365 1832 1594 1887 invicem
1635 1826 2045 1885 danmatorum?

450 1929 661 1987 Sufﬁcit
705 1937 877 1992 certe,
919 1936 978 1981 ut
1021 1925 1314 1980 secundum
1362 1925 1505 1993 ipsos
1551 1925 1864 1992 loquamur,
1906 1917 2048 1990 quod

449 2025 626 2095 pisces
659 2023 784 2078 mali
817 2020 918 2076 sub
953 2019 1201 2075 ﬂuctibus
1231 2019 1500 2073 latitantes
1530 2016 1744 2088 ignaros
1782 2028 1890 2068 non
1931 2011 2047 2082 pol-

449 2117 604 2174 luuut
651 2118 964 2188 piscatores.
1017 2113 1270 2180 Quamvis
1315 2125 1421 2165 non
1468 2109 1537 2164 sit
1584 2107 1651 2163 de
1697 2103 2050 2180 piscatoribus

452 2209 708 2281 quaestio,
741 2221 874 2277 quos
910 2205 1134 2260 fortasse
1180 2203 1232 2258 in
1279 2202 1366 2256 illa
1406 2198 1754 2258 similitudine
1793 2197 2050 2255 Dominus

455 2301 693 2374 Angelos
723 2300 947 2372 intelligi
971 2298 1159 2356 voluit.
1195 2295 1360 2369 Magis
1386 2296 1526 2352 enim
1565 2291 1946 2352 attendendum
1971 2299 2054 2347 est

455 2393 598 2452 intra
624 2395 738 2466 ipsa
764 2394 894 2450 retia
921 2392 1094 2461 pisces
1121 2391 1292 2446 bonos
1319 2403 1347 2443 a
1374 2387 1530 2443 malis
1555 2402 1660 2441 non
1688 2401 1846 2457 posse
1873 2399 2054 2440 macu-

458 2488 582 2545 lari.
629 2488 810 2557 Neque
854 2485 996 2540 enim
1044 2493 1096 2539 et
1142 2482 1239 2552 ipsi
1281 2496 1385 2536 non
1409 2479 1591 2535 vident
1629 2479 1853 2534 invicem
1894 2477 2052 2536 simul

457 2588 732 2645 natantes,
763 2579 898 2632 sicut
926 2592 954 2630 a
987 2573 1336 2646 piscatoribus
1364 2572 1503 2627 intra
1534 2587 1723 2642 aquam
1763 2569 1919 2640 positi
1947 2584 2054 2624 non

458 2673 725 2728 videntur.
759 2671 900 2734 Sed,
945 2679 999 2724 ut
1039 2669 1181 2734 dixi,
1216 2665 1414 2722 sufficit
1451 2681 1627 2721 causae
1657 2673 1888 2730 nostrae,
1914 2661 2056 2736 quod

460 2764 588 2824 mali
617 2781 722 2820 non
752 2763 1015 2834 polluunt,
1043 2775 1268 2831 quorum
1306 2758 1442 2813 mala
1482 2757 1620 2812 facta
1652 2757 1980 2814 nesciuntur.

529 2855 760 2915 CAPUT
801 2856 966 2911 XXII.
998 2885 1070 2895 ——
1099 2855 1187 2912 57.
1229 2853 1468 2910 Fuerunt
1506 2854 1521 2884 ⁸
1561 2851 1774 2922 quidam
1819 2861 2058 2923 tempore

462 2950 732 3008 Cteclliani
773 2949 911 3005 beati
956 2947 1183 3026 pacilici,
1222 2946 1312 3016 qui
1350 2960 1503 3011 eum,
1547 2943 1756 3003 etiamsi
1799 2941 2060 2998 innocens

463 3057 571 3100 non
603 3051 766 3108 esset,
799 3042 1029 3098 scientes
1065 3053 1162 3110 pro
1201 3037 1462 3096 catholica
1503 3036 1704 3091 unitate
1746 3032 2054 3100 tolerarent,

465 3153 586 3195 cum
618 3153 738 3192 cum
765 3135 1007 3191 viderent
1035 3142 1110 3188 tot
1141 3130 1334 3202 ignotis
1365 3129 1631 3202 gentibus,
1665 3145 1760 3200 per
1788 3143 1920 3200 quas
1947 3127 2057 3198 ipsa

467 3231 644 3288 unitas
700 3229 986 3292 dilatatur,
1045 3226 1512 3283 Sacramentorum
1576 3219 2062 3294 participandorum

467 3324 843 3384 communione
871 3321 1178 3384 cohaerere;
1209 3317 1393 3388 eisque
1423 3316 1581 3371 talem
1609 3328 1713 3368 non
1737 3327 1891 3384 posse
1912 3326 2065 3366 mon-

467 3418 628 3477 strari
649 3458 663 3484 ,
695 3415 905 3486 qualem
951 3411 1053 3483 ipsi
1094 3426 1216 3466 cum
1259 3423 1379 3465 esse
1419 3413 1802 3478 cognoscerent
1833 3423 1846 3460 :
1876 3403 1974 3478 ipsi
2005 3420 2066 3461 se

471 3522 657 3570 contra
686 3512 813 3565 istas
837 3507 1132 3563 calumnias
1153 3502 1502 3560 defenderent
1527 3499 1701 3557 verbis
1727 3499 1869 3555 beati
1895 3509 1947 3555 et
1974 3515 2066 3570 pa-

471 3603 608 3662 ciﬁci
627 3601 898 3677 Cypriani,
925 3602 1324 3668 clamareutque
1346 3595 1569 3650 ﬁdenter
1587 3603 1641 3649 et
1660 3592 1917 3660 dicerent,
1943 3591 2068 3647 Ideo

470 3705 690 3770 propter
731 3693 1074 3751 Caecilianum
1117 3705 1223 3746 non
1269 3687 1566 3744 deserimus
1609 3686 1866 3741 unitatem
1891 3724 1907 3751 ,
1945 3681 2069 3754 quia

470 3789 560 3847 etsi
591 3788 821 3842 videntur
849 3786 903 3840 in
930 3782 1163 3839 Ecclesia
1192 3798 1297 3837 esse
1324 3780 1520 3835 zizania
1539 3821 1553 3848 ,
1591 3795 1691 3832 non
1718 3786 1883 3831 tamen
1906 3777 2068 3847 impe-

473 3881 574 3938 diri
599 3882 739 3937 debet
769 3889 853 3934 aut
880 3879 1005 3950 ﬁdes
1035 3888 1122 3932 aut
1151 3877 1372 3931 charitas
1407 3884 1618 3940 nostra;
1646 3882 1700 3926 ut
1725 3871 1962 3942 quoniam
1991 3869 2066 3923 zi-

475 3975 624 4030 zaiiia
653 3990 758 4030 esse
786 3972 838 4026 in
871 3970 1098 4026 Ecclesia
1127 3969 1376 4023 cemimus
1395 4009 1410 4034 ,
1451 3965 1546 4037 ipsi
1579 3965 1639 4018 de
1668 3961 1898 4018 Ecclesia
1935 3978 2071 4016 rece-

475 4065 658 4122 damus
690 4065 878 4138 (Epist.
905 4063 971 4117 ad
996 4058 1324 4131 Maximum).
1356 4059 1578 4113 Istorum
1606 4055 1840 4126 paciﬁcae
1867 4054 2073 4126 patien-

475 4159 566 4215 tia:
594 4157 904 4214 conveniret
933 4153 1336 4224 praeclarissima
1381 4151 1496 4204 laus
1536 4149 1654 4213 illa,
1688 4163 1790 4219 qua
1829 4146 2073 4208 laudatur

475 4251 699 4323 angelus
730 4248 977 4304 Ecclesia:
1018 4261 1135 4315 qum
1176 4253 1256 4298 est
1295 4241 1490 4313 Ephesi
1533 4240 1710 4311 (quem
1742 4254 1900 4294 nemo
1928 4247 2073 4294 recte

477 4342 784 4411 intelligens
810 4339 1013 4394 dubitat
1040 4337 1203 4406 ipsius
1228 4335 1480 4389 Ecclesia:
1507 4346 1715 4404 gestare
1740 4331 2070 4403 personam),

478 4435 561 4491 cui
598 4433 722 4486 dicit
756 4435 806 4485 in
837 4431 1151 4501 Apocalypsi
1181 4429 1406 4498 Spiritus
1429 4469 1442 4494 ,
1478 4425 1597 4482 Scio
1628 4443 1782 4496 Opera
1809 4435 1893 4479 tua
1921 4434 1965 4479 et
1992 4425 2072 4478 la-

481 4531 649 4586 borem
679 4537 725 4582 et
756 4527 1064 4598 patientiam,
1095 4533 1137 4578 et
1164 4525 1280 4594 quia
1311 4541 1409 4577 non
1439 4535 1576 4594 potes
1606 4525 1849 4578 sustinere
1876 4523 2074 4591 malos;

482 4633 528 4678 et
555 4621 756 4676 tentasti
784 4636 866 4674 eos
895 4619 981 4688 qui
1009 4633 1061 4669 se
1090 4616 1259 4670 dicunt
1297 4617 1549 4687 apostolos
1578 4629 1683 4671 esse
1704 4657 1716 4680 ,
1745 4624 1789 4670 et
1812 4633 1911 4670 non
1937 4627 2073 4685 sunt,

482 4727 531 4773 et
560 4715 790 4778 invenisti
817 4732 898 4772 eos
927 4713 1184 4768 ntendaccs
1206 4728 1223 4776 ;
1251 4722 1295 4766 et
1321 4711 1611 4782 patientiam
1639 4711 1786 4766 habes
1806 4754 1820 4779 ,
1848 4721 1893 4767 et
1919 4713 2076 4767 susti—

484 4811 640 4865 nuisti
672 4827 752 4865 eos
784 4816 987 4888 propter
1014 4821 1194 4888 nomen
1221 4822 1406 4871 meum,
1435 4814 1481 4858 et
1507 4822 1605 4858 non
1636 4803 1856 4876 defeciin
1889 4802 2072 4874 (Apoc.

482 4921 557 4974 ιι,
586 4905 642 4971 2,
667 4904 744 4976 5).
772 4882 859 4958 Sic
887 4901 961 4955 illi
991 4882 1271 4956 laudentur
1293 4901 1334 4966 ί,
1365 4899 1453 4970 qui
1481 4899 1531 4952 in
1562 4899 1658 4958 ista
1687 4899 1790 4953 vita
1812 4898 2077 4954 Caeciliani

486 5009 727 5070 tempore
765 4997 1012 5064 fuerunt,
1057 4995 1142 5072 qui
1188 5004 1405 5066 propter
1435 5009 1628 5048 nomen
1662 4991 1868 5047 Domini
1890 5034 1904 5058 ,
1936 4991 2078 5063 quod

486 5094 625 5150 sicut
667 5100 989 5165 unguentum
1034 5087 1256 5147 cﬂ'ustnn
1307 5103 1400 5158 per
1443 5085 1855 5144 innumerabiles
1894 5094 2078 5156 gentes

491 5197 600 5244 toto
625 5187 732 5256 jam
757 5186 886 5241 orbe
915 5181 1199 5257 fragrabat,
1230 5198 1334 5236 non
1359 5181 1670 5247 deﬁcerent,
1697 5180 2080 5250 patientissime

491 5279 801 5339 sustinendo
827 5278 985 5334 etiam
1016 5292 1173 5348 quem
1202 5275 1403 5331 malum
1434 5283 1652 5329 nossent
1680 5292 1692 5328 :
1721 5273 1764 5335 si
1795 5273 1963 5328 malus
1992 5271 2081 5328 ille

492 5381 667 5440 esset,
703 5371 791 5444 qui
818 5386 1001 5428 eorum
1029 5370 1234 5441 judicio.
1260 5370 1377 5424 aliis
1403 5367 1757 5424 demonstrari
1778 5408 1794 5433 ,
1826 5375 1882 5422 et
1905 5365 1973 5422 ab
2002 5365 2082 5426 eis

495 5467 642 5523 avelli
671 5465 1012 5537 separarique
1041 5480 1147 5519 non
1179 5471 1377 5536 posset.
1411 5462 1600 5524 Nostra
1641 5461 1740 5522 alia
1781 5474 1939 5516 causa
1977 5469 2077 5528 est,

495 5574 744 5629 arrogare
771 5559 925 5618 nobis
954 5555 1162 5619 laudem
1193 5556 1349 5628 huius
1379 5555 1644 5630 patientia:
1670 5569 1774 5608 non
1802 5551 2081 5608 debemus.

497 5649 608 5704 Non
641 5652 781 5706 enim
816 5665 1096 5722 possumus
1125 5649 1338 5716 dicere.
1379 5663 1476 5704 nos
1520 5661 1616 5718 pro
1654 5661 1788 5718 pace
1828 5647 2085 5704 tolerasse

499 5743 636 5813 quod
663 5743 726 5797 ad
750 5753 982 5798 nostram
1007 5743 1361 5812 cognitionem
1391 5756 1611 5812 prorsus
1632 5756 1737 5800 non
1763 5739 1934 5814 potuit
1960 5755 2084 5812 per-

555 5879 575 5908 ¹
613 5876 719 5927 Sola
741 5877 889 5928 editio
909 5884 1041 5933 l.ov.,
1065 5875 1257 5933 fuerim.

558 5939 578 5970 ¹
616 5946 677 5988 ita
703 5947 805 5987 Mss.
829 5946 882 5988 at
905 5938 1038 6000 editi,
1067 5938 1343 5990 laudamur.

1188 423 1280 486 AD
1319 419 1744 487 DONATISTAS
1781 413 1953 478 POST
1991 404 2491 485 COLLATIONEM,
2531 414 2589 473 S.
2631 406 3000 474 AUGUSTINI

3609 413 3734 477 676

2137 527 2337 584 venire.
2368 528 2530 586 Nobis
2556 529 2823 586 (Ἰαεεείιίθηί
2860 543 3022 588 causa
3050 528 3149 588 sub
3173 529 3424 590 ﬂuetibus
3449 532 3552 594 fuit
3577 554 3594 589 ι
3621 551 3747 596 vox

2135 632 2316 679 nostra
2342 622 2458 678 talis
2484 633 2586 689 est,
2611 624 2785 694 qualis
2808 624 3216 685 christianarum
3234 629 3475 697 gentium
3500 640 3746 687 emtor:-

2137 730 2252 770 rum
2273 755 2290 783 ,
2320 724 2503 772 contra
2534 731 2664 788 quas
2708 717 2794 773 isti
2838 732 2942 774 non
2988 717 3305 776 invenerunt
3337 722 3560 783 omnim
3588 725 3746 796 quod

2139 804 2397 863 dicerent.
2429 808 2810 866 Verumtamen
2839 810 3069 880 ignotam
3098 811 3364 870 Geciliani
3389 830 3610 874 causam
3641 832 3744 874 re-
3785 801 3799 868 ,τ

2139 909 2223 956 cte
2247 902 2512 960 credimus
2535 903 2750 972 bonam,
2772 920 2930 976 quem
2950 906 3119 962 semel
3143 904 3476 966 inimicorum
3498 907 3745 967 factione
3789 887 3795 894 ί

2139 995 2482 1066 damnatum,
2532 997 2660 1068 ipsis
2695 1007 2871 1056 autem
2902 1001 3276 1063 accusantibus
3316 1004 3474 1061 tertio
3509 1005 3742 1075 tegimus

2142 1085 2466 1143 absolutum.
2495 1090 2599 1148 Aut
2635 1090 2857 1146 credant.
2891 1093 2975 1148 isti
3013 1101 3225 1150 centum
3267 1093 3434 1151 ferme
3467 1096 3746 1167 episcopis

2143 1180 2306 1250 partis
2335 1180 2524 1236 Donati
2552 1181 2619 1238 de
2644 1182 2954 1239 criminibus
2983 1185 3254 1253 Primiani,
3287 1197 3341 1243 et
3371 1196 3496 1244 tunc
3519 1203 3621 1248 nos
3645 1204 3748 1245 co-

2144 1281 2269 1344 gant
2291 1273 2509 1330 credere
2536 1276 2865 1346 septuaginta
2891 1277 3181 1346 majoribus
3206 1279 3316 1335 suis
3335 1279 3405 1336 de
3424 1280 3745 1339 criminibus

2145 1363 2432 1421 Caeciliani.
2461 1365 2612 1434 Quod
2636 1375 2812 1424 autem
2839 1369 3024 1426 dicunt
3043 1370 3386 1434 Cmciiianttni
3408 1374 3611 1445 objecta
3631 1376 3742 1434 sibi

2147 1457 2201 1513 in
2232 1459 2320 1514 illo
2350 1461 2578 1518 concilio
2616 1462 2834 1517 crimina
2879 1479 2998 1522 cum
3039 1464 3233 1522 absens
3272 1466 3467 1534 fuerit,
3515 1468 3748 1527 meando

2149 1551 2390 1610 ﬁrmasse
2421 1571 2432 1606 :
2467 1554 2696 1610 ﬁrmavit
2734 1570 2861 1626 ergo
2899 1565 2954 1612 et
2982 1556 3282 1618 Primis-nus
3321 1560 3584 1628 crimina,
3624 1578 3752 1632 qua

2148 1660 2180 1701 a
2206 1655 2419 1704 centum
2465 1648 2732 1720 episcOpis
2779 1649 2882 1706 sibi
2925 1650 3135 1721 objecta
3176 1667 3278 1710 nec
3318 1663 3506 1724 postea
3549 1656 3750 1716 solum

2149 1739 2446 1796 ostenditur
2470 1740 2710 1799 diluisse.

2223 1832 2310 1888 38.
2353 1832 2458 1892 Sed
2487 1833 2765 1901 videlicet,
2796 1852 2889 1890 nec
2917 1837 3068 1890 causa
3100 1853 3270 1893 causa
3288 1839 3631 1910 prmjttdimt,
3659 1856 3753 1896 nos

2153 1940 2368 1994 persona
2389 1942 2637 1996 personui,
2662 1943 2730 1983 ne
2752 1943 2874 1998 pars
2895 1928 3084 1986 Donati
3103 1930 3374 1990 minuatur
3397 1950 3410 1987 :
3432 1933 3754 2005 praeiudicat

2153 2025 2363 2088 autem,
2393 2027 2452 2074 ut
2479 2017 2674 2083 Christi
2705 2021 2990 2080 haereditas
3027 2023 3314 2080 dividatur.
3354 2027 3438 2082 An
3465 2033 3601 2083 vero
3627 2027 3752 2084 Cae-

2153 2107 2332 2168 ciliani
2373 2126 2534 2176 causa
2576 2127 2686 2172 non
2728 2113 3036 2184 praeiudicat
3065 2116 3250 2171 imitati
3279 2116 3562 2177 catholicas
3587 2134 3754 2188 quam

2157 2212 2432 2270 tenemus,
2478 2211 2536 2268 et
2571 2205 2725 2276 cujus
2767 2206 3024 2264 societate
3059 2208 3385 2278 gaudemus,
3425 2223 3552 2265 cum
3592 2208 3758 2266 fuerit

2155 2297 2468 2360 Cmcilianus
2491 2299 2924 2370 Cartbagiuensis
2943 2303 3257 2372 episeOpus;
3285 2311 3339 2358 et
3363 2302 3680 2373 praeiudicat
3702 2304 3756 2359 ei

2157 2406 2315 2452 causa
2340 2391 2546 2450 Novelli
2573 2392 2912 2465 Tyzioensis,
2942 2393 3180 2450 Faustini
3203 2393 3583 2462 Tuburbitani,
3619 2409 3755 2466 quas

2159 2499 2256 2541 nec
2294 2485 2624 2545 accusandos
2658 2491 2842 2556 postea
2871 2486 3009 2548 sicut
3035 2486 3381 2546 Caecilianum
3411 2486 3751 2559 Felicem

2162 2586 2512 2648 putaverunt;
2543 2595 2766 2651 quorum
2811 2579 3062 2647 nomina,
3108 2579 3218 2638 imo
3254 2595 3382 2636 vero
3422 2581 3660 2651 ipsarum
3699 2581 3752 2638 in

2159 2673 2353 2744 quibus
2378 2671 2592 2730 fuerunt
2616 2674 2888 2737 civitatum
2909 2674 3126 2734 nomina
3146 2715 3161 2740 ,
3188 2688 3289 2732 nec
3315 2674 3588 2731 universas
3610 2673 3752 2730 Afri-

2161 2779 2238 2820 cae
2264 2772 2387 2818 nota
2414 2773 2557 2828 sunt,
2596 2773 2687 2819 aut
2716 2763 2942 2820 fortasse
2973 2779 3074 2820 nec
3096 2764 3360 2820 universae
3380 2765 3757 2822 Proconsulari

2161 2855 2492 2928 provinciae?
2518 2857 2659 2918 Ecce
2687 2871 2911 2926 quorum
2951 2856 3327 2927 pisciculorum
3343 2899 3360 2924 ,
3392 2857 3608 2914 etiamsi
3635 2859 3758 2914 mali

2163 2947 2407 3017 fuerunt,
2440 2959 2546 3010 tant
2592 2950 2644 3005 in
2686 2949 2946 3020 profundo
2991 2951 3270 3006 latentium
3311 2966 3532 3011 causam
3574 2952 3760 3008 Volunt

2163 3042 2514 3114 praeiudicare
2535 3055 2711 3099 causae
2733 3051 2894 3099 tantm
2917 3042 3243 3114 piscationis,
3266 3044 3419 3115 cujus
3440 3045 3601 3115 plena
3629 3045 3759 3100 retia

2166 3143 2278 3197 toto
2302 3135 2434 3192 orbe
2457 3134 2646 3192 diﬁ‘usa
2685 3144 2810 3191 sunt
2829 3178 2844 3203 ,
2875 3135 2967 3206 qui
3003 3134 3239 3206 piscibus
3269 3135 3420 3206 juxta
3449 3136 3762 3192 natantibus

2165 3230 2252 3290 vix
2297 3232 2409 3287 noti
2455 3246 2575 3288 esse
2618 3239 2922 3301 potuerunt.
2959 3228 3071 3286 Cur
3109 3239 3286 3286 autem
3324 3244 3431 3286 non
3473 3230 3764 3288 credamus

2168 3324 2329 3381 etiam
2355 3324 2486 3379 istos
2509 3324 2822 3379 innocentes
2845 3322 3042 3388 fuisse;
3069 3323 3284 3394 quando
3309 3338 3409 3379 nec
3431 3324 3677 3378 accusari
3697 3322 3764 3378 ab

2169 3418 2276 3485 eis,
2304 3417 2442 3473 sicut
2468 3415 2609 3482 dixi,
2639 3425 2824 3487 postea
2854 3426 3196 3484 meruerunt,
3224 3423 3279 3471 et
3307 3415 3400 3470 ille
3427 3415 3646 3485 purgari
3671 3429 3764 3485 po-

2171 3509 2271 3564 tuit
2290 3550 2305 3576 ,
2337 3525 2495 3579 quem
2534 3509 2764 3579 majores
2791 3523 2976 3564 eorum
3006 3508 3269 3566 malorum
3295 3507 3540 3564 omnium
3563 3507 3764 3562 ﬂantem

2171 3600 2228 3656 in
2247 3601 2460 3658 concilii
2489 3601 2631 3657 illius
2657 3601 2869 3658 mimica
2899 3600 3292 3672 conspiratione
3315 3599 3611 3656 dixerunt?

2246 3693 2471 3754 CAPUT
2509 3693 2698 3750 XXIII.
2729 3724 2798 3733 —
2818 3693 2910 3750 39.
2943 3691 3050 3749 Sed
3080 3693 3336 3763 qualeseu
3365 3707 3528 3763 tuque
3552 3690 3766 3748 istin

2173 3795 2319 3854 runt,
2341 3787 2468 3857 quid
2493 3786 2719 3857 pertinet
2737 3786 2806 3842 ad
2826 3786 2963 3842 nos?
2987 3783 3170 3857 Neque
3191 3786 3335 3842 enim
3364 3799 3496 3841 vero
3527 3799 3637 3841 non
3671 3801 3766 3840 no-

2175 3879 2259 3935 bis
2282 3879 2598 3943 eoncedunt,
2623 3887 2682 3935 ut
2705 3879 2932 3934 istorum
2953 3879 3136 3934 nescio
3163 3893 3390 3950 quorum
3419 3892 3580 3934 causa
3607 3886 3768 3948 atque

2175 3985 2522 4041 personanon
2543 3970 2854 4042 praeiudicat
2894 3985 3070 4026 caiisa:
3093 3979 3252 4041 atque
3303 3985 3552 4042 personae
3581 3969 3766 4030 Eccle-

2175 4068 2269 4123 sia:
2295 4066 2590 4133 catholicre,
2609 4066 2654 4120 si
2680 4081 2768 4120 nec
2798 4081 2952 4118 causa
2979 4080 3151 4119 eam
3175 4064 3494 4135 prtajudicat,
3527 4079 3624 4118 nec
3650 4079 3766 4134 per-

2176 4177 2302 4216 scua
2331 4174 2577 4230 personat.
2605 4159 2669 4214 Et
2701 4166 2877 4212 tamen
2904 4157 3160 4227 objiciunt
3190 4157 3364 4225 nobis,
3381 4165 3439 4210 ut
3467 4155 3648 4210 adhuc
3677 4168 3768 4209 vos

2179 4256 2456 4321 seducunt,
2481 4253 2622 4325 quod
2649 4269 2834 4309 aurum
2881 4251 3046 4322 iudici
3099 4249 3426 4314 dederimus,
3462 4258 3523 4306 ut
3551 4264 3765 4320 prono-

2179 4349 2456 4405 biscoutra
2483 4347 2601 4402 illos
2635 4345 2951 4408 sententiam
2996 4343 3218 4399 diceret.
3247 4341 3358 4400 Vos
3381 4341 3566 4408 dicite,
3589 4343 3637 4396 si
3671 4355 3764 4412 p0-

2181 4442 2354 4508 testis,
2387 4448 2642 4510 quantum
2655 4437 2784 4494 dare
2807 4436 3152 4494 debuerimus
3182 4434 3370 4491 etesiis
3398 4433 3769 4490 detonseribus

2182 4533 2446 4604 episcopis
2470 4532 2680 4597 vestris,
2705 4540 2763 4587 ut
2809 4539 2950 4588 tanta
2989 4537 3174 4586 contra
3195 4543 3254 4582 se
3279 4541 3376 4598 pro
3396 4527 3555 4584 nobis
3584 4528 3671 4582 vel
3696 4526 3770 4582 di-

2183 4637 2368 4686 cerent
2381 4627 2463 4682 vel
2495 4624 2812 4696 proferrent,
2843 4633 2904 4680 ut
2925 4623 3005 4680 sic
3026 4631 3245 4693 agerent
3265 4637 3482 4678 causam
3501 4630 3767 4687 nostram,

2183 4717 2261 4782 sic
2313 4717 2636 4787 perimercnt
2687 4715 2882 4772 suam?
2913 4714 3106 4781 Quanti
3135 4728 3316 4776 emere
3354 4712 3663 4778 debuimus,
3717 4721 3772 4766 ut

2184 4819 2305 4882 post
2345 4809 2508 4866 verba
2571 4807 2828 4869 Primiani
2869 4806 3060 4877 quibus
3105 4805 3337 4870 dixerat,
3366 4803 3651 4876 Indignum
3702 4813 3772 4859 at

2184 4914 2239 4958 ut
2268 4904 2322 4957 in
2364 4918 2521 4962 unum
2547 4901 2841 4958 conueniant
2867 4899 2962 4969 [itii
2993 4909 3274 4969 uiartgrunt
3295 4905 3340 4952 et
3369 4899 3637 4968 progenies
3669 4905 3772 4949 m-

2185 4997 2427 5061 ilitat-unt,
2486 4995 2729 5052 venirent
2778 5002 2979 5059 tamen,
3038 5001 3094 5048 et
3135 4991 3191 5046 in
3243 5003 3412 5046 unum
3470 4989 3770 5053 uobiscum,

2185 5090 2327 5162 quod
2368 5087 2647 5158 indignum
2693 5102 2812 5144 esse
2857 5085 3123 5152 dixerunt,
3165 5083 3555 5142 convenirent?
3584 5081 3776 5149 Quanti

2186 5197 2368 5245 emere
2395 5181 2700 5246 demimus,
2732 5188 2789 5234 ut
2835 5192 2992 5242 more
3047 5177 3338 5234 forensium
3393 5177 3774 5232 advocatorum

2187 5275 2256 5330 de
2305 5273 2634 5344 temporibus
2683 5283 2736 5329 et
2765 5271 2975 5337 diebus,
3018 5269 3086 5326 de
3138 5270 3382 5340 personis
3417 5270 3585 5324 etiam
3627 5266 3776 5322 nobis

2189 5367 2538 5438 praescribere
2565 5373 2907 5428 conarentur,
2936 5370 2990 5418 et
3041 5361 3120 5418 sic
3167 5361 3419 5416 omnibus
3447 5358 3772 5421 hominibus,

2191 5462 2348 5520 etiam
2393 5460 2495 5517 illis
2520 5458 2609 5528 qui
2663 5464 2874 5515 nostras
2915 5454 3308 5526 disputationes
3336 5451 3640 5522 intelligere
3675 5463 3776 5504 non

2190 5563 2428 5627 possent,
2457 5553 2586 5609 satis
2616 5558 2800 5621 aperte
2828 5555 3188 5608 monstrarent
3233 5559 3401 5615 quam
3425 5542 3628 5598 malam
3654 5555 3776 5597 cau-

2191 5663 2303 5705 sam
2336 5647 2613 5710 baberent,
2642 5659 2804 5714 quam
2833 5641 3072 5712 proferre
3115 5647 3171 5695 et
3195 5653 3354 5709 agere
3399 5637 3477 5691 sic
3524 5635 3776 5689 timebant

2192 5739 2331 5811 apud
2355 5754 2476 5795 eum
2503 5737 2758 5808 judicem,
2787 5735 2938 5804 cujus
2970 5748 3094 5804 erga
3121 5747 3180 5787 se
3193 5730 3574 5801 benignitatem
3617 5736 3769 5797 atque

2192 5831 2452 5904 justitiam
2497 5838 2645 5884 tanto
2674 5827 2946 5898 puocatis
2974 5823 3340 5887 hudaverant,
3372 5829 3424 5875 ot
3449 5820 3606 5891 cujus
3655 5831 3763 5873 rno-

2199 5935 2308 5980 tum
2333 5924 2616 5980 adversum
2662 5937 2720 5977 se
2770 5920 2972 5976 nullum
3004 5915 3179 5974 adhuc
3231 5913 3554 5973 senserant?
3584 5910 3776 5982 Quanti
