4010 6466
189 401 294 460 677

192 525 378 569 emere
421 508 724 574 debuimus,
754 511 816 562 ut
866 498 968 577 ipsi
995 497 1190 560 deinde
1239 501 1516 575 exigerent
1562 517 1667 557 non
1696 518 1782 558 se-

192 618 313 661 cum
344 601 434 674 agi
461 600 656 656 debere
697 597 996 656 forensibus
1049 595 1311 663 formulis,
1358 594 1451 652 sed
1478 594 1670 650 divinis
1695 607 1788 663 po-

191 696 298 752 tius
319 692 665 761 testimoniis,
693 700 749 747 et
788 689 856 747 de
883 689 1175 760 Scripturis
1202 689 1400 744 sanctis
1453 685 1699 742 similiter
1728 700 1786 742 se

193 797 559 856 responsuros
585 796 708 840 esse
758 781 1169 854 promitterent:
1199 789 1253 836 et
1299 793 1419 835 cum
1474 776 1784 833 mandatum

191 876 406 936 concilii
431 875 702 940 catholici,
755 873 897 945 quod
945 873 1328 939 obtuleramus,
1387 871 1666 928 recitatum
1698 884 1784 926 es-

189 980 292 1037 set,
323 978 488 1040 atque
512 970 566 1024 in
597 982 664 1024 eo
694 966 824 1038 ipsis
857 967 1015 1022 etiam
1047 964 1428 1021 confitentibus
1477 963 1782 1028 ciaruissct,

189 1076 292 1120 nos
322 1061 580 1118 Ecclesia
607 1057 881 1115 catboiicm
912 1059 929 1090 ¹
955 1057 1271 1113 testimoniis
1298 1065 1601 1112 sanctarum
1645 1055 1790 1111 Scri-

190 1163 472 1228 pturarum
499 1168 656 1224 agere
695 1150 948 1220 voluisse,
983 1167 1168 1208 rursus
1198 1159 1448 1223 tanquam
1482 1150 1630 1207 obliti
1654 1149 1786 1221 quid

191 1247 296 1305 sibi
323 1248 536 1317 placere
572 1245 852 1310 dixissent,
895 1245 964 1300 ad
1015 1244 1229 1301 easdem
1274 1245 1512 1300 forenses
1546 1243 1790 1316 praescri-

191 1340 408 1412 ptiones
436 1339 704 1412 perplexis
757 1348 812 1394 et
853 1336 1055 1394 odiosis
1098 1337 1533 1394 contentionibus
1570 1350 1784 1392 remea-

191 1432 366 1490 rent?

262 1523 355 1579 ιθ.
383 1521 579 1590 Quanti
607 1535 790 1591 emere
810 1521 1113 1589 debuimus,
1140 1530 1198 1577 ut
1221 1520 1669 1590 subscriptionum
1692 1531 1790 1574 no-

193 1623 454 1682 strarum,
502 1630 622 1686 quae
653 1615 706 1670 in
734 1614 925 1671 eodem
975 1613 1227 1670 mandato
1255 1613 1784 1680 demonstrabantur,

194 1709 586 1766 numerositate
621 1707 900 1775 commoti,
927 1709 1204 1777 exigerent
1243 1707 1402 1762 totius
1445 1706 1659 1762 concilii
1687 1721 1788 1762 no-

193 1802 292 1861 stri
314 1801 654 1872 pmesentiam
679 1813 791 1866 ζει
819 1809 926 1870 quo
970 1799 1200 1854 concilio
1245 1799 1458 1854 nonnisi
1500 1798 1686 1855 decem
1733 1805 1788 1854 et

194 1904 321 1952 octo
369 1892 665 1950 secundum
714 1891 948 1948 edictum
1011 1891 1316 1961 Cognitori‘s
1360 1891 1645 1946 aderamus
1668 1933 1683 1957 ,
1737 1898 1792 1946 et

194 1989 554 2061 qumstionem
599 1987 845 2042 falsitatis
885 1981 1176 2053 inferrent,
1231 1985 1369 2057 quod
1417 1986 1508 2040 alii
1548 2001 1644 2057 pro
1673 1983 1794 2042 aliis

196 2082 538 2139 subscribere
584 2081 916 2152 potuerunt?
945 2079 1035 2136 Sic
1069 2079 1212 2135 enim
1263 2087 1578 2150 perventum
1605 2089 1707 2143 est,
1733 2087 1824 2134 ut'

196 2185 387 2232 eorum
403 2187 620 2245 quoque
661 2188 915 2228 numerus
964 2179 1352 2236 recenseretur,
1402 2179 1457 2226 et
1499 2170 1600 2240 ipsi
1627 2170 1682 2225 in
1729 2185 1792 2226 ea

197 2267 436 2323 falsitate
457 2266 1004 2338 deprehenderentur,
1032 2264 1184 2335 cujus
1229 2264 1284 2318 in
1309 2279 1406 2320 nos
1433 2263 1792 2334 sUSpicionem

197 2358 486 2416 intendere
510 2359 798 2414 voluerunt
827 2376 840 2413 :
865 2357 938 2412 ita
966 2366 1024 2412 ut
1050 2371 1153 2411 non
1201 2357 1371 2411 solum
1390 2355 1604 2427 quidam
1626 2356 1677 2411 in
1701 2371 1795 2412 eo—

198 2467 319 2509 rum
348 2451 599 2506 mandato
625 2451 929 2521 legerentur
947 2450 1327 2519 subscripsisse
1351 2465 1446 2519 pro
1459 2450 1790 2520 absentibus,

198 2549 290 2618 qui
316 2562 419 2602 nec
445 2545 817 2616 Carthaginem
863 2553 1157 2604 venerant;
1190 2558 1374 2599 verum
1403 2545 1569 2600 etiam
1601 2559 1793 2615 quem-

199 2638 322 2694 dam
365 2638 715 2694 recitatumet
743 2651 853 2692 non
901 2635 1312 2706 respondentem
1332 2650 1455 2692 cum
1499 2638 1552 2690 in
1603 2637 1796 2693 itinere

199 2727 466 2786 defecisse
488 2727 766 2793 dixissent,
822 2727 1212 2798 quaesitumque
1251 2726 1319 2782 ab
1347 2726 1426 2782 eis
1467 2734 1629 2794 esset,
1658 2742 1794 2798 quo-

200 2819 523 2890 modeapud
563 2817 943 2889 Carthaginem
973 2817 1314 2873 subscribere
1363 2818 1595 2888 potuerit
1618 2818 1708 2888 qui
1743 2819 1796 2874 in

199 2913 400 2970 itinere
415 2912 524 2982 jam
550 2909 848 2977 defecerat;
882 2917 1002 2981 post
1026 2922 1244 2980 magnas
1282 2909 1555 2978 angustias
1584 2917 1796 2980 pertur-

201 3005 436 3062 betionis
461 3013 622 3074 astute
647 3001 999 3058 inconstantia
1019 3009 1074 3055 et
1100 3001 1258 3056 variae
1276 3000 1645 3070 responsionis
1662 3013 1794 3070 suat,

203 3112 314 3154 non
338 3092 663 3160 venientem,
689 3093 782 3150 sed
813 3103 1158 3164 posteaquam
1201 3090 1536 3163 subscripsit,
1572 3091 1640 3148 ad
1667 3109 1797 3165 pro-

202 3190 320 3262 pria
347 3198 676 3245 remeantem
725 3187 776 3240 in
835 3186 1023 3242 itinere
1074 3184 1338 3242 defecisse
1386 3195 1794 3242 asseverarent:

204 3280 406 3338 deinde
441 3280 542 3336 sub
589 3279 766 3334 divina
811 3277 1186 3333 testificatione
1232 3277 1562 3349 interrogati,
1620 3284 1797 3334 utrum

205 3388 337 3431 eum
363 3380 629 3427 constaret
651 3372 814 3428 fuisse
837 3370 1164 3440 Carthagini,
1187 3370 1558 3426 vehementius
1573 3380 1797 3441 pertur-

209 3463 326 3521 bati
349 3463 603 3531 diui-ent,
635 3463 791 3532 Quid,
834 3463 876 3516 si
893 3463 1025 3515 alius
1065 3478 1119 3516 se
1143 3477 1236 3532 pro
1262 3462 1436 3515 eodem
1459 3464 1696 3531 apposuit
1723 3465 1744 3496 ⁸
1771 3463 1795 3517 ?

208 3567 377 3628 atque
401 3557 472 3611 ita
489 3557 659 3613 verbis
677 3558 786 3612 suis
805 3555 1088 3612 falsitatem
1105 3569 1264 3624 quam
1281 3553 1437 3608 nobis
1462 3552 1792 3622 obiecerant,

211 3650 268 3706 in
292 3663 392 3705 suo
417 3649 665 3704 mandato
711 3646 1047 3719 apparuisse,
1102 3653 1156 3701 et
1204 3645 1502 3702 convictam
1539 3643 1799 3702 claruisse

211 3742 505 3798 (irruerent.

280 3834 508 3892 CAPUT
547 3832 737 3889 XXIV.
773 3861 838 3880 -μ-
863 3833 951 3888 tl.
977 3831 1170 3899 Quanti
1201 3843 1381 3886 emere
1404 3831 1708 3897 debuimus,
1742 3840 1800 3886 ut

209 3945 334 3987 cum
363 3928 566 3984 vellent
588 3927 654 3982 de
695 3925 1080 3980 numerositate
1123 3921 1362 3992 gloriari,
1407 3923 1649 3977 etiamin
1696 3922 1801 3977 hoc

209 4021 489 4080 mendacia
518 4036 614 4076 sua
667 4017 955 4088 proderent
980 4016 1003 4069 ?
1031 4014 1161 4069 Nam
1189 4029 1311 4068 cum
1359 4013 1630 4083 aliquanto
1679 4028 1794 4068 am-

211 4113 349 4184 plior
375 4121 684 4167 nostrorum
712 4120 966 4162 numerus
1007 4104 1282 4169 adfuisset,
1325 4102 1633 4173 dictumque
1653 4119 1683 4159 a
1704 4118 1801 4160 no—

211 4206 298 4262 bis.
317 4213 482 4268 esset,
527 4203 658 4256 alios
706 4208 918 4254 centum
944 4196 1114 4252 ferme
1165 4195 1446 4265 episcopos
1486 4195 1796 4264 catholicos,

211 4298 406 4370 partim
447 4301 721 4349 senectute
753 4331 768 4358 ,
815 4289 1004 4360 partim
1051 4287 1392 4355 valetudine,
1445 4288 1637 4358 partim
1705 4288 1790 4344 di-

208 4390 384 4447 versis
435 4382 838 4440 necessitatibus
889 4380 1171 4452 impeditos
1245 4395 1352 4435 non
1406 4380 1616 4435 venisse
1665 4378 1799 4435 Car-

209 4483 517 4554 tliagincm;
567 4477 641 4532 illi
680 4476 782 4533 hoc
819 4476 1036 4542 audito,
1077 4476 1242 4530 multo
1292 4475 1471 4545 plures
1520 4488 1648 4529 suos
1693 4489 1803 4530 non

209 4577 430 4634 venisse
453 4573 724 4628 dixerunt.
753 4570 904 4626 Sicut
943 4571 1104 4624 etiam
1149 4584 1288 4623 nunc
1327 4568 1448 4638 plus
1475 4583 1634 4638 quam
1666 4584 1799 4639 qua-

212 4669 525 4737 dringentos
543 4677 638 4733 per
660 4670 826 4717 totam
849 4660 1079 4716 Africam
1125 4676 1186 4716 se
1221 4675 1341 4716 esse
1363 4660 1647 4730 iactantes,
1669 4660 1804 4715 obli-

214 4763 252 4818 ti
305 4771 428 4814 sunt
479 4755 622 4826 quod
681 4755 734 4810 in
785 4768 879 4810 sua
936 4753 1144 4808 notoria
1170 4752 1189 4782 ³
1242 4761 1577 4822 posuerunt,
1634 4766 1804 4823 usque

214 4853 353 4910 adeo
383 4865 442 4906 se
461 4861 650 4905 omnes
665 4847 874 4902 venisse
894 4844 1291 4913 Carthaginem,
1324 4853 1380 4898 ut
1404 4845 1480 4899 eis
1497 4845 1626 4899 solis
1649 4859 1805 4900 exce-

216 4945 322 5016 ptis
343 4956 480 5014 quos
502 4940 587 4996 vel
608 4940 660 4996 in
688 4937 916 5010 propriis
960 4936 1196 5002 sedibus,
1224 4936 1312 4990 vel
1346 4937 1395 4990 in
1424 4937 1612 4992 itinere
1637 4938 1808 4992 tenuit

217 5035 462 5108 corporis
490 5033 769 5105 aegritudo,
808 5046 908 5086 nec
952 5029 1295 5101 gravissimos
1341 5043 1496 5084 senes
1535 5031 1807 5086 annositas

219 5142 274 5190 ct
303 5132 455 5189 labor
497 5127 687 5201 prolixi
736 5123 942 5182 itineris
980 5122 1214 5195 potuerit
1257 5121 1540 5191 impedire.
1561 5123 1630 5177 Et
1657 5122 1808 5179 lectae

222 5236 350 5284 sunt
383 5226 441 5281 in
486 5221 738 5280 mandato
777 5235 965 5277 eorum
1017 5217 1456 5288 subscriptiones,
1499 5219 1632 5272 sicut
1670 5215 1808 5272 facta

224 5319 598 5392 supputatione
651 5312 930 5386 respondit
977 5311 1244 5378 Ofﬁcium,
1285 5309 1532 5366 ducentae
1587 5319 1806 5381 septua-

223 5415 368 5486 ginta
391 5427 585 5468 novem
601 5409 645 5478 ",
663 5403 1026 5464 annunerans
1065 5403 1226 5462 etiam
1271 5402 1336 5459 iis
1354 5404 1408 5458 in
1437 5403 1628 5474 quibus
1667 5402 1811 5459 falsi-

289 5571 308 5636 ξ
345 5573 485 5617 Forte
507 5565 585 5614 hic
607 5561 897 5636 addendum,
921 5570 1132 5612 causam.

290 5633 768 5696 ξΜξδ-ρορροδῐηιιη

230 5755 262 5807 b
292 5695 314 5726 ³
344 5682 481 5751 Editi,
505 5682 707 5761 neraria.
732 5687 1032 5749 Manuscripti
1068 5697 1186 5735 vero
1217 5688 1495 5734 constanter
1519 5688 1622 5734 toto
1641 5682 1732 5734 hoc
1753 5683 1814 5734 li-

262 5770 335 5807 I'O.
360 5761 562 5804 notoria.

321 5793 335 5816 ’
362 5789 483 5804 IWW'
498 5789 562 5802 w-

292 5807 333 5883 θ’
351 5827 449 5872 m
476 5823 528 5872 et
1109 5807 1412 5883 terth
1427 5813 1551 5883 lt“;
1579 5815 1632 5883 et
1651 5821 1703 5883 μμ
1716 5808 1815 5880 σφι-

232 5868 790 5950 ιειεουέε.ρειηειιέῖιξιάν
815 5868 918 5950 ea:
933 5868 1054 5950 eis
1067 5868 1212 5950 sin
1231 5868 1502 5950 isse-329.19
1515 5868 1808 5950 euasurus.

235 5914 414 5930 ..-νυν
459 5914 596 5941 γ-..ν
641 5914 790 5935 ........,
817 5914 918 5936 νη..
949 5914 1054 5931 _--,
1085 5914 1132 5922 ν-
1255 5914 1497 5940 --πῖ-η
1527 5914 1692 5919 -___--.

235 5953 386 6018 prima
407 5914 509 6003 die,
533 5953 582 5988 ι,
609 5914 686 5998 ὲῦ,
713 5937 942 6002 leguntur
955 5936 1171 5986 duceiuw
1195 5941 1489 6000 septuagth
1513 5945 1692 5986 novem.

1612 383 1811 442 LIBER
1851 379 2052 450 UNUS.

3365 399 3469 462 678

1895 511 1974 559 tas
1991 501 2318 574 deprehensa
2348 514 2448 574 est,
2480 513 2535 564 et
2560 509 2649 580 qui
2682 523 2779 586 pro
2805 508 3114 570 absentibus
3143 513 3474 597 subscripse-

1892 605 2028 662 rant,
2060 597 2200 670 quod
2230 599 2541 670 aegritudine
2586 601 2785 660 detenti
2837 619 2943 661 non
2983 608 3250 680 potuerint
3291 611 3474 668 venire

1891 687 2280 761 Carthaginem.
2332 692 2610 762 Quomodo
2638 711 2766 770 ergo
2793 715 2975 755 verum
3012 711 3094 757 est
3120 701 3300 772 plures
3337 720 3470 776 qua-

1891 779 2184 853 driugentis
2209 798 2303 840 eos
2341 801 2478 854 esse,
2507 787 2717 858 quando
2747 790 2865 846 illos
2906 792 3049 848 solos
3091 793 3469 866 Carthaginem

1891 886 1998 928 non
2019 868 2224 932 venisse
2244 876 2506 946 dixerunt,
2541 896 2674 951 quos
2696 883 2943 938 valetudo
2967 887 3204 956 corporis
3234 887 3464 958 impedi-

1891 968 1967 1023 vit
1999 987 2012 1023 :
2051 985 2169 1025 cum
2192 980 2244 1027 et
2274 987 2368 1042 pro
2411 972 2539 1045 ipsis
2555 975 2867 1044 quibusdam
2899 979 2987 1033 alii
3015 979 3470 1052 subscripserunt;

1892 1067 1950 1115 ut
1978 1075 2082 1115 non
2108 1062 2348 1120 dicamus
2386 1064 2489 1121 hoc
2539 1082 2634 1136 pro
2669 1069 2917 1125 omnibus
2947 1073 3324 1142 wgrotantibus
3353 1089 3474 1130 esse

1893 1149 2130 1208 factum?
2160 1156 2242 1209 An
2274 1155 2410 1213 forte
2439 1158 2514 1214 sic
2543 1175 2636 1215 eos
2666 1160 2932 1218 invaserat
2961 1165 3278 1234 pestilentia,
3307 1175 3364 1222 ut
3383 1183 3476 1224 eo-

1891 1262 2011 1302 rum
2036 1250 2243 1305 tertiam
2278 1259 2478 1320 partem
2508 1265 2725 1324 repente
2759 1268 3120 1328 prosterneret
3141 1261 3164 1314 ‘l
3184 1259 3271 1316 Sic
3298 1270 3477 1318 autem

1893 1356 1923 1397 a
1950 1342 2174 1412 primate
2195 1359 2292 1400 suo
2319 1349 2333 1377 ²
2369 1362 2462 1415 per
2520 1350 2822 1406 tractorium
2870 1351 3335 1422 fuerantevocati,
3374 1372 3474 1426 quo

1894 1434 2242 1504 praetermissis
2289 1438 2518 1495 omnibus
2567 1452 2892 1511 properarent
2936 1446 3198 1500 convenire
3249 1443 3471 1501 Cartha-

1892 1527 2078 1598 ginem,
2103 1536 2156 1582 ut
2171 1531 2357 1611 scirent
2378 1548 2430 1585 se
2457 1532 2706 1604 decepisse
2730 1535 2748 1565 ’
2772 1536 2906 1606 quod
2951 1537 3185 1593 haberent
3227 1539 3475 1611 Optimum

1892 1617 1945 1674 in
1968 1637 2140 1687 causa,
2170 1606 2467 1696 quicumque
2495 1626 2660 1681 venire
2703 1627 2996 1683 noluissent.
3050 1627 3162 1686 Hoc
3191 1640 3306 1686 erat
3324 1631 3476 1687 vidc-

1892 1711 2016 1769 licet
2041 1714 2297 1783 optimum
2326 1716 2379 1770 in
2415 1731 2593 1786 causa,
2652 1728 2710 1773 ut
2757 1719 2942 1791 ingens
2989 1735 3176 1778 eorum
3225 1739 3481 1780 numerus

1893 1814 2175 1876 appareret
2209 1808 2396 1878 :quasi
2413 1817 2558 1866 tanto
2597 1810 2716 1881 plus
2748 1813 2915 1881 prosit
2952 1813 3019 1870 ad
3047 1815 3243 1886 aliquid
3270 1814 3478 1873 facilius

1894 1893 2293 1965 inveniendum,
2325 1911 2523 1970 quanto
2550 1903 2721 1974 major
2749 1902 2909 1960 fuerit
2956 1907 3308 1978 quaerentium
3336 1907 3478 1964 mul-

1897 1989 2069 2045 titudo
2089 2005 2350 2047 cmcorum
2374 1995 2386 2047 !
3551 2061 3554 2064 ,

1967 2083 2056 2139 42.
2084 2084 2275 2154 Quanti
2301 2085 2796 2159 emeredebuimus,
2827 2101 2887 2148 ut
2937 2093 2990 2149 in
3037 2093 3180 2150 diem
3230 2093 3484 2166 perendi-

1896 2193 2023 2233 num
2053 2178 2292 2250 utrisque
2319 2188 2556 2236 nostrum
2599 2184 3052 2242 consentientibus
3081 2185 3382 2257 cognitione
3398 2185 3484 2246 di-

1896 2269 2026 2338 lata,
2057 2271 2228 2344 pridie
2258 2289 2353 2342 per
2380 2274 2641 2330 notoriam
2687 2287 2947 2348 peterent,
2993 2288 3051 2335 ut
3094 2278 3196 2336 sibi
3240 2288 3488 2343 nostrum

1898 2363 2204 2422 mandatum
2233 2365 2300 2420 ab
2338 2366 2524 2423 Officio
2550 2368 2818 2436 ederetur,
2849 2387 2952 2442 quo
2998 2372 3243 2428 instructi
3292 2371 3490 2437 adesse

1899 2466 2144 2534 possent;
2171 2467 2451 2514 causantes
2480 2460 2620 2530 quod
2643 2463 3040 2520 conscribendis
3059 2465 3222 2536 gestis
3251 2474 3361 2528 tam
3387 2482 3488 2530 an-

1897 2557 2058 2622 gusm
2080 2543 2319 2620 tempore
2356 2565 2641 2608 occurrere
2681 2569 2784 2610 non
2841 2566 3020 2625 posset
3059 2556 3354 2614 Ofﬁcium?
3399 2559 3488 2619 Sic

1899 2640 2043 2698 enim
2085 2640 2280 2698 factum
2311 2651 2466 2700 estut
2511 2645 2754 2720 sequenti
2783 2645 2870 2702 die
2909 2647 3249 2718 cognitionis,
3292 2665 3485 2722 quam-

1899 2733 1982 2788 vis
2035 2733 2284 2803 injustam
2326 2743 2570 2805 peterent
2601 2736 2641 2804 ³,
2673 2737 2978 2808 acciperent
3015 2738 3326 2799 dilationem
3356 2759 3369 2796 :
3397 2741 3491 2814 qui

1901 2824 2233 2882 considerata
2255 2843 2436 2894 causa,
2461 2845 2577 2900 quae
2603 2829 2856 2888 mandato
2883 2841 3066 2892 nostro
3098 2843 3206 2890 tota
3247 2835 3490 2896 contine-

1901 2916 2076 2985 batur,
2099 2933 2317 2991 magnas
2344 2919 2979 2994 patiebanturangustias,
3002 2926 3445 2990 convincerentur
3465 2925 3489 2958 ⁸

1903 3019 2081 3066 tamen
2133 3020 2314 3066 contra
2363 3027 2489 3068 suos
2543 3012 2729 3069 venire
2795 3029 3106 3071 consensus.
3152 3017 3292 3084 Quid
3347 3018 3492 3082 enim

1897 3103 2111 3184 iustius,
2144 3119 2303 3176 quam
2327 3113 2508 3175 petere
2538 3105 2844 3162 dilationem
2872 3115 3017 3168 tanta
3049 3107 3286 3166 veritatis
3317 3109 3494 3168 firmi-.

1905 3203 2011 3252 tate
2038 3196 2323 3253 turbatos?
2361 3195 2602 3266 Quodeis
2630 3198 2832 3254 utinam
2880 3199 3184 3272 profuisset,
3218 3211 3276 3260 ut
3307 3202 3489 3262 consi-

1903 3289 2089 3344 derato
2142 3289 2391 3344 mandato
2444 3299 2625 3347 nostro
2658 3333 2672 3358 ,
2731 3291 2818 3346 cui
2874 3293 3197 3364 restiondcre
3272 3295 3492 3356 minime

1903 3390 2210 3456 potuerunt,
2239 3382 2504 3454 corrigere
2531 3383 2704 3456 potius
2722 3382 3056 3454 pravitatem,
3079 3400 3236 3457 quam
3266 3387 3318 3448 in
3340 3386 3491 3443 dete-

1903 3473 2014 3528 rius
2039 3488 2232 3545 augere
2280 3474 2610 3530 maluissent.
2652 3474 2802 3531 Juste
2830 3475 3008 3547 itaque
3051 3476 3359 3534 dilationem
3398 3494 3492 3550 pe-

1906 3567 2088 3624 tebant
2117 3584 2129 3621 :
2159 3566 2253 3622 sed
2280 3566 2449 3637 pridie
2470 3583 2574 3622 non
2625 3567 2920 3626 debuerant
2944 3568 2996 3624 in
3028 3570 3233 3625 notoria
3281 3585 3375 3625 sua
3406 3570 3489 3626 di-

1903 3671 2045 3722 cere,
2075 3655 2196 3712 ideo
2225 3657 2325 3712 sibi
2357 3667 2596 3713 nostrum
2623 3657 2708 3713 edi
2739 3659 2935 3715 debere
2962 3659 3289 3727 mandatum,
3318 3669 3490 3732 utpa-

1902 3749 2006 3805 rati
2034 3748 2099 3803 ad
2141 3747 2281 3802 diem
2335 3749 2684 3807 constitutum
2728 3750 2992 3817 venirent,
3015 3751 3137 3821 quia
3165 3761 3488 3822 exceptores

1903 3855 2188 3898 occurrere
2216 3853 2338 3892 cum
2371 3848 2642 3910 gestorum
2669 3840 3063 3912 conscriptione
3089 3857 3195 3897 non
3226 3851 3443 3912 possent
3471 3861 3486 3911 ;

1903 3941 1958 3988 et
1978 3933 2093 4003 ipso
2119 3930 2342 3985 actionis
2370 3929 2456 3986 die
2477 3947 2660 3987 rursus
2681 3931 2748 3987 de
2791 3932 2919 4003 ipsis
2940 3933 3332 4005 exceptoribus,
3366 3935 3488 4005 quia

1903 4039 2009 4080 non
2031 4032 2391 4089 occurrerant,
2418 4023 2554 4078 velle
2583 4024 2810 4078 causari.
2835 4024 2971 4094 Quid
2990 4040 3084 4080 eos
3113 4025 3180 4081 ad
3209 4026 3311 4083 hoc
3337 4041 3488 4084 com-

1903 4117 2056 4188 pulit,
2103 4114 2204 4170 nisi
2225 4114 2512 4169 vehemens
2541 4114 2886 4185 perturbatio,
2923 4132 3043 4172 cum
3087 4115 3329 4174 viderent
3355 4116 3431 4174 sic
3456 4134 3488 4174 a

1904 4207 2058 4266 nobis
2087 4221 2207 4263 esse
2242 4215 2413 4263 actam
2439 4221 2654 4262 causam
2695 4208 2748 4262 in
2791 4208 3182 4278 conscriptione
3231 4209 3490 4277 mandati,

1904 4309 1965 4354 ut
2011 4298 2416 4370 reSponsionem
2472 4299 2711 4353 invenire
2762 4313 2867 4355 non
2919 4298 3326 4369 possentiNam
3361 4301 3490 4357 illud

1905 4391 2090 4463 quanti
2117 4390 2403 4447 emendum
2429 4388 2547 4458 fuit,
2579 4399 2638 4445 ut
2676 4391 2844 4461 ipsam
2870 4399 3115 4462 peterent
3156 4391 3490 4460 dilationem,

1905 4485 2276 4556 etacciperent
2304 4499 2398 4540 sex
2427 4483 2656 4548 dierum,
2693 4495 2750 4539 ut
2779 4500 2938 4540 neruo
2967 4494 3146 4556 posset
3174 4501 3267 4542 eos
3287 4485 3490 4554 dicere,

1906 4577 2146 4649 angustia
2175 4576 2431 4647 temporis
2468 4575 2768 4646 impeditos,
2799 4589 2905 4630 non
2935 4576 3170 4646 potuisse
3201 4585 3385 4632 nostro
3405 4592 3495 4632 rc-

1907 4671 2172 4743 spondere
2198 4668 2490 4724 mandato?

1982 4761 2210 4820 CAPUT
2248 4760 2417 4817 XXV.
2441 4790 2512 4801 —
2538 4761 2626 4816 45.
2654 4758 2771 4830 ipso
2795 4775 2924 4817 vero
2964 4762 3120 4818 tertio
3147 4775 3343 4819 neStrae
3376 4762 3498 4819 Col-

1908 4857 2119 4913 lationis
2148 4853 2254 4922 die,
2283 4854 2464 4925 quanti
2503 4852 2785 4908 emendum
2838 4853 2954 4922 fuit,
2983 4855 3122 4927 quod
3173 4855 3496 4912 inanissimis

1910 4955 1965 5004 et
2003 4945 2347 5018 supervacuis
2391 4959 2659 5001 morarum
2714 4945 3204 5016 interpositionibus
3251 4963 3309 5002 se
3350 4948 3501 5004 omni

1911 5038 2072 5094 modo
2089 5037 2369 5109 pervenire
2385 5035 2452 5092 ad
2467 5051 2678 5091 causam
2701 5037 2841 5092 nolle
2861 5036 3244 5103 monstrabant,
3269 5046 3322 5094 et
3337 5052 3497 5108 quam

1912 5131 2105 5186 malam
2131 5144 2346 5185 causam
2377 5128 2652 5196 haberent,
2684 5129 2800 5200 ipso
2829 5143 2926 5184 suo
2948 5130 3135 5184 timore
3163 5129 3496 5184 clamabant:

1913 5239 2212 5298 quanquam
2240 5239 2423 5280 eorum
2454 5222 2614 5278 timor
2655 5224 2814 5278 etiam
2850 5223 2906 5279 in
2939 5221 3296 5278 testimonium
3327 5222 3500 5278 mani-

1914 5317 2215 5376 festissimae
2244 5317 2390 5373 vocis
2419 5317 2612 5389 erupit,
2641 5315 2852 5388 quando
2879 5316 3151 5381 dixerunt,
3186 5316 3391 5374 Sensim
3413 5319 3499 5373 in-

1917 5411 2216 5466 ducimurt‘n
2241 5427 2484 5478 causam;
2512 5420 2566 5466 et
2614 5410 2719 5465 alio
2744 5410 2880 5475 loco,
2934 5407 3194 5476 Pervidet,
3231 5412 3496 5483 inquiunt,

1919 5512 2137 5577 potestas
2157 5511 2242 5557 tua
2264 5505 2448 5560 sensim
2494 5520 2584 5558 nos
2629 5502 2682 5556 in
2734 5517 2900 5558 causa:
2955 5502 3154 5558 interna
3207 5503 3430 5558 deduci?
3457 5503 3502 5561 Ο

1983 5663 2001 5694 ί
2039 5669 2136 5711 Am.
2165 5667 2216 5712 et
2237 5675 2417 5724 omnes
2432 5667 2558 5720 Mss,
2589 5672 2620 5709 a
2640 5656 2849 5724 primatu
2869 5672 2971 5711 suo.

1981 5727 2004 5794 ξ
2024 5731 2182 5794 Forte,
2201 5722 2509 5794 decerpsi-sse,
2549 5784 2558 5794 ο

1983 5786 2005 5818 ³
2036 5787 2107 5836 sic
2132 5795 2234 5834 MSS.
2261 5795 2317 5837 At
2333 5785 2466 5848 editi,
2492 5785 2666 5846 injuste
2689 5789 2909 5848 petentes.

1983 5848 2007 5879 ⁸
2036 5853 2166 5907 bum,
2192 5845 2726 5916 cmn_co_nvincerenttn'.
2761 5850 3100 5916 Expungimus,
3126 5861 3253 5913 cum,
3285 5861 3398 5916 quia
3416 5850 3505 5902 Ib-

1926 5918 2001 5962 est
2024 5923 2051 5960 a
2075 5911 2425 5973 manuscriptis.
