4026 6458
185 442 271 498 681
1573 427 1739 482 ιιιςιςι

1845 426 2011 481 INIIS.

182 556 256 626 agi
297 565 396 606 non
433 546 623 619 posse?
646 545 1036 615 Proposuerunt
1075 543 1226 599 nobis
1253 542 1390 612 quod
1418 542 1524 610 jam
1567 544 1738 594 fuerat

183 654 291 699 ante
320 646 634 695 transactum
662 654 675 691 :
699 648 755 690 ιιι
772 635 819 690 si
840 634 907 689 de
923 634 1209 703 Scripturis
1224 634 1421 687 sanctis
1440 644 1735 701 ageremus,

185 735 265 790 illa
289 732 499 787 minime
526 730 860 799 legerentur;
883 726 927 780 si
956 735 1133 780 autem
1174 724 1261 778 illa
1290 722 1560 778 recitanda
1590 721 1735 790 lege-

182 839 365 887 remus,
394 821 587 875 babere
612 834 670 873 se
699 818 923 872 validam
952 816 1426 888 pravscriptionem,
1452 823 1508 867 ut
1536 814 1736 882 lapsam

183 915 488 985 temporibus
526 925 739 965 causam
786 909 1002 963 omnino
1048 907 1129 977 agi
1172 922 1275 960 non
1314 906 1545 959 sinerent
1576 922 1587 957 :
1616 920 1737 957 cum

181 1008 269 1077 ipsi
291 1020 392 1060 non
417 1001 764 1068 servaverint,
794 999 931 1070 quod
959 1008 1081 1053 ante
1104 997 1476 1068 promiseram,
1506 1010 1564 1050 se
1590 1010 1737 1047 man-

179 1100 289 1153 dato
323 1107 535 1162 nostro,
560 1094 646 1149 ubi
682 1110 779 1149 nos
818 1092 1067 1147 Ecclesia:
1103 1106 1315 1145 musam
1346 1088 1736 1159 Scripturarum

181 1188 477 1246 testimoniis
509 1188 682 1257 egisse
718 1184 945 1240 confessi
972 1192 1128 1247 sunt,
1152 1183 1391 1237 similiter
1415 1197 1472 1235 se
1501 1181 1737 1249 Scriptu-

178 1296 339 1337 rarum
370 1278 686 1334 testimoniis
714 1291 1065 1347 responsuros
1089 1292 1103 1341 ;
1132 1275 1219 1345 qui
1252 1274 1535 1345 petitorum
1556 1272 1735 1327 discu-

178 1372 364 1428 tiendas
390 1386 507 1428 esse
535 1385 821 1442 personas,
846 1386 949 1425 non
996 1384 1145 1425 more
1188 1368 1568 1438 disputantium
1597 1408 1612 1435 ,
1644 1366 1737 1421 Sed

176 1481 311 1521 more
349 1464 664 1535 litigantium
708 1464 1115 1519 contendebant.
1165 1460 1554 1530 Respondimus
1608 1475 1736 1530 ergo

175 1558 248 1613 eis
268 1598 284 1623 ,
311 1566 365 1612 ut
396 1557 440 1611 si
480 1556 614 1610 nihil
642 1555 782 1609 aliud
816 1555 898 1625 agi
928 1555 1166 1619 mallent,
1195 1552 1294 1607 nisi
1326 1562 1383 1606 ut
1408 1563 1735 1622 qumreretur

175 1664 280 1718 qua:
305 1648 384 1702 vel
417 1646 506 1701 tibi
534 1646 606 1701 sit
631 1646 892 1701 catholica
939 1646 1175 1700 Ecclesia
1200 1686 1213 1710 ,
1236 1659 1449 1700 causam
1480 1644 1596 1711 ejus
1638 1660 1736 1699 nos

174 1738 366 1792 nonnisi
389 1737 585 1792 divinis
609 1779 623 1802 ,
653 1737 845 1807 quibus
881 1738 1232 1806 praenuntiata
1269 1744 1388 1802 est,
1419 1735 1737 1791 testimoniis

173 1845 427 1901 ageremus
456 1847 470 1884 :
500 1830 548 1885 si
572 1839 745 1885 autem
766 1830 1067 1884 hominibus
1090 1830 1264 1899 aliqua
1293 1826 1514 1883 crimina
1540 1827 1737 1898 objice-

173 1932 296 1989 rent,
318 1924 569 1992 quoniam
595 1937 693 1978 nec
715 1923 812 1993 ipsi
841 1937 901 1977 ea
933 1930 1150 1992 possent
1177 1922 1497 1978 testimoniis
1520 1922 1732 1989 divinis,

174 2015 254 2070 sed
299 2016 559 2086 aliquibus
604 2016 724 2070 aliis
786 2015 975 2070 talibus
1028 2016 1363 2070 documentis
1413 2014 1731 2081 ostendere,

173 2108 315 2161 etiam
342 2122 437 2163 nos
460 2122 532 2162 ea
558 2106 892 2162 documentis
919 2106 1111 2162 talibus
1134 2117 1467 2177 purgaturos.
1506 2107 1595 2162 Sic
1634 2108 1736 2162 illis

174 2201 365 2256 assidue
389 2216 481 2256 sua
513 2201 691 2255 inania
725 2200 1087 2270 repetentibus
1108 2240 1122 2265 ,
1159 2199 1274 2255 lucc
1302 2214 1331 2253 a
1366 2198 1521 2254 nobis
1553 2214 1734 2268 perse-

174 2292 526 2347 verantissime
544 2292 766 2361 repetita
787 2300 910 2346 sunt
944 2308 957 2343 :
985 2291 1065 2347 sic
1091 2306 1186 2345 eos
1210 2290 1408 2345 veritas
1428 2290 1573 2355 vicit,
1597 2298 1650 2343 et
1669 2289 1736 2343 ad

172 2381 249 2435 illa
268 2398 377 2451 qua:
402 2382 795 2453 protuleramus
822 2381 1082 2437 audienda
1100 2379 1397 2435 confutatos
1425 2388 1734 2448 superatos-

178 2487 271 2541 que
291 2474 625 2529 constrinxit.
656 2473 919 2529 Videbant
940 2474 1105 2540 enim,
1134 2468 1177 2527 si
1204 2474 1345 2527 nulla
1375 2474 1594 2527 crimina
1625 2475 1740 2528 Cte-

171 2564 326 2619 ciliani
351 2564 647 2634 objicerent
670 2565 1030 2619 communioni
1056 2573 1272 2629 nostrze,
1297 2563 1425 2618 nihil
1447 2564 1545 2619 sibi
1567 2580 1739 2619 rema-

172 2668 285 2709 nere
302 2654 436 2710 unde
457 2670 615 2709 suam
636 2655 703 2709 ab
721 2656 919 2710 unitate
936 2655 1324 2725 separationem
1343 2670 1556 2725 quoquo
1578 2656 1738 2713 modo

172 2755 509 2801 excusarent:
535 2747 577 2801 si
621 2756 796 2801 autem
840 2746 1136 2817 objicerent
1168 2746 1391 2803 crimina
1429 2747 1735 2817 Caeciliani,

172 2849 259 2890 nec
292 2853 319 2890 a
344 2853 402 2893 se
439 2838 549 2893 nisi
581 2838 773 2893 talibus
798 2838 1131 2895 documentis
1157 2852 1316 2910 posse
1345 2840 1511 2899 asseri
1535 2880 1550 2909 ,
1582 2857 1680 2897 nec
1706 2857 1738 2897 a

172 2928 307 2982 nobis
330 2944 481 2993 posse
507 2929 667 2984 aliter
690 2929 923 2986 defendi.

232 3015 446 3074 CAPUT
489 3018 822 3073 XXVIII.—
849 3021 938 3076 48.
970 3020 1087 3077 Jam
1127 3037 1257 3079 vero
1300 3023 1431 3079 illud
1472 3024 1610 3081 inter
1638 3026 1739 3083 hos

172 3119 339 3162 eorum
374 3110 890 3166 contentiosissimos
918 3113 1204 3183 strepitus,
1232 3115 1415 3185 quanti
1455 3116 1740 3172 emendum

174 3196 297 3263 fuit,
322 3202 458 3271 quod
518 3217 641 3257 cum
686 3201 989 3259 diceremus
1032 3204 1135 3261 hoc
1172 3221 1271 3260 nos
1316 3221 1615 3277 preponcre
1639 3250 1653 3275 ,
1684 3217 1742 3265 ut

172 3293 378 3349 crimina
419 3311 542 3366 qua:
587 3296 766 3351 solent
807 3297 1039 3366 objicere
1085 3308 1284 3353 nostra:
1336 3302 1735 3368 communioni,

172 3398 282 3451 qum.
303 3401 390 3455 per
407 3402 596 3442 omnes
620 3396 806 3457 gentes
830 3388 1096 3453 dilatatur,
1120 3390 1408 3458 probarent
1433 3392 1477 3445 si
1500 3401 1737 3463 possent,

174 3481 229 3526 ut
248 3472 365 3529 hinc
383 3490 563 3531 eorum
579 3478 861 3547 separatio,
884 3486 1057 3532 utrum
1072 3478 1214 3548 justa
1234 3479 1389 3534 fuerit
1409 3490 1737 3548 nosceretur;

174 3566 551 3634 responderunt
576 3609 591 3633 ,
622 3568 849 3623 alienam
872 3582 1086 3624 causam
1114 3582 1214 3623 nos
1240 3582 1399 3638 agere
1428 3570 1566 3625 velle
1588 3612 1602 3636 ,
1637 3569 1740 3626 hoc

175 3663 281 3721 est,
315 3658 782 3713 transmarinarum
820 3657 1178 3714 Ecclesiarum
1205 3698 1221 3725 ,
1248 3659 1439 3728 quibus
1480 3659 1597 3715 hrec
1634 3675 1739 3716 non

177 3744 476 3816 objicerent,
506 3752 758 3821 quoniam
786 3750 924 3806 inter
952 3750 1111 3805 Afros
1137 3760 1279 3805 esset
1304 3752 1402 3806 ista
1426 3753 1694 3808 contentio
1722 3771 1737 3807 :

177 3834 284 3893 illas
308 3855 432 3895 vero
461 3841 731 3897 Ecclesias
757 3841 932 3909 potius
957 3852 1275 3909 exspectare
1301 3842 1500 3897 debere
1519 3883 1539 3909 ,
1563 3852 1621 3897 ut
1648 3858 1742 3898 eos

176 3927 265 3983 sibi
301 3934 553 4001 copulent
592 3934 683 4003 qui
724 3934 777 3987 in
806 3932 908 3986 bac
944 3931 1239 3988 Collatione
1282 3934 1532 4001 vicerint,
1558 3942 1614 3989 et
1643 3935 1741 4002 ipsi

176 4032 285 4073 cum
310 4022 389 4076 eis
417 4020 648 4076 habeant
666 4022 985 4076 catholicum
1012 4036 1203 4076 nomen
1220 4022 1243 4074 ?
1259 4021 1393 4089 Quid
1420 4036 1546 4092 ergo
1570 4024 1742 4079 adhuc

174 4110 397 4175 quaeritis
420 4151 435 4175 ,
464 4110 665 4180 quidve
709 4110 960 4163 dubitatis
987 4148 1001 4175 ,
1033 4126 1190 4179 quam
1235 4111 1529 4166 Ecclesium
1562 4121 1742 4169 tenere

175 4197 432 4255 debeatis?
460 4200 602 4255 Ecce
631 4200 837 4255 habetis
857 4215 973 4254 eam
994 4241 1009 4265 ,
1038 4210 1223 4254 contra
1251 4216 1410 4270 quam
1439 4203 1603 4256 vestri
1630 4204 1742 4271 cpi-

174 4292 302 4362 scopi
343 4304 564 4347 causam
590 4304 651 4343 se
675 4304 781 4343 non
811 4289 1007 4345 habere
1032 4290 1262 4345 confessi
1292 4300 1417 4345 sunt
1435 4329 1450 4358 ,
1482 4292 1564 4346 cui
1591 4308 1741 4346 com-

170 4382 337 4435 munio
360 4386 550 4433 nostra
570 4380 850 4447 conjuncta
873 4388 955 4434 est
970 4420 986 4447 ,
1017 4379 1158 4436 unde
1178 4381 1411 4450 ipsorum
1438 4384 1743 4437 communio

168 4482 397 4542 separata
427 4480 535 4527 est.
562 4471 619 4527 Si
658 4474 797 4526 enim
838 4472 997 4527 modo
1038 4487 1155 4528 eam
1188 4482 1506 4543 exspectare
1546 4474 1743 4530 debere

170 4562 446 4631 dixerunt,
478 4574 540 4620 ut
577 4565 665 4635 qui
712 4574 947 4619 nostrum
994 4565 1256 4629 vicerint,
1283 4565 1381 4636 ipsi
1414 4566 1463 4621 ei
1491 4567 1744 4637 copulen-

169 4662 244 4710 tur
266 4698 281 4724 ,
311 4668 365 4713 et
394 4671 519 4712 cum
545 4656 633 4710 illa
658 4663 871 4710 teneant
894 4654 1214 4711 catholicum
1243 4672 1435 4711 nomen
1462 4675 1475 4712 :
1498 4658 1607 4727 jam
1637 4658 1744 4712 uti-

172 4762 263 4814 que
288 4748 523 4818 majores
541 4746 707 4802 nostri
730 4748 960 4815 majores
980 4762 1164 4801 eorum
1188 4756 1310 4802 ante
1338 4749 1599 4815 vicerunt;
1624 4748 1744 4803 ideo

174 4838 238 4892 illi
269 4838 527 4895 Ecclesiae
555 4838 782 4907 capulati
809 4837 1126 4892 catholicum
1158 4853 1351 4893 nomen
1383 4840 1434 4892 in
1467 4839 1583 4907 ejus
1625 4840 1746 4894 uui-

174 4936 270 4985 tate
294 4939 602 4986 tenuerunt.
645 4928 734 4983 Isti
761 4937 939 4983 autem
965 4928 1010 4981 si
1038 4943 1068 4981 a
1096 4927 1385 4997 majoribus
1410 4930 1607 4983 nostris
1631 4930 1742 4998 jam

174 5019 218 5072 in
255 5024 365 5079 suis
407 5022 699 5091 majoribus
727 5020 853 5076 victi
890 5028 1049 5085 sunt,
1072 5035 1236 5089 quare
1271 5020 1545 5075 nobiscum
1571 5021 1745 5076 adhuc

173 5126 327 5183 usque
353 5113 720 5168 contendunt?
735 5112 788 5167 Si
815 5121 992 5167 autem
1007 5111 1129 5167 victi
1157 5125 1261 5165 non
1283 5120 1427 5177 sunt,
1450 5126 1613 5181 quare
1638 5127 1744 5167 non

174 5205 563 5258 communicant
600 5203 675 5258 illi
708 5202 959 5257 Ecclesia:
982 5244 995 5267 ,
1022 5218 1179 5271 quam
1207 5218 1399 5272 negare
1425 5202 1741 5259 catholicam

177 5305 271 5345 non
298 5294 541 5348 valentes
571 5336 587 5360 ,
619 5293 817 5347 nullam
846 5308 1061 5347 causam
1099 5303 1283 5347 contra
1314 5308 1431 5348 eam
1461 5307 1519 5347 se
1546 5294 1744 5350 habere

174 5380 390 5436 confessi
420 5384 581 5436 sunt?
609 5383 746 5438 Ecce
790 5383 1027 5437 Ecclesia
1082 5374 1341 5437 catholica
1394 5386 1743 5441 transmarina

176 5470 221 5524 in
250 5481 327 5527 tot
352 5475 600 5545 gentibus
625 5474 838 5529 dilatata
860 5514 874 5537 ,
906 5490 1061 5544 quem
1091 5474 1288 5529 debere
1314 5483 1622 5544 exspectare
1659 5477 1744 5531 di-

176 5573 389 5630 xerunt;
420 5572 480 5618 ut
516 5579 609 5619 eos
651 5565 751 5619 sibi
792 5565 880 5634 qui
929 5565 1147 5619 vicerint
1198 5566 1448 5635 copulet,
1479 5567 1746 5636 quomodo

178 5661 483 5721 exspectare
509 5653 666 5709 debet
708 5669 801 5710 eos
840 5655 938 5710 sibi
964 5656 1212 5724 copulare
1242 5657 1329 5725 qui
1356 5658 1616 5722 vicerint,
1644 5660 1746 5713 nisi

179 5741 240 5795 ab
262 5744 339 5799 eis
366 5745 681 5801 criminibus
718 5746 785 5802 de
813 5746 1003 5817 quibus
1030 5746 1166 5802 inter
1210 5762 1307 5802 nos
1340 5749 1512 5818 agitur
1531 5788 1544 5813 ,
1574 5749 1745 5805 aliena

182 5831 285 5886 sit?
308 5833 441 5889 Nam
462 5834 507 5887 si
535 5835 601 5889 ab
629 5836 704 5890 eis
728 5834 896 5890 aliena
925 5851 1028 5891 non
1046 5846 1147 5904 est,
1175 5839 1332 5896 etiam
1355 5839 1466 5911 ipsa
1491 5854 1580 5896 rea
1609 5842 1743 5898 vieta

450 5926 675 5988 ἕλκετ’.
726 5931 995 5988 Αυαυςτ.
1044 5930 1155 5990 IX.

3324 444 3427 497 68‘.’

1847 555 1968 594 cum
2021 542 2172 598 victis
2210 528 2473 614 quomodo
2526 547 2626 604 sibi
2672 560 2754 605 est
2799 551 3105 621 copulatum
3158 556 3429 611 victores?

1844 632 2012 688 Porro
2036 634 2083 689 si
2106 636 2173 691 ab
2200 636 2284 692 his
2313 639 2645 704 criminibus,
2670 642 2804 697 sicut
2834 642 3084 709 fatentur,
3116 645 3287 699 aliena
3317 658 3417 712 est;

1842 726 2001 782 alieni
2028 736 2081 783 et
2108 743 2205 784 nos
2234 745 2436 797 sumus,
2478 733 2569 803 qui
2611 734 2786 789 eidem
2827 739 3201 793 communione
3252 740 3429 793 cohae-

1844 831 2042 872 remus.
2073 818 2204 873 Nam
2230 821 2274 874 si
2300 830 2515 892 propter
2545 824 2698 878 istam
2726 828 3151 889 communionem
3182 844 3281 884 nos
3301 846 3429 886 con-

1845 907 2066 962 taminat
2095 909 2297 965 crimen
2339 912 2569 966 alienum
2595 932 2610 979 ;
2633 923 2685 968 et
2711 915 2877 983 ipsam
2900 957 2915 983 ,
2944 918 3028 971 cui
3063 922 3429 974 communica-

1844 1013 1962 1053 mus
1984 1040 1999 1065 ,
2028 1001 2230 1056 crimen
2260 1005 2587 1059 contaminat
2616 1016 2874 1061 nostrum.
2912 1008 3015 1064 Sed
3052 1012 3166 1080 ipsa
3196 1015 3427 1068 confessi

1843 1100 1968 1145 sunt
1995 1107 2100 1147 non
2136 1095 2390 1163 pollutam
2417 1098 2640 1153 crimine
2661 1100 2909 1155 Afrorum
2930 1143 2945 1166 ,
2978 1106 3221 1172 quamvis
3250 1107 3298 1160 ei
3332 1107 3429 1161 Sa-

1842 1193 2237 1240 cramentorum
2272 1190 2647 1245 communione
2688 1194 2995 1249 sociemur:
3030 1196 3099 1250 ibi
3131 1213 3257 1267 ergo
3296 1214 3426 1253 con-

1836 1276 1966 1330 Victi
2013 1285 2139 1332 sunt
2181 1294 2281 1334 nec
2319 1295 2414 1333 nos
2446 1282 2606 1350 pollui
2643 1286 2878 1352 potuisse
2914 1287 3137 1342 crimine
3167 1290 3376 1344 illorum
3408 1333 3421 1353 ,

1844 1367 2038 1436 quibus
2068 1369 2533 1426 Sacramentorum
2556 1377 2931 1431 communione
2958 1380 3226 1433 sociamur
3254 1422 3268 1446 ,
3300 1382 3422 1452 quia

1844 1459 1991 1513 nullo
2038 1476 2177 1515 nexu
2227 1464 2595 1521 consensionis
2645 1466 2979 1523 involvimur.
3019 1469 3328 1541 Quanquam
3371 1483 3425 1527 et

1841 1548 2006 1616 ipsius
2034 1549 2298 1607 Caeciliani
2330 1554 2517 1609 victrix
2561 1570 2719 1611 causa
2746 1556 2946 1612 eisdem
2988 1560 3163 1614 verbis
3195 1563 3418 1616 istorum

1842 1638 2092 1695 facillime
2121 1642 2533 1699 demonstratur.
2562 1645 2618 1701 Si
2656 1647 2798 1701 enim
2828 1647 3234 1717 confligentibus
3269 1653 3421 1707 nobis

1840 1740 2151 1800 exspectare
2189 1733 2349 1789 debet
2380 1736 2612 1791 Ecclesia
2645 1738 2995 1791 transmarina
3044 1739 3112 1793 ab
3155 1742 3269 1795 istis
3316 1744 3423 1797 cri-

1841 1823 2069 1878 minibus
2094 1825 2263 1879 aliena
2286 1866 2301 1889 ,
2328 1834 2385 1879 ut
2411 1841 2503 1880 eos
2524 1827 2614 1897 qui
2645 1827 2899 1894 vicerint,
2932 1828 3034 1884 sibi
3072 1840 3125 1885 et
3161 1834 3424 1889 catholico

1842 1916 2045 1969 nomini
2089 1916 2379 1986 adjungat;
2415 1927 2537 1973 tunc
2561 1920 2923 1990 exspectabat,
2954 1924 3165 1992 quando
3194 1927 3423 1994 majores

1841 2007 2063 2063 istorum
2096 2024 2217 2064 cum
2244 2010 2526 2065 Caeciliano
2556 2014 2749 2067 acriter
2773 2014 3145 2089 confligebant.
3176 2016 3269 2071 Ille
3295 2033 3424 2087 ergo

1842 2111 1965 2157 tunc
1991 2102 2153 2167 vicit,
2183 2119 2341 2172 quem
2385 2103 2484 2157 sibi
2534 2113 2653 2173 post
2689 2104 2991 2159 conflictum
3037 2106 3125 2160 illa
3168 2122 3287 2176 qua:
3323 2108 3425 2163 hoc

1840 2201 2241 2261 exspectaverat
2268 2193 2553 2261 cepulavit.
2582 2196 2687 2248 Aut
2712 2194 2757 2248 si
2784 2196 2954 2264 potuit
2974 2203 3028 2249 et
3051 2196 3304 2265 pollutum
3321 2197 3425 2251 sibi

1841 2284 1893 2338 in
1916 2284 2376 2339 Sacramentorum
2393 2287 2766 2340 communione
2792 2289 3062 2357 copulare,
3082 2298 3135 2343 et
3160 2291 3295 2344 sicut
3312 2292 3425 2359 jam

1840 2375 2069 2429 confessi
2095 2384 2246 2442 sunt,
2276 2375 2344 2430 ab
2375 2376 2455 2431 bis
2481 2376 2792 2431 criminibus
2820 2378 3089 2447 impolluta
3110 2380 3420 2448 persistere;

1841 2469 2008 2523 multo
2034 2468 2199 2538 magis
2221 2469 2441 2524 vicimus
2470 2470 2593 2524 hinc
2620 2470 2966 2525 ostendentes
2992 2472 3262 2541 proprium
3288 2488 3423 2527 onus

1840 2575 2104 2630 quemque
2124 2568 2356 2629 portare,
2372 2569 2426 2615 et
2446 2576 2544 2616 nec
2566 2576 2779 2616 causam
2805 2576 2999 2628 causae,
3021 2576 3119 2618 nec
3137 2577 3422 2633 ρεῐεοιιθιιι

1843 2651 2193 2721 praeiudicare
2224 2667 2484 2722 persona}.

1912 2742 2136 2798 CAPUT
2158 2742 2350 2797 XXIX.
2374 2775 2441 2785 —
2466 2744 2554 2801 49.
2578 2744 2691 2799 .lam
2715 2761 2843 2801 vero
2859 2755 2916 2801 ut
2945 2747 3193 2803 mandato
3214 2756 3419 2813 nostro,

1843 2832 1929 2887 ubi
1960 2833 2261 2889 universam
2282 2850 2494 2889 causam
2520 2837 2778 2905 complexi
2803 2837 3087 2903 fueramus,
3113 2853 3211 2892 nec
3235 2832 3427 2907 repeti;

1844 2923 1969 2979 tinis
2014 2923 2222 2991 verbis,
2254 2924 2347 2979 sed
2394 2926 2708 2996 conscriptis
2764 2928 2954 2982 litteris
2995 2928 3423 2996 respondendum

1843 3023 2108 3085 putarent,
2127 3016 2309 3086 quanti
2333 3016 2615 3071 emendum
2643 3016 2777 3071 fuit?
2795 3018 2882 3072 Sic
2905 3018 3045 3073 enim
3079 3020 3313 3073 constitit
3331 3035 3427 3074 eos

1844 3107 2170 3177 respondere
2198 3124 2303 3161 non
2332 3108 2568 3178 potuisse
2597 3108 2677 3161 bis
2706 3109 2972 3173 omnibus,
3006 3125 3123 3178 qua:
3154 3110 3205 3163 in
3238 3119 3427 3165 nostro

1844 3199 2094 3255 mandato
2146 3200 2348 3269 posita,
2380 3214 2479 3253 nec
2522 3200 2783 3269 attingere
2836 3200 3056 3254 omnino
3093 3200 3203 3255 suis
3236 3201 3429 3255 litteris

1847 3293 2149 3346 voluerunt.
2172 3291 2353 3361 Neque
2377 3292 2516 3345 enim
2536 3301 2709 3360 potest
2733 3291 2924 3361 aliquis
2948 3291 3148 3358 dicere,
3178 3307 3431 3360 prosecuo

1846 3384 2044 3437 tionem
2068 3391 2302 3436 nostram
2330 3382 2637 3436 memoriter
2654 3396 2748 3435 eos
2778 3398 2881 3436 non
2912 3384 3147 3452 potuisse
3174 3382 3425 3446 retinere,

1847 3483 1900 3529 et
1929 3481 2210 3543 propterea
2250 3472 2411 3527 rebus
2441 3472 2754 3527 necessztriis
2784 3488 2888 3526 non
2928 3473 3178 3528 omnibus
3204 3487 3429 3543 respon-

1845 3563 1972 3619 dere
2001 3566 2253 3619 voluisse.
2284 3564 2495 3618 Editum
2521 3573 2602 3619 est
2628 3565 2703 3618 eis
2731 3564 3034 3618 mandatum
3063 3574 3304 3619 nostrum
3336 3580 3431 3632 per

1845 3655 2107 3709 notoriam
2147 3654 2540 3725 postulantibus
2563 3695 2579 3719 ,
2604 3663 2656 3707 et
2685 3654 2786 3707 hoc
2827 3655 2997 3723 ipsum
3037 3655 3387 3723 allegantibus
3409 3692 3428 3719 ,

1846 3757 1905 3800 ut
1926 3747 2167 3801 instructi
2190 3754 2405 3815 possent
2430 3746 2496 3799 ad
2517 3747 2692 3799 omnia
2720 3747 3058 3815 respondere.
3090 3748 3155 3801 Et
3180 3763 3300 3801 cum
3317 3748 3428 3817 jam

1846 3845 2050 3907 septem
2078 3836 2267 3890 delecti
2298 3845 2524 3891 essenta
2552 3838 2781 3902 caeteris,
2810 3839 2898 3907 qui
2925 3841 3101 3893 omnia
3132 3856 3225 3907 pro
3249 3842 3430 3895 omni-

1846 3927 1946 3983 bus
1975 3936 2220 3998 agerent,
2250 3927 2451 3981 litteras
2476 3936 2655 3981 tamen
2685 3929 2826 3997 ipsas
2853 3930 3042 3998 quibus
3071 3941 3256 3985 nostro
3281 3948 3431 3985 nian-

1848 4017 1971 4073 dato
1995 4017 2317 4087 respondere
2348 4020 2521 4071 conati
2549 4027 2693 4085 sunt,
2724 4018 2883 4073 tOIius
2912 4020 3119 4074 concilii
3148 4021 3227 4074 sui
3260 4024 3433 4076 nomi-

1847 4124 1915 4164 ne
1945 4109 2320 4177 protulerunt,
2349 4117 2598 4178 tanquam
2641 4111 2917 4179 epistolam
2954 4111 3021 4164 ab
3050 4113 3296 4168 omnibus
3328 4114 3431 4169 illis

1845 4198 1915 4253 ad
1952 4198 2289 4268 Cognitorem
2320 4199 2516 4254 datam.
2545 4200 2713 4265 Quam
2739 4201 2783 4254 si
2813 4201 3076 4257 nollemus
3111 4203 3391 4259 admittere
3415 4247 3430 4267 ,

1842 4288 1964 4358 jure
1989 4288 2191 4357 optimo
2230 4289 2527 4345 faceremus
2556 4307 2569 4342 :
2599 4304 2772 4360 neque
2798 4290 2941 4346 enim
2969 4292 3170 4346 ordinis
3195 4303 3311 4348 erat
3334 4336 3348 4359 ,
3374 4305 3433 4348 ut

1849 4388 1967 4448 post
1990 4379 2277 4449 injunctam
2313 4390 2515 4449 septem
2556 4380 2859 4436 [nominibus
2885 4397 3117 4447 causam,
3139 4384 3247 4454 jam
3275 4386 3432 4455 quid-

1848 4486 2006 4540 quam
2037 4471 2137 4525 nisi
2164 4487 2259 4541 per
2289 4472 2409 4526 illos
2435 4474 2524 4542 qui
2553 4474 2743 4529 delecti
2775 4475 3003 4541 fuerant,
3031 4488 3295 4547 ageretur.
3322 4479 3428 4533 Sed

1850 4578 1916 4617 ne
1947 4561 2138 4616 litteris
2163 4564 2361 4617 nostris
2390 4563 2591 4618 litteras
2612 4580 2796 4619 eorum
2826 4566 3065 4621 timuisse
3087 4567 3391 4623 videremur
3416 4610 3431 4631 ,
3498 4605 3502 4615 ι

1849 4656 1967 4709 sine
1986 4654 2092 4709 ulla
2120 4654 2452 4709 brcsitatione
2478 4664 2535 4709 ut
2559 4656 2861 4725 legerentur
2880 4658 3209 4714 admisimus.
3235 4661 3434 4730 Optan-
3493 4668 3499 4706 ἐ

1850 4744 1974 4799 dum
2004 4746 2168 4811 enim,
2198 4755 2251 4800 et
2278 4753 2334 4799 ut
2364 4745 2493 4809 dixi,
2517 4746 2799 4801 emendum
2822 4758 2955 4815 erat,
2984 4759 3041 4804 ut
3070 4760 3188 4820 post
3218 4762 3295 4806 tot
3314 4753 3431 4808 die-

1850 4851 1969 4891 rum
1995 4836 2328 4901 dilationem,
2357 4851 2514 4905 quam
2539 4837 2617 4891 eis
2647 4838 2947 4905 petentibus
2973 4856 3431 4909 concesseramus,

1849 4925 2101 4981 afferrent
2126 4926 2493 4981 elucubratum
2535 4926 2769 4983 laborem
2795 4969 2810 4993 ,
2841 4930 2894 4984 in
2924 4947 3030 5001 quo
3058 4947 3151 4987 eos
3178 4933 3431 4987 mandato

1852 5025 2036 5071 nostro
2063 5031 2171 5071 non
2196 5017 2556 5087 respondisse,
2586 5020 2714 5074 satis
2744 5029 2994 5093 utrasque
3018 5024 3219 5077 litteras
3246 5024 3432 5093 legem

1854 5106 1991 5161 tibus
2028 5116 2337 5176 appareret,
2369 5115 2423 5161 et
2460 5122 2559 5163 nos
2604 5109 2804 5166 eisdem
2851 5112 2980 5183 ipsis
3017 5114 3205 5167 litteris
3246 5128 3433 5169 eorum

1853 5196 1967 5253 sine
1990 5198 2092 5251 ulla
2116 5197 2371 5254 dilatione
2391 5214 2512 5254 mox
2534 5202 2876 5271 respondisse
2896 5212 3184 5259 constaret.
3209 5204 3263 5259 Si
3288 5206 3431 5260 enim

1853 5288 2097 5345 homines
2140 5299 2246 5345 tam
2280 5292 2430 5348 tardo
2473 5293 2686 5363 ingenio
2712 5304 2873 5363 sunt,
2904 5306 2961 5350 ut
2987 5311 3080 5351 eos
3109 5298 3435 5353 arbitrentur

1853 5380 2047 5451 aliquid
2074 5381 2277 5438 dixisse
2298 5424 2313 5447 ,
2339 5384 2391 5437 in
2419 5385 2609 5455 quibus
2638 5386 2768 5439 locis
2789 5386 3026 5440 mandati
3059 5390 3227 5443 nostri
3256 5397 3434 5445 tacere

1854 5471 2156 5537 noluerunt;
2179 5473 2443 5528 neminem
2460 5483 2588 5544 puto
2607 5487 2726 5529 esse
2749 5484 2853 5529 tam
2870 5476 3139 5544 stolidum,
3160 5479 3251 5548 qui
3272 5481 3431 5534 etiam

1854 5562 1907 5616 in
1934 5561 2017 5617 bis
2042 5563 2173 5619 locis
2200 5565 2397 5635 aliquid
2428 5581 2521 5621 eos
2550 5566 2893 5635 respondisse
2919 5568 3208 5637 existimet,
3231 5571 3284 5625 in
3317 5572 3435 5642 qui-

1854 5654 1953 5710 bus
1977 5658 2194 5712 omnino
2222 5666 2513 5714 tacuerunt.
2541 5658 2654 5713 Non
2676 5659 2817 5713 enim
2845 5674 3005 5728 parva
3033 5661 3118 5716 vel
3132 5662 3281 5731 quasi
3302 5677 3433 5720 con-

1855 5752 2136 5806 temnenda
2157 5760 2296 5818 sunt,
2323 5764 2443 5805 cum
2474 5751 2526 5805 in
2554 5749 2636 5805 bis
2664 5751 2840 5820 potius
2866 5752 3041 5807 omnis
3064 5766 3224 5809 causa
3251 5755 3433 5849 consi-

1856 5846 1978 5897 stat.

2764 5935 3268 6018 (l’t‘ngt-dcux.)
