4026 6462
568 449 677 507 688

644 558 734 616 50.
774 557 907 614 Nam
934 553 1231 612 testimonia
1250 551 1655 623 'Scripturarum
1692 549 1883 622 quibus
1919 542 2151 603 asserui-

572 666 694 709 mus
738 648 1028 706 Eeclesiam
1083 643 1170 701 cui
1220 641 1676 700 communieamus
1704 682 1720 705 ,
1751 639 1819 693 ab
1854 635 2151 694 Jerusalem

572 751 822 813 captam,
853 748 967 794 toto
986 747 1247 794 terrarum
1275 733 1406 791 orbe
1426 731 1669 796 diffundi,
1700 738 1953 800 tanquam
1977 726 2153 782 omni-

572 848 645 888 no
667 832 807 887 dicta
830 844 936 884 non
968 826 1197 893 fuerint,
1228 823 1602 896 prmterierunt
1628 834 1817 891 magna
1846 818 1986 873 mole
2010 817 2149 871 divi-

573 939 657 978 nze
672 919 997 977 auctoritatis
1020 916 1281 989 oppressi.
1304 915 1433 970 Item
1459 912 1671 983 quodin
1692 920 1877 965 nostro
1901 906 2151 963 mandato

574 1013 803 1083 positum
830 1020 913 1067 est
934 1010 1002 1066 de
1026 1010 1181 1064 beato
1203 1006 1472 1080 Cypriano
1490 1046 1505 1069 ,
1531 1002 1621 1074 qui
1643 999 1947 1057 tolerandos
1973 998 2149 1069 potius

571 1106 627 1161 in
667 1105 901 1161 Ecclesia
941 1102 1145 1168 malos,
1173 1114 1331 1171 quam
1361 1104 1579 1169 propter
1618 1108 1713 1151 eos
1736 1091 2027 1149 Ecclesiam
2050 1090 2148 1145 de-

498 1240 501 1244 ι
570 1197 851 1255 serendam
874 1237 889 1263 ,
918 1204 973 1252 et
996 1201 1265 1268 praecepto
1289 1190 1592 1255 admonuit,
1614 1197 1668 1243 et
1692 1202 1792 1241 suo
1819 1183 2151 1239 confirmavit

571 1289 845 1360 exemplo,
875 1286 1135 1357 attingere
1158 1284 1379 1339 omnino
1408 1296 1513 1335 non
1535 1278 1649 1333 ausi
1674 1283 1801 1332 sunt
1825 1292 1839 1328 :
1868 1272 2031 1329 credo
2060 1272 2149 1326 in-

571 1378 929 1449 intelligentes
957 1376 1099 1447 quod
1137 1370 1386 1445 Cypriani
1414 1366 1781 1425 auctoritatem
1806 1364 1853 1419 si
1878 1364 1930 1417 in
1970 1362 2148 1431 aliquo

572 1468 770 1539 scripto
814 1467 930 1537 ejus
972 1462 1291 1520 labefactare
1336 1467 1640 1524 tentarent,
1672 1455 1966 1510 faterentur
1989 1452 2149 1508 etiam

552 1574 670 1615 nos
694 1567 839 1613 recte
863 1554 1164 1611 auctoritati
1192 1552 1307 1624 ejus
1333 1566 1439 1606 non
1468 1548 1659 1604 cedere
1681 1587 1698 1613 ,
1731 1546 1784 1600 in
1818 1560 1884 1599 eo
1910 1542 2050 1614 quod
2077 1540 2147 1597 de

568 1648 813 1705 iterando
836 1648 1107 1717 Baptism
1128 1645 1301 1700 solent
1320 1642 1436 1713 ejus
1454 1640 1647 1710 placita
1674 1638 1759 1693 vel
1786 1637 1997 1691 decreta
2030 1648 2155 1704 pro-

574 1741 710 1795 ferre
737 1756 752 1793 :
775 1753 933 1809 quam
977 1750 1075 1791 nec
1114 1736 1281 1805 ipsam
1310 1733 1379 1788 de
1420 1730 1693 1801 Baptismo
1732 1726 1983 1800 Cypriani
2021 1738 2151 1781 sen-

572 1830 789 1886 tentiam
844 1837 1032 1900 aperte
1082 1837 1506 1882 commemorare
1545 1821 1873 1885 voluerunt,
1923 1819 2153 1874 scientes

550 1922 727 1977 etiam
750 1919 857 1975 illic
873 1960 889 1985 ,
913 1919 957 1973 si
978 1917 1246 1983 facerent,
1268 1914 1643 1972 seoifensuros
1662 1926 1781 1967 esse
1802 1909 2151 1979 naufragium;

554 2015 821 2084 quoniam
845 2010 1144 2083 Cyprianus
1168 2023 1273 2063 non
1299 2006 1516 2076 reliquit
1543 2002 1824 2069 unitatem;
1853 2011 2048 2058 etcum
2073 2000 2153 2057 eis

556 2106 626 2158 'in
646 2102 747 2157 illa
772 2100 1104 2172 permansit,
1127 2098 1216 2169 qui
1235 2099 1304 2153 de
1332 2098 1434 2153 hac
1472 2111 1534 2151 re
1575 2094 1785 2151 diversa
1825 2100 2152 2150 senserunt:

561 2194 714 2249 unde
752 2202 844 2247 aut
873 2202 998 2247 tunc
1037 2189 1281 2247 Ecclesia
1310 2188 1518 2260 perisse
1544 2185 1768 2242 dicenda
1796 2196 1915 2252 est,
1943 2192 2002 2240 et
2046 2199 2153 2239 non

568 2286 675 2341 fuit
692 2284 803 2355 jam
838 2300 903 2339 ex
932 2298 1035 2353 qua
1066 2290 1376 2338 nasceretur
1405 2281 1641 2335 Donatus
1665 2278 1877 2334 illorum
1902 2294 1918 2342 ;
1946 2286 2038 2331 aut
2064 2275 2151 2343 si,

571 2378 711 2449 quod
738 2391 923 2433 verum
949 2385 1029 2430 est
1057 2416 1073 2442 ,
1102 2372 1395 2445 permansit
1420 2371 1657 2429 Ecclesia
1677 2413 1692 2439 ,
1722 2386 1827 2427 non
1857 2370 1909 2424 in
1934 2384 1994 2424 ea
2024 2384 2158 2424 con-

531 2461 540 2481 “
575 2469 835 2524 taminant
854 2466 979 2522 mali
1005 2466 1192 2530 bonos,
1214 2465 1354 2520 sicut
1375 2463 1671 2535 Cyprianus
1697 2462 1857 2516 etiam
1875 2460 2151 2531 judicavit,

573 2560 661 2630 qui
706 2574 829 2615 cum
859 2558 1067 2614 diversa
1120 2555 1474 2612 sentientibus
1520 2554 1572 2608 in
1620 2552 1807 2609 eadem
1847 2551 2156 2607 diversitate

574 2649 882 2720 permansit.
916 2650 993 2704 Ae
1020 2663 1117 2718 per
1158 2646 1259 2701 hoc
1304 2645 1389 2700 isti
1430 2662 1488 2699 se
1530 2642 1845 2699 detestanda
1872 2641 2156 2711 sacrilegio

572 2741 876 2798 schismatis
918 2741 1243 2803 induerunt,
1298 2738 1386 2809 qui
1436 2746 1651 2808 propter
1699 2735 1882 2791 nescio
1929 2750 2154 2804 quorum

568 2832 794 2889 crimina
816 2847 922 2888 non
948 2831 1166 2902 probata
1196 2872 1211 2896 ,
1242 2829 1451 2885 etiamsi
1481 2843 1602 2883 vera
1634 2835 1835 2893 essent,
1864 2825 2012 2880 nullo
2040 2840 2156 2879 mo-

572 2924 643 2979 do
684 2938 745 2979 se
788 2923 857 2978 ab
891 2922 1093 2977 unitate
1143 2928 1257 2975 toto
1284 2919 1414 2974 orbe
1438 2917 1628 2973 diffusa
1671 2930 1922 2986 separare
1958 2915 2161 2970 debue-

574 3026 718 3071 runt.
772 3014 889 3071 Hoc
939 3014 1014 3068 illi
1074 3021 1329 3083 quantum
1381 3009 1692 3079 intelligitur
1744 3007 2093 3077 praesidentes
2137 3046 2154 3073 ,

572 3106 643 3161 ab
688 3104 783 3161 illo
834 3103 1141 3159 testimonio
1165 3102 1181 3135 ⁸
1204 3100 1475 3173 Cypriani,
1506 3098 1647 3169 quod
1699 3099 1751 3152 in
1797 3106 1979 3151 nostro
2006 3110 2161 3150 man-

569 3197 698 3253 dato
752 3203 1225 3253 commemoratum
1300 3200 1421 3259 est,
1489 3198 1599 3245 toto
1664 3188 1877 3244 silentio
1930 3186 2158 3243 transie-

567 3292 715 3346 runt.
1690 3325 1696 3329 .

639 3381 731 3435 51.
779 3378 913 3435 Illud
953 3379 1112 3434 etiam
1156 3375 1299 3449 quod
1342 3376 1396 3431 in
1439 3388 1597 3429 causa
1642 3371 2154 3428 Maximianistarum

568 3470 674 3539 ipsi
700 3484 915 3541 quoque
942 3484 1040 3524 suo
1064 3467 1266 3539 judicio
1290 3466 1647 3529 declararunt,
1679 3480 1782 3519 non
1808 3473 2025 3533 propter
2044 3478 2158 3517 ma-

574 3562 657 3617 los
697 3561 953 3616 unitatem
999 3559 1391 3624 deserendam,
1436 3558 1529 3629 qui
1572 3557 1871 3611 Maximiani
1915 3556 2095 3611 socios
2125 3572 2156 3611 a

575 3652 896 3708 Maximiano
920 3652 1171 3709 dixerunt
1210 3667 1313 3706 non
1345 3651 1505 3705 fuisse
1537 3650 1800 3718 pollutos,
1830 3656 1885 3703 et
1912 3664 2005 3703 eos
2033 3648 2155 3704 inde

568 3759 706 3816 quos
732 3744 1153 3809 damnavcrunt,
1185 3743 1238 3797 in
1270 3742 1475 3797 honore
1518 3741 1723 3810 integro
1766 3747 2155 3810 susceperunt;

575 3845 631 3891 et
651 3834 979 3906 Baptismum
1015 3833 1211 3889 Christi
1253 3833 1377 3889 licet
1414 3830 1545 3887 foris
1571 3832 1638 3885 ab
1664 3830 1902 3886 Ecclesia
1928 3830 2109 3885 datum
2137 3870 2153 3896 ,

572 3925 966 3998 agnoscendum
1004 3924 1182 3997 potius
1224 3939 1383 3994 quam
1423 3922 1801 3977 destruendum
1839 3936 1960 3977 esse
1998 3936 2154 3975 mon-

573 4026 828 4083 strarunt,
856 4033 979 4072 cum
1005 4032 1035 4071 a
1062 4015 1333 4071 Feliciano
1359 4016 1411 4070 in
1442 4014 1731 4069 schismate
1758 4013 2073 4084 baptizatos,
2100 4020 2156 4067 et

572 4126 695 4166 cum
728 4110 821 4165 illo
862 4118 1043 4179 postea
1075 4116 1321 4177 receptos
1350 4108 1540 4161 iterum
1584 4105 1853 4175 baptizare
1891 4120 1997 4158 non
2040 4103 2153 4158 ausi

576 4210 701 4256 sunt
728 4218 742 4254 :
772 4201 931 4256 etiam
962 4200 1063 4255 hoc
1092 4214 1221 4269 ergo
1260 4212 1379 4253 cum
1422 4198 1475 4252 in
1516 4207 1700 4251 nostro
1727 4194 1977 4250 mandato
2009 4195 2156 4265 lege-

577 4301 696 4349 rent
715 4332 731 4357 ,
767 4290 1049 4346 tacendum
1081 4291 1257 4361 potius
1284 4300 1339 4345 et
1367 4288 1795 4361 prmtereundum
1816 4330 1832 4353 ,
1864 4303 2022 4359 quam
2051 4288 2155 4343 ulla

577 4383 998 4439 contradictione
1023 4380 1376 4437 refricandum
1406 4395 1526 4436 esse
1565 4388 1907 4435 censuerunt.
1930 4380 2155 4435 Causam

577 4474 736 4528 etiam
762 4471 1036 4528 Caeciliani
1061 4484 1091 4524 a
1118 4484 1278 4525 causa
1305 4468 1557 4523 Ecclesiae
1600 4468 1651 4522 in
1682 4477 1866 4523 nostro
1906 4467 2155 4523 mandato

577 4563 901 4630 distinctam,
919 4570 975 4617 et
997 4569 1175 4617 tamen
1192 4559 1352 4615 etiam
1374 4559 1544 4630 ipsam
1571 4558 1715 4614 omni
1732 4573 1797 4613 ex
1815 4566 1962 4629 parte
1981 4558 2159 4614 defen-

577 4668 724 4720 sam,
751 4649 1129 4725 respondcndo
1152 4664 1373 4721 prorsus
1402 4664 1509 4705 non
1544 4649 1850 4720 attigerunt.
1872 4648 2001 4716 Quis
2029 4664 2158 4719 ergo

579 4761 673 4800 eos
691 4745 765 4800 illi
790 4743 1041 4800 mandato
1057 4750 1245 4798 nostro
1259 4740 1600 4812 respondisse
1620 4742 1927 4807 arbitretur,
1945 4740 2159 4812 quando

577 4846 763 4892 contra
790 4834 905 4891 haec
928 4834 1105 4890 omnia
1134 4833 1336 4889 nullum
1365 4830 1585 4887 verbum
1613 4830 1812 4899 facere,
1841 4846 1941 4887 nec
1964 4831 2155 4887 saltem

581 4928 984 4999 qualiscumque
1000 4924 1369 4997 responsionis
1387 4923 1793 4981 obumbratione
1807 4925 1983 4979 conati
2006 4926 2155 4980 sunt?

580 5017 730 5083 Quod
750 5027 928 5073 autem
952 5016 1053 5071 visi
1075 5024 1201 5072 sunt
1223 5018 1244 5051 ²
1266 5014 1613 5085 respondere,
1638 5014 1779 5086 legat
1800 5014 1888 5084 qui
1910 5016 2155 5081 voluerit,

582 5118 637 5165 et
658 5109 879 5180 judicet,
906 5108 1080 5165 eidem
1115 5109 1214 5179 ipsi
1240 5107 1492 5162 mandato
1520 5114 1706 5162 nostro
1746 5105 2030 5163 conferens
2065 5107 2156 5161 lit-

584 5215 723 5262 teras
747 5219 931 5261 eorum
953 5245 968 5271 ,
994 5211 1190 5275 praeter
1226 5200 1628 5271 responsionem
1647 5241 1662 5266 ,
1708 5214 1866 5272 quam
1908 5200 2162 5257 continuo

583 5292 931 5358 reddidimus,
955 5307 1055 5363 qua
1078 5290 1257 5347 omnia
1278 5289 1524 5345 vanitatis
1549 5303 1735 5345 eorum
1762 5290 2161 5345 machinamen-

586 5391 637 5438 ta
664 5382 919 5440 subversa
942 5389 1068 5437 sunt
1092 5382 1189 5453 (a).

654 5475 735 5529 CA
747 5473 880 5531 PUT
918 5471 1089 5531 XXX.
1111 5502 1184 5515 ——
1206 5472 1296 5529 52.
1325 5472 1442 5529 Jam
1474 5470 1603 5527 illud
1624 5513 1639 5539 ,
1667 5471 1712 5528 si
1739 5481 1949 5528 montes
1970 5486 2160 5529 aureos

648 5734 673 5805 ξ
701 5732 837 5805 editi,
1363 5739 1421 5785 Αι
1442 5741 1569 5805 uss,
1590 5732 1652 5805 ab
1672 5732 2160 5796 uiolauiman

652 5794 674 5826 ι
706 5792 843 5854 Pdttt,
858 5792 952 5844 nisi
971 5800 1097 5846 sunt.
1113 5802 1221 5845 Itss.
1246 5807 1386 5854 vero,
1409 5792 1499 5847 risi
1519 5792 1647 5846 sunt.

651 5828 1397 5919 (οῖί-ῐίῗίῖῖᾶἶῖ

1298 440 1389 494 ΑΙ)
1430 436 1849 495 DONATISTAS
1889 432 2054 490 POS'I‘
2091 427 2591 499 COLLATIONEM,
2633 433 2693 489 S.
2733 433 3097 492 AUGUSTINI

3735 438 3839 493 681

2265 546 2532 617 daremus,
2560 552 2772 621 quando
2788 565 2967 607 emere
2988 565 3290 621 possumus,
3312 550 3453 623 quod
3472 552 3706 623 (objecta
3732 554 3835 609 sibi

2259 637 2561 696 Maximiani
2596 655 2753 697 causa
2775 684 2790 709 ,
2822 650 2880 697 ut
2907 642 3265 713 intelligerent
3290 658 3357 698 eo
3385 644 3545 700 modo
3584 660 3691 700 non
3734 644 3835 699 ob-

2258 728 2424 787 fuisse
2466 731 2750 787 Cmciliano
2796 734 3076 789 concilium
3123 748 3230 805 quo
3275 734 3328 789 in
3376 750 3499 790 eum
3555 736 3837 791 absentem

2256 821 2586 893 septuaginta
2603 822 2839 893 episcopi
2860 822 3001 894 quod
3021 823 3304 880 voluerunt
3324 825 3835 896 pronuntiaverunt,

2254 913 2522 985 quomodo
2562 930 2668 970 non
2698 914 2871 972 obfuit
2899 917 3167 972 Primiano
3196 932 3317 973 cum
3360 917 3606 973 similiter
3631 917 3835 973 absen-

2256 1017 2362 1064 tem
2390 1024 2486 1078 pro
2511 1010 2831 1067 Maximiano
2853 1021 3064 1068 centum
3094 1012 3265 1070 ferme
3285 1014 3521 1085 episcOpi
3545 1013 3836 1068 damnave-

2252 1100 2398 1173 runt)
2418 1102 2882 1160 vehementissime
2902 1104 3193 1175 perturbati
3222 1114 3277 1160 et
3297 1106 3349 1159 in
3374 1103 3674 1160 horrendas
3698 1119 3832 1161 con-

2255 1192 2384 1247 trusi
2410 1194 2678 1263 angustias
2706 1194 3126 1264 responderunt,
3154 1210 3244 1250 nec
3272 1212 3480 1249 causam
3502 1211 3704 1260 causa,
3733 1211 3828 1250 nec

2254 1298 2517 1351 personam
2537 1284 2870 1355 prwjudicare
2889 1301 3152 1356 persona;
3181 1285 3261 1341 his
3291 1286 3626 1355 paucissimis
3646 1286 3828 1341 verbis

2254 1381 2417 1428 totam
2444 1384 2675 1430 nostram
2696 1391 2931 1443 causam,
2953 1375 3021 1432 de
3049 1392 3152 1447 qua
3178 1392 3299 1432 cum
3324 1376 3405 1432 eis
3432 1376 3678 1447 superius
3694 1391 3826 1431 con-

2253 1463 2595 1536 ﬂigebamus,
2627 1467 2845 1522 omnino
2889 1468 3139 1522 invictam
3183 1482 3303 1523 esse
3344 1466 3660 1521 firmantes?
3686 1465 3824 1534 Quid

2253 1555 2398 1610 enim
2428 1555 2568 1610 aliud
2594 1558 2881 1627 agebamus
2907 1566 2985 1613 tot
3010 1558 3324 1614 testimoniis
3360 1566 3667 1613 sanctorum
3711 1557 3831 1612 elo-

2253 1646 2520 1717 quiorum,
2552 1656 2698 1703 tanta
2723 1649 3036 1704 auctoritate
3074 1648 3460 1720 Prophetarum
3482 1690 3498 1715 ,
3540 1648 3831 1719 Apostolo-

2254 1752 2403 1803 rum,
2453 1737 2822 1809 episcoporum
2870 1739 3210 1810 ipsorumque
3249 1738 3703 1804 adversariorum,
3732 1737 3831 1792 de-

2256 1837 2615 1886 monstrantes
2642 1831 2813 1886 bonos
2845 1845 2875 1885 a
2913 1832 3067 1887 matis
3091 1829 3557 1887 Sacramentorum
3587 1844 3832 1885 commu-

2256 1920 2415 1975 nione
2458 1936 2563 1975 non
2608 1921 2804 1991 pollui,
2845 1921 2889 1976 si
2931 1921 3134 1988 corde,
3187 1922 3500 1985 voluntate,
3549 1920 3828 1985 moribus.

2256 2010 2507 2079 operibus
2535 2010 2776 2065 diversas
2805 2011 3036 2067 habeant
3059 2026 3282 2079 causas,
3312 2021 3605 2082 geruntque
3643 2025 3832 2081 perso-

2258 2098 2393 2154 nas?
2415 2098 2551 2167 Quid
2572 2100 2715 2155 enim
2739 2100 2881 2156 aliud
2906 2101 3299 2167 laborabamus,
3319 2101 3423 2156 nisi
3453 2110 3505 2156 ut
3527 2109 3830 2171 appareret,

2256 2204 2359 2247 nec
2387 2205 2601 2246 causam
2628 2206 2805 2247 causae
2827 2232 2844 2260 ,
2878 2206 2976 2247 nec
3016 2207 3300 2262 personam
3329 2192 3687 2263 prasjudicare
3714 2207 3834 2263 per-

2257 2282 2437 2336 sonae?
2462 2281 2574 2337 IIoc
2601 2283 2701 2353 ipsi
2730 2282 2963 2338 breviter
2984 2282 3245 2353 compulsi
3271 2298 3478 2339 summa
3513 2285 3835 2339 necessitate

2255 2369 2535 2440 dixerunt,
2573 2374 2697 2443 quia
2720 2373 2737 2405 ⁸
2773 2388 2897 2428 cum
2938 2388 2969 2427 a
3007 2373 3162 2429 nobis
3185 2373 3277 2428 diu
3302 2374 3591 2441 diceretur,
3623 2374 3833 2429 veritati

2256 2463 2448 2519 cedere
2476 2464 2781 2519 noluerunt.

2329 2556 2551 2612 CAPUT
2574 2556 2765 2612 XXXI.
2785 2587 2859 2599 —
2875 2557 2966 2613 55.
2992 2555 3124 2612 Illud
3149 2557 3309 2613 etiam
3335 2556 3527 2627 quibus
3550 2555 3835 2621 thesauris,

2258 2647 2449 2717 quibus
2467 2648 2676 2717 Opibus,
2699 2648 2893 2719 quibus
2917 2649 3271 2718 pretiosorum
3297 2647 3531 2719 lapidum
3554 2647 3840 2718 aggeribus

2258 2738 2541 2793 emendum
2568 2737 2685 2806 fuit,
2711 2738 2851 2810 quod
2878 2739 3107 2809 majores
3133 2754 3260 2794 suos
3286 2738 3425 2810 apud
3453 2739 3834 2810 imperatorem

2257 2829 2657 2885 Constantinum
2698 2841 3004 2901 persecutos
3053 2829 3395 2886 Ctecilianum
3444 2844 3550 2885 non
3597 2830 3839 2885 conﬁteri

2260 2928 2485 2987 tantum,
2516 2935 2699 2975 verum
2725 2921 2886 2977 etiam
2920 2920 3155 2991 profiteri
3178 2930 3337 2991 atque
3364 2919 3579 2991 gloriari
3621 2920 3840 2974 minime

2258 3011 2600 3077 dubitarunt,
2630 3025 2861 3083 eumque
2884 3012 2954 3067 ab
2979 3010 3305 3082 Imperatore
3339 3010 3650 3066 damnatum
3682 3011 3836 3066 etiam

2260 3103 2566 3160 mentiendo
2588 3112 2899 3160 asseverare
2937 3103 3114 3160 conati
3154 3102 3319 3158 sunt?
3338 3101 3442 3160 Ubi
3471 3110 3554 3156 est
3582 3102 3675 3156 illa
3701 3117 3801 3155 vox
3820 3140 3835 3163 .

2258 3212 2359 3267 qua
2389 3212 2484 3252 vos
2513 3197 2760 3268 decipere
2784 3206 3213 3265 consueverunt,
3248 3197 3405 3251 nobis
3429 3194 3689 3251 invidiam
3710 3209 3837 3250 con-

2259 3289 2521 3353 citantes,
2570 3289 2714 3359 quod
2752 3289 2892 3360 apud
2938 3288 3319 3360 Imperatorem
3362 3301 3578 3343 causam
3621 3301 3839 3358 agamus

2260 3380 2548 3437 Ecclesia)?
2576 3379 2677 3437 Ubi
2716 3393 2843 3436 sunt
2870 3381 3030 3437 verba
3059 3380 3313 3436 Primiani
3342 3379 3480 3451 apud
3508 3387 3631 3434 acta
3668 3378 3835 3447 magi-

2260 3480 2458 3527 stratus
2499 3469 2953 3541 Carthaginiensis
2981 3484 3234 3541 expressa
3258 3488 3273 3524 z
3295 3468 3389 3524 Illi
3415 3478 3622 3539 portant
3658 3467 3839 3521 multo-

2259 3578 2375 3617 rum
2391 3562 2747 3633 imperatoqu
2767 3578 2941 3617 sacras
2954 3564 2996 3629 ⁸,
3019 3577 3111 3617 nos
3125 3562 3236 3616 sola
3254 3560 3517 3628 oﬂ'erimus
3526 3557 3840 3630 Evangelia?

2262 3653 2362 3710 Ubi
2389 3661 2478 3710 est
2501 3654 2588 3710 illa
2619 3654 2870 3724 praeclara
2895 3653 3127 3709 laudatio
3145 3695 3161 3719 ,
3200 3670 3302 3724 qua
3328 3652 3591 3709 extollunt
3619 3665 3836 3721 scpara-

2261 3744 2458 3798 tionem
2497 3758 2651 3799 suam
2670 3786 2683 3806 .
2716 3743 2955 3799 dicentes
2975 3783 2993 3811 ,
3031 3759 3142 3798 eam
3170 3759 3279 3798 esse
3304 3741 3590 3797 Ecclesium
3618 3742 3838 3796 ses-iratis

2258 3848 2372 3902 qua
2401 3833 2793 3903 persecutionem
2821 3835 3029 3903 patitur,
3051 3850 3155 3887 non
3174 3847 3288 3903 qua
3309 3832 3467 3905 facit?
3483 3830 3694 3901 Nempe
3715 3830 3834 3886 elisa

2258 3934 2363 3992 est,
2391 3940 2584 3996 nempe
2604 3936 2887 3995 prostrata.
2912 3926 3183 3997 Leguntur
3201 3924 3605 3995 persecutiones
3620 3939 3831 3985 comm;

2260 4030 2455 4087 negare
2481 4030 2587 4071 non
2615 4025 2861 4087 possunt,
2890 4018 3011 4087 quia
3036 4017 3281 4087 leguntur
3300 4016 3459 4071 etiam
3493 4014 3835 4085 subscriptio-

2261 4121 2357 4161 nes
2392 4121 2603 4163 eorum.
2643 4107 2911 4164 Tenemus
2952 4123 3047 4163 eos
3094 4106 3450 4173 confitentes,
3491 4106 3830 4175 profitentes.

2258 4198 2548 4268 gloriantes
2574 4199 2804 4268 majores
2831 4213 2957 4254 suos
2990 4198 3330 4254 Caecilianum
3370 4196 3512 4267 apud
3554 4198 3832 4268 Imperato~

2260 4306 2373 4346 rem
2402 4291 2634 4362 graviter
2659 4300 3004 4362 persecutos:
3036 4299 3281 4346 tenemus
3304 4290 3463 4344 etiam
3492 4287 3829 4344 Caecilianum

2260 4382 2339 4438 eis
2384 4382 2826 4453 persequentibus
2863 4382 2932 4436 ab
2978 4384 3301 4451 lmperatore
3350 4380 3687 4434 damnatum.
3726 4378 3828 4433 Non

2260 4489 2389 4546 ergo
2423 4474 2532 4543 jam
2572 4473 2836 4539 clament,
2882 4473 3301 4543 segregationem
3350 4486 3499 4526 suam
3552 4471 3681 4527 ideo
3722 4482 3829 4523 esse

2262 4564 2557 4621 Ecclesiam
2584 4564 2861 4631 veritatis,
2891 4565 3013 4634 quia
3054 4563 3475 4633 persecutionem
3527 4576 3637 4616 non
3686 4560 3825 4619 facit.

2262 4657 2357 4715 sed
2381 4659 2579 4728 patitur
2605 4673 2620 4710 :
2642 4663 2735 4711 aut
2761 4656 3028 4711 fateantur
3054 4670 3159 4710 non
3186 4670 3305 4709 eam
3339 4653 3506 4709 fuisse
3544 4653 3824 4710 Ecclesiam

2261 4748 2530 4811 veritatis,
2558 4746 2774 4817 quando
2812 4761 2842 4800 a
2868 4745 3157 4814 majoribus
3191 4760 3377 4800 eorum
3404 4744 3725 4800 Caecilianus
3750 4756 3828 4812 pa-

2264 4837 2511 4893 tiebatur.
2536 4837 2592 4893 Si
2618 4836 2763 4892 enim
2804 4836 3059 4891 continuo
3089 4835 3214 4890 boni
3241 4844 3365 4890 sunt
3393 4836 3480 4906 qui
3510 4835 3824 4907 persecutioo

2265 4944 2386 4984 nem
2415 4928 2712 4998 patiuntur;
2752 4928 2922 4982 bonus
2951 4936 3066 4981 erat
3088 4924 3403 4981 Caecilianus
3427 4926 3651 4996 quando
3679 4924 3829 4996 patie-

2266 5020 2439 5074 batur.
2494 5020 2548 5074 Si
2613 5028 2791 5073 autem
2840 5028 3016 5088 potest
3064 5017 3279 5088 quidem
3334 5016 3448 5073 fieri
3508 5025 3569 5072 ut
3618 5027 3676 5073 et
3718 5013 3825 5070 mali

2262 5111 2686 5181 persecutionem
2713 5110 3000 5180 patiantur,
3043 5110 3140 5165 sed
3182 5110 3309 5163 boni
3339 5124 3444 5165 non
3474 5118 3703 5179 possunt
3723 5118 3827 5161 esse

2263 5200 2353 5271 qui
2384 5199 2615 5268 faciunt;
2648 5215 2751 5256 non
2778 5210 2930 5255 erant
2969 5200 3095 5255 boni
3127 5200 3356 5270 majores
3382 5215 3601 5266 eorum,
3632 5193 3826 5270 quando

2265 5291 2605 5347 Caecilianum
2636 5290 3110 5362 persequebantur.
3142 5291 3311 5346 Porro
3352 5290 3397 5345 si
3438 5290 3555 5345 ﬁeri
3586 5296 3752 5359 potest
3776 5290 3827 5337 ut

2266 5394 2321 5440 et
2345 5382 2469 5439 boni
2498 5382 2715 5450 faciant,
2745 5392 2802 5439 et
2832 5383 2953 5437 mali
2979 5383 3285 5452 patiantur;
3318 5396 3424 5437 non
3451 5380 3573 5435 ideo
3596 5394 3694 5433 nos
3725 5373 3827 5429 cul-

2266 5474 2425 5546 pandi
2451 5488 2658 5539 sumus,
2680 5488 2783 5530 nec
2809 5473 2931 5528 ideo
2956 5472 3042 5527 isti
3073 5470 3343 5534 laudandi,
3371 5471 3492 5540 quia
3520 5468 3627 5524 tale
3641 5458 3825 5535 aliquid

2265 5568 2559 5638 patiuntur,
2591 5566 2749 5637 quale
2776 5564 3118 5621 Caecilianum
3145 5561 3440 5634 majoribus
3460 5561 3574 5617 suis
3592 5553 3823 5616 facienti-

2265 5659 2367 5715 bus
2393 5673 2605 5730 passum
2635 5672 2755 5714 esse
2775 5657 3087 5729 gloriantur.
3111 5657 3176 5712 Et
3200 5666 3375 5712 tamen
3402 5652 3736 5711 Cascilianum
3757 5646 3822 5700 ab

2333 5797 2351 5829 ί
2386 5800 2541 5854 νοτ-ιο,
2565 5792 2664 5857 qui.

2335 5857 2358 5890 ⁸
2389 5863 2461 5906 εν.
2488 5856 2633 5920 Lugd.
2653 5862 2707 5907 et
2725 5863 2869 5918 νεα,
2888 5865 3047 5906 sacra.
3111 5860 3167 5902 tt.
