4026 6490
260 362 353 417 685

247 475 562 544 Imperatoris
590 464 895 520 damnatum
924 464 1142 519 omnino
1181 477 1287 518 non
1331 462 1566 518 constitit
1590 479 1605 515 :
1632 460 1727 515 sed
1756 462 1808 513 in

242 566 348 637 ejus
368 556 710 617 absolutione
732 563 892 626 atque
911 555 1243 626 purgatione,
1264 568 1384 626 qua:
1404 551 1589 622 judicii
1605 551 1815 621 episco-

249 655 373 728 palis
395 659 449 708 et
465 646 766 717 imperialis
791 646 1104 702 recitatione
1129 647 1470 711 constiterat,
1514 643 1585 697 nil
1629 651 1813 713 postea

259 742 459 815 probari
481 739 655 811 potuit
679 739 1037 795 immutatum.
1063 736 1137 793 Ita
1164 738 1359 793 factum
1390 747 1473 793 est
1488 777 1502 801 ,
1524 743 1585 791 ut
1609 742 1813 790 remota

255 832 505 892 Cmciliani
544 830 886 887 damnatione
926 830 995 887 de
1034 845 1138 901 qua
1186 830 1287 901 ipsi
1323 830 1529 886 mentiti
1555 838 1698 895 sunt,
1727 842 1815 884 re-

258 924 498 984 manserit
522 921 820 994 persecutio
846 936 1006 992 quam
1036 920 1268 992 majores
1296 934 1425 977 suos
1462 918 1658 976 fecisse
1686 935 1819 976 con-

256 1020 370 1078 fessi
393 1026 532 1074 stult.

317 1112 402 1168 δι.
429 1109 619 1165 Parum
647 1106 822 1162 fuitut
864 1105 1202 1163 Caecilianum
1238 1105 1308 1161 ab
1354 1104 1679 1175 Imperatore
1720 1102 1815 1157 da-

255 1210 475 1258 mnatum
494 1196 870 1254 etmentiendo
893 1196 1110 1267 gloriari
1135 1196 1413 1264 auderent,
1444 1204 1501 1251 et
1526 1193 1820 1250 asserenda

254 1291 466 1367 probare
491 1306 595 1344 non
627 1297 848 1359 possent
875 1305 888 1342 :
920 1288 1134 1357 insuper
1160 1288 1319 1343 etiam
1351 1287 1733 1357 probaverunt,
1764 1293 1821 1340 et

255 1392 421 1438 nostra
463 1380 515 1435 in
545 1395 666 1435 cam
709 1394 823 1435 rem
865 1378 1182 1434 documenta
1229 1379 1418 1433 fortius
1462 1377 1816 1447 adjuverunt,

251 1469 504 1529 Carciliani
529 1469 925 1525 absolutionem
950 1468 1211 1523 mansisse
1238 1466 1596 1523 firmissimam
1613 1506 1629 1532 ,
1664 1481 1770 1522 non
1798 1506 1816 1533 ,

253 1562 379 1617 sicut
402 1560 611 1616 mentiti
638 1559 890 1626 fuerant,
919 1558 1258 1629 Imperatoris
1294 1557 1590 1629 posteriore
1620 1557 1820 1628 judicio

252 1652 302 1707 in
327 1650 646 1706 contrarium
672 1657 1019 1705 commutato.
1041 1648 1176 1704 Nam
1200 1648 1371 1719 primo
1387 1647 1702 1705 Milevitana:
1723 1648 1825 1702 Ec.

253 1741 416 1797 clesite
466 1740 790 1796 catholicum
842 1740 1152 1811 episcopum
1197 1737 1446 1810 Optatum
1493 1738 1821 1793 recitandum

254 1840 591 1900 putaverunt,
624 1830 935 1901 pollicentes
964 1830 1087 1885 inde
1126 1843 1187 1886 se
1228 1828 1547 1900 probaturos
1582 1828 1823 1885 Caecilia-

251 1936 364 1977 num
389 1921 453 1977 ab
478 1922 810 1992 lmperatore
830 1920 1158 1977 damnatum.
1181 1921 1311 1989 Qua:
1338 1920 1495 1976 lectio
1514 1936 1637 1976 cum
1654 1921 1823 1992 magis

249 2025 420 2069 contra
447 2029 548 2069 eos
582 2015 918 2080 recitaretur,
946 2029 1105 2069 nemo
1132 2014 1299 2068 risum
1330 2013 1503 2084 potuit
1525 2012 1820 2070 continere.

250 2105 341 2174 Qui
370 2116 552 2161 tamen
592 2107 732 2163 risus
769 2122 877 2162 non
916 2106 1099 2177 utique
1139 2106 1515 2176 conscriptioni
1552 2114 1822 2177 gestorum

249 2196 487 2267 potuisset
510 2197 733 2269 adjnngi
755 2237 770 2262 ,
802 2206 854 2252 et
880 2197 1100 2253 omnino
1128 2197 1401 2263 latuisset,
1440 2195 1541 2250 nisi
1569 2206 1625 2251 et
1649 2196 1822 2266 ipsum

251 2288 403 2344 latere
439 2304 555 2344 non
592 2288 830 2345 sinerent
874 2289 1145 2356 dicentes,
1184 2288 1408 2343 Audiam
1430 2288 1530 2359 qui
1564 2289 1826 2345 riserunt:

252 2380 343 2435 boc
356 2395 480 2436 sane
500 2382 768 2451 scriptum
790 2391 891 2449 est,
914 2390 970 2437 et
989 2381 1365 2451 subscriptum.
1389 2380 1542 2450 Quod
1562 2380 1704 2436 enim
1729 2396 1825 2451 pro

250 2470 423 2542 selegi
460 2472 778 2540 voluerunt,
806 2472 1113 2544 ambiguum
1157 2472 1253 2527 fuit
1281 2488 1297 2527 :
1327 2471 1467 2527 unde
1491 2486 1613 2527 cum
1640 2472 1826 2529 rectis-

250 2563 373 2619 sime
406 2563 673 2635 Cognitor
697 2563 946 2634 jussisset
986 2565 1144 2635 paulo
1190 2565 1437 2636 superius
1480 2564 1727 2631 recitari,
1766 2573 1826 2621 ut

249 2654 360 2711 inde
386 2656 428 2711 si
452 2664 679 2726 possent
700 2656 861 2712 verba
888 2656 978 2711 illa
1002 2656 1392 2721 clarescerent;
1418 2655 1520 2711 hoc
1546 2656 1824 2711 recitatum

247 2756 322 2802 est
345 2746 481 2819 quod
511 2747 800 2814 nolebant,
828 2747 881 2803 id
906 2756 1023 2814 est,
1046 2747 1389 2803 Cmcilianum
1429 2745 1594 2802 fuisse
1629 2760 1825 2817 purga-

253 2845 394 2905 tum;
422 2854 592 2910 quem
632 2840 778 2909 prius
805 2837 1091 2909 legendum
1130 2838 1385 2894 dederant
1406 2877 1422 2903 ,
1450 2854 1554 2892 non
1585 2837 1722 2892 sicut
1743 2837 1828 2906 ja-

245 2930 446 2987 ctabant
465 2931 783 2987 damnatum
803 2971 818 2996 ,
853 2930 948 2985 sed
979 2930 1171 2985 Brixia:
1196 2930 1337 2984 bono
1362 2929 1507 3000 pacis
1533 2936 1820 2984 retentum.

248 3020 334 3077 llic
356 3037 471 3077 cum
498 3020 787 3087 dixissent,
820 3021 924 3075 illis
948 3021 1127 3076 verbis
1153 3018 1403 3090 Optatum
1427 3018 1823 3074 damnationem

246 3109 500 3167 Caeciliani
538 3121 829 3167 extenuare
855 3110 1116 3177 voluisse;
1142 3110 1339 3165 dictum
1366 3118 1449 3165 est
1473 3109 1552 3164 eis
1570 3150 1586 3175 ,
1626 3117 1685 3164 ut
1708 3108 1826 3165 evi-

246 3203 447 3261 dentem
475 3203 749 3260 Czcciliani
778 3202 1174 3258 damnationem
1204 3201 1420 3257 aliunde
1440 3201 1745 3267 recitarent,
1767 3206 1828 3254 nt

246 3295 309 3350 ab
336 3295 530 3365 Optato
558 3309 678 3349 eam
708 3303 1045 3349 extenuatam
1076 3301 1259 3364 posset
1282 3291 1523 3357 ostendi,
1555 3292 1645 3362 qui
1668 3305 1829 3362 aper-

248 3388 443 3443 tissime
468 3386 765 3456 scripserat
788 3385 1132 3440 Ctecilianum
1172 3383 1337 3439 fuisse
1374 3392 1679 3453 purgatum.
1710 3381 1825 3436 Hoc

251 3492 367 3533 cum
411 3478 584 3535 facere
622 3478 841 3533 omnino
882 3491 988 3531 non
1033 3483 1290 3545 possent,
1338 3472 1629 3543 interjectis
1666 3480 1827 3543 atque

248 3569 622 3626 consummatis
640 3569 878 3625 omnium
896 3581 1167 3623 morarum
1183 3563 1470 3635 superfluis
1485 3563 1819 3633 ambagibus,

247 3661 577 3730 apertissime
620 3658 1011 3729 nos'adjuvare
1047 3664 1340 3727 ceperunt.
1379 3654 1653 3725 Tanquam
1682 3654 1825 3708 enim

248 3762 280 3805 ι
320 3750 472 3806 nobis
511 3758 696 3805 essent
740 3747 1014 3813 instructi,
1043 3748 1126 3803 vel
1154 3755 1405 3817 tanquam
1444 3745 1718 3800 nobiscum
1759 3743 1825 3798 ad

249 3839 605 3897 innocentiam
630 3839 902 3895 Caeciliani
937 3836 1321 3893 defendendam
1351 3834 1830 3903 declarandamque

250 3931 473 4000 delecti,
499 3947 623 3986 cum
654 3937 986 4001 quaereretur
1012 3927 1082 3981 ab
1107 3926 1186 3981 eis
1205 3966 1219 3991 ,
1249 3934 1306 3980 ut
1334 3926 1380 3979 si
1411 3932 1629 3994 possent
1650 3934 1830 3979 osten-

250 4023 439 4081 derent
464 4022 608 4094 quod
634 4022 920 4087 dicebant,
949 4018 1245 4090 posteriore
1265 4016 1463 4086 judicio
1485 4013 1827 4071 Caecilianum

247 4115 313 4169 ab
335 4114 666 4186 lmperatore
691 4112 997 4167 damnatum
1024 4147 1041 4174 ,
1070 4108 1227 4176 cujus
1254 4106 1595 4177 Imperatoris
1624 4105 1830 4160 litteras

248 4204 571 4277 legeremus,
599 4218 719 4274 quae
748 4201 893 4256 illum
923 4198 1268 4255 ostenderant
1290 4196 1589 4252 absolutum
1613 4213 1629 4251 :
1649 4203 1831 4266 protu-

244 4291 427 4351 lerunt
449 4292 687 4348 libellum
704 4290 963 4358 majorum
987 4302 1204 4344 suorum
1222 4286 1289 4341 ad
1307 4285 1553 4342 eumdem
1569 4285 1832 4341 Constan-

244 4386 415 4442 tinum
470 4382 845 4451 imperatorem
911 4379 1126 4443 datum,
1185 4391 1293 4449 quo
1353 4375 1687 4447 apertissime
1734 4374 1832 4434 de-

241 4481 611 4533 monstrarent
646 4472 789 4528 illius
812 4470 1014 4542 judicio
1039 4487 1100 4527 se
1130 4470 1305 4541 potius
1331 4468 1495 4525 fuisse
1525 4467 1828 4527 damnatos.

242 4565 482 4637 Contigit
527 4562 672 4619 enim
713 4564 792 4619 eis
833 4562 977 4634 apud
1025 4561 1423 4632 imperatoriam
1473 4568 1829 4631 potestatem,

243 4658 387 4730 quod
413 4656 645 4712 inimicis
674 4657 842 4711 sancti
870 4655 1123 4721 Danielis,
1154 4653 1248 4725 qui
1273 4653 1375 4710 hoc
1397 4651 1465 4708 ab
1492 4650 1694 4708 eisdem
1715 4651 1832 4709 leo-

246 4749 404 4804 nibus
449 4748 591 4818 passi
638 4755 781 4813 sunt,
831 4746 974 4817 quod
1017 4746 1127 4817 pati
1174 4746 1454 4801 voluerant
1492 4744 1829 4801 innocentem

246 4838 409 4908 (Dan.
433 4854 509 4904 γι,
526 4837 640 4909 24).
669 4836 768 4892 Hic
793 4851 914 4892 cum
940 4836 1171 4891 breviter
1194 4834 1654 4890 admonuissemus
1683 4835 1831 4890 illum

245 4929 487 4987 libellum
516 4944 612 5000 pro
640 4928 798 4984 nobis
826 4936 1012 4982 contra
1054 4941 1115 4981 se
1158 4926 1336 4995 potius
1365 4922 1621 4981 recitasse
1640 4963 1658 4989 ,
1684 4922 1832 4978 aliud

249 5023 573 5079 addiderunt
591 5061 607 5086 ,
635 5022 968 5091 proferentes
994 5018 1233 5088 ejusdem
1263 5016 1603 5087 imperatoris
1626 5016 1835 5071 litteras

252 5114 320 5169 ad
344 5113 602 5169 Verinum
630 5112 889 5167 vicarium
916 5110 1090 5174 datas,
1113 5108 1203 5163 ubi
1232 5122 1325 5163 eos
1348 5107 1581 5177 graviter
1602 5106 1837 5162 detesta—

258 5214 365 5271 tur,
397 5212 455 5260 et
480 5202 688 5259 Domini
710 5202 911 5273 judicio
946 5199 1037 5272 qui
1065 5198 1176 5270 jam
1202 5199 1254 5253 in
1274 5212 1370 5254 eos
1392 5205 1627 5268 coeperat
1656 5195 1838 5253 vindi-

255 5309 418 5361 care,
468 5295 780 5363 dimittens,
835 5290 1339 5364 ignominiosissima
1388 5289 1715 5360 indulgentia
1767 5289 1839 5345 de

258 5387 451 5442 exsilio
491 5387 766 5443 relaxavit.
810 5382 888 5439 Ita
934 5382 1363 5439 manifestissime
1407 5380 1681 5448 constitit,
1728 5395 1834 5435 non

260 5479 437 5534 solum
480 5479 681 5535 nullam
721 5474 990 5533 Caeciliani
1029 5474 1424 5531 damnationem
1454 5472 1619 5528 fuisse
1653 5479 1837 5543 postea

262 5580 605 5628 consecutam
628 5610 647 5639 ,
672 5584 856 5626 verum
886 5568 1049 5624 etiam
1090 5565 1209 5637 ejus
1249 5564 1635 5620 absolutionem
1678 5570 1840 5632 atque

265 5660 657 5734 purgationem,
683 5668 739 5718 et
768 5674 977 5732 pinnam
1006 5657 1216 5714 illorum
1246 5653 1543 5731 detestabili
1570 5651 1844 5723 indulgen-

266 5751 335 5806 tia
361 5750 530 5807 fuisse
554 5752 832 5807 firmatam.
867 5751 993 5806 Haec
1020 5758 1125 5803 tam
1151 5744 1461 5801 excellentia
1489 5743 1808 5801 documenta
1826 5784 1839 5809 ,

1649 343 1849 404 LIBER
1889 344 2085 403 UNUS.

3395 351 3499 407 686

1921 458 2063 528 quod
2087 458 2355 517 fatendum
2380 472 2481 531 est,
2507 478 2611 519 non
2639 463 2961 520 habebamus
2998 465 3050 520 in
3090 466 3334 523 manibus
3352 507 3369 531 .
3394 470 3491 524 sed

1923 550 2142 607 forsitan
2171 553 2216 608 si
2240 554 2434 610 alicubi
2463 569 2583 611 esse
2608 556 2945 624 audiremus,
2973 556 3112 613 unde
3152 558 3306 614 nobis
3331 560 3496 631 gratis

1920 643 2034 699 dari
2063 658 2167 699 non
2192 655 2426 714 possent,
2452 647 2689 718 quolibet
2718 650 2939 718 praemio
2967 649 3406 719 perveniremus,
3438 664 3496 708 ut

1924 734 2079 789 nobis
2105 735 2386 791 scribenda
2413 738 2865 806 permitterentur.
2892 738 3162 809 Quantum
3186 752 3367 802 autem
3400 742 3499 800 da-

1923 841 2122 892 remus,
2145 828 2191 882 si
2218 828 2406 884 venale
2434 842 2837 899 proponeretur,
2860 841 2918 886 nt
2938 846 3034 902 pro
3060 833 3219 895 nobis
3241 834 3403 894 etiam
3429 837 3497 891 ab

1924 916 2052 988 ipsis
2072 916 2390 973 adversariis
2418 919 2759 990 legerentur?
3280 986 3283 989 _

1992 1006 2216 1065 CAPUT
2241 1008 2458 1065 XXXII.
2478 1040 2552 1052 -—
2572 1011 2661 1069 55.
2688 1011 2824 1081 Quid
2849 1012 3061 1069 videtur
3084 1013 3208 1070 addi
3238 1013 3349 1086 jam
3376 1031 3501 1085 pos-

1924 1115 2003 1165 se,
2032 1108 2091 1155 ut
2113 1115 2213 1157 nos
2240 1101 2557 1159 cumulatius
2594 1102 2940 1173 adjuvarent?
2966 1102 3035 1159 Et
3062 1113 3243 1161 tamen
3280 1105 3500 1161 addide-

1924 1202 2067 1248 runt.
2097 1191 2658 1251 Commemoraverunt
2692 1196 2834 1253 enim
2873 1211 3089 1253 causam
3119 1196 3312 1255 Felicis
3334 1200 3505 1269 Aptu-

1922 1284 2139 1354 gnensis
2158 1286 2196 1349 ί,
2220 1300 2252 1340 a
2272 1299 2377 1355 quo
2395 1284 2708 1343 Czecilianus
2724 1285 2898 1343 fuerat
2915 1287 3208 1354 ordinatus,
3230 1289 3316 1344 cui
3338 1288 3501 1344 Felici

1927 1373 2222 1430 traditionis
2245 1375 2446 1430 crimen
2473 1374 2828 1432 intenderant.
2850 1377 3109 1434 Absoluta
3130 1385 3309 1434 autem
3334 1377 3505 1435 Caeci-

1925 1466 2066 1523 liano
2092 1483 2211 1523 cum
2238 1468 2574 1538 perficienda:
2592 1468 2889 1527 instaretur
2919 1470 3127 1539 unitati,
3148 1470 3499 1543 quzestiOnem

1924 1559 1993 1614 de
2023 1560 2126 1616 isto
2141 1559 2320 1616 Felice
2335 1570 2757 1627 commoverant,
2778 1577 2846 1617 eo
2867 1562 3026 1621 modo
3051 1577 3207 1632 posse
3235 1562 3503 1619 arbitran-

1930 1660 2011 1705 tes
2061 1650 2402 1707 Caecilianum
2451 1650 2564 1721 jam
2615 1662 2897 1724 purgatum
2951 1652 3142 1709 alienis
3192 1653 3504 1709 criminibus

1928 1743 2144 1799 irretiri.
2186 1743 2359 1799 Etiam
2402 1743 2519 1800 haec
2560 1759 2692 1816 ergo
2734 1760 2893 1801 musa
2922 1744 3112 1802 Felicis
3142 1744 3381 1802 discussa
3421 1753 3506 1800 est

1927 1832 2296 1903 proconsulari
2319 1833 2522 1904 judicio
2549 1834 2669 1908 (a);
2695 1835 2784 1890 ubi
2815 1834 3166 1906 liquidissima
3202 1835 3506 1895 innocentia

1928 1922 2121 1980 Felicis
2144 1926 2407 1995 apparuit.
2436 1925 2541 1982 Sed
2565 1927 2815 1997 quoniam
2839 1927 3055 1997 quidam
3083 1924 3351 1997 lugentum
3369 1967 3388 1993 ,
3413 1927 3506 1998 qui

1928 2014 2102 2070 eidem
2140 2015 2341 2085 judicio
2383 2015 2664 2073 adversum
2709 2016 2943 2074 Felicem
2988 2016 3179 2072 falsum
3215 2034 3275 2074 se
3316 2016 3508 2074 fecisse

1927 2105 2201 2163 confessus
2228 2115 2332 2173 est,
2363 2123 2462 2163 nec
2488 2108 2664 2178 puniri
2691 2108 2844 2165 facile
2877 2107 3060 2164 debuit
3084 2108 3175 2163 ubi
3200 2123 3362 2165 causa
3390 2109 3509 2179 epi—

1929 2198 2075 2267 sc0pi
2107 2197 2430 2261 vertebatur,
2460 2212 2562 2254 nec
2600 2198 2755 2253 facile
2790 2213 2821 2252 a
2851 2198 3167 2268 proconsule
3191 2198 3385 2254 dimitti
3409 2214 3508 2269 po-

1930 2289 2027 2344 tuit
2052 2290 2180 2344 tanti
2206 2290 2446 2346 criminis
2471 2306 2616 2357 reus,
2635 2291 2737 2345 nisi
2761 2288 3090 2361 lmperatore
3112 2293 3380 2357 consulto,
3402 2308 3512 2364 quo

1935 2380 2170 2436 instante
2194 2380 2282 2435 illa
2307 2382 2486 2437 omnia
2515 2380 2837 2451 gerebantur
2864 2398 2878 2435 :
2905 2380 3086 2437 retulit
3119 2381 3243 2437 inde
3278 2396 3510 2452 procon-

1928 2474 2043 2539 sul,
2089 2481 2146 2529 et
2187 2473 2465 2543 rescripsit
2504 2473 2814 2543 Imperator,
2859 2480 2917 2528 ut
2953 2471 3021 2528 ad
3059 2471 3175 2543 ejus
3200 2472 3512 2531 comitatum

1928 2565 2070 2622 idem
2116 2564 2385 2635 lngentius
2429 2563 2749 2629 mitteretur,
2782 2562 2966 2619 volens
2991 2562 3223 2633 majores
3249 2562 3471 2621 istorum
3491 2604 3508 2628 ,

1928 2670 1960 2710 a
1979 2654 2175 2725 quibus
2196 2654 2432 2726 quotidie
2459 2653 2916 2724 interpellabatur,
2939 2653 2990 2708 in
3011 2653 3297 2726 presentia
3325 2654 3514 2711 confu-

1932 2748 2065 2812 tari;
2096 2746 2229 2801 nihil
2274 2753 2455 2800 tamen
2500 2745 2749 2801 dubitans
2785 2744 2854 2801 de
2882 2745 3229 2816 purgatione,
3261 2746 3369 2801 imo
3392 2760 3513 2802 eam

1929 2836 2215 2892 verborum
2240 2851 2451 2907 quoque
2473 2850 2693 2892 suorum
2716 2835 3143 2893 manifestatione
3163 2834 3512 2902 conﬁrmans,

1930 2929 2069 2983 sicut
2095 2927 2410 2998 rescriptum
2435 2925 2556 2995 ejus
2577 2926 2830 2983 ostendit.
2854 2927 2980 2982 Ilaec
3008 2941 3111 2984 nos
3139 2927 3318 2983 omnia
3337 2927 3511 2984 docn-

1931 3029 2109 3075 menta
2130 3035 2305 3076 causa:
2331 3018 2524 3075 Felicis
2548 3020 2600 3074 in
2629 3019 2874 3076 manibus
2894 3019 3242 3086 habebamus,
3259 3029 3314 3076 et
3332 3019 3518 3092 dispo-

1929 3125 2209 3165 sueramus
2235 3110 2444 3166 tradere
2471 3109 2761 3167 recitanda.
2784 3103 2841 3165 in
2856 3125 2965 3182 quo
2989 3109 3087 3181 ipsi
3113 3124 3212 3166 nos
3240 3124 3516 3181 praevene-

1931 3208 2076 3267 runt,
2102 3208 2159 3255 et
2182 3200 2397 3257 easdem
2426 3198 2767 3271 Imperatoris
2809 3201 3017 3258 litteras
3055 3201 3124 3257 de
3164 3200 3404 3272 Ingentia
3442 3203 3512 3258 ad

1933 3308 1994 3349 se
2023 3292 2282 3349 mittendo
2307 3292 2517 3363 priores
2537 3292 2872 3364 protulerunt
2889 3309 2905 3359 ;
2922 3299 2978 3349 et
3000 3292 3379 3361 recitaverunt,
3398 3291 3510 3363 jam

1930 3382 2160 3439 fortasse
2183 3383 2338 3440 nobis
2363 3398 2426 3439 ea
2452 3398 2556 3439 non
2580 3384 2906 3448 recitaturis,
2932 3382 3057 3454 quia
3085 3382 3332 3439 sufficere
3362 3392 3519 3455 puta-

1932 3477 2123 3533 bamus
2146 3476 2308 3533 etiam
2336 3491 2553 3532 causam
2583 3475 2852 3532 Caeciliani
2879 3475 2950 3530 ita
2978 3484 3245 3547 peractam
3270 3488 3430 3544 esse,
3457 3484 3518 3530 ut

1933 3568 2066 3624 nihil
2092 3569 2323 3638 amplius
2347 3568 2485 3639 exigi
2512 3567 2804 3625 videretur.
2826 3566 2931 3623 Sed
2957 3566 3280 3623 adversariis
3313 3567 3515 3622 nostris

1932 3658 1986 3714 id
2033 3659 2339 3728 agentibus.
2388 3668 2445 3713 ut
2488 3658 2790 3727 persecutio
2836 3672 2994 3727 quam
3046 3656 3276 3725 majores
3322 3670 3514 3712 eorum

1934 3752 2072 3822 apud
2100 3751 2455 3821 Imperatores
2494 3751 2692 3805 nostris
2721 3746 3010 3818 majoribus
3038 3746 3308 3812 fecerunt,
3337 3754 3394 3803 et
3419 3761 3514 3801 eo-

1933 3857 2051 3899 rum
2080 3842 2361 3896 calumnize
2385 3848 2647 3910 superata:
2668 3838 2985 3893 cumulatius
3008 3845 3361 3907 apparerent;
3384 3836 3512 3906 quid

1936 3933 2265 3998 faceremus,
2309 3930 2411 3985 nisi
2453 3930 2627 3984 oblata
2671 3928 2899 3984 libenter
2930 3929 3206 3998 accipere,
3231 3934 3286 3983 et
3312 3925 3515 3998 gratias

1936 4023 2161 4078 Domino
2188 4022 2240 4077 in
2270 4020 2517 4078 omnibus
2544 4019 2737 4091 agere?
2760 4017 3095 4075 Constantini
3136 4032 3267 4089 ergo
3304 4018 3511 4074 litteras

1934 4114 2035 4185 ipsi
2058 4113 2409 4183 protulerunt,
2434 4110 2533 4182 ipsi
2559 4112 2937 4166 recitaverunt.
2965 4108 3278 4165 Incredibile
3299 4108 3512 4165 videtur

1936 4219 2057 4261 esse
2087 4204 2231 4275 quod
2254 4204 2395 4269 dico,
2420 4203 2515 4258 sed
2540 4212 2687 4273 gesta
2716 4209 3012 4257 testantur:
3044 4201 3361 4272 conscriptae
3388 4212 3515 4258 sunt

1940 4310 2127 4351 eorum
2156 4294 2561 4366 prosecutiones
2581 4334 2597 4361 ,
2629 4303 2876 4348 tenentur
2897 4291 3337 4363 subscriptiones.
3370 4289 3476 4362 Ipsi
3498 4332 3516 4358 ,

1940 4385 2156 4457 inquam
2176 4426 2192 4451 ,
2219 4384 2609 4452 recitaverunt,
2636 4380 3019 4438 Constantinum
3043 4382 3343 4452 scripsisse'
3379 4382 3516 4454 quod

1936 4476 2185 4534 JElianus
2212 4476 2481 4548 proconsul
2519 4478 2575 4531 in
2616 4491 2773 4530 causa
2813 4473 3001 4530 Felicis
3036 4472 3343 4528 audientiam
3378 4488 3513 4544 pra-

1937 4568 2099 4624 buerit
2125 4576 2505 4639 competentem,
2531 4577 2580 4621 et
2603 4564 2739 4638 quod
2762 4583 2795 4619 a
2820 4565 3031 4620 crimine
3054 4563 3341 4620 traditionis
3358 4562 3513 4618 inno-

1937 4668 2129 4714 centem
2167 4656 2393 4713 Felicem
2442 4658 2597 4727 fuisse
2639 4655 2933 4710 constiterit.
2977 4654 3083 4710 Sed
3110 4652 3404 4726 lugentium
3446 4653 3515 4707 ad

1938 4751 2229 4806 comitatum
2277 4766 2427 4804 suum
2483 4757 2746 4819 propterea
2794 4747 2924 4801 mitti
2973 4747 3189 4802 coluisse
3211 4788 3227 4812 ,
3287 4755 3344 4801 ut
3396 4745 3476 4800 his
3500 4785 3517 4810 ,

1940 4840 2145 4911 inquit,
2176 4840 2265 4910 qui
2302 4839 2355 4893 in
2390 4836 2773 4908 prasentiarum
2807 4844 2987 4908 agunt,
3022 4845 3071 4890 et
3108 4834 3363 4891 diuturnis
3407 4835 3519 4887 die-

1940 4930 2033 4985 bus
2076 4930 2398 4999 interpellare
2440 4944 2541 4982 non
2576 4928 2848 4995 desinunt,
2892 4925 3221 4998 prarsentibus
3260 4934 3308 4979 et
3344 4938 3518 4978 coram

1943 5022 2283 5079 assistentibus
2328 5036 2575 5093 apparere
2614 5031 2663 5074 et
2704 5020 2930 5075 intimari
2967 5019 3162 5089 possit,
3205 5017 3394 5088 [rustra
3431 5030 3518 5069 eos

1942 5113 2212 5172 Cmciliano
2232 5113 2474 5168 invidiam
2493 5127 2834 5181 comparasse,
2862 5118 2909 5166 et
2933 5109 3173 5165 adversus
3194 5123 3307 5163 eum
3329 5104 3523 5161 uiolen-

1945 5218 2022 5263 ter
2042 5208 2300 5278 insurgere
2322 5204 2556 5260 voluisse.
2586 5202 2689 5275 Ipsi
2713 5203 3088 5260 recitaverunt.
3115 5198 3245 5270 Quis
3276 5206 3517 5254 nostrum

1946 5300 2049 5358 hoc
2072 5299 2295 5356 auderet
2316 5308 2523 5371 optare,
2554 5306 2614 5354 ut
2637 5312 2772 5369 quos
2799 5295 3048 5366 iniquitas
3075 5292 3275 5350 fecerat
3301 5300 3517 5349 nostros

2013 5543 2032 5576 ι
2067 5547 2215 5592 vetus
2232 5540 2389 5608 codex
2410 5535 2733 5596 Corbeiensls,
2758 5531 3050 5600 muccosis.
3074 5531 3164 5584 Alli
3182 5530 3282 5585 duo
3302 5528 3528 5582 Gallicani

1950 5610 2400 5723 ,’
2413 5656 2761 5720 subscripsisse.

2014 5748 2088 5812 (ιι)
2121 5746 2236 5797 vide
2254 5744 2375 5797 infra
2396 5746 2446 5795 in
2469 5739 2742 5802 Appendiee
