4026 6462
479 345 583 403 θη
979 339 1068 394 Αἰ)
1097 333 1528 393 ΒΟΝΧΤΙΒΤΑΞ
1568 331 1736 388 POST
1775 329 2077 386 COLLATN

2185 329 2275 393 sit,
2316 329 2371 384 S.
2415 326 2782 386 AUGUSTINI
2837 328 3035 385 LIBER
3076 329 3275 389 UNUS.
3659 339 3759 395 eis

484 465 845 524 accusatores,
869 469 965 514 eos
983 456 1180 510 veritas
1207 462 1418 508 nostros
1449 450 1648 505 faceret
1674 446 1985 503 defensores
2009 445 2061 497 ‘?

487 556 576 609 Sic
603 561 658 608 et
698 551 846 608 illum
889 548 1137 613 Balaam,
1177 560 1338 615 quem
1370 543 1698 613 temporibus
1737 539 1970 609 antiquis
1998 537 2066 593 ad

431 700 436 705 _
487 639 910 699 maledicendum
937 639 1029 694 Dei
1052 637 1302 707 populum
1329 634 1584 691 conduxit
1609 633 1877 703 iniquitas,
1904 631 2068 686 bene-

435 713 443 724 .
485 735 666 791 dicere
692 730 949 801 compulit
975 731 1172 784 veritas
1202 727 1388 797 (Num.
1413 725 1591 797 χχιιι).
1722 774 1731 782 .

435 821 454 886 ἕ
555 824 780 882 CAPUT
807 821 1049 879 XXXIII.
1069 821 1244 876 —-56.
1268 820 1415 876 Sicut
1433 827 1609 874 autem
1631 815 1766 873 ordo
1785 815 2065 871 consulum

2177 444 2548 499 adversaretur
2569 443 2740 508 nobis,
2767 444 2818 498 in
2840 460 2942 515 qua
2968 445 3050 500 illi
3063 446 3150 516 qui
3176 461 3243 502 ex
3269 446 3498 505 adverso
3522 451 3753 513 Stabant.

2174 537 2425 592 dixerunt
2443 579 2457 602 ,
2487 537 2854 607 protulerunt,
2885 539 3243 595 recitaverunt
3270 547 3415 596 tanta
3441 557 3538 611 pro
3563 544 3755 600 nobis?

2174 627 2310 694 Quid
2337 643 2516 684 emere
2543 645 2573 683 a
2599 629 2778 699 judice
2803 629 3138 695 deberemus,
3171 631 3380 701 quando
3406 632 3475 687 ab
3501 634 3753 690 adversa-

2175 719 2268 773 riis
2299 719 2384 773 illa
2413 735 2517 774 non
2549 719 2778 775 emimus
2802 761 2818 786 ,
2842 736 2960 790 quae
2981 721 3214 790 judicem
3239 732 3520 793 cogerent,
3547 727 3756 781 etiamsi

2175 812 2242 866 ab
2271 812 2402 882 ipsis
2427 813 2720 883 accepisset
2745 813 3042 884 [ecuniam,
3073 828 3171 885 pro
3199 815 3350 871 nobis
3379 816 3518 873 ferre
3538 827 3758 874 senten-

486 918 752 984 ostendit,
793 931 953 988 quem
1001 923 1126 970 tunc
1167 913 1508 970 considerare
1541 911 1794 980 temporis
1823 909 2066 980 angustia

488 1024 594 1064 non
639 1007 894 1063 sinebat:
928 1019 1100 1076 neque
1141 1004 1285 1060 enim
1328 1011 1524 1074 prmsto
1567 1011 1720 1057 erant
1768 1000 1931 1055 libelli
1979 997 2070 1069 qui

485 1098 796 1155 consulares
823 1105 1101 1163 vocantur,
1132 1105 1223 1150 aut
1247 1096 1524 1167 quisquam
1553 1108 1647 1149 eos
1674 1107 1786 1148 rem
1816 1101 1921 1146 tam
1953 1092 2069 1144 ina-

424 1187 444 1227 Ι
487 1206 610 1246 nem
639 1188 884 1246 crederet
910 1188 1235 1259 objecturos,
1267 1195 1325 1242 ut
1351 1185 1676 1256 respondere
1704 1198 1800 1239 nos
1828 1183 2026 1238 vellent
2050 1224 2065 1248 ,

483 1281 611 1350 quid
639 1281 804 1337 misso
828 1279 1069 1350 Ingentio
1092 1287 1299 1350 gestum
1332 1277 1509 1340 fuerit,
1537 1278 1624 1332 vel
1649 1286 1823 1331 utrum
1851 1275 2069 1329 omnino

484 1372 556 1426 sit
601 1371 799 1427 missus
839 1369 1148 1441 Ingentius,
1203 1385 1325 1425 cum
1375 1377 1430 1424 et
1476 1367 1832 1423 innocentiam
1876 1365 2067 1421 Felicis

489 1461 889 1531 proconsularis
909 1459 1172 1516 sententia
1193 1459 1564 1522 declaraverit,
1596 1466 1650 1513 et
1677 1457 1918 1513 eamdem
1949 1473 2070 1511 sen-

489 1553 708 1608 tentiam
754 1552 1035 1622 responsio
1086 1550 1426 1620 Imperatoris
1466 1549 1534 1602 ab
1581 1549 1710 1619 ipsis
1755 1548 1959 1619 prolata
2016 1555 2071 1600 et

485 1645 709 1700 recitata
736 1643 1027 1698 firmaverit
1054 1658 1067 1694 :
1093 1651 1147 1697 et
1177 1641 1346 1712 magis
1371 1641 1550 1710 utique
1577 1639 1674 1709 ipsi
1703 1639 2067 1708 protulisscnt,

485 1738 531 1792 si
572 1736 699 1807 quid
739 1736 904 1791 misso
929 1735 1166 1805 Ingentio
1198 1749 1292 1804 pro
1318 1748 1375 1788 se
1403 1742 1608 1804 gestum
1648 1731 1809 1787 fuisse
1832 1731 2069 1786 confide-

484 1835 608 1880 rent
628 1843 644 1882 :
663 1826 800 1882 sicut
840 1840 969 1896 ergo
993 1825 1272 1881 consulum
1315 1824 1449 1879 ordo
1475 1824 1728 1888 declarat,
1757 1823 1930 1892 primo
1953 1820 2072 1877 Cae-

483 1917 708 1972 cilianus
735 1916 1019 1987 episcopali
1037 1915 1238 1986 judicio
1257 1913 1562 1969 Mclcbiadis
1578 1921 1660 1968 est
1685 1913 1954 1968 absolutus
1971 1913 2070 1982 (a),

488 2008 683 2063 deinde
744 2022 850 2062 non
897 2015 1018 2078 post
1070 2007 1285 2076 longum
1327 2016 1537 2073 tempus
1575 2002 1820 2058 Felicem
1849 2017 2075 2073 procon-

485 2098 648 2152 sulari
690 2097 892 2167 judicio
933 2095 1174 2152 constitit
1222 2096 1600 2159 innocentem,
1655 2109 1718 2148 ac
1765 2093 1843 2148 sic
1892 2099 2072 2162 postea

487 2189 807 2245 Caecilianus
836 2188 997 2244 etiam
1027 2187 1095 2242 ab
1124 2187 1452 2256 Imperatore
1491 2187 1630 2241 inter
1667 2193 1846 2255 partes
1873 2185 2072 2256 cogno-

485 2288 672 2336 scente
701 2289 956 2350 purgatus
990 2287 1074 2335 est
1101 2297 1114 2334 :
1139 2279 1334 2360 deinde
1378 2289 1498 2348 post
1525 2287 1754 2349 quatuor
1780 2293 1950 2333 annos
1975 2278 2074 2332 ad-

485 2369 711 2426 versarii
759 2369 876 2440 ejus
930 2369 1279 2440 ignominiosa
1329 2370 1416 2425 illa
1473 2369 1798 2440 indulgentia
1849 2370 2072 2425 relaxati

485 2471 627 2516 sunt.
675 2459 808 2517 Nam
846 2459 1166 2516 Melchiades
1204 2459 1459 2529 judicavit
1499 2459 1852 2515 Constantino
1897 2469 1979 2514 ter
2014 2468 2069 2515 et

484 2553 691 2609 Licinio
737 2553 930 2608 iterum
983 2552 1290 2608 consulibus
1321 2593 1334 2617 ,
1384 2559 1536 2606 sexto
1583 2566 1752 2606 nonas
1800 2550 2068 2606 octobres.

487 2645 734 2702 Elianus
764 2645 1048 2716 proconsul
1071 2659 1286 2700 causam
1315 2643 1506 2698 Felicis
1531 2643 1750 2710 audivit,
1781 2643 2072 2699 Volusiano

487 2746 544 2793 et
565 2738 812 2794 Anniane
839 2736 1173 2804 consulibus,
1204 2737 1393 2806 quinto
1416 2735 1626 2792 decimo
1654 2735 1905 2791 calendas
1934 2751 2075 2791 mar-

489 2829 612 2895 tias,
645 2828 698 2884 id
727 2836 830 2896 est,
853 2836 976 2900 post
995 2842 1211 2883 menses
1233 2826 1399 2882 ferme
1417 2836 1667 2897 quatuor.
1693 2826 2074 2882 Constantinus

484 2919 555 2974 ad
587 2918 885 2974 Eumalium
917 2918 1173 2974 vicarium
1205 2917 1273 2973 de
1303 2917 1616 2988 purgatione
1646 2918 1911 2973 Caeciliani
1939 2920 2074 2973 scri-

489 3010 596 3080 psit
625 3009 733 3080 (b),
779 3008 980 3069 Sabino
1003 3016 1060 3064 et
1083 3007 1298 3085 Ruffino
1336 3008 1642 3064 consulibus
1665 3049 1681 3076 ,
1722 3018 1912 3078 quarto
1952 3010 2072 3065 idus

490 3099 842 3165 novembres,
889 3098 943 3154 id
986 3107 1103 3165 est,
1134 3107 1256 3168 post
1287 3098 1558 3154 biennium
1590 3105 1644 3152 et
1671 3113 1883 3152 menses
1908 3114 2077 3169 prope

491 3198 632 3245 octo.
664 3189 729 3246 Et
760 3189 902 3245 idem
943 3188 1235 3259 imperator
1280 3188 1346 3243 ad
1377 3188 1645 3244 Valerium
1687 3188 1939 3244 vicarium
1961 3191 1982 3221 ³
2010 3190 2079 3245 de

490 3284 702 3339 illorum
741 3283 930 3338 exsilio
958 3283 1167 3348 soluto,
1217 3293 1272 3336 et
1311 3296 1496 3336 eorum
1536 3280 1714 3336 furore
1744 3282 1853 3336 Deo
1881 3281 2078 3337 vindici

492 3374 844 3442 dimittendo,
897 3374 1104 3429 litteras
1155 3373 1340 3440 dedit,
1387 3371 1578 3442 Crispo
1629 3380 1684 3428 et
1730 3372 2079 3427 Constantino

492 3472 685 3527 iterum
715 3470 1026 3528 consulibus
1049 3512 1065 3538 ,
1108 3471 1264 3525 tertio
1293 3483 1463 3524 nonas
1491 3469 1658 3523 maias
1679 3511 1694 3535 ,
1741 3467 1794 3523 id
1827 3476 1928 3533 est,
1959 3476 2082 3537 post

492 3573 740 3633 quartum
784 3577 1014 3626 annum,
1047 3570 1102 3617 et
1143 3575 1389 3617 mensem
1433 3559 1602 3616 ferme
1645 3569 1876 3614 sextum.
1931 3558 2082 3615 Unde

493 3655 611 3708 sine
636 3652 760 3708 ullis
785 3652 1099 3720 ambagibus
1129 3650 1481 3722 liquidissime
1510 3659 1742 3715 constat,
1773 3650 1885 3704 sive
1915 3649 2081 3703 misso

495 3742 561 3796 ad
580 3743 902 3797 comitatum
937 3727 1177 3811 Ingentio
1198 3782 1213 3808 ,
1247 3741 1364 3795 sive
1394 3754 1500 3794 non
1528 3741 1712 3805 misso,
1741 3739 1868 3794 nihil
1896 3748 2080 3808 postea

496 3844 680 3889 contra
711 3833 1052 3889 Caecilianum
1075 3833 1240 3887 fuisse
1257 3831 1572 3902 judicatum,
1601 3831 1709 3885 imo
1728 3846 1848 3885 eum
1870 3830 2083 3901 judiciis

497 3941 709 3996 quoque
737 3924 1100 3996 imperialibus
1128 3924 1385 3978 victorem
1422 3921 1848 3976 adversariorum
1879 3929 1934 3977 et
1959 3935 2082 3990 per-

498 4024 805 4070 seeutorum
836 4030 1054 4070 suorum
1082 4022 1266 4084 postea
1295 3996 1668 4069 declaratumf

566 4107 792 4164 CAPUT
821 4106 1140 4163 XXXIV.—
1154 4106 1244 4160 57.
1270 4105 1525 4159 Eatnunc
1551 4117 1673 4173 pars
1696 4102 1904 4168 Donati,
1927 4101 2084 4157 toties

501 4199 794 4268 improbata
813 4240 830 4265 ,
865 4199 1024 4254 toties
1053 4196 1380 4254 calumniosa
1401 4236 1417 4263 ,
1453 4195 1610 4250 toties
1635 4193 1894 4258 mendax,
1927 4192 2085 4247 toties

501 4291 794 4354 confutata,
827 4291 988 4346 toties
1029 4289 1204 4345 modis
1228 4289 1475 4344 omnibus
1499 4297 1744 4357 superata
1771 4295 1930 4356 atque
1956 4300 2086 4340 con-

506 4384 622 4437 fusa
643 4381 852 4438 :adhuc
875 4383 1041 4452 jactet
1060 4381 1294 4451 jndicem
1323 4395 1354 4434 a
1384 4380 1537 4434 nobis
1563 4379 1726 4435 fuisse
1743 4389 2082 4448 corruptum;

505 4475 657 4546 quasi
687 4489 788 4529 vox
826 4473 930 4528 alia
956 4473 1112 4528 victis
1141 4487 1262 4528 esse
1287 4472 1646 4528 consueverit.
1674 4473 1899 4527 Prorsus
1922 4471 2088 4542 judex

505 4564 930 4636 corrumpendus
959 4562 1090 4628 fuit,
1123 4572 1180 4619 ut
1207 4562 1348 4633 quod
1379 4563 1477 4632 ipsi
1507 4563 1643 4618 bene
1669 4570 1913 4633 egerant,
1947 4561 2098 4617 illius:

503 4657 799 4712 inflrmaret
823 4656 1130 4711 auctoritas.
1159 4655 1264 4712 Sed
1290 4669 1392 4710 nec
1419 4654 1559 4710 male
1585 4655 1704 4710 illos
1732 4654 1906 4724 egisse
1933 4654 2088 4710 dixe-

505 4747 782 4806 rim:imo
834 4761 963 4804 vero
1021 4746 1222 4818 optime
1269 4755 1530 4817 egerunt,
1581 4746 1669 4816 qui
1725 4753 1912 4800 contra
1961 4758 2087 4799 suos

505 4853 718 4895 errores
760 4852 860 4910 pro
901 4837 1126 4893 veritate
1174 4845 1320 4892 tanta
1363 4837 1628 4892 dixerunt.
1670 4835 1800 4890 Nam
1841 4835 1886 4890 si
1928 4849 2088 4890 causa

506 4945 692 4987 eorum
715 4929 1134 4995 consideretur,
1177 4943 1365 4984 revera
1407 4937 1593 4984 contra
1626 4929 1810 4998 ipsos:
1835 4926 1879 4980 si
1910 4936 2086 4980 autem

511 5021 910 5090 prosecutiones
930 5034 1116 5076 eorum
1142 5018 1404 5089 legantur,
1433 5018 1601 5088 magis
1621 5015 1912 5072 secundum
1944 5015 2090 5085 ipsos

503 5109 780 5182 judicavit.
830 5110 912 5164 An
943 5123 1074 5165 vero
1114 5108 1166 5163 in
1195 5122 1256 5163 ea
1297 5122 1457 5164 causa
1495 5107 1586 5163 ille
1623 5108 1712 5178 qui
1740 5106 1946 5160 medius
1975 5114 2089 5160 erat

572 5223 590 5256 ι
623 5223 696 5296 sic
715 5229 823 5273 Mss.
851 5229 906 5273 Αι
928 5222 1064 5296 editi,
1087 5228 1158 5296 ut_
1175 5234 1290 5296 quos
1571 5221 1753 5296 fecerat
1787 5225 1966 5270 nostros
2002 5217 2091 5270 im-

571 5291 810 5346 gnatores,
834 5283 1036 5348 aequitas
1055 5283 1240 5334 nostros
1255 5284 1433 5346 faceret
1456 5283 1747 5346 defensores.

571 5347 592 5418 ξ
624 5351 694 5418 Ita
713 5345 831 5418 editi
854 5358 1027 5418 omnes
1045 5345 1398 5418 hoc.loeo,__ne_c
1417 5343 1569 5418 aliter
1595 5344 1964 5418 antiquissimus.
1978 5349 2090 5418 Cor-

507 5407 727 5457 beiensis
748 5413 828 5455 his.
855 5414 910 5456 Al.
933 5408 1184 5457 Beecensis
1203 5413 1254 5456 et
1268 5403 1582 5455 'Michaelinus
1603 5403 1782 5464 ferunt,
1795 5404 1860 5454 ad
1879 5403 2093 5454 Valeria-

507 5480 624 5517 nunt
644 5465 896 5518 vicarium.
921 5476 1054 5517 Hunc
1074 5468 1230 5528 ipsum
1250 5475 1479 5528 veriuum
1496 5464 1709 5528 appellat
1723 5477 1892 5528 supra,
1918 5480 1967 5514 n.
1999 5465 2088 5528 54;

510 5535 562 5578 et
585 5529 634 5577 in
657 5528 908 5578 Breviculo
920 5526 1210 5587 Collationis,
1229 5527 1312 5578 die
1328 5526 1588 5588 tertia,tiu.
1609 5526 1686 5586 ιο,
1707 5526 1863 5586 θέει
1883 5529 1931 5575 in
1946 5527 2087 5588 epist.

517 5589 743 5650 Humi).
765 5591 837 5640 sic
859 5591 1078 5639 etiamin
1117 5588 1278 5640 Indice
1299 5587 1569 5640 (inﬂationis
1611 5595 1825 5649 vocatur,
1859 5587 1989 5650 part.
2028 5587 2086 5649 5,

511 5649 1176 5830 "itidems-

595 5769 645 5832 ὁ)
677 5777 844 5821 contra
863 5769 1182 5835 (resooninm,
1202 5771 1286 5824 lib.
1305 5773 1358 5835 ‘5,
1380 5786 1426 5823 n.
1450 5773 1530 5822 82.

2179 903 2339 957 tiam?
2366 903 2676 974 Quanquam
2703 904 2748 958 si
2778 919 2883 960 non
2917 921 3038 961 eum
3066 921 3345 963 nossemus
3376 909 3544 964 Deum
3569 910 3758 966 timene

2177 1003 2308 1059 tem,
2338 1005 2388 1050 et
2414 995 2634 1064 justitiae
2660 995 2994 1063 dilectorem,
3017 1006 3073 1052 et
3091 998 3159 1053 ab
3180 1001 3428 1055 omnibus
3454 1001 3758 1071 hujusmodi

2177 1085 2426 1141 sordibus
2454 1086 2723 1153 alienum,
2769 1103 2868 1144 nos
2906 1088 2961 1142 in
3004 1089 3151 1144 illum
3197 1090 3357 1146 talem
3401 1093 3757 1162 suspicionem

2177 1178 2409 1248 dirigere
2447 1178 2800 1247 deberemus;
2843 1181 2934 1251 qui
2977 1182 3138 1236 nimia
3177 1183 3430 1252 patientia
3453 1225 3468 1251 ,
3514 1199 3637 1239 cum
3667 1201 3757 1239 eos

2176 1272 2380 1328 videret
2403 1273 2572 1343 premi
2601 1275 2841 1341 veritate,
2872 1289 2972 1330 nec
2999 1275 3078 1330 eis
3106 1275 3275 1332 videri
3299 1277 3454 1331 vellet
3479 1277 3750 1342 adversus,

2178 1365 2400 1421 nimium
2441 1367 2707 1436 patienter
2749 1367 2964 1437 pertulit
3006 1367 3250 1422 homines
3299 1382 3395 1438 per
3437 1369 3613 1423 inania
3663 1387 3753 1423 va-

2175 1467 2383 1529 gantes,
2411 1467 2465 1513 et
2490 1467 2595 1513 tam
2622 1458 2788 1513 multa
2817 1460 3081 1528 superﬂua
3108 1458 3367 1524 dicentes,
3391 1469 3446 1514 ct
3473 1460 3539 1514 ad
3567 1460 3751 1516 eadem
3775 1459 3778 1462 ’

2180 1550 2338 1605 toties
2362 1551 2601 1606 convicta
2623 1551 2938 1616 redeuntes;
2968 1561 3026 1606 ut
3047 1561 3194 1622 gesta
3223 1552 3382 1608 tantis
3403 1553 3761 1609 voluminibus

2179 1651 2399 1698 onerata
2427 1658 2564 1713 pene
2588 1658 2775 1698 omnes
2804 1645 3006 1715 pigeret
3035 1644 3301 1710 evolvere,
3333 1653 3385 1699 et
3411 1644 3761 1716 quemadmo-

2178 1736 2304 1790 dum
2351 1745 2468 1790 acta
2512 1750 2669 1790 causa
2717 1737 2785 1791 sit
2827 1735 3052 1807 legendo
3099 1751 3464 1806 cognoscere:
3496 1737 3638 1807 quod
3686 1738 3758 1793 illi

2179 1837 2358 1882 utrum
2389 1827 2557 1897 magis
2584 1827 2760 1896 inopia
2785 1827 3022 1882 veritatis
3040 1869 3054 1895 ,
3080 1842 3147 1881 an
3177 1826 3432 1881 industria
3461 1827 3763 1882 calliditatis

2179 1918 2405 1989 egerint,
2434 1918 2633 1973 nescio.
2663 1918 2797 1973 Hinc
2818 1927 2992 1974 tamen
3015 1918 3187 1974 solum
3216 1933 3431 1974 causam
3459 1927 3566 1972 tam
3592 1920 3760 1991 pessi-

2180 2024 2321 2064 mam
2352 2016 2636 2079 utcumque
2662 2009 2915 2078 adjuvare
2943 2017 3252 2080 potuerunt,
3283 2024 3440 2080 quam
3467 2010 3646 2080 potius
3674 2009 3763 2063 dc-

2181 2115 2366 2156 serere
2407 2099 2728 2156 debuerunt.
2774 2101 3010 2170 Denique
3037 2101 3081 2155 si
3119 2101 3174 2155 in
3217 2100 3334 2156 illos
3374 2101 3464 2171 qui
3506 2111 3759 2171 egerunt,

2182 2190 2461 2245 intendant
2481 2190 2661 2245 caeteri
2678 2190 3090 2256 accusationem,
3109 2206 3307 2261 eosque
3325 2191 3504 2262 petius
3523 2197 3764 2246 asserant

2182 2297 2211 2334 a
2241 2281 2396 2336 nobis
2435 2281 2598 2336 fuisse
2625 2289 2906 2352 corruptos
2925 2323 2939 2348 ,
2977 2290 3036 2336 ut
3062 2290 3139 2337 tot
3169 2281 3651 2352 prosecutionibus,
3681 2283 3764 2337 vel

2182 2387 2212 2425 a
2243 2386 2302 2428 se
2329 2371 2549 2442 prolatis
2591 2373 2906 2428 lectionibus
2951 2373 3028 2428 sic
3068 2372 3382 2442 adjuvarent
3420 2387 3638 2426 causam
3667 2388 3761 2426 no-

2181 2472 2346 2518 stram
2367 2504 2380 2527 ,
2427 2463 2506 2518 sic
2553 2463 2876 2532 perimerent
2905 2477 3086 2529 suam;
3115 2463 3296 2518 nescio
3315 2462 3763 2532 quemadmodum

2181 2569 2240 2608 se
2269 2552 2472 2623 possint
2514 2552 2804 2608 defendere
2823 2595 2837 2618 ,
2867 2562 2921 2608 et
2951 2553 3020 2607 ab
3049 2554 3146 2607 ista
3174 2553 3477 2623 suspicione
3507 2568 3760 2623 purgare.

2181 2644 2283 2699 nisi
2319 2643 2454 2699 forte
2493 2644 2710 2709 dicant,
2751 2644 2805 2700 Si
2833 2646 3070 2714 corrupti
3094 2659 3334 2700 essemus
3357 2685 3372 2711 ,
3412 2659 3632 2699 causam
3662 2656 3765 2700 tam

2183 2735 2398 2802 malam,
2430 2743 2485 2790 et
2511 2747 2607 2805 per
2643 2749 2740 2789 nos
2763 2743 2816 2789 et
2843 2750 2938 2805 per
2965 2735 3086 2789 illos
3125 2735 3444 2801 convictam,
3473 2735 3582 2789 cito
3609 2735 3766 2790 etiam

2186 2827 2463 2884 [iniremus
2491 2845 2504 2880 :
2533 2843 2678 2883 nunc
2702 2842 2830 2882 vero
2865 2827 2950 2882 vel
2987 2827 3110 2882 inde
3142 2826 3345 2883 credite
3369 2841 3468 2881 nos
3495 2842 3563 2882 ex
3590 2827 3768 2881 animo

2181 2917 2423 2975 adfuisse
2443 2961 2458 2985 ,
2491 2927 2545 2974 et
2569 2918 2768 2990 aliquid
2797 2917 3052 2988 prodesse
3075 2917 3339 2985 voluisse,
3371 2917 3512 2987 quod
3543 2919 3764 2972 multum

2184 3011 2452 3084 loquendo
2481 3012 2706 3082 egimus,
2737 3025 2804 3065 ne
2829 3009 2971 3081 quod
2996 3017 3174 3064 actum
3198 3018 3281 3065 est
3306 3008 3455 3063 facile
3480 3008 3762 3078 legeretur,

2183 3112 2238 3159 et
2267 3119 2364 3159 nos
2389 3119 2509 3158 esse
2545 3103 2716 3158 victos
2753 3103 2860 3157 cito
2903 3109 3333 3172 cognosceretur.
3368 3099 3425 3156 Si
3459 3099 3562 3154 ltoc
3596 3099 3664 3154 ab
3691 3101 3766 3154 eis

2185 3210 2290 3250 non
2332 3196 2517 3263 fieret,
2563 3211 2663 3250 nec
2703 3195 2832 3266 ipsis
2853 3235 2868 3262 ,
2901 3209 3001 3250 nec
3027 3193 3180 3248 nobis
3204 3193 3514 3264 jurantibus
3545 3191 3768 3247 forsitan

2185 3286 2523 3351 crederetur,
2570 3285 2660 3340 illa
2705 3301 2825 3356 qua:
2873 3300 2968 3356 pro
3009 3285 3164 3340 nobis
3197 3295 3383 3342 contra
3422 3299 3520 3349 se,
3567 3292 3622 3338 et
3666 3292 3768 3337 tam

2185 3379 2352 3434 multa
2392 3379 2662 3443 dixerunt,
2709 3387 2763 3432 et
2810 3386 2918 3432 tam
2964 3377 3131 3431 multa
3176 3376 3443 3446 legerunt,
3473 3375 3640 3445 gratis
3677 3388 3770 3428 eos

2187 3468 2341 3523 nobis
2380 3467 2559 3522 omnia
2589 3465 2922 3537 praestitisse.
2967 3465 3078 3520 Nec
3105 3475 3279 3520 tamen
3329 3465 3480 3535 ipsis,
3522 3464 3617 3519 sed
3664 3465 3771 3517 Deo

2190 3559 2364 3628 potius
2403 3559 2527 3612 hinc
2565 3558 2772 3627 agimus
2800 3556 3017 3626 gratias.
3059 3555 3131 3611 Ut
3157 3555 3297 3610 enim
3337 3553 3424 3610 illa
3465 3554 3643 3609 omnia
3686 3553 3768 3607 vel

2189 3651 2455 3722 loquendo
2495 3652 2576 3705 vel
2625 3650 2848 3720 legendo
2893 3665 2990 3719 pro
3033 3663 3191 3703 causa
3233 3631 3414 3703 nostra
3464 3655 3768 3717 promerent

2189 3754 2347 3814 atque
2378 3743 2735 3813 propalarent,
2784 3742 2984 3797 veritas
3029 3755 3124 3796 eos
3167 3741 3339 3808 torsit,
3388 3755 3496 3795 non
3540 3739 3768 3794 cliaritas

2189 3833 2451 3888 invitavit.

2261 3923 2486 3979 CAPUT
2536 3922 2754 3978 XXXV.
2785 3921 2974 3979 ~58.
3026 3921 3392 3992 Quapropter,
3446 3919 3672 3984 fratres;
3728 3919 3769 3974 si

2194 4026 2370 4070 tamen
2398 4031 2504 4068 non
2537 4015 2823 4070 irascimini
2849 4013 2970 4084 quia
2996 4011 3190 4068 fratres
3217 4025 3470 4067 vocamus
3494 4029 3508 4066 ;
3532 4011 3610 4065 illi
3635 4010 3769 4065 enim

2191 4123 2312 4161 cum
2344 4107 2447 4161 hoc
2476 4121 2504 4160 a
2537 4105 2690 4160 nobis
2713 4105 3000 4172 audirent,
3045 4104 3289 4174 injuriam
3332 4103 3433 4159 sibi
3476 4101 3595 4158 fieri
3640 4101 3770 4172 apud

2192 4210 2308 4256 acta
2339 4201 2588 4256 dixerunt
2610 4218 2623 4254 :
2645 4213 2744 4255 nec
2767 4198 3016 4254 mandato
3041 4206 3226 4253 nostro
3245 4197 3524 4260 admoniti,
3558 4197 3650 4252 ubi
3676 4195 3772 4250 hoc

2193 4307 2258 4347 ex
2279 4292 2536 4363 propheta
2561 4291 2920 4347 testimonium
2949 4290 3177 4360 positum
3200 4299 3302 4356 est,
3326 4287 3566 4344 recolere
3592 4297 3773 4358 potue-

2194 4391 2322 4436 runt
2359 4382 2529 4437 Deum
2570 4381 2926 4452 praecepisse:
2954 4379 3146 4445 Dicite,
3189 4377 3398 4432 Fratres
3433 4379 3596 4431 nostri
3623 4379 3771 4441 estis,

2194 4474 2271 4528 Itis
2299 4475 2385 4546 qui
2421 4490 2507 4528 vos
2552 4473 2764 4527 oderunt
2804 4481 2851 4526 et
2879 4471 2965 4541 qui
3007 4487 3092 4524 vos
3119 4471 3464 4534 detestantur;
3511 4478 3570 4522 ut
3600 4485 3774 4523 nomen

2197 4566 2402 4620 Domini
2429 4565 2790 4634 hortoriﬁcetur
2811 4605 2824 4630 ,
2866 4573 2913 4619 et
2941 4572 3186 4634 appareat
3212 4563 3315 4616 illis
3341 4563 3394 4615 in
3417 4562 3771 4634 jucunditate,

2195 4659 2293 4728 ipsi
2315 4667 2484 4712 autem
2513 4657 2804 4711 erubescant
2837 4655 2987 4729 (Isai.
3029 4671 3171 4722 vat,
3217 4655 3270 4721 5,
3293 4669 3392 4708 sec.
3423 4653 3616 4724 LXX).
3641 4655 3774 4723 Ergo

2192 4751 2323 4821 jam,
2356 4749 2568 4814 fratres,
2600 4757 2854 4820 appareat
2877 4749 3028 4804 vobis
3056 4763 3250 4803 nomen
3272 4748 3480 4802 Domini
3509 4749 3564 4801 in
3591 4748 3779 4817 jucun-

2195 4835 2381 4906 ditate,
2409 4841 2548 4912 quod
2569 4855 2732 4912 super
2752 4856 2849 4896 nos
2871 4839 3171 4894 invocatum
3200 4846 3302 4904 est,
3329 4845 3382 4892 et
3401 4837 3554 4907 cujus
3577 4838 3780 4906 utrique

2197 4935 2540 4989 Sacramenta
2563 4941 2856 5004 portantes,
2879 4949 2987 4987 non
3009 4931 3277 4987 immerito
3298 4929 3524 4985 dicimur
3554 4929 3776 4984 fratres:

2193 5027 2302 5098 jam
2335 5042 2518 5096 pacem
2565 5033 2738 5080 amate
2763 5067 2780 5092 ,
2819 5023 3254 5080 consuetudinem
3283 5022 3704 5088 calumniosam,
3730 5029 3780 5075 et
3837 5011 3846 5057 ἕ

2198 5118 2540 5188 litigiosam’,
2565 5116 2674 5187 jam
2716 5117 2902 5173 saltem
2945 5116 3239 5171 convictam
3282 5114 3669 5185 eonfusamque
3700 5128 3780 5168 reo

2199 5208 2458 5278 linquite:
2485 5223 2582 5262 nec
2627 5208 2772 5276 ipsos
2812 5207 3032 5261 oderitis
3060 5203 3284 5278 "quando
3323 5205 3390 5260 ad
3433 5220 3532 5260 nos
3557 5203 3776 5261 correcti

2199 5307 2491 5364 transeunt,
2525 5297 2619 5353 sed
2640 5297 2852 5369 quando
2878 5298 2930 5352 in
2957 5314 3142 5354 errore
3169 5296 3377 5353 nefario
3403 5307 3775 5368 permanentes

2200 5406 2292 5445 vos
2319 5390 2494 5446 adhuc
2522 5405 2692 5460 usque
2736 5390 3016 5445 seducunt.
3058 5389 3167 5444 Nec
3211 5388 3312 5444 sibi
3352 5389 3454 5459 ipsi
3497 5389 3674 5457 magni
3701 5386 3777 5440 vi-

2199 5481 2457 5548 deantur,
2509 5481 2652 5551 quod
2701 5481 2781 5536 eis
2828 5480 3086 5535 honorem
3138 5480 3192 5534 in
3241 5479 3442 5534 unitate
3493 5477 3776 5534 deferimus

2201 5590 2357 5644 quem
2383 5573 2691 5645 possideant
2711 5572 2973 5628 liberandi
2993 5589 3007 5626 :
3027 5572 3170 5628 hunc
3192 5572 3334 5627 enim
3360 5570 3619 5626 habentes
3635 5579 3774 5624 extra

2267 5710 2282 5738 ⁸
2319 5707 2570 5757 Beocensis
2593 5715 2697 5766 Ms.,
2714 5706 3103 5757 consuetudinem
3124 5711 3172 5768 et
3182 5703 3449 5768 litigiosam
3470 5701 3767 5768 saluandam

2205 5769 2289 5817 alii
2315 5782 2434 5820 vero
2457 5777 2584 5833 Mss.,
2609 5763 3021 5834 consuetudinem,
3053 5776 3097 5821 et
3120 5763 3390 5832 litigiosam,
3419 5763 3764 5818 calwnniosam-
