4026 6484
292 456 392 511 689

288 572 546 623 unitatem
593 570 756 637 magis
793 578 915 622 sunt
955 568 1078 622 inde
1116 567 1419 622 damnandi.
1460 566 1619 637 Signa
1660 566 1853 637 quippe

290 663 537 717 militaria
592 661 941 731 perniciosius
993 662 1061 715 ab
1114 659 1511 729 usurpator-ibus
1560 658 1851 723 habentur,

285 768 443 821 quam
477 751 521 804 si
546 752 769 804 omnino
799 765 905 804 non
934 750 1273 813 haberentur,
1302 765 1400 803 nec
1428 759 1600 801 tamen
1631 748 1707 801 eis
1733 762 1854 799 eor-

288 843 448 895 rectis
474 852 527 896 ct
554 842 604 894 in
633 850 803 896 castra
832 840 1167 910 imperatoris
1191 839 1418 893 redactis
1440 840 1522 892 illa
1547 837 1857 907 franguntur

284 942 375 983 aut
420 930 729 993 abolentur;
776 929 869 984 sed
909 944 1002 983 eos
1041 944 1173 998 quos
1198 938 1349 983 antea
1376 928 1673 997 prodebant
1698 936 1855 995 atque

285 1020 608 1090 puniebant,
657 1020 765 1089 jam
811 1035 1004 1075 ornare
1049 1020 1303 1089 incipiunt
1348 1027 1403 1074 et
1439 1018 1669 1073 munire.
1715 1016 1854 1086 Quid

284 1112 459 1165 adhuc
500 1111 772 1166 attenditis
802 1111 868 1165 ad
899 1126 1082 1166 eorum
1123 1111 1334 1165 insanas
1370 1110 1613 1179 querelas
1641 1117 1694 1163 et
1718 1123 1854 1162 vana

284 1202 599 1257 memiacia?
620 1201 789 1256 Nocte
810 1217 965 1256 causa
994 1202 1139 1256 finita
1166 1210 1268 1266 est,
1296 1200 1387 1255 sed
1414 1208 1470 1254 ut
1493 1214 1593 1253 nox
1617 1199 1856 1253 finiretur

281 1291 502 1345 erroris.
530 1290 694 1345 Nocte
720 1290 858 1343 dicta
886 1291 1146 1346 sententia
1168 1299 1269 1354 est,
1299 1289 1393 1345 sed
1422 1289 1628 1356 fulgens
1653 1288 1853 1342 lumine

280 1381 545 1435 veritatis.
573 1381 807 1435 lnclusos
832 1395 889 1435 se
920 1390 1164 1451 tanquam
1203 1382 1253 1435 in
1288 1390 1506 1435 'carcere
1532 1380 1695 1434 fuisse
1720 1393 1852 1434 con-

280 1472 455 1540 questi
484 1472 743 1526 sunt:ibi
784 1482 838 1526 et
867 1487 967 1527 nos
1004 1488 1251 1539 eramus;
1303 1482 1391 1526 aut
1435 1473 1673 1543 utrisque
1716 1472 1852 1526 facta

278 1572 359 1615 est
389 1562 607 1631 injuria,
638 1571 729 1616 aut
758 1563 993 1633 utrisque
1017 1563 1250 1618 adhibita
1278 1563 1565 1633 diligentia.
1595 1563 1696 1619 Sed
1722 1577 1854 1633 quo-

278 1653 439 1707 modo
466 1653 703 1707 dicamus
747 1653 990 1723 iniuriam
1014 1694 1027 1717 ,
1074 1654 1283 1723 quando
1309 1655 1361 1709 in
1402 1666 1505 1708 tam
1542 1656 1775 1723 spatioso
1799 1663 1852 1707 et

208 1816 211 1817 ν
278 1744 452 1799 lucido
479 1752 533 1798 et
558 1745 883 1814 refrigeranti
915 1745 1033 1800 loco
1066 1760 1163 1800 nos
1189 1744 1350 1800 fuisse
1381 1744 1709 1799 recolimus?
1736 1744 1851 1797 Aut

274 1835 545 1903 quomodo
584 1846 697 1889 erat
725 1850 938 1901 carcer,
984 1836 1070 1888 uhi
1111 1844 1225 1891 erat
1263 1845 1311 1889 et
1349 1834 1549 1904 judex?
1574 1835 1851 1889 Postremo

274 1925 488 1979 clausos
518 1924 679 1979 fuisse
710 1940 807 1979 nos
850 1926 1234 1988 nesciebamus,
1265 1927 1352 1995 qui
1382 1926 1537 1980 simul
1565 1926 1703 1978 intus
1728 1940 1849 1979 era-

274 2030 390 2068 mus
417 2031 430 2068 :
456 2015 553 2083 ipsi
583 2014 721 2070 unde
744 2016 952 2083 sciunt,
996 2016 1093 2070 nisi
1134 2016 1255 2085 quia
1285 2015 1466 2085 fugere
1502 2016 1727 2069 fortasse
1752 2029 1848 2069 vo-

272 2105 506 2160 luerunt.
559 2106 661 2161 Sed
711 2107 828 2176 quis
874 2122 978 2161 non
1030 2107 1205 2162 videat
1252 2106 1391 2176 quod
1442 2108 1541 2161 ista
1589 2107 1765 2161 inania
1794 2114 1849 2160 et

870 2250 1133 2259 Μ

1136 2250 1524 2257 —————.—_———

319 2252 339 2257 μ
426 2250 571 2261 ...ψη
652 2251 849 2260 ...ν-...-

281 2250 849 2301 ωλι-Ξ

740 455 799 510 S.
841 452 1200 510 AUGUSTINI
1240 449 1538 507 EPISCOPI
1578 449 1809 506 SERMO
1846 452 1936 505 AD
1973 449 2459 506 C/ESAREENSIS
2498 450 2843 506 ECCLESIIE
2885 451 3174 543 PLEB'EM.

1766 2249 1979 2256 ,Μ

3426 454 3534 511 680

1966 565 2182 620 ridenda
2213 568 2386 635 potius
2410 582 2566 637 quam
2597 568 2883 623 refellenda
2904 568 2971 623 de
2996 570 3083 623 tali
3108 568 3395 641 Coguitore
3422 588 3529 627 non

1962 656 2233 721 dicerent,
2277 657 2320 710 si
2356 672 2450 725 pro
2479 672 2570 712 sua
2601 673 2759 712 causa
2802 670 3022 729 possent
3060 661 3290 715 validum
3336 663 3531 733 aliquid

1961 746 2199 801 invenire
2221 745 2361 815 quod
2383 745 2655 801 dicerent?
2680 747 2887 801 Scimus
2910 764 3067 817 quam
3094 750 3247 803 multi
3277 762 3529 806 vestrum.-

1960 847 2014 891 et
2038 837 2175 893 forte
2201 852 2388 892 omnes
2414 849 2503 891 aut
2534 854 2664 907 pene
2694 853 2911 899 omnes.
2939 840 3115 895 dicere
3141 841 3383 905 soleatis,
3421 841 3465 895 Ο
3491 844 3534 895 si

1960 929 2014 981 in
2043 945 2196 982 unum
2225 928 2390 982 locum
2413 929 2761 983 convenirent!
2785 945 2814 982 ο
2842 929 2887 983 si
2915 930 3184 999 aliquando
3210 932 3493 1000 conferrent
3514 973 3528 992 .

1959 1030 2108 1089 atque
2126 1020 2229 1074 illis
2254 1020 2620 1091 disputantibns
2647 1023 2828 1075 veritas
2852 1024 3152 1092 appareret!
3174 1024 3308 1078 Ecce
3335 1023 3531 1077 factum

1959 1118 2059 1174 est,
2090 1125 2214 1165 ecce
2240 1111 2479 1165 convicta
2507 1122 2590 1167 est
2618 1110 2818 1167 falsitas
2842 1154 2860 1179 ,
2885 1128 3013 1168 ecce
3035 1114 3274 1183 apparuit
3301 1115 3495 1170 veritas
3516 1153 3531 1168 .

1958 1200 2083 1269 quid
2117 1199 2288 1255 adhuc
2330 1200 2524 1271 fugitur
2558 1202 2768 1256 unitas?
2810 1202 2934 1271 quid
2977 1202 3149 1258 adhuc
3176 1204 3532 1258 contemnitur

1957 1291 2222 1345 charitas?
2247 1290 2383 1359 Quid
2415 1291 2568 1346 nobis
2595 1300 2678 1347 est
2708 1308 2801 1362 per
2831 1292 3104 1347 hominum
3141 1294 3357 1348 nomina
3383 1294 3517 1349 divi-

1958 1379 2051 1434 di?
2074 1381 2173 1449 Qui
2202 1397 2300 1437 nos
2341 1381 2541 1437 creavit
2566 1398 2703 1436 unus
2730 1392 2811 1437 est
2841 1383 2979 1437 Deus
3003 1425 3015 1444 ,
3056 1384 3145 1452 qui
3174 1397 3273 1438 nos
3298 1383 3529 1439 redemit

1958 1486 2095 1526 unus
2118 1479 2201 1525 est
2218 1470 2482 1538 Christus,
2512 1470 2602 1541 qui
2630 1484 2728 1526 nos
2749 1472 3056 1527 consociare
3079 1471 3259 1534 debet,
3291 1486 3426 1526 unus
3450 1484 3532 1526 est

1958 1559 2208 1629 Spiritus.
2240 1560 2356 1615 Jam
2389 1575 2586 1615 nomen
2618 1560 2825 1615 Domini
2857 1560 3166 1627 honoretur,
3200 1570 3253 1616 et
3280 1572 3533 1631 appareat

1956 1652 2106 1706 vobis
2134 1651 2185 1705 in
2218 1651 2568 1721 iucunditate,
2612 1659 2668 1706 ut
2692 1652 2989 1722 agnoscatis
3014 1650 3204 1706 fratres
3244 1663 3448 1708 vestros
3478 1652 3529 1705 in

1955 1744 2122 1812 ipsius
2161 1745 2382 1799 unitate.
2433 1743 2548 1799 Jam
2588 1744 2639 1796 iu
2675 1743 3133 1813 prosecutionibus
3162 1744 3528 1813 episcoporum

1956 1843 2277 1900 vestrorum,
2326 1835 2413 1904 qui
2460 1849 2555 1888 nos
2599 1833 2881 1904 separabat
2917 1848 3069 1887 error
3094 1841 3176 1887 est
3198 1834 3403 1887 victus:
3432 1834 3529 1885 ali-

1955 1926 2166 1996 quando
2209 1927 2260 1980 in
2300 1926 2551 1980 cordibus
2580 1926 2769 1981 vestris
2808 1926 3051 1979 vincatur
3079 1933 3133 1979 et
3157 1924 3432 1987 diabolus,
3478 1934 3533 1977 et

1954 2016 2099 2085 gregi
2129 2030 2227 2069 suo
2252 2016 2479 2070 collecto
2502 2024 2659 2085 atque
2689 2024 2874 2085 pacato
2916 2015 2987 2069 sit
3015 2016 3276 2086 pr0pitius
3308 2015 3396 2084 qui
3434 2014 3533 2068 hoc

1916 2155 1927 2164 .
1957 2106 2194 2176 praecipit
2220 2104 2483 2161 Christus.

2414 2247 2718 2295 ’F—Z—L;
2722 2245 3532 2295 ..ἲ-Μ.
2842 2289 2852 2294 -
2870 2248 3013 2295 "TT".
3023 2248 3149 2295 ω.
3051 2247 3499 2295 -,’“““”⁴”“.ἶ”ἷ

671 2288 2841 2496 Τὶἕιῖἕίῇ-Ῑιῖιέἧῖιῇ

1483 2568 1995 2631 HIPPONENSIS
2033 2566 2384 2630 EPISCOPI

265 2892 271 2898 .
988 2792 989 2795 *
1512 2728 2327 2890 SERMO

262 3009 515 3178 ΑΙ)
572 3014 1845 3146 ΟλἘΞΑΒΕΕΝΞΙΞζ

1963 3013 2755 3143 CCLESIZE
2796 3018 3520 3152 PLEBEM

1250 3226 1612 3288 EMERITO
1667 3223 2099 3286 PBJESENTE
2144 3224 2391 3283 HABIT
2396 3224 2508 3286 US.

1651 3386 2125 3439 ____o¢o__.

344 3509 391 3559 l.
417 3506 748 3561 Alacritatem
778 3514 966 3561 vestra:
989 3504 1270 3559 Charitatis
1290 3514 1482 3573 quanto
1508 3503 1696 3573 gaudio
1723 3518 1837 3558 sus-

266 3598 553 3667 cipiamus,
612 3597 913 3668 agnoscitis.
964 3595 1301 3649 Exsultamus
1338 3595 1479 3649 enim
1518 3594 1569 3647 in
1614 3594 1838 3647 Domino

262 3691 376 3744 Deo
403 3699 613 3753 nostro,
643 3689 709 3743 de
737 3703 841 3757 quo
868 3688 1153 3758 Apostolus
1182 3687 1253 3741 ait
1285 3705 1298 3741 :
1327 3686 1448 3757 Ipse
1470 3696 1542 3740 est
1581 3687 1709 3740 enim
1738 3702 1840 3757 pact:

266 3791 456 3844 nostra,
489 3780 573 3850 qui
601 3780 716 3849 fecit
748 3790 957 3848 utraque
977 3795 1132 3831 unum
1160 3777 1371 3847 (Ep/tes.
1400 3793 1457 3840 ll,
1489 3778 1597 3846 14).
1622 3776 1839 3846 Agitnus

264 3888 391 3942 ergo
419 3872 588 3927 eidem
633 3871 861 3925 Domino
886 3879 938 3923 et
964 3868 1223 3922 Salvatori
1255 3876 1434 3920 neStro
1460 3866 1586 3921 Jesu
1627 3867 1839 3919 Christo

263 3966 478 4032 gratias.
521 3963 617 4017 Hic
658 3962 899 4032 praestitit
932 3961 1115 4025 nobis,
1152 3968 1208 4013 ut
1233 3969 1513 4029 antequam
1554 3959 1839 4013 habeamus

262 4054 447 4109 fratris
474 4054 640 4108 nostri
663 4054 884 4107 Emeriti
913 4054 1233 4107 voluntatem
1256 4093 1270 4117 ,
1296 4053 1403 4119 jam
1436 4051 1839 4120 cognoverimus

262 4152 518 4212 quantum
541 4144 711 4212 diligit
740 4143 1016 4195 unitatem.
1049 4141 1177 4208 Quae
1205 4150 1378 4194 tamen
1417 4141 1669 4210 principia
1704 4141 1840 4195 Deus

262 4234 489 4288 voluerit
510 4242 566 4285 ut
594 4232 660 4286 de
686 4247 779 4284 ore
810 4232 973 4300 ipsius
1002 4231 1303 4285 audiremus
1323 4272 1338 4296 ,
1369 4231 1609 4300 accipite.
1635 4231 1751 4284 Mox
1785 4241 1841 4286 ut

260 4327 534 4394 ingressus
579 4331 661 4376 est
710 4322 865 4375 istam
918 4323 1231 4387 ecclesiam,
1283 4322 1374 4376 illo
1421 4322 1535 4376 loco
1578 4330 1723 4375 stans
1752 4322 1837 4376 ubi

262 4417 493 4484 primum
525 4412 781 4482 carpimus
808 4427 925 4466 eum
948 4428 1013 4466 eo
1036 4412 1377 4482 colloquium,
1418 4412 1707 4482 inspirante
1741 4413 1841 4466 Do-

256 4508 410 4561 mino
430 4545 442 4568 ,
471 4504 559 4573 qui
584 4513 635 4559 et
661 4519 753 4559 cor
774 4504 1005 4571 instruit,
1036 4514 1089 4558 et
1116 4503 1342 4575 linguam
1366 4506 1522 4574 regit,
1545 4504 1616 4558 ait
1640 4503 1789 4558 nobis
1822 4523 1835 4559 :

264 4599 387 4652 Non
417 4613 614 4661 possum
648 4597 782 4651 nolle
816 4598 950 4669 quod
976 4597 1125 4652 vultis
1148 4640 1162 4664 ,
1204 4597 1293 4651 sed
1318 4614 1520 4669 possunt
1548 4598 1669 4652 velle
1707 4598 1841 4669 quod

262 4690 393 4743 uolo.
423 4688 606 4743 Videte
635 4688 756 4757 quid
788 4689 1121 4757 promiserit,
1154 4689 1241 4758 qui
1282 4704 1340 4743 se
1376 4688 1509 4743 dixit
1549 4704 1653 4743 non
1687 4705 1841 4759 posse

263 4780 405 4832 nolle
434 4778 573 4847 quod
603 4780 863 4832 volumus.
895 4778 951 4833 Si
998 4779 1139 4832 enim
1186 4795 1291 4832 non
1312 4780 1493 4848 potest
1518 4781 1660 4835 nolle
1699 4781 1837 4851 quod

261 4870 508 4922 volumus
532 4910 546 4932 ,
576 4868 676 4921 scit
701 4867 824 4937 quid
847 4869 1089 4921 velimus.
1123 4869 1233 4922 Hoc
1259 4870 1401 4922 enim
1433 4870 1677 4923 volumus
1700 4870 1839 4939 quod

262 4968 317 5013 et
339 4972 433 5011 vos
455 4957 629 5010 vultis.
654 4956 765 5010 Hoc
790 4970 976 5009 omnes
998 4956 1241 5009 volumus
1268 4957 1405 5025 quod
1433 4959 1543 5011 vult
1566 4959 1837 5011 Dominus.

263 5047 398 5116 Quid
423 5056 600 5101 autem
628 5046 754 5101 velit
782 5047 1038 5101 Dominus
1058 5088 1070 5111 ,
1110 5048 1375 5101 occultum
1408 5063 1511 5101 non
1552 5057 1650 5102 est.
1683 5048 1841 5119 Legi-

263 5151 349 5194 tur
376 5140 517 5193 enim
549 5138 945 5193 Testamentum
967 5138 1101 5206 ejus,
1130 5138 1217 5207 qui
1249 5153 1345 5192 nos
1375 5140 1473 5193 sihi
1501 5138 1624 5194 fecit
1662 5139 1841 5194 colue-

262 5228 417 5283 redes
449 5244 465 5281 :
494 5228 546 5281 in
576 5242 642 5282 eo
666 5229 916 5282 recitatur
938 5269 951 5291 ,
984 5227 1171 5280 Pacem
1202 5244 1360 5281 meam
1387 5228 1451 5281 do
1479 5229 1636 5293 vobis,
1671 5246 1844 5300 pacem

264 5334 425 5370 nteant
455 5316 682 5385 relinquo
720 5317 854 5371 vobis
887 5316 1063 5388 (Joan.
1095 5333 1214 5383 xw,
1246 5316 1358 5385 27).
1389 5318 1509 5373 Sive
1539 5334 1665 5389 ergo
1702 5321 1806 5375 cito
1826 5361 1841 5386 ,

264 5409 376 5463 sive
404 5423 526 5463 sero
548 5450 562 5473 ,
593 5422 698 5463 non
723 5416 897 5478 potest
925 5408 1065 5463 nolle
1086 5409 1223 5478 quod
1250 5410 1513 5464 volumus.
1543 5410 1717 5467 Moras
1746 5428 1839 5467 au-

1945 3510 2051 3555 tem
2078 3501 2282 3570 aliquas
2323 3499 2472 3553 nobis
2515 3499 2637 3554 facit
2684 3500 2914 3555 secunda
2962 3503 3221 3557 sententia
3247 3545 3260 3567 ,
3309 3503 3529 3560 Possum

1944 3593 2069 3646 velle
2111 3592 2246 3662 quod
2288 3592 2419 3644 volo.
2452 3592 2539 3645 Sic
2578 3592 2717 3646 enim
2757 3593 2888 3646 dixit
2926 3610 2938 3644 :
2979 3592 3099 3647 Non
3145 3612 3347 3663 possunt
3392 3599 3531 3652 nolle

1943 3684 2078 3755 quod
2111 3684 2262 3736 vultis
2282 3724 2295 3747 ,
2327 3684 2414 3735 sed
2444 3698 2646 3751 possunt
2689 3682 2814 3736 velle
2841 3683 2974 3752 quod
3003 3684 3134 3737 volo.
3174 3684 3353 3739 Potest
3389 3686 3529 3742 velle

1944 3775 2085 3844 quod
2114 3775 2258 3835 vult,
2288 3773 2378 3826 sed
2408 3787 2512 3825 non
2560 3784 2731 3841 potest
2759 3774 2898 3828 nolle
2928 3774 3066 3842 quod
3102 3775 3365 3831 volumus.
3395 3775 3526 3833 Illud

1944 3866 2085 3918 enim
2112 3863 2253 3932 quod
2282 3877 2339 3916 se
2367 3861 2496 3915 dicit
2538 3877 2695 3932 posse
2719 3905 2734 3929 ,
2766 3863 3026 3918 videmus.
3052 3863 3185 3918 Nam
3226 3865 3339 3920 vult
3369 3868 3527 3923 modo

1943 3955 2085 4026 quod
2114 3955 2260 4019 vult;
2304 3955 2474 4023 ipsum
2513 3964 2689 4008 autem
2726 3955 2865 4024 quod
2896 3957 3041 4024 vult,
3080 3974 3186 4012 non
3216 3959 3325 4014 vult
3366 3961 3524 4017 Deus.

1944 4046 2079 4114 Quid
2106 4046 2247 4100 enim
2280 4045 2438 4099 modo
2464 4045 2612 4099 vult?
2655 4059 2775 4100 esse
2812 4047 2862 4099 in
2897 4046 3229 4103 dissensione
3270 4065 3301 4104 a
3342 4049 3527 4105 catho—

1942 4137 2040 4194 lica
2073 4138 2305 4192 Ecclesia
2328 4179 2341 4200 ,
2382 4151 2502 4191 esse
2529 4136 2702 4191 adhuc
2729 4136 2781 4190 in
2808 4138 3179 4193 communione
3224 4140 3390 4209 partis
3419 4141 3526 4196 Do-

1944 4228 2086 4293 nati,
2119 4242 2237 4283 esse
2266 4227 2440 4281 adhuc
2471 4228 2522 4281 in
2553 4227 2836 4281 schismate
2856 4268 2872 4292 ,
2901 4242 3019 4284 esse
3046 4229 3229 4286 adhuc
3250 4232 3528 4288 interilles

1943 4321 2031 4390 qui
2059 4320 2239 4373 dicunt
2258 4362 2273 4385 ,
2298 4319 2409 4389 Ego
2443 4336 2555 4373 sum
2582 4319 2769 4382 Pauli,
2800 4336 2889 4391 ego
2914 4336 3029 4375 vero
3054 4322 3266 4392 Apollo,
3294 4340 3387 4395 ego
3412 4340 3528 4380 vero

1942 4410 2167 4481 Cephea?
2196 4410 2301 4464 Sed
2331 4410 2433 4464 hoc
2471 4424 2576 4463 non
2612 4410 2722 4463 vult
2761 4410 2928 4475 Deus,
2960 4410 3086 4466 dum
3120 4412 3355 4482 increpat
3382 4416 3528 4484 Ap0~

1942 4504 2139 4569 stolus,
2171 4502 2371 4557 Divisus
2396 4512 2467 4556 est
2495 4502 2724 4557 Christus
2751 4502 2793 4575 (Ι
2827 4502 2943 4557 Cor.
2969 4519 3019 4569 l»,
3051 4504 3119 4558 12
3139 4546 3153 4571 ,
3185 4504 3314 4577 1'5)?
3347 4506 3531 4561 Potest

1943 4611 2069 4665 ergo
2097 4595 2233 4649 velle
2259 4595 2399 4665 quod
2423 4594 2566 4660 vult,
2595 4593 2685 4649 sed
2711 4594 2775 4647 ad
2809 4602 3019 4665 tempus
3040 4636 3053 4661 ,
3081 4595 3173 4651 sed
3202 4596 3267 4651 ad
3302 4596 3488 4652 horam
3510 4641 3525 4661 ,

1942 4686 2034 4741 sed
2063 4687 2128 4740 ad
2155 4686 2507 4750 verecundiae,
2542 4700 2648 4738 non
2675 4684 2740 4738 ad
2766 4685 3023 4741 rationem
3049 4687 3325 4756 sapientiae
3354 4698 3529 4758 potest

1945 4780 2080 4834 velle
2110 4780 2248 4848 quod
2273 4779 2400 4831 vult.
2427 4776 2558 4831 Nam
2585 4776 2744 4830 modo
2784 4776 2885 4832 hoc
2910 4778 3154 4848 est-quod
3182 4780 3320 4845 vult,
3350 4788 3405 4834 et
3436 4796 3530 4848 po-

1946 4877 2048 4923 test
2069 4870 2208 4922 velle
2233 4867 2373 4936 quod
2399 4868 2529 4920 vult.
2564 4865 2666 4921 Sed
2706 4868 2827 4936 quia
2858 4882 2961 4921 non
2999 4878 3172 4937 potest
3210 4870 3350 4924 nolle
3385 4870 3526 4939 quod

1944 4963 2206 5026 volumus,
2240 4962 2370 5015 nolit
2397 4962 2535 5015 Deus
2562 4960 2701 5029 quod
2725 4960 2871 5013 vult‘
2892 5002 2906 5023 ,
2938 4970 2991 5016 et
3032 4961 3185 5017 faciat
3208 4961 3347 5031 quod
3378 4962 3529 5015 volu-

1940 5064 2082 5110 mus.
2101 5055 2216 5109 Non
2238 5071 2333 5111 vos
2359 5071 2484 5123 ergo
2506 5065 2833 5122 permoveat,
2864 5054 3075 5120 fratres,
3099 5056 3270 5125 aliqua
3298 5058 3527 5122 morula,

1945 5147 2069 5201 dum
2096 5146 2235 5216 quod
2266 5145 2399 5211 vult,
2420 5146 2529 5200 vult
2554 5162 2568 5211 ;
2593 5145 2685 5201 sed
2713 5156 2862 5203 orate
2888 5156 2944 5201 ut
2970 5146 3125 5201 faciat
3150 5148 3288 5217 quod
3325 5152 3527 5218 promi~

1946 5237 2048 5299 sit,
2075 5247 2131 5289 ut
2152 5251 2256 5290 non
2282 5238 2447 5306 possit
2478 5237 2618 5292 nolle
2646 5237 2786 5307 quod
2811 5238 3069 5291 volumus.
3102 5238 3165 5291 Et
3187 5236 3253 5291 ab
3280 5238 3529 5292 omnibus

1948 5327 2299 5380 acclamatum
2331 5336 2445 5393 est,
2473 5326 2571 5381 Aut
2597 5328 2699 5393 hic,
2726 5336 2813 5380 aut
2839 5326 3110 5396 nusquam!
3134 5327 3231 5395 Qui
3251 5328 3409 5383 corda
3435 5345 3528 5383 ve.-

1950 5426 2057 5473 stra
2092 5418 2401 5472 declarastis
2438 5418 2654 5472 vocibus
2674 5458 2690 5483 ,
2716 5416 2957 5484 adjuvate
2986 5432 3083 5471 nos
3102 5426 3155 5471 et
3176 5418 3523 5474 orationibus.

1396 5536 1681 5576 ADMONITIO
1720 5540 1799 5577 PP.
1838 5542 2290 5582 BENEDICTINORUD!
2302 5569 2312 5579 .

326 5619 495 5683 Sermo
510 5610 911 5683 adfsesareeusis
940 5609 1162 5683 Ecclesiae
1186 5612 1400 5673 plebem,
1424 5613 1550 5683 liber
1573 5615 1637 5663 de
1661 5618 1816 5683 Gestis
1836 5632 1944 5667 cum
1978 5622 2195 5683 Elllel‘iw,
2221 5626 2272 5669 et
2293 5618 2522 5683 lihriduo
2552 5624 2717 5668 contra
2749 5619 3063 5669 Gaudentium
3088 5622 3137 5671 iu
3162 5620 3408 5672 Gallicanis
3422 5635 3530 5672 ma-

252 5674 527 5735 ,nuscriptis
546 5672 903 5732 desiderantur,
932 5674 1018 5722 sed
1043 5674 1119 5722 hic
1142 5672 1331 5723 rursum
1356 5676 1658 5737 antiquarum
1682 5678 1951 5728 editionum
1968 5672 2223 5731 collatione
2248 5681 2586 5730 emendantur.

352 5755 855 5833 Comparatrimus
878 5765 1173 5833 prceterea
1202 5775 1297 5817 eas
1326 5775 1528 5817 omnes
1552 5757 1852 5821 editiones
1884 5762 2068 5824 initio
2100 5761 2668 5834 Iletr.etConfess.,
2709 5768 2754 5820 t.
2786 5762 2839 5835 1,
2864 5773 3246 5825 memoratas.
3360 5766 3445 5826 Μ.

1943 5864 1959 5895 ι
1995 5869 2148 5926 Forte,
2177 5863 2291 5914 nolit
2310 5864 2498 5914 demunt
2523 5864 2649 5929 quod
2675 5862 2787 5915 vult.
