4026 6494
524 456 621 512 691

523 568 722 623 Potens
740 576 821 624 est
849 566 1100 623 Dominus
1119 566 1211 638 qui
1237 564 1473 636 praecipit
1492 563 1746 619 unitatem
1766 601 1783 627 ,
1811 566 2018 616 mutare
2045 558 2098 613 in

525 660 716 715 tnelius
742 659 1086 714 voluntatem.
1118 656 1271 726 Quod
1310 664 1488 711 autem
1524 654 1838 711 acclamavit
1861 650 2103 709 Charitas

521 760 698 804 vestra
721 791 736 813 ,
767 750 867 803 Aut
892 748 1002 813 hic,
1033 757 1123 801 aut
1148 763 1428 818 nusquam;
1447 761 1633 802 vocem
1658 745 1714 800 in
1740 744 1887 799 illum
1912 752 2104 799 vestrae

519 839 811 895 Charitatis
829 840 1158 911 agnovimus,
1188 847 1241 893 ct
1264 852 1523 893 amamus.
1549 837 1660 892 Hoc
1686 836 1848 892 etiam
1873 848 1973 890 nos
1996 847 2104 889 non

524 946 663 985 nunc
694 931 918 1000 primum
939 972 954 997 ,
986 931 1079 988 sed
1110 947 1323 1001 semper
1345 930 1671 1000 cogitamus,
1712 942 1927 998 semper
1952 935 2105 997 opta-

522 1037 662 1077 mus.
691 1020 834 1078 ldem
861 1032 945 1079 est
962 1031 1015 1078 et
1033 1022 1259 1087 animus,
1288 1022 1429 1092 quod
1460 1020 1724 1091 praecipue
1743 1017 2104 1075 necessarium

520 1124 601 1169 est
625 1156 641 1180 ,
673 1112 851 1169 fratris
875 1123 929 1170 et
954 1114 1257 1185 coepiscopi
1284 1113 1471 1178 nostri,
1502 1112 1740 1183 episcopi
1765 1110 1929 1166 vestri
1960 1109 2103 1164 Deu-

522 1206 659 1259 terii.
690 1204 832 1261 Olim
881 1206 1032 1261 nobis
1062 1214 1219 1261 notus
1258 1214 1342 1261 est
1382 1203 1592 1259 animus
1635 1203 1772 1272 ejus.
1818 1200 2103 1256 Nobiscum

524 1312 713 1367 preces
738 1298 807 1354 de
831 1298 931 1355 hac
954 1314 1014 1354 re
1043 1298 1267 1354 Domino
1293 1297 1442 1365 fudit,
1469 1312 1589 1352 eum
1614 1294 1859 1359 concilio,
1887 1292 1985 1347 ubi
2004 1292 2105 1345 hoc

522 1390 629 1447 illis
661 1390 752 1462 qui
779 1389 910 1446 foris
938 1398 1065 1447 sunt
1092 1390 1430 1460 promisimus
1467 1398 1521 1444 et
1555 1387 1861 1443 obtulimus.
1890 1383 2007 1438 Jam
2036 1381 2103 1436 de

525 1484 626 1540 hac
661 1501 721 1540 re
762 1484 1180 1556 subscriptiones
1220 1490 1418 1538 nostra:
1460 1481 1778 1536 retinentur.
1822 1477 2101 1545 Nunquam

523 1575 665 1631 cnim
707 1591 803 1631 nos
832 1576 901 1630 ita
934 1576 1189 1631 honorem
1235 1583 1479 1630 nostrum
1506 1574 1780 1636 fovemus,
1832 1577 1889 1623 ut
1916 1566 2104 1622 unitati

528 1666 878 1723 invideamus.
902 1667 1131 1722 Minores
1157 1680 1341 1721 sumus
1370 1665 1572 1720 honore
1594 1663 1634 1731 ¹,
1661 1677 1780 1717 cum
1804 1660 1970 1715 simus
1994 1673 2107 1712 ma-

531 1756 675 1823 jores
713 1756 1010 1813 dilectione.
1048 1756 1300 1812 Novimus
1339 1753 1787 1825 quemadmodum
1835 1747 2104 1805 invitanda

527 1847 599 1901 sit
625 1846 905 1902 inﬁrmitas
925 1888 939 1915 ,
970 1855 1026 1902 ut
1054 1847 1353 1918 perﬁciatur
1377 1845 1570 1900 unitas.

592 1936 648 1990 2.
671 1936 780 1991 Nec
809 1937 928 1993 ideo
955 1938 1182 1992 dicimus
1204 1937 1336 2000 haec,
1366 1935 1577 1995 fratres,
1605 1932 1756 2004 quasi
1784 1933 1858 1987 illi
1889 1932 1980 2002 qui
2007 1929 2106 1987 sub

522 2025 812 2083 schismate
854 2029 1242 2093 remanserint,
1291 2027 1523 2097 aliquam
1564 2038 1714 2094 spem
1765 2022 1995 2077 habeant
2039 2021 2107 2075 ad

528 2119 825 2172 Dominum.
854 2118 1000 2173 Multi
1028 2119 1168 2172 enim
1211 2118 1481 2187 disputant
1523 2120 1706 2187 parum
1750 2112 2106 2183 intelligentes

524 2210 647 2280 quid
671 2211 969 2282 loquantur,
998 2219 1052 2266 et
1079 2211 1262 2266 dicunt
1286 2228 1298 2263 :
1321 2210 1376 2265 Si
1400 2207 1720 2265 schismatici
1742 2214 1886 2274 sunt,
1916 2205 1960 2260 si
1993 2203 2104 2257 hce-

526 2305 677 2359 relici
698 2314 841 2372 sunt,
870 2320 1033 2376 quare
1059 2306 1136 2360 sic
1162 2304 1282 2358 illos
1307 2300 1639 2371 suscipiunt?
1670 2298 1883 2365 Audite,
1916 2296 2107 2352 fratres

524 2396 649 2451 mei.
679 2393 738 2451 Si
766 2411 859 2450 cos
894 2396 1285 2464 susciperemus
1308 2435 1322 2460 ,
1362 2393 1472 2463 jam
1514 2392 1670 2447 istum
1717 2390 2106 2460 susciperemus

523 2488 737 2543 fratrem
760 2498 998 2543 nostrum
1030 2488 1341 2552 Emeritum,
1371 2486 1483 2541 sive
1509 2484 1731 2549 bonum,
1753 2482 1864 2538 sive
1883 2481 2102 2547 malum,

524 2591 698 2636 tamen
732 2580 969 2635 fratrem.
1008 2578 1161 2645 Quod
1202 2577 1321 2633 ideo
1364 2576 1519 2639 dico,
1552 2575 1673 2645 quia
1712 2583 1765 2629 et
1803 2572 1917 2643 ipse
1957 2570 2107 2626 novit

523 2684 620 2737 per
644 2669 953 2739 prophetam
984 2669 1137 2724 nobis
1173 2668 1375 2722 dictum
1402 2681 1540 2729 esse,
1569 2664 1709 2734 quod
1734 2663 1837 2718 illis
1861 2662 2019 2717 etiam
2049 2661 2103 2714 in

519 2759 816 2815 Collatione
851 2760 1081 2815 diximus
1105 2799 1121 2825 ,
1163 2758 1359 2823 Dicite,
1405 2755 1615 2811 Fratres
1650 2754 1809 2809 nostri
1836 2753 1986 2817 estis,
2026 2750 2106 2804 his

522 2851 608 2918 qui
646 2867 732 2905 vos
770 2850 982 2905 oderunt
1026 2848 1182 2922 (Isai.
1226 2864 1381 2915 LXVI,
1414 2848 1478 2916 5,
1522 2862 1623 2902 sec.
1655 2844 1841 2917 LXX).
1866 2844 2105 2900 Oderunt

524 2954 651 3007 nos,
681 2941 945 2995 credimus
969 2940 1255 2995 ﬁniendum
1282 2954 1403 2995 esse
1431 2937 1572 3009 quod
1597 2937 1819 2992 odiunt:
1851 2944 2030 2989 tamen
2050 2943 2106 2991 et

524 3032 773 3101 quamdiu
805 3032 936 3098 odit,
962 3031 1126 3087 frater
1151 3030 1315 3095 audit;
1347 3030 1518 3085 donec
1539 3028 1751 3082 finiatur
1774 3026 1977 3091 odium,
2007 3025 2106 3078 crit

526 3140 720 3180 nomen
753 3126 804 3179 in
837 3124 1217 3181 testimonium.
1247 3123 1361 3177 Non
1388 3138 1516 3192 ergo
1544 3121 1622 3176 sic
1646 3121 1766 3174 illos
1788 3118 2106 3188 suscipimus

525 3223 582 3268 ut
617 3224 741 3269 sunt
772 3233 785 3269 :
816 3216 951 3270 absit
977 3230 1006 3268 a
1038 3214 1217 3279 nobis;
1251 3228 1370 3269 nam
1417 3211 1652 3267 hu-retici
1692 3218 1843 3277 sunt,
1884 3209 2109 3277 suscipi-

522 3321 643 3361 mus
669 3314 845 3361 autem
874 3305 1167 3378 catholicos
1201 3322 1214 3359 :
1247 3312 1549 3367 mutantur,
1589 3302 1968 3371 suscipiuntur.
2000 3298 2106 3354 Sed

524 3406 742 3466 propter
780 3396 977 3450 malum
1021 3395 1162 3466 quod
1202 3395 1427 3459 habent,
1458 3408 1564 3448 non
1608 3393 1661 3447 in
1704 3392 1782 3448 eis
1824 3406 2107 3462 possumus

526 3488 770 3558 persequi
810 3488 945 3542 bona
975 3503 1093 3557 quae
1119 3487 1473 3557 agnoscimus.
1508 3484 1701 3539 Malum
1728 3484 1870 3539 enim
1901 3485 2110 3539 dissen-

526 3579 724 3645 sionis,
763 3578 1097 3642 schismatis,
1135 3576 1392 3641 haeresis,
1434 3574 1630 3629 malum
1667 3588 1823 3629 suum
1863 3572 2105 3629 habent:

522 3671 663 3726 bona
708 3685 836 3724 vero
876 3685 995 3740 quae
1039 3670 1091 3723 in
1137 3669 1240 3724 illis
1279 3667 1647 3738 agnoscimus,
1687 3681 1792 3722 non
1823 3675 1946 3720 sunt
1975 3681 2104 3734 sua;

527 3762 736 3818 Domini
774 3762 941 3817 nostri
984 3762 1182 3818 habent
1224 3762 1363 3816 bona
1387 3803 1402 3828 ,
1433 3760 1690 3815 Ecclesiae
1720 3759 1917 3814 habent
1943 3759 2102 3814 bona.

525 3855 827 3924 Baptismus
874 3869 979 3908 non
1021 3862 1106 3909 est
1148 3853 1424 3922 ipsorum,
1455 3851 1547 3907 sed
1593 3850 1811 3906 Chrisﬁ.
1840 3848 2107 3906 invocatio

527 3946 756 4002 nominis
783 3945 875 4001 Dei
915 3961 1075 4017 super
1100 3953 1256 4015 caput
1296 3943 1531 4014 ipsorum
1559 3941 1769 4011 quando
1796 3939 2109 3996 ordinantur

525 4038 779 4108 episcopi,
808 4037 1070 4092 invocatio
1093 4037 1180 4091 illa
1210 4034 1302 4090 Dei
1324 4042 1438 4101 est,
1468 4047 1575 4087 non
1604 4032 1814 4088 Donati.
1842 4031 1957 4086 Non
1984 4046 2106 4085 eum

525 4129 758 4200 suscipio
791 4128 1128 4198 episcopum,
1167 4127 1212 4182 si
1250 4124 1465 4197 quando
1489 4136 1573 4181 est
1609 4125 1920 4191 ordinatus,
1948 4138 2110 4194 super

527 4219 827 4290 caputeius
866 4220 1100 4274 Donatus
1124 4228 1206 4274 est
1231 4217 1530 4273 invocatus.
1558 4215 1615 4274 In
1640 4225 1857 4271 errante
1872 4224 1927 4271 et
1949 4215 2107 4271 dese-

532 4320 682 4366 rente
721 4312 890 4365 milite
927 4312 1125 4365 crimen
1166 4319 1249 4365 est
1270 4309 1562 4365 desertoris
1584 4348 1601 4376 ,
1631 4308 1907 4363 character
1930 4317 2107 4363 autem

534 4414 639 4456 non
668 4408 751 4457 est
773 4399 1082 4467 desertoris,
1113 4399 1207 4454 sed
1234 4400 1588 4469 imperatoris.
1616 4398 1721 4455 Sed
1746 4399 1906 4453 frater
1929 4408 2110 4453 noster

532 4512 638 4551 non
669 4494 932 4564 deseruit,
963 4495 1053 4550 ubi
1095 4492 1269 4550 adhuc
1294 4508 1559 4563 nunquam
1598 4492 1713 4547 fuit.
1742 4492 2014 4563 Siquidem
2054 4491 2107 4546 in

530 4589 625 4644 illo
650 4587 940 4644 desertoris
967 4602 1117 4642 error
1141 4595 1224 4642 est
1249 4595 1405 4640 natus
1425 4625 1441 4652 ,
1471 4584 1683 4655 quando
1717 4592 1801 4639 est
1844 4597 1874 4637 a
1921 4581 2107 4638 deser-
2132 4636 2135 4637 ν

536 4690 650 4733 tore
677 4676 931 4748 signatus.
952 4677 1052 4746 Qui
1077 4679 1245 4748 primo
1274 4676 1507 4732 sehisma
1538 4674 1659 4731 fecit
1677 4716 1694 4743 ,
1717 4674 1804 4745 qui
1833 4688 1893 4729 se
1917 4674 1984 4729 ab
2002 4674 2107 4730 Ec-

530 4770 692 4825 clesia
721 4768 981 4825 catholica
1006 4769 1292 4839 separavit,
1313 4783 1433 4824 cum
1463 4768 1545 4822 his
1568 4782 1702 4836 quos
1722 4780 1902 4821 secum
1927 4766 2105 4829 traxit,

458 4920 463 4927 ,
529 4864 773 4919 desertor
796 4861 930 4918 fuit:
960 4862 1137 4918 caeteri
1167 4877 1196 4916 a
1220 4861 1579 4917 desertoribus
1607 4859 1798 4930 signati
1828 4866 1967 4922 sunt,
2000 4873 2105 4912 non

530 4972 705 5015 tamen
744 4959 897 5031 signo
933 4958 1257 5021 desertoris,
1297 4954 1391 5011 sed
1419 4955 1571 5026 signo
1610 4954 1968 5024 imperatoris.
1993 4952 2106 5006 Non

530 5056 670 5110 enim
699 5053 943 5110 desertor
961 5053 1321 5109 characterem
1347 5065 1499 5103 suum
1530 5048 1658 5102 ﬁxit.
1688 5047 1827 5116 Quid
1855 5055 1938 5101 est
1964 5044 2107 5115 quod

527 5149 669 5215 dico,
698 5147 943 5205 desertor
966 5147 1328 5203 characterem
1358 5159 1512 5199 suum
1545 5158 1651 5198 non
1678 5142 1829 5196 fixit?
1870 5140 2108 5195 Donatus

530 5254 636 5295 non
681 5239 965 5310 baptizavit
1007 5240 1059 5294 in
1107 5237 1320 5293 nomine
1348 5235 1557 5290 Donati.
1605 5233 1736 5288 Nam
1779 5232 1824 5288 si
1876 5232 2109 5286 Donatus

529 5329 744 5401 quando
779 5330 1008 5386 schisma
1037 5329 1189 5396 fecit,
1232 5329 1287 5383 in
1316 5326 1530 5381 nomine
1559 5323 1747 5379 Donati
1774 5322 2063 5392 baptizaret
2086 5360 2104 5387 ,

529 5420 821 5478 desertoris
846 5420 1207 5477 characterem
1252 5418 1495 5489 inﬁgeret
1526 5432 1540 5471 :
1571 5430 1672 5485 ego
1700 5414 1911 5485 quando
1949 5426 2107 5467 voca-

530 5529 643 5568 rem
678 5513 744 5568 ad
774 5512 1027 5567 unitatem
1050 5554 1065 5579 ,
1097 5512 1139 5567 si
1183 5511 1473 5565 invenirem
1513 5506 1801 5563 desertoris
1829 5505 2106 5560 characte-

529 5620 666 5668 rem,
695 5603 1133 5669 exterminarem,
1159 5601 1393 5657 delerem
1414 5642 1430 5668 ,
1457 5598 1758 5661 abolerem,
1786 5596 2069 5665 ahjicerem
2086 5635 2103 5659 ,

536 5709 639 5747 non
696 5694 1044 5763 approbarem
1065 5711 1079 5760 ;
1103 5706 1407 5763 respuerem
1426 5734 1439 5757 ,
1458 5687 1957 5745 anathematizarem
1972 5726 1985 5751 ,
2013 5685 2109 5740 da-

589 5889 609 5919 ‘
646 5892 805 5945 Forte,
817 5898 979 5937 mnus.

1757 449 1816 505 S.
1857 442 2221 503 AUGUSTINI
2262 444 2564 502 EPISCOPI

3676 455 3781 509 692

2211 572 2488 614 mnarem:
2516 573 2656 615 nunc
2681 573 2809 616 vero
2834 559 2947 631 ipse
2975 559 3215 617 desertor
3233 604 3249 631 ,
3271 562 3636 623 characterem
3675 569 3787 625 ﬁxit

2210 650 2542 720 imperatoris
2580 651 2683 706 sui.
2716 652 2855 707 Deus
2882 660 2936 708 et
2965 653 3217 709 Dominus
3241 664 3421 711 noster
3443 656 3602 716 Jesus
3627 659 3783 716 Chri-

2208 748 2323 795 stus
2341 742 2533 811 qtuerit
2555 741 2905 810 desertorem,
2934 743 3077 800 delet
3103 745 3300 801 erroris
3319 747 3540 814 crimen,
3564 751 3660 806 sed
3682 767 3786 809 non

2209 832 2524 888 exterminat
2550 848 2705 888 suum
2742 832 3123 891 characterem.
3164 835 3278 907 Ego
3302 839 3515 909 quando
3538 842 3698 897 venio
3723 844 3788 898 ad

2208 921 2427 978 fratrem
2468 939 2646 980 meum
2669 965 2684 991 ,
2715 933 2771 981 et
2797 925 2988 998 colligo
3015 938 3280 985 errantem
3319 929 3537 988 fratrem
3571 951 3749 990 meum
3768 979 3787 1005 ,

2207 1018 2426 1074 attendo
2468 1020 2628 1077 ﬁdem
2678 1022 2732 1078 in
2778 1022 2992 1079 nomine
3029 1024 3202 1080 Patris
3229 1034 3285 1082 et
3311 1025 3429 1082 Filii
3457 1038 3512 1084 et
3558 1031 3789 1100 Spiritus

2208 1109 2397 1165 sancti.
2441 1109 2547 1167 Iste
2579 1120 2664 1168 est
2702 1113 2978 1169 character
3020 1114 3354 1193 imperatoris
3392 1119 3518 1173 mei.
3564 1120 3645 1176 De
3687 1121 3789 1176 isto

2207 1201 2514 1258 charactere
2542 1203 2796 1260 militibus
2815 1206 2925 1261 suis
2948 1205 3033 1262 vel
3056 1206 3231 1277 potius
3259 1208 3541 1265 comitibus
3570 1212 3703 1277 suis,
3731 1222 3790 1267 ut

2208 1290 2350 1348 hunc
2377 1294 2742 1365 imprimerent
2764 1295 2843 1352 eis
2861 1312 2996 1368 quos
3019 1298 3412 1370 congregabant
3435 1303 3627 1356 castris
3652 1302 3785 1373 ejus,

2209 1386 2461 1455 prmcepit
2486 1386 2667 1441 dicens
2698 1405 2712 1442 :
2743 1386 2857 1457 Ite,
2887 1389 3137 1461 baptizata
3168 1400 3337 1462 gentes
3363 1391 3418 1446 in
3453 1395 3654 1449 nomine
3675 1393 3785 1449 Pa-

2209 1476 2299 1529 tris
2325 1485 2372 1530 et
2398 1475 2525 1531 Filii
2543 1487 2588 1532 et
2609 1477 2835 1550 Spiritus
2856 1482 3017 1535 sancti
3043 1481 3253 1554 (Matth.
3271 1498 3464 1552 xxvm,
3490 1484 3603 1558 19).
3630 1484 3790 1541 Istum

2208 1565 2569 1623 characterem
2609 1584 2640 1624 a
2673 1569 2900 1625 Domino
2936 1570 3135 1626 dictum
3171 1573 3418 1628 omnibus
3450 1575 3793 1631 credentibus

2209 1656 2618 1727 imprimendum
2639 1660 2758 1731 quia
2788 1672 3010 1718 noverat
3033 1662 3247 1729 Paulus,
3276 1665 3580 1735 expavescit
3606 1664 3673 1720 ad
3700 1681 3791 1721 cos

2209 1749 2300 1819 qui
2330 1750 2577 1807 volebant
2611 1767 2731 1808 esse
2756 1753 2941 1821 Pauli,
2969 1762 3024 1808 et
3048 1753 3176 1808 dicit
3200 1754 3279 1809 eis
3307 1770 3320 1808 :
3354 1753 3624 1826 Numquid
3652 1755 3792 1810 Pau-

2210 1839 2290 1894 lus
2322 1858 2414 1911 pro
2438 1841 2575 1897 vobis
2602 1844 2878 1913 cruciﬁxus
2915 1846 3027 1900 est?
3051 1845 3187 1911 Quid
3214 1846 3373 1902 vultis
3399 1861 3519 1903 esse
3558 1848 3702 1915 mei,
3739 1859 3792 1903 et

2210 1944 2316 1984 non
2340 1932 2510 2001 magis
2539 1933 2746 1988 Domini
2780 1936 2922 1990 mei?
2949 1936 3085 2004 Quid
3107 1936 3266 1991 vultis
3284 1952 3405 1993 esse
3429 1939 3568 2005 mei,
3599 1949 3657 1995 et
3687 1955 3790 1996 non

2210 2022 2385 2091 potius
2410 2022 2561 2092 cujus
2579 2037 2678 2095 ego
2703 2026 2861 2079 sum?
2888 2027 3193 2096 Agnoscite,
3221 2028 3478 2085 advertite
3504 2030 3789 2086 characte-

2209 2126 2324 2168 rem
2354 2124 2607 2169 vcslrum.
2638 2115 2900 2185 Numquid
2918 2118 2972 2172 in
3004 2120 3203 2172 nomine
3226 2119 3378 2173 Pauli
3404 2119 3649 2190 baptieati
3679 2123 3791 2177 estis

2210 2203 2256 2275 (Ι
2283 2201 2402 2259 Cor.
2430 2220 2482 2273 ι,
2532 2206 2663 2277 13)?
2687 2206 2779 2263 Sic
2816 2222 2944 2278 ergo
2980 2223 3072 2263 eos
3101 2208 3429 2279 colligimus,
3457 2219 3516 2264 ut
3559 2227 3666 2265 non
3694 2212 3790 2267 sibi

2208 2294 2547 2352 blandiantur
2568 2299 2641 2353 illi
2666 2314 2802 2369 quos
2835 2314 2939 2354 non
2966 2300 3282 2369 colligimus.
3314 2300 3383 2355 Et
3408 2301 3504 2372 ipsi
3530 2303 3790 2373 colligan-

2209 2394 2315 2455 tur,
2339 2402 2445 2444 non
2468 2388 2719 2444 inﬂentur
2750 2406 2763 2445 :
2791 2391 3037 2456 veniant,
3065 2391 3437 2462 suscipiantur.
3476 2391 3595 2447 Non
3625 2394 3679 2448 in
3715 2394 3790 2449 eis

2208 2479 2418 2534 odimus
2442 2479 2583 2550 quod
2618 2480 2710 2535 Dei
2738 2489 2821 2536 est
2850 2499 2863 2534 :
2892 2497 3001 2536 non
3027 2481 3236 2536 odimus
3260 2491 3313 2537 et
3338 2483 3515 2552 ipsos,
3547 2484 3671 2553 quia
3699 2484 3789 2540 Dei

2208 2579 2351 2626 sunt.
2383 2571 2611 2643 thuod
2639 2573 2839 2628 habent
2860 2573 2952 2628 Dei
2980 2584 3081 2639 est;
3109 2584 3163 2629 et
3189 2574 3280 2628 Dei
3301 2582 3445 2639 sunt,
3470 2577 3596 2645 quia
3623 2576 3789 2630 hornis

2208 2676 2304 2717 nes
2336 2671 2491 2729 sunt,
2522 2672 2576 2719 et
2616 2664 2791 2720 omnis
2828 2664 2989 2719 homo
3028 2674 3268 2719 creatura
3300 2665 3392 2721 Dei
3430 2674 3532 2721 est.
3571 2667 3667 2723 Dei
3711 2676 3790 2723 est

2207 2753 2347 2823 quod
2388 2754 2584 2810 habent
2608 2770 2800 2810 nomen
2828 2755 2998 2810 Patris
3022 2764 3077 2811 et
3104 2756 3221 2810 Filii
3247 2756 3559 2826 ctSpiritus
3578 2758 3745 2813 sancti
3771 2776 3785 2814 :

2208 2846 2506 2917 Baptismus
2532 2847 2840 2915 Trinitatis,
2886 2848 2980 2904 Dei
3017 2858 3099 2904 est
3133 2866 3147 2903 :
3192 2848 3285 2903 Dei
3324 2859 3407 2904 est
3446 2850 3789 2922 Evangelium

2206 2939 2348 3010 quod
2376 2939 2600 3007 habent,
2632 2940 2724 2996 Dei
2751 2949 2837 2996 est
2874 2941 3004 2996 fides
3031 2956 3189 3012 quam
3218 2941 3432 2997 habent.

2272 3024 2335 3087 ’5.
2368 3032 2436 3086 Ει
2460 3032 2585 3103 quid
2616 3048 2723 3088 non
2764 3033 2993 3101 habent,
3020 3035 3094 3088 ait
3135 3034 3263 3089 mihi
3299 3035 3524 3106 aliquis,
3559 3037 3651 3108 qui
3681 3036 3791 3093 lucc

2210 3122 2441 3178 habent?
2472 3123 2547 3178 Tu
2576 3123 2708 3179 dicis
2730 3166 2744 3190 ,
2777 3124 2985 3182 [labent
3027 3125 3354 3196 Baptismum
3392 3126 3616 3182 Christi.
3644 3127 3790 3185 Dico.

2208 3213 2290 3268 Tu
2328 3213 2495 3281 dicis,
2546 3214 2753 3269 [labent
2781 3213 2938 3270 ﬁdem
2979 3216 3194 3271 Christi.
3225 3217 3373 3271 Dico.
3414 3215 3470 3273 Si
3504 3233 3635 3289 ergo
3684 3220 3792 3273 haec

2210 3304 2442 3371 habent,
2469 3304 2594 3375 quid
2640 3321 2743 3361 non
2774 3305 3009 3361 habent?
3036 3306 3175 3376 Quid
3201 3316 3283 3362 est
3318 3308 3664 3378 Baptismus?
3695 3310 3791 3365 Sa-

2209 3402 2560 3450 cramentum.
2590 3396 2727 3451 Audi
2756 3397 3067 3467 Apostolum
3093 3437 3108 3463 ,
3137 3397 3198 3452 Si
3227 3398 3385 3452 sciero
3411 3399 3585 3452 omnia
3618 3416 3791 3453 sacra-

2210 3496 2397 3542 menta.
2458 3487 2677 3542 Multum
2729 3496 2815 3544 est
2873 3490 3015 3544 scire
3068 3489 3247 3544 omnia
3296 3490 3387 3545 Dei
3436 3500 3791 3545 sacramenta.

2209 3579 2643 3651 Quantacumque
2679 3581 2908 3636 sciamus
2951 3593 3313 3647 sacramenta,
3351 3583 3473 3652 quis
3510 3584 3662 3638 novit
3702 3583 3794 3638 Dei

2209 3672 2388 3726 omnia
2410 3671 2776 3726 sacramenta?
2797 3672 2931 3740 Quid
2958 3674 3032 3726 ait
3052 3674 3382 3742 Apostolus?
3409 3673 3471 3729 Si
3498 3675 3662 3728 sciero
3688 3690 3796 3728 om-

2210 3764 2297 3817 nia
2333 3774 2681 3831 sacramenta,
2719 3764 2765 3821 si
2794 3763 3005 3818 habeam
3032 3782 3229 3819 omnem
3267 3766 3606 3837 prophetiam.
3644 3766 3795 3823 Adde

2209 3855 2385 3910 adhuc
2405 3897 2421 3921 ,
2449 3865 2497 3910 et
2516 3873 2713 3911 omnem
2739 3858 3018 3912 scientiam.
3040 3858 3145 3914 Sed
3174 3859 3241 3914 de
3268 3859 3368 3914 fide
3394 3860 3631 3915 dixeras.
3660 3860 3795 3917 Audi

2210 3949 2414 4017 adhuc,
2448 3950 2511 4005 Si
2549 3950 2759 4005 habeam
2796 3968 2993 4005 omnem
3020 3952 3190 4020 fidem.
3234 3952 3459 4007 Difﬁcile
3487 3963 3571 4007 cst
3601 3953 3797 4010 habere

2209 4055 2423 4095 onmem
2451 4040 2608 4096 ﬁdem
2626 4083 2640 4107 ,
2669 4040 2937 4111 quomodo
2964 4040 3179 4098 difﬁcile
3203 4051 3286 4097 est
3308 4058 3469 4098 nosse
3495 4045 3681 4098 omnia
3709 4060 3793 4099 sa-

2210 4143 2504 4188 cramenta.
2553 4134 2620 4187 Et
2658 4134 2783 4204 quid
2830 4143 2914 4189 est
2942 4134 3083 4205 quod
3127 4134 3289 4201 dicit,
3329 4136 3573 4190 omnem?
3616 4135 3704 4189 Ita
3744 4144 3795 4189 ut

2211 4233 2404 4278 montes
2433 4228 2771 4295 transferam;
2792 4224 3086 4280 charitatent
3114 4236 3284 4280 autem
3309 4242 3410 4279 non
3439 4226 3689 4292 habeam,
3719 4226 3794 4280 ni-

2212 4316 2287 4370 hil
2311 4333 2423 4370 sum
2458 4315 2566 4390 (Id.
2589 4333 2701 4379 xm,
2723 4318 2800 4388 ‘2).
2827 4317 3107 4384 lntendite,
3134 4317 3348 4383 fratres;
3379 4318 3642 4373 intendite
3662 4359 3679 4385 ,
3705 4318 3795 4373 ob»

2212 4423 2367 4465 secro
2394 4425 2518 4476 vos,
2547 4411 2787 4481 Apostoli
2814 4426 3018 4477 vocem,
3046 4419 3103 4466 et
3130 4411 3310 4465 videte
3333 4425 3500 4481 quare
3529 4426 3654 4465 cum
3679 4418 3793 4464 ωηεν

2214 4502 2281 4557 tis
2308 4502 2576 4558 laboribus
2604 4514 2661 4559 et
2698 4503 2949 4572 periculis
2989 4502 3179 4558 fratres
3222 4512 3433 4557 nostros
3474 4516 3790 4572 qureramus.

2211 4592 2455 4649 Charitas
2482 4608 2576 4649 eos
2600 4595 2789 4664 qurerit
2816 4593 2881 4649 de
2906 4594 3155 4650 cordibus
3181 4593 3395 4648 nostris.
3438 4591 3666 4663 Propter
3692 4596 3792 4663 fra-

2212 4695 2313 4739 tres
2335 4701 2472 4739 meas
2500 4694 2547 4738 et
2572 4685 2876 4755 prapinquos
2905 4700 3059 4750 meos,
3085 4684 3213 4739 dicit
3250 4683 3494 4738 Psalmus
3514 4724 3530 4748 ,
3562 4684 3793 4753 loquebar

2212 4792 2387 4847 pacem
2410 4775 2474 4829 de
2497 4786 2544 4830 te
2584 4774 2753 4845 (Psal.
2773 4791 2917 4831 cxxn
2937 4816 2952 4843 ,
2982 4776 3076 4847 8),
3109 4775 3175 4830 ad
3216 4784 3457 4829 sanctam
3499 4775 3790 4830 Jerusalem

2210 4869 2453 4940 loquens.
2480 4868 2666 4923 Videte
2684 4884 2811 4938 ergo
2830 4908 2844 4934 ,
2870 4870 3057 4923 fratres
3082 4868 3219 4931 mei,
3243 4867 3368 4936 quid
3391 4866 3526 4921 dixit
3567 4868 3790 4936 Aposto-

2212 4959 2298 5015 lus
2329 4976 2343 5014 :
2372 4958 2433 5015 Si
2456 4959 2675 5014 habuero
2713 4959 2885 5013 omnia
2907 4968 3241 5021 sacramenta,
3270 4973 3468 5011 omnem
3494 4958 3754 5012 scientiam
3772 4993 3787 5019 ,

2214 5051 2550 5122 prophetiam,
2570 5050 2742 5120 ﬁdem.
2757 5049 2972 5117 Qualem
2997 5048 3195 5103 ﬁdem?
3224 5047 3306 5101 Ita
3326 5056 3382 5102 ut
3410 5058 3606 5102 montes
3627 5058 3787 5101 trans-

2216 5142 2376 5211 feram
2399 5157 2420 5208 ;
2448 5141 2745 5195 charitatem
2768 5150 2933 5193 autem
2963 5156 3063 5193 non
3088 5138 3295 5192 habeant
3314 5179 3327 5202 ,
3367 5136 3496 5191 nihil
3520 5154 3656 5191 sum.
3683 5135 3790 5191 Non

2211 5232 2376 5300 dixit,
2410 5231 2500 5286 illa
2523 5232 2699 5286 omnia
2724 5230 2854 5286 nihil
2878 5239 3021 5295 sunt;
3048 5229 3165 5297 sed,
3186 5231 3231 5283 si
3254 5230 3551 5285 charitatem
3571 5245 3674 5282 non
3702 5231 3787 5279 Ita-

2211 5324 2383 5391 beam,
2418 5325 2547 5379 nihil
2582 5341 2714 5379 sum.
2760 5323 2889 5392 Quis
2925 5323 3067 5378 enim
3115 5322 3335 5377 demens
3374 5320 3615 5386 diceret,
3657 5315 3787 5373 Nihil

2212 5426 2337 5471 sunt
2357 5416 2451 5471 Dei
2477 5415 2845 5471 sacramenta?
2869 5415 2999 5481 Quis
3026 5414 3247 5469 demens
3271 5413 3507 5476 diceret,
3537 5411 3679 5466 Nihil
3715 5417 3788 5463 est

2212 5506 2486 5577 prophetia
2506 5548 2522 5573 ,
2550 5506 2683 5561 nihil
2721 5506 2939 5561 scientia
2959 5544 2977 5573 ,
3017 5504 3149 5559 nihil
3193 5503 3364 5557 ﬁdes?
3396 5502 3513 5557 Non
3543 5502 3633 5556 illa
3663 5496 3785 5555 nihil

2211 5608 2368 5663 sunt;
2392 5598 2483 5654 sed
2510 5613 2629 5652 cum
2652 5598 2737 5652 illa
2762 5612 2950 5667 magna
2978 5595 3112 5659 sint,
3141 5609 3241 5665 ego
3262 5609 3451 5663 magna
3477 5592 3681 5649 habens
3702 5630 3717 5654 ,
3745 5588 3787 5643 si

2212 5690 2506 5743 cbaritatem
2534 5705 2633 5742 non
2655 5687 2896 5753 habeam,
2928 5686 3057 5741 nihil
3080 5702 3207 5740 sum.
3233 5686 3417 5755 Magna
3443 5684 3532 5739 illa
3556 5691 3709 5745 sunt,
3735 5688 3787 5736 et

2213 5797 2399 5853 magna
2430 5780 2619 5846 habeo,
2643 5789 2698 5835 et
2720 5779 2852 5835 nihil
2877 5796 2993 5835 sum
3020 5778 3067 5835 si
3100 5777 3409 5833 cbaritatem
3436 5792 3542 5831 non
3582 5775 3745 5830 habeo
3764 5811 3781 5833 ο

2213 5891 2308 5945 per
2334 5888 2489 5945 quam
2514 5872 2640 5928 mihi
2665 5880 2883 5943 prosunt
2908 5887 3025 5944 qute
3056 5885 3242 5941 magna
3272 5878 3409 5925 sunt.
3438 5868 3492 5924 Si
3515 5866 3652 5923 cnim
3682 5877 3783 5919 non
