4026 6500
283 354 388 409 695

282 468 452 521 habeo
473 463 816 528 charitatem,
848 462 935 518 illa
977 462 1154 517 inesse
1180 471 1428 531 possunt,
1470 460 1727 532 prodesse
1754 473 1860 513 non

283 566 523 628 possunt.

352 649 405 702 ι.
440 644 670 702 Attende
696 658 842 714 ergo,
873 643 1064 711 frater;
1090 642 1328 709 attende,
1358 642 1581 698 obsecro
1607 650 1680 696 te.
1715 640 1861 695 Dicis

282 739 433 804 mihi,
462 737 600 808 Quid
629 751 716 792 me
738 735 975 807 quieris?
996 734 1335 805 llespondeo,
1363 734 1496 800 Quia
1531 733 1694 787 frater
1716 746 1866 786 meus

282 848 362 889 es.
396 829 707 901 ReSpondes
736 828 866 883 mihi
890 836 946 883 et
980 826 1143 894 dicis,
1170 827 1225 884 Si
1254 827 1421 896 perii,
1453 825 1577 896 quid
1611 840 1698 880 me
1721 840 1869 895 quic-

284 924 397 983 ris?
426 924 495 979 Et
522 928 622 993 ego
648 920 969 991 respondeo.
999 920 1181 976 Sinon
1206 919 1439 989 perisses
1462 959 1477 982 ,
1507 933 1612 972 non
1662 932 1869 988 quaere-

284 1032 422 1074 rem.
452 1014 586 1081 Quid
618 1029 704 1069 me
730 1014 958 1083 qutcris,
987 1012 1120 1068 dicis
1163 1012 1331 1067 mihi?
1360 1014 1403 1067 si
1426 1010 1557 1082 perii
1583 1052 1597 1075 ,
1626 1009 1751 1082 quid
1781 1024 1868 1066 me

282 1108 515 1180 quieris?
553 1107 683 1163 Cum
716 1123 816 1176 ego
874 1106 1225 1178 respondeam
1250 1148 1264 1171 ,
1294 1106 1486 1175 Quaero
1515 1105 1633 1177 quia
1659 1104 1866 1175 peristi.

283 1200 356 1254 Et
397 1215 565 1270 quare
609 1196 831 1270 quarro?
857 1213 964 1269 quo
1013 1198 1185 1253 fructu
1223 1197 1440 1267 qumro?
1467 1196 1537 1254 Ut
1588 1195 1869 1266 aliquando

282 1290 496 1345 dicatur
521 1290 671 1357 mihi,
706 1287 885 1343 Frater
908 1299 1025 1344 tuus
1046 1300 1273 1345 mortuus
1298 1299 1485 1355 erat,et
1506 1289 1720 1351 revixit;
1750 1305 1869 1358 per-

284 1383 414 1435 ierat
466 1390 515 1437 et
546 1381 774 1436 inventus
798 1388 869 1436 est
894 1379 1056 1451 (Luc.
1092 1396 1200 1445 xv,
1225 1381 1346 1451 52).
1378 1380 1691 1451 Respondes
1708 1389 1763 1435 et
1790 1379 1871 1434 di-

282 1473 363 1526 cis
385 1470 539 1536 mihi,
575 1470 677 1526 Sed
706 1470 877 1526 habeo
901 1470 1321 1526 Sacramentum.
1351 1470 1528 1526 [labes
1553 1511 1568 1537 ,
1591 1483 1824 1539 agnosco
1853 1486 1867 1525 :

285 1573 509 1635 propter
552 1561 655 1618 hoc
697 1573 749 1618 te
799 1578 999 1633 quaero.
1048 1564 1287 1633 Magnam
1337 1578 1549 1619 causam
1596 1561 1868 1629 addidisti,

284 1668 454 1723 quare
480 1661 531 1708 te
555 1653 859 1725 diligentius
881 1669 1139 1723 quaram.
1188 1654 1313 1710 Ovis
1341 1663 1423 1709 est
1443 1655 1584 1708 enim
1614 1652 1682 1709 de
1708 1667 1871 1723 grege

286 1743 501 1798 Domini
533 1743 638 1799 mei
663 1787 676 1808 ,
706 1758 826 1799 cum
855 1743 1006 1814 signo
1044 1744 1232 1799 errasti
1264 1761 1278 1798 :
1320 1744 1439 1799 ideo
1467 1759 1649 1815 quaero
1679 1744 1867 1815 magis,

284 1834 410 1905 quia
451 1832 624 1904 ipsum
666 1834 878 1906 signum
905 1834 1091 1890 habes.
1141 1834 1318 1902 Quare
1365 1850 1523 1890 unam
1577 1834 1871 1890 Ecclesiam

285 1939 397 1979 non
445 1924 820 1995 possidemus?
854 1924 1029 1982 Unum
1059 1926 1266 1996 signum
1312 1925 1588 1990 habemus,
1619 1939 1784 1995 quare
1816 1924 1871 1981 in

286 2032 399 2073 uno
418 2018 544 2072 ovili
574 2033 679 2073 non
706 2017 927 2074 sumus?
973 2017 1098 2073 ideo
1128 2027 1179 2073 te
1218 2033 1422 2089 quacro,
1449 2026 1506 2072 ut
1548 2016 1651 2073 hoc
1678 2016 1872 2071 Sacra-

285 2118 530 2165 tnentum
554 2108 624 2165 sit
655 2108 747 2165 tibi
775 2109 831 2164 in
858 2109 1045 2164 salutis
1072 2108 1413 2178 adjutorium,
1444 2124 1549 2163 non
1576 2108 1629 2163 in
1654 2107 1875 2163 damna-

286 2198 453 2255 tionis
481 2199 860 2255 teStimonium.
878 2199 1058 2255 Nescis
1074 2200 1195 2270 quia
1208 2198 1450 2255 desertor
1467 2198 1537 2255 de
1565 2198 1873 2254 charactere

288 2292 597 2358 damnatur,
624 2290 691 2367 de
708 2307 815 2363 quo
838 2292 1068 2346 militans
1090 2290 1423 2345 honoratur?
1448 2290 1572 2346 Ideo
1591 2299 1643 2346 te
1666 2305 1870 2361 quaero,

288 2390 351 2436 ut
376 2396 482 2436 non
510 2396 696 2451 pereas
721 2397 841 2437 cum
868 2381 1038 2453 signo.
1062 2381 1257 2438 Salutis
1283 2381 1423 2437 enim
1450 2381 1658 2452 signant
1694 2390 1797 2449 est,
1827 2381 1873 2436 si

287 2472 492 2528 habeas
535 2472 781 2541 salutem,
811 2473 857 2528 si
898 2473 1098 2529 habeas
1133 2473 1467 2528 charitatem.
1500 2473 1609 2528 lloc
1636 2472 1778 2527 enim
1802 2472 1871 2527 si-

286 2579 453 2634 gnum
519 2564 705 2621 salutis
773 2573 923 2620 extra
991 2566 1082 2621 tibi
1136 2567 1310 2621 inesse
1372 2573 1583 2635 potest,
1618 2564 1875 2636 prodesse

287 2668 399 2710 non
455 2665 647 2727 potest.
713 2656 889 2722 Veni,
934 2666 991 2712 ut
1039 2657 1206 2728 prosit
1260 2658 1351 2713 tibi
1398 2656 1539 2729 quod
1585 2656 1816 2711 habebas
1854 2671 1872 2711 :

288 2766 399 2803 non
442 2758 500 2804 ut
539 2749 768 2819 accipias
811 2750 957 2820 quod
1009 2750 1289 2806 habebas:
1332 2749 1427 2805 scd
1490 2758 1548 2805 ut
1619 2748 1875 2820 prodesse

291 2840 390 2894 tibi
428 2839 644 2910 incipiat
695 2840 838 2910 quod
877 2840 1112 2896 habebas
1139 2882 1155 2907 ,
1197 2850 1251 2897 et
1290 2841 1521 2911 accipias
1579 2840 1721 2911 quod
1767 2855 1874 2895 non

290 2929 552 2986 habebas.
597 2930 840 2987 Habebas
892 2931 1034 2987 enim
1079 2933 1289 3002 signum
1337 2933 1503 3002 pacis,
1557 2932 1723 3004 ipsam
1777 2945 1877 3000 pa-

288 3030 410 3071 cem
460 3031 565 3071 non
622 3015 875 3072 habebas.
910 3015 966 3071 ln
1024 3017 1185 3071 domo
1222 3016 1334 3083 illa,
1364 3017 1417 3072 id
1460 3024 1563 3083 est,
1588 3018 1639 3070 in
1682 3026 1731 3071 te
1759 3016 1874 3071 dis-

288 3104 476 3161 cordia
531 3105 820 3174 habitabat,
851 3115 905 3162 et
947 3107 1005 3162 in
1029 3106 1216 3163 limine
1261 3107 1441 3163 titulos
1473 3107 1619 3178 pacis
1658 3105 1872 3177 ﬁgebat.

290 3196 542 3266 Agnosco
562 3196 771 3264 titulos,
792 3196 884 3253 sed
910 3213 1094 3269 quzero
1119 3197 1465 3254 habitantem.
1491 3197 1636 3268 Lego
1664 3196 1876 3252 titulum

298 3286 470 3357 pacis,
500 3287 827 3357 Baptismum
853 3289 909 3344 in
952 3290 1167 3345 nomine
1197 3289 1368 3345 Patris
1392 3298 1446 3345 et
1474 3289 1592 3344 Filii
1627 3297 1682 3344 et
1707 3287 1879 3359 Spiri-

297 3389 385 3432 tus
409 3381 595 3434 sancti.
619 3379 823 3435 Titulus
846 3380 994 3453 pacis
1008 3391 1109 3447 est,
1134 3381 1286 3451 lego:
1315 3382 1436 3453 quis
1457 3380 1658 3437 habitat
1673 3394 1874 3452 quaero,

298 3469 514 3523 fratrem
577 3484 754 3526 meum
817 3469 1070 3537 attendo,
1129 3471 1338 3526 titulum
1407 3473 1553 3542 pacis
1623 3489 1876 3547 agnosco.

295 3561 474 3629 ipsum
496 3570 550 3616 et
575 3577 676 3633 ego
696 3560 867 3617 habeo
894 3579 909 3616 :
939 3562 1138 3618 intrare
1176 3562 1316 3618 volo.
1360 3561 1499 3630 Quid
1528 3572 1644 3631 est,
1676 3566 1877 3624 intrare

294 3652 453 3708 volo?
478 3654 718 3710 Fratrem
759 3669 844 3710 me
869 3655 1052 3726 accipe
1072 3698 1087 3722 ,
1117 3665 1173 3710 ut
1212 3655 1370 3712 simul
1396 3671 1611 3713 oremus
1640 3658 1873 3715 Patrem.

293 3745 411 3801 Non
440 3754 612 3803 tecum
641 3764 757 3802 oro.
802 3748 962 3804 Tituli
994 3750 1140 3821 pacis
1168 3756 1313 3815 sunt,
1345 3759 1402 3806 et
1441 3751 1573 3807 mihi
1610 3752 1877 3810 discordia

296 3836 653 3892 contradicit?
690 3837 853 3893 Plane
880 3836 1153 3904 laborabo,
1182 3838 1467 3908 adjuvante
1494 3841 1751 3907 Domino,
1782 3843 1882 3914 eji-

294 3942 421 3983 cere
466 3928 786 3985 discordiam
828 3930 965 3984 male
1009 3930 1368 4000 possidentem
1393 3973 1409 3998 ,
1450 3940 1508 3986 et
1541 3932 1879 3992 introducere

293 4033 483 4088 pacem
534 4029 782 4091 tanquam
820 4019 1114 4091 legitimum
1154 4035 1537 4090 possessorem.
1578 4022 1712 4078 Cum
1748 4040 1879 4096 ergo

294 4110 616 4165 discordiam
664 4109 908 4175 excludo,
946 4125 1129 4179 pacem
1174 4110 1481 4179 introduco,
1514 4111 1696 4168 titulos
1733 4112 1880 4184 pacis

294 4217 461 4271 quare
480 4201 725 4271 depono?
756 4200 883 4255 Dico
908 4201 1063 4270 plane
1093 4199 1319 4254 Domino
1358 4216 1479 4256 meo
1508 4219 1521 4254 :
1553 4201 1598 4258 0
1624 4201 1835 4259 Christe
1858 4245 1876 4272 ,

294 4292 387 4361 qui
411 4305 592 4359 cspax
620 4300 824 4357 nostra,
859 4290 949 4360 qui
976 4287 1148 4345 fecisti
1179 4298 1402 4360 utraque
1449 4307 1613 4345 unum
1646 4291 1875 4365 (Ep/tes.

192 4460 201 4471 θ
297 4401 358 4449 ιι,
389 4382 491 4455 ιι)
508 4425 525 4452 ,
551 4382 634 4439 fac
658 4399 756 4439 nos
784 4400 965 4447 unum.
996 4393 1054 4440 ut
1078 4392 1222 4440 recte
1241 4394 1539 4453 cantemus,
1560 4384 1694 4440 Ecce
1716 4402 1870 4458 quam

296 4476 485 4530 bonum
518 4482 566 4529 et
606 4491 756 4545 quam
783 4474 1099 4546 jucundum,
1117 4475 1341 4530 habitare
1388 4478 1570 4548 fratres
1617 4477 1672 4531 in
1723 4494 1882 4535 unum

298 4565 471 4639 (Psal.
498 4580 702 4629 cxxxtt,
728 4563 794 4636 l)
823 4570 836 4621 ι
867 4565 1114 4622 Introduc
1130 4566 1497 4635 concordiam,
1521 4567 1659 4638 pelle
1675 4567 1882 4623 discor-

298 4657 440 4712 diam
474 4675 487 4711 :
517 4656 764 4713 introduc
807 4667 858 4713 te
886 4659 1055 4729 ipsum
1103 4658 1157 4713 in
1186 4657 1365 4713 titulos
1392 4666 1528 4712 tuos.
1558 4657 1639 4714 Tu
1674 4674 1831 4716 mane
1864 4678 1876 4715 :

300 4763 406 4803 non
432 4750 567 4803 alter
588 4749 856 4818 possideat
881 4792 896 4816 ,
928 4759 982 4804 ct
1005 4750 1073 4805 de
1098 4750 1201 4805 tuis
1229 4750 1394 4804 titulis
1426 4748 1592 4804 fallat.
1628 4749 1707 4805 Tu
1734 4758 1878 4805 muta

300 4841 458 4895 istum
486 4840 953 4904 contradictorem,
997 4840 1085 4908 qui
1113 4856 1216 4894 una
1244 4840 1373 4895 hora
1400 4840 1450 4893 in
1476 4854 1634 4896 cruce
1662 4842 1877 4897 mutasti

302 4930 562 4986 latronem
593 4927 746 5000 (Luc.
770 4940 923 4995 xxm,
954 4927 1164 4998 40-45).

371 5021 425 5075 5.
469 5020 536 5075 Et
579 5029 726 5076 certe
756 5019 1029 5073 videamus
1050 5017 1177 5089 quid
1215 5016 1398 5073 habes.
1434 5017 1616 5073 Habeo
1641 5059 1654 5081 ,
1686 5017 1877 5088 inquit,

298 5113 736 5177 sacramentum,
790 5109 958 5165 habeo
1004 5108 1353 5179 Baptismum.
1410 5108 1467 5163 Si
1520 5108 1690 5163 dicam
1744 5108 1878 5178 tibi,

302 5200 471 5255 Proba
497 5218 510 5255 :
539 5200 773 5254 ostendis
794 5199 923 5254 mihi
950 5198 1073 5269 quid
1103 5198 1374 5269 acceperis
1397 5240 1413 5265 ,
1443 5197 1575 5254 dicis
1594 5196 1719 5269 quid
1748 5214 1873 5254 con-

300 5292 472 5347 fessus
500 5291 683 5357 fueris,
724 5290 855 5345 dicis
890 5290 1015 5361 quid
1046 5300 1248 5346 teneas.
1279 5291 1553 5365 Agnosco,
1583 5304 1687 5344 non
1712 5299 1878 5357 muto,

301 5400 406 5437 non
436 5381 681 5436 exsufﬂo.
705 5381 858 5436 Absit
884 5391 939 5435 ut
962 5396 1080 5434 cum
1108 5395 1290 5450 quer
1315 5380 1537 5435 salutem
1565 5380 1877 5448 desertoris,

299 5476 489 5531 faciam
514 5474 760 5545 injuriam
782 5472 1108 5544 imperatori.
1139 5472 1277 5543 Ergo
1307 5472 1538 5542 probasti
1578 5470 1705 5526 mihi
1737 5471 1878 5543 quod

301 5568 500 5623 habeas
538 5566 939 5622 Sacramentum
965 5606 981 5634 ,
1030 5565 1346 5635 exponendo
1406 5564 1805 5620 Sacramentum
1836 5566 1876 5619 '.

361 5791 377 5823 ⁵
420 5797 580 5851 forte,
602 5802 708 5852 pro,
730 5787 1025 5853 exponendo,
1044 5786 1327 5852 legendum,
1350 5801 1434 5852 ego
1457 5802 1547 5840 non
1572 5790 1649 5840 do.

1063 347 1290 402 SERMU
1330 346 1420 400 AD
1456 342 1947 400 CA‘ZSAllEENSlS
1974 343 2325 402 ECCLESIIE
2365 346 2653 402 PLEBEM.

3433 350 3545 405 691*

1969 457 2214 519 Probasti
2240 458 2369 514 mihi
2398 468 2449 514 te
2471 459 2666 515 habere
2696 457 2854 514 fidem
2889 474 2902 512 :
2936 459 3096 529 proba
3122 459 3248 514 mihi
3277 459 3417 529 quod
3445 458 3550 514 han-

1968 549 2097 605 heas
2143 550 2487 617 eharitatem;
2537 561 2658 607 lene
2702 552 2976 607 unitatem.
3028 549 3161 606 Nolo
3201 550 3332 606 mihi
3376 551 3545 619 dicas,

1971 640 2153 696 Habeo
2181 641 2538 697 cltaritatem:
2575 642 2761 710 proba.
2808 636 2984 699 Unum
3010 641 3223 698 Patrem
3268 641 3545 706 habemus,

1970 733 2128 787 simul
2154 749 2387 788 oremus.
2417 733 2554 802 Quid
2594 743 2648 788 tu
2675 734 2809 789 dicis
2834 775 2847 799 ,
2877 733 3089 805 quando
3116 749 3238 789 oras
3261 774 3278 800 ,
3302 748 3431 805 rogo
3458 731 3544 788 te!

1971 822 2128 879 Pater
2154 835 2341 892 noster,
2371 826 2456 894 qui
2483 842 2535 881 es
2572 828 2623 881 in
2647 825 2784 881 aclis
2806 824 3014 900 (Matth.
3044 842 3097 881 Vl
3115 865 3132 892 ,
3156 825 3191 882 9
3210 826 3249 896 ).
3289 826 3398 880 Deo
3430 840 3550 896 gra-

1973 916 2093 979 tias.
2122 914 2421 971 Secundum
2454 918 2813 986 magisterium
2843 918 3051 973 Domini
3078 917 3245 973 nostri
3273 915 3548 980 addidisti.

1970 1007 2058 1077 qui
2085 1024 2138 1063 es
2157 1008 2208 1061 in
2249 1007 2408 1063 ralis.
2451 1009 2698 1080 Singulos
2718 1011 2859 1066 cnim
2886 1020 3065 1081 patres
3115 1009 3441 1066 habebamus
3498 1011 3550 1066 in

1972 1098 2129 1153 terris
2153 1140 2169 1165 ,
2203 1116 2364 1155 unum
2405 1101 2703 1156 invenimus
2724 1102 2878 1156 simul
2899 1103 2949 1157 in
2981 1103 3151 1158 caelis.
3181 1102 3335 1158 Pater
3361 1112 3547 1168 noster,
3573 1152 3576 1155 .

1974 1190 2058 1259 qui
2084 1206 2135 1243 es
2175 1190 2227 1244 in
2249 1192 2384 1245 cmlis
2413 1207 2432 1245 :
2474 1192 2644 1262 ipsum
2675 1193 2892 1248 invocas
2914 1193 3144 1249 Patrem.
3175 1194 3332 1249 Pater
3370 1202 3569 1249 noster-

1976 1296 2133 1335 unam
2177 1282 2456 1354 conjugetn
2500 1283 2665 1339 voluit
2708 1283 2944 1341 habere:
2995 1286 3083 1355 qui
3118 1299 3246 1356 ergo
3269 1285 3556 1341 adoramus

1974 1391 2137 1430 unum
2159 1376 2395 1443 Patrem,
2421 1392 2588 1446 quare
2612 1393 2718 1432 non
2743 1378 3079 1449 agnoscimus
3109 1394 3266 1433 unam
3290 1380 3555 1433 matrem?

1972 1467 2027 1524 Si
2058 1476 2238 1523 natum
2267 1478 2318 1523 te
2346 1468 2481 1525 dicis
2505 1469 2574 1525 de
2601 1470 2704 1525 alia
2726 1510 2742 1537 ,
2782 1478 2838 1527 et
2879 1469 2947 1526 de
2991 1471 3110 1525 sinu
3153 1471 3327 1525 alieno
3358 1470 3471 1541 ipsa
3500 1480 3555 1525 te

1974 1561 2178 1631 peperit
2208 1558 2303 1634 (a).
2330 1560 2480 1629 Quod
2523 1561 2632 1617 dixi
2657 1601 2672 1625 ,
2695 1578 2800 1617 non
2826 1577 3013 1616 omnes
3056 1561 3349 1632 intelligere
3376 1561 3554 1630 potui-

1974 1656 2093 1710 stis.
2122 1654 2373 1710 Novimus
2404 1670 2499 1724 per
2529 1655 2792 1725 legitimas
2813 1654 3068 1725 conjuch
3102 1653 3295 1709 factum
3325 1669 3466 1719 esse,
3493 1663 3554 1707 ut

1974 1747 2133 1801 etiam
2170 1745 2257 1816 qui
2298 1760 2405 1800 non
2431 1745 2497 1800 dc
2540 1746 2786 1816 legitimis
2830 1744 3143 1816 coniugibus
3188 1752 3553 1809 nascerentur,

1976 1840 2028 1891 in
2067 1836 2256 1892 eadem
2296 1828 2606 1892 haereditate
2632 1836 2961 1890 sociarentur
2994 1853 3008 1890 :
3040 1834 3142 1890 hoc
3166 1835 3409 1888 voluntas
3430 1848 3556 1888 con-

1968 1928 2111 2000 jugis
2136 1928 2275 1984 fecit.
2299 1927 2430 1983 Nam
2483 1928 2668 1983 lsmael
2698 1926 3067 1984 ethredatus
3095 1934 3194 1983 est.
3224 1927 3395 1996 ipsum
3426 1925 3556 1982 Sara

1978 2028 2251 2090 pepererat
2273 2060 2287 2083 ,
2315 2019 2412 2074 etsi
2445 2018 2512 2074 de
2541 2027 2692 2073 utero
2730 2019 2924 2075 alieno.
2943 2020 3074 2074 Sara
3103 2027 3381 2088 pepererat
3409 2026 3559 2070 utero

1974 2113 2152 2168 alieno
2172 2153 2186 2177 ,
2224 2121 2348 2165 voto
2376 2124 2493 2165 suo.
2521 2109 2637 2179 lpsa
2662 2109 2805 2165 enim
2843 2108 2998 2175 dixit,
3034 2108 3163 2162 Volo
3185 2107 3326 2162 enim
3362 2107 3430 2161 de
3459 2106 3585 2160 ista:

1976 2204 2106 2259 mihi
2135 2203 2270 2258 ﬁlios
2300 2202 2483 2258 facias.
2532 2202 2603 2258 Et
2643 2202 2762 2258 ideo
2798 2201 2922 2256 fecit
2947 2199 3214 2256 Abraham
3240 2198 3401 2271 (Gen.
3447 2214 3583 2259 va,

1974 2296 2121 2366 2-4).
2149 2295 2291 2352 Uxor
2318 2297 2459 2351 enim
2480 2312 2580 2350 non
2606 2295 2755 2350 habet
2780 2304 3071 2366 potestatem
3093 2291 3319 2363 corporis
3342 2291 3442 2355 sui,
3470 2291 3560 2344 sed

1976 2388 2052 2443 vir
2080 2403 2100 2442 :
2142 2386 2390 2451 similiter,
2439 2386 2649 2441 vir'non
2694 2385 2840 2439 habet
2868 2393 3159 2455 potestatem
3205 2382 3429 2453 corporis
3454 2381 3558 2441 sui,

1976 2477 2064 2532 sed
2089 2477 2268 2532 mulier
2296 2474 2501 2549 (lCor.
2530 2491 2623 2541 vn,
2672 2475 2766 2545 4).
2794 2474 2925 2529 Nam
2974 2473 3110 2528 filius
3156 2479 3317 2535 esset,
3359 2472 3402 2525 si
3453 2485 3559 2525 non

1977 2567 2324 2637 superbisset.
2351 2567 2622 2636 Superbus
2638 2576 2720 2621 est
2742 2564 3114 2621 exhaercdatus
3137 2561 3347 2618 lsmael.
3378 2563 3560 2616 Erexit

1978 2659 2120 2714 enim
2160 2657 2354 2713 ancilla
2393 2657 2679 2724 cervicem,
2707 2665 2764 2711 ut
2791 2654 3012 2724 diceret,
3043 2653 3189 2724 Ejice
3238 2653 3477 2708 ancillam
3513 2663 3561 2705 et

1979 2749 2141 2817 ﬁlium
2162 2749 2307 2819 ejus;
2332 2764 2433 2802 non
2461 2747 2592 2803 enim
2617 2746 2775 2801 [neres
2803 2747 2896 2800 erit
2923 2745 3059 2815 ﬁlius
3078 2745 3278 2799 ancilla:
3311 2759 3427 2798 cum
3451 2743 3583 2811 ﬁlio-

1978 2856 2088 2895 meo
2116 2839 2268 2895 Isaac
2312 2837 2475 2912 (Gen.
2503 2854 2612 2905 xxi,
2644 2836 2711 2893 10
2728 2837 2781 2910 )?
2805 2836 2934 2892 Nam
2958 2836 3035 2891 vis
3059 2849 3217 2891 nosse
3240 2833 3367 2905 quid
3390 2833 3563 2888 valeat

1978 2949 2108 3003 pax,
2137 2931 2262 3002 quid
2284 2930 2455 2986 valeat
2478 2929 2762 2985 concordia
2783 2970 2796 2993 ,
2824 2928 2948 2999 quid
2976 2928 3147 2984 valeat
3185 2925 3473 2992 humilitas,
3504 2933 3583 2981 et.

1978 3025 2105 3095 quid
2131 3022 2381 3094 impediat
2398 3021 2682 3094 superbiai
2712 3021 2984 3076 lsmaelem
3014 3018 3393 3085 exltmrcdavit,
3420 3016 3561 3071 lllios

1979 3125 2155 3171 autem
2184 3116 2495 3172 ancillarum
2521 3112 2590 3170 de
2613 3112 2779 3169 Jacob
2802 3154 2818 3181 ,
2847 3113 2967 3183 quia
2994 3122 3048 3167 et
3085 3111 3158 3167 illi
3187 3119 3243 3165 ut
3272 3124 3560 3165 nasceren-

1982 3217 2069 3264 tur
2091 3206 2333 3279 conjugia
2366 3206 2510 3278 justa
2550 3204 2865 3260 voluerunt:
2922 3202 3058 3257 filios
3086 3216 3214 3272 ergo
3249 3200 3561 3256 ancillarum

1979 3298 2047 3354 de
2073 3296 2258 3363 Jacob,
2291 3297 2535 3352 novimus
2576 3296 2627 3350 in
2666 3310 2826 3349 unam
2860 3292 3221 3349 hereditatem
3251 3290 3558 3345 advocatos.

1981 3389 2149 3447 Simul
2188 3389 2451 3445 numerati
2500 3395 2625 3443 sunt
2664 3401 2851 3442 omnes
2899 3384 3215 3455 patriarchae
3254 3381 3554 3449 duodecim,

1982 3480 2183 3539 nullum
2212 3480 2280 3537 ab
2302 3481 2472 3537 altero
2500 3478 2636 3534 uteri
2659 3477 2937 3533 diversitas
2974 3475 3258 3546 separavit,
3289 3472 3412 3544 quia
3437 3487 3558 3527 om-

1982 3587 2078 3626 nes
2097 3570 2329 3628 charitas
2366 3569 2606 3625 sociavit.
2648 3567 2784 3637 Quid
2828 3568 3049 3622 interest
3090 3581 3219 3636 ergo
3251 3564 3337 3619 ubi
3378 3563 3558 3632 Bapti-

1981 3678 2156 3718 smum
2179 3660 2484 3732 acceperis?
2508 3660 2807 3729 Baptismus
2827 3673 2978 3713 meus
2995 3665 3096 3723 est,
3115 3655 3243 3709 dicit
3273 3654 3363 3708 tibi
3388 3654 3520 3707 Sara
3546 3668 3560 3704 :

1983 3754 2285 3824 Baptismus
2306 3766 2456 3806 meus
2484 3760 2586 3817 est,
2615 3750 2746 3805 dicit
2769 3749 2859 3803 tibi
2879 3748 3096 3803 Rachel.
3118 3746 3236 3802 Noli
3261 3744 3557 3814 superbire,

1983 3844 2104 3899 veni
2146 3843 2213 3897 ad
2261 3824 2624 3896 haereditatem
2656 3858 2669 3894 :
2699 3840 2930 3894 maxime
2977 3839 3099 3908 quia
3131 3837 3243 3907 ipsa
3276 3835 3567 3890 hiereditas

1982 3950 2090 3990 non
2131 3941 2216 3989 est
2256 3932 2347 3987 illa
2385 3940 2525 3988 terra
2570 3946 2688 4001 qua:
2732 3930 2853 3984 data
2890 3939 2973 3984 est
3019 3929 3139 3984 filiis
3184 3928 3369 3986 Jacob.
3419 3926 3566 3982 Filiis

1984 4026 2147 4082 Israel
2170 4026 2288 4081 data
2317 4032 2398 4079 est
2427 4033 2567 4078 terra
2596 4040 2609 4077 :
2640 4032 2839 4093 quanto
2862 4036 2890 4075 a
2909 4021 3145 4092 pluribus
3173 4019 3561 4091 possidebatur,

1986 4126 2134 4172 tanto
2162 4116 2280 4186 plus
2302 4114 2702 4185 angustabatur.
2748 4112 3040 4168 lltereditas
3067 4122 3244 4166 nostra
3273 4126 3372 4181 pax
3400 4126 3560 4164 voea—

1986 4221 2090 4266 tur.
2127 4210 2523 4265 Testamentum
2573 4208 2692 4279 lego
2722 4225 2737 4261 :
2766 4205 2956 4261 Pacem
2996 4222 3157 4259 meam
3192 4205 3255 4258 do
3282 4203 3437 4267 vobis,
3468 4218 3564 4275 pa-

1984 4318 2091 4356 cem
2116 4316 2277 4355 meam
2315 4300 2541 4369 relinquo
2593 4298 2727 4354 vobis
2758 4296 2944 4371 (Joan.
2972 4313 3082 4363 xw,
3108 4295 3243 4369 27).
3274 4294 3441 4350 Simul
3487 4302 3565 4351 te-

1986 4407 2207 4448 neamus
2225 4390 2367 4462 quod
2391 4390 2552 4446 dividi
2580 4406 2684 4446 non
2712 4399 2906 4461 potest.
2931 4389 3045 4445 Non
3069 4405 3186 4446 eam
3209 4396 3567 4461 angustatnu-

1986 4498 2228 4541 merosus
2282 4498 2595 4555 possessor,
2644 4482 3054 4554 quanticumque
3107 4483 3377 4547 venerint;
3432 4480 3575 4535 sicut

1987 4575 2307 4647 promissum
2345 4584 2461 4641 est,
2490 4575 2582 4631 Sic
2623 4575 2715 4633 erit
2752 4592 2916 4629 semen
2954 4584 3094 4628 tuum
3126 4582 3364 4644 tanquam
3408 4571 3567 4626 stellae

1987 4667 2118 4732 cceli,
2148 4677 2197 4721 et
2220 4667 2349 4723 sicut
2376 4683 2533 4721 arena
2553 4681 2664 4736 qua:
2687 4664 2848 4721 estad
2876 4664 3064 4718 labium
3087 4664 3259 4728 maris,
3287 4661 3354 4717 In
3382 4663 3568 4717 semine

1988 4770 2075 4815 tuo
2093 4758 2445 4815 benedicentur
2470 4774 2640 4813 omnes
2671 4768 2839 4829 gentes
2865 4755 3027 4829 (Gen.
3056 4773 3196 4823 χχιι,
3226 4756 3313 4823 l7,
3343 4752 3461 4823 18).
3500 4751 3565 4806 Et

1987 4849 2110 4917 vidi,
2134 4849 2301 4920 inquit
2318 4849 2368 4902 in
2391 4846 2733 4920 Apocalypsi,
2762 4849 2943 4902 mullos
2963 4849 3015 4902 in
3039 4847 3180 4901 stolis
3204 4846 3330 4900 albis
3348 4887 3362 4910 ,
3394 4854 3439 4897 et
3470 4844 3564 4896 ha-

1990 4938 2155 4992 bentes
2180 4938 2397 5008 palmas,
2428 4953 2551 5006 quos
2575 4954 2840 4991 numerare
2860 4954 3004 4991 nemo
3027 4946 3204 5008 potest,
3227 4936 3475 4991 venientes
3503 4950 3579 4988 ea;

1988 5029 2219 5085 omnibus
2254 5030 2480 5101 gentibus
2515 5028 2696 5102 (Apoc.
2720 5045 2827 5096 vn,
2858 5029 2943 5099 9).
2982 5028 3238 5089 Veniant,
3269 5039 3452 5097 pacem
3484 5033 3565 5079 ιεο

1990 5130 2184 5186 neant;
2221 5131 2443 5192 angusta
2481 5135 2587 5175 non
2609 5121 2677 5175 sit
2704 5121 2720 5152 ί
2754 5132 2932 5175 nostra
2978 5118 3244 5189 possessio
3284 5114 3567 5185 Angustias

1989 5227 2093 5266 non
2120 5212 2264 5277 facit,
2307 5210 2410 5267 nisi
2448 5210 2560 5267 sola
2589 5211 2871 5268 dissensio.
2913 5212 3049 5265 Ecce
3073 5251 3087 5275 ,
3120 5208 3305 5263 fratres
3334 5205 3477 5271 mei,
3512 5218 3569 5260 ut

1988 5302 2257 5374 angustias
2296 5302 2468 5360 adhuc
2524 5303 2819 5374 patiamur,
2870 5300 3130 5355 dissensio
3200 5296 3324 5353 facit
3388 5295 3567 5352 fratris

1991 5395 2158 5450 nostri
2189 5411 2202 5449 :
2225 5396 2523 5449 consentiat
2549 5395 2600 5449 in
2624 5409 2751 5462 pace
2770 5435 2785 5460 ,
2808 5402 2862 5447 et
2891 5391 3025 5447 facta
3053 5399 3139 5446 est
3162 5389 3401 5445 latitudo.

2062 5486 2112 5541 6.
2143 5485 2245 5541 Sed
2276 5486 2401 5558 quid
2433 5484 2705 5549 faciamus,
2751 5484 2851 5539 nisi
2891 5481 3175 5537 fraternam
3205 5480 3563 5536 inﬁrmitatem

1989 5575 2238 5641 feramus,
2257 5587 2311 5631 et
2331 5591 2438 5631 non
2453 5573 2797 5631 deﬁciamus?
2814 5571 2989 5627 Sudor
3010 5575 3107 5628 istc
3127 5586 3277 5628 meus
3301 5568 3565 5628 credimus

2054 5731 2066 5760 '
2104 5734 2261 5787 Forte,
2284 5739 2374 5778 non
2398 5725 2470 5788 ﬁt.

2054 5792 2137 5853 (a).
2161 5796 2225 5840 De
2251 5785 2483 5852 Bai-tremo
2515 5792 2678 5839 contra
2696 5785 2988 5846 Donatistas,
3006 5786 3087 5838 lib.
3120 5787 3163 5850 ιι,
3186 5803 3230 5838 u.
3256 5788 3405 5839 33-23.
