4026 6462
248 411 343 466 697

245 522 382 594 quod
414 521 645 587 dixistis,
675 520 773 573 Aut
799 520 900 587 hic,
931 530 1016 573 aut
1041 538 1303 588 nusquam.
1335 521 1445 574 lloc
1470 521 1608 574 enim
1636 530 1688 575 et
1725 537 1821 575 nos

242 616 507 677 volumus,
538 623 593 667 ut
621 612 726 675 hic,
751 611 869 675 hic;
901 612 993 665 sed
1017 612 1067 665 in
1100 613 1317 677 unitate,
1376 612 1427 665 in
1469 628 1598 683 pace
1641 631 1654 667 :
1710 612 1817 677 hic,

242 707 361 769 hic;
395 705 490 759 sed
512 705 577 757 in
604 702 874 757 cbaritatis
900 704 1173 757 societate.
1204 704 1351 756 Tunc
1379 704 1515 758 bene
1551 704 1656 757 hic.
1686 704 1818 758 Nam

241 797 433 850 melius
460 809 716 864 nusquam
746 810 902 863 quam
931 795 1033 849 hic.
1064 795 1167 849 Sed
1218 804 1433 863 praestet
1458 796 1730 861 Dominus,
1762 807 1818 851 ut

238 886 323 940 hic
351 887 531 955 potius
556 900 713 954 quam
744 899 1022 953 nusquam.
1067 885 1121 939 Si
1163 900 1268 939 non
1300 885 1406 951 hic,
1452 887 1671 944 absitut
1713 902 1816 942 non

237 977 385 1042 alibi,
416 976 591 1031 absit:
622 975 738 1040 hic,
770 984 859 1029 aut
883 976 1029 1030 alibi.
1063 974 1317 1041 Audistis,
1356 977 1574 1030 audivit.
1600 978 1734 1045 Quid
1762 979 1816 1033 in

232 1069 347 1138 ejus
368 1069 551 1122 animo
579 1067 717 1121 Deus
754 1067 939 1137 egerit,
981 1067 1093 1135 ipse
1130 1068 1293 1121 novit.
1323 1066 1432 1121 Nos
1458 1067 1599 1121 enim
1630 1084 1814 1123 aurem

235 1161 537 1214 forinsecus
562 1159 918 1228 percutimus;
948 1157 1038 1212 ille
1064 1159 1209 1211 novit
1238 1159 1379 1213 intus
1408 1158 1573 1228 loqui,
1620 1159 1708 1213 ille
1734 1160 1816 1214 in-

231 1260 315 1306 tus
340 1250 597 1320 praedicat
620 1263 827 1319 pacem,
851 1262 950 1303 nec
965 1256 1141 1303 cessat
1161 1248 1450 1317 praedicare
1473 1249 1520 1304 si
1544 1249 1809 1305 audiatur.

931 407 1017 462 DE
1057 407 1297 463 GESTIS
1335 407 1475 463 CUM
1515 408 1837 473 EMERITO,
1879 407 1934 463 S.
1977 408 2339 469 AUGUSTINI
2381 417 2579 474 LIBER
2620 420 2816 477 UNUS.

3408 428 3510 485 698

1928 521 2112 577 Aderit
2160 529 2521 584 misericordia
2576 535 2709 602 ejus,
2756 534 3127 605 adjuvantibus
3173 540 3508 595 orationibus

1928 616 2140 681 vestris,
2175 627 2231 671 ut
2270 620 2337 672 sit
2364 620 2664 679 fructuosus
2692 626 2841 680 labor
2873 638 3073 683 noster.
3107 629 3305 683 Tamen
3334 631 3375 684 si
3412 630 3511 683 ho-

1926 706 2013 762 die
2036 713 2426 766 communicare
2469 717 2695 771 noluerit
2718 759 2731 782 ,
2762 721 3002 788 quamvis
3033 719 3236 791 fatigari
3277 740 3380 777 non
3420 724 3512 777 de-

1926 797 2145 853 beamus
2163 841 2175 864 ,
2202 803 2293 855 sed
2327 803 2523 859 instare
2549 817 2801 875 quantum
2841 823 3119 879 possumus
3142 854 3156 877 ,
3186 812 3507 881 debeamus;

1926 905 2027 944 nec
2067 892 2145 946 sic
2184 902 2357 947 tamen
2402 895 2605 964 fatigari
2635 895 2909 955 debemus.
2958 901 3171 956 Dill‘erri
3200 918 3502 972 possumus,

1924 980 2134 1038 auferre
2186 984 2489 1039 instantiam
2533 998 2764 1042 nostram
2810 1005 2909 1045 nec
2958 1006 3257 1061 possumus,
3291 1010 3387 1048 nec
3407 994 3505 1049 dc-

1925 1070 2130 1127 bemus.
2163 1074 2347 1129 Aderit
2392 1076 2483 1131 ille
2511 1079 2599 1147 qui
2638 1078 2739 1133 huc
2790 1081 2937 1135 illum
2976 1082 3041 1136 ad
3072 1098 3169 1137 nos
3212 1084 3498 1162 perduxit,

1923 1171 1982 1216 ut
2012 1179 2109 1218 nos
2139 1163 2296 1219 faciat
2322 1181 2440 1221 cum
2464 1167 2557 1221 illo
2596 1168 2647 1222 in
2680 1170 2879 1225 unitate
2921 1171 3192 1227 vobiscum
3229 1185 3283 1228 et
3323 1175 3373 1228 in
3404 1190 3500 1230 sua

1925 1268 2053 1323 pace
2081 1255 2331 1325 gaudere.

296 1379 708 1467 Sulijungendus
740 1378 839 1461 hoc
860 1380 981 1467 loco
1006 1380 1126 1461 erit,
1161 1380 1205 1462 si
1249 1381 1535 1467 aliquando
1559 1384 1895 1467 reperiat-urg
1911 1385 1991 1467 {id
2020 1386 2295 1441 Emeritam
2323 1390 2610 1467 episcopum
2657 1390 3057 1464 Donatistarum,
3111 1406 3219 1467 post
3256 1396 3501 1453 Collatia-

226 1467 360 1509 nem.
394 1450 518 1505 liber
538 1468 698 1516 unus;
722 1452 873 1520 cujus
903 1451 1020 1505 libri
1049 1452 1288 1505 meminit
1316 1450 1642 1522 Augustinus
1669 1454 1720 1507 in
1749 1456 1806 1511 lil.

1924 1458 2181 1521 Rctract.,
2208 1475 2326 1528 cap.
2354 1450 2452 1514 ΜΒ.

244 1612 269 1619 ,-

1297 1687 1405 1747 AD
1460 1687 1717 1748 GESTA
1763 1688 1927 1750 CUM
1978 1691 2383 1761 EMERITO,

1976 1583 1996 1585 θ
2107 1583 2117 1584 ,
2181 1583 2248 1585 γ*
2282 1583 3395 1595 __——________.___..

240 1583 3468 1634 Μ
2244 1619 3149 1632 __._.___.__._______
3318 1626 3417 1634 ..ω

1978 1616 2241 1625 _—__.——

3318 1626 3417 1634 φ.--

310 1808 470 1900 Vide
526 1806 718 1879 lib.2,
765 1825 913 1905 cap.’
956 1805 1083 1905 51τι
1114 1808 1681 1905 Relrgctationum,
1726 1818 1873 1905 t‘oln.
1920 1813 1979 1887 1,
2014 1815 2131 1876 col.
2188 1815 2328 1890 650,
2387 1838 2425 1878 a
2468 1819 2667 1881 verbis
2696 1867 2712 1889 ,
2768 1822 3115 1901 Aliquanto
3171 1824 3329 1905 post
3369 1829 3499 1890 col-

221 1887 563 1960 lationem,
593 1905 786 1965 usque
834 1884 913 1947 ad
950 1884 1216 1953 verbum,
1252 1886 1661 1949 Consulibus.
1747 1890 1834 1949 M.

239 2038 555 2045 ψ

241 2051 304 2086 In,
578 2051 610 2084 ,ε
645 2050 908 2084 mag,
929 2050 1056 2085 ΕΜ,
1992 2050 2629 2059 θὴ-

843 2166 984 2281 S.
1061 2169 1819 2282 AURELII
1891 2176 2898 2294 AUGUSTINI

1373 2359 1888 2427 HIPPONENSIS
1929 2364 2281 2432 EPISCOPI

524 2521 794 2660 DE
889 2515 1583 2664 GESTIS
1685 2517 2104 2666 CUM
2230 2528 3136 2678 EMERITO

697 2757 1081 2830 CZESAR
1100 2756 1419 2829 EENSI
1477 2758 1913 2832 DONATI
1932 2764 2395 2835 STABUM
2455 2767 2979 2839 EPISCOPO

1346 2909 1828 3016 LIBER
1919 2912 2134 3057 ΠΝ
2145 2914 2359 3022 U‘S.

1592 3098 2111 3153 *φΜῶ

226 3268 231 3289 ε
287 3238 342 3291 1.
379 3234 784 3292 Gloriosissimis
814 3234 1220 3306 imperatoribus
1244 3274 1257 3297 ,
1284 3228 1792 3286 lionorioduodeci-

212 3345 365 3384 mum
390 3371 405 3395 ,
434 3338 487 3383 et
526 3328 826 3384 Theodosio
850 3338 1094 3385 octavum
1123 3326 1428 3382 consulibus
1453 3324 1555 3395 (a),
1591 3321 1800 3378 duode-

214 3421 365 3475 cimo
392 3419 637 3475 calendas
667 3420 899 3475 octobris
923 3461 939 3487 ,
968 3418 1223 3475 Ctesareae
1250 3418 1302 3471 in
1330 3417 1553 3472 ecclesia
1576 3416 1758 3485 Majori
1781 3457 1798 3483 ,

212 3526 342 3566 cum
369 3511 640 3565 Deuterius
661 3511 941 3580 episcopus
964 3508 1404 3578 metropolitanus
1420 3507 1799 3573 Caesareensis,

213 3616 320 3655 una
345 3614 464 3655 cum
489 3601 682 3671 Alypio
705 3600 1051 3671 Thagastensi
1073 3640 1087 3665 ,
1110 3599 1408 3669 Augustino
1432 3597 1757 3667 Hipponensi
1781 3638 1798 3664 ,

214 3691 463 3747 Possidio
492 3692 790 3746 Calamensi
814 3733 830 3759 ,
864 3692 1082 3749 Rustico
1132 3690 1473 3746 Cartenitano
1499 3730 1514 3754 ,
1563 3687 1801 3742 Palladio

213 3781 532 3851 Tigabitano
556 3822 570 3846 ,
601 3791 655 3837 et
674 3782 880 3837 caeteris
900 3782 1163 3851 episcopis
1188 3822 1203 3846 ,
1230 3781 1282 3834 in
1305 3780 1553 3835 exedram
1580 3793 1800 3848 proces-

213 3874 454 3939 sissent,
506 3875 858 3943 prtesentibus
900 3873 1224 3943 presbyteris
1267 3881 1322 3927 et
1364 3871 1672 3925 diaconibus
1698 3911 1712 3935 ,
1748 3878 1803 3925 et

210 3966 474 4021 universo
515 3968 701 4033 clero,
748 3982 810 4021 ac
861 3965 1289 4035 frequentissima
1344 3964 1538 4034 plebe,
1590 3962 1803 4016 adesset

208 4059 376 4113 etiam
405 4058 673 4113 Emeritus
703 4057 867 4126 partis
896 4057 1084 4111 Donati
1114 4057 1433 4125 episcopus;
1474 4053 1802 4123 Augustinus

208 4150 499 4221 episcopus
525 4148 778 4205 Ecclesia:
807 4147 1085 4202 catholica:
1128 4146 1261 4201 dixit
1290 4165 1303 4201 :
1345 4145 1563 4199 Fratres
1599 4145 1802 4199 charis-

207 4243 336 4297 simi
364 4283 381 4303 ,
411 4241 502 4310 qui
532 4242 598 4295 ab
625 4240 774 4293 initio
798 4239 1051 4294 Catholici
1076 4238 1247 4293 fuistis
1274 4278 1289 4303 ,
1319 4246 1374 4291 et
1396 4236 1714 4305 quicumque
1735 4234 1801 4291 ad

206 4332 543 4386 Catholicam
570 4346 636 4383 ex
665 4329 1062 4383 Donatistarum
1109 4344 1291 4384 errore
1330 4327 1549 4383 venistis
1574 4369 1589 4393 ,
1621 4336 1675 4381 et
1705 4342 1801 4397 pa-

202 4440 332 4481 cem
364 4420 523 4490 hujus
550 4431 749 4477 sancta:
780 4421 1033 4477 Ecclesiae
1059 4421 1334 4476 catholica:
1358 4420 1680 4490 cognovistis
1703 4461 1717 4484 ,
1748 4427 1804 4475 et

210 4513 392 4571 veraci
416 4511 577 4567 corde
601 4514 848 4568 tenuistis
868 4554 883 4578 ,
905 4521 960 4568 et
979 4513 1068 4583 qui
1089 4513 1261 4568 adhuc
1281 4512 1417 4567 forte
1441 4511 1508 4567 de
1528 4512 1802 4567 catholicae

210 4603 437 4661 unitatis
462 4605 683 4658 veritate
715 4603 966 4659 dubitatis
991 4646 1005 4671 ,
1044 4605 1225 4660 audite
1257 4619 1356 4659 nos
1390 4602 1643 4658 sollicitos
1673 4618 1802 4673 pura

213 4696 504 4752 dilectione
532 4710 628 4763 pro
655 4696 828 4750 vobis.
856 4695 1083 4762 Quando
1114 4696 1256 4751 venit
1282 4695 1346 4750 ad
1371 4695 1506 4749 hanc
1533 4695 1803 4749 civitatem

215 4789 304 4842 die
333 4786 755 4841 nudiustertiana
796 4788 960 4842 frater
988 4796 1172 4841 noster
1203 4788 1470 4841 Emeritus
1500 4788 1803 4841 Donatista-

216 4895 335 4933 rum
364 4878 536 4932 adhuc
573 4878 895 4947 episcopus,
942 4879 1201 4946 perlatum
1248 4886 1330 4932 est
1375 4878 1441 4930 ad
1484 4893 1584 4931 nos
1630 4878 1804 4932 subito

219 4985 341 5023 eum
369 4984 489 5023 esse
518 4977 852 5036 praesentem.
910 4968 976 5021 Et
1016 4967 1266 5037 quoniam
1295 4966 1554 5021 charitate
1579 5007 1594 5032 ,
1645 4981 1802 5035 quam

222 5063 360 5116 Deus
387 5061 531 5115 videt
554 5103 568 5128 ,
592 5060 1027 5114 desiderabamus
1048 5059 1163 5127 ejus
1186 5058 1520 5128 praesentiam
1550 5072 1564 5121 ;
1590 5057 1655 5110 ad
1682 5072 1804 5111 eum

225 5152 508 5207 videndum
539 5152 793 5205 continuo
834 5150 1234 5205 convolavimus
1280 5167 1294 5203 :
1342 5147 1643 5203 invenimus
1682 5162 1803 5201 eum

223 5252 449 5297 stantem
482 5242 532 5296 in
560 5242 755 5311 platea.
786 5241 945 5297 Facta
979 5241 1202 5295 invicem
1232 5240 1548 5294 salutatione
1571 5281 1585 5305 ,
1622 5238 1807 5292 admo-

223 5336 433 5388 nuimus
460 5375 473 5397 ,
503 5333 641 5403 quod
669 5332 858 5387 durum
889 5341 1032 5387 esset
1060 5348 1123 5387 ac
1168 5341 1319 5403 turpe
1366 5347 1487 5386 eum
1532 5332 1584 5385 iu
1633 5331 1803 5401 platea

222 5440 500 5481 remanere
524 5465 540 5491 ,
572 5434 630 5479 ut
658 5424 724 5479 ad
753 5425 1035 5479 ecclesiam
1063 5424 1337 5479 nobiscum
1372 5425 1594 5479 veniret.
1623 5424 1690 5477 At
1717 5423 1806 5477 ille

224 5517 374 5571 nobis
400 5515 518 5569 sine
548 5515 651 5569 ulla
681 5515 1018 5570 recusatione
1045 5516 1315 5571 consensit
1343 5532 1357 5568 :
1391 5514 1479 5569 ubi
1518 5529 1617 5569 nos
1654 5522 1806 5582 puta-

222 5607 395 5661 vimus
419 5620 541 5660 eum
570 5606 638 5659 ita
662 5607 1093 5660 communionem
1119 5604 1430 5660 catholicam
1459 5620 1563 5659 non
1595 5619 1808 5658 recusa-

226 5707 397 5751 turum
416 5738 430 5760 ,
452 5696 898 5765 quemadmodum
923 5698 1003 5754 vel
1026 5707 1374 5769 spontaneum
1399 5697 1587 5753 obtulit
1610 5695 1806 5750 adven-

280 5807 355 5868 (ιι)
387 5806 557 5855 Christi
582 5818 706 5855 anno
730 5805 836 5855 418.

1908 3243 2017 3291 tum
2040 3279 2053 3304 ,
2084 3237 2167 3293 vel
2197 3238 2261 3292 ad
2293 3239 2571 3293 ecclesiam
2620 3241 2801 3295 venire
2843 3242 3059 3296 minime
3090 3242 3365 3297 dubitavit.
3397 3242 3490 3297 Illo

1908 3337 2086 3382 autem
2116 3329 2168 3383 in
2199 3318 2544 3399 perversitate
2567 3330 2820 3386 hteretica
2843 3372 2858 3397 ,
2888 3333 3128 3402 quamvis
3159 3333 3293 3386 intra
3320 3333 3490 3388 eccle-

1909 3419 2041 3472 siam
2072 3419 2385 3475 catholicam
2413 3462 2427 3486 ,
2457 3421 2657 3475 diutius
2682 3432 2988 3478 remorante
3011 3465 3026 3489 ,
3072 3424 3330 3479 allocutus
3370 3440 3489 3478 sum

1908 3509 2257 3565 Dilectionem
2308 3521 2580 3579 vestram,
2633 3514 2772 3569 sicut
2813 3516 3121 3571 meminisse
3175 3516 3486 3587 dignamini.

1905 3599 2063 3653 Multa
2093 3601 2202 3656 dixi
2228 3617 2346 3671 quae
2370 3604 2595 3658 audistis
2620 3646 2635 3671 ,
2664 3614 2718 3660 et
2740 3621 2857 3675 quae
2896 3607 3013 3661 sine
3046 3607 3207 3661 dubio
3235 3618 3487 3676 quantum

1908 3693 2129 3760 potestis
2155 3694 2313 3747 etiam
2341 3696 2660 3749 meministis
2689 3714 2703 3750 :
2747 3697 2911 3750 multa
2938 3698 3004 3751 de
3034 3712 3160 3766 pace
3184 3737 3199 3763 ,
3228 3700 3388 3752 multa
3419 3699 3487 3753 de

1906 3782 2163 3836 charitate
2185 3826 2198 3843 .
2226 3785 2387 3837 multa
2410 3785 2692 3839 de'sanctae
2717 3786 2971 3841 Ecclesire
2993 3788 3266 3842 catholicm
3288 3831 3303 3855 ,
3326 3805 3483 3859 quam

1906 3871 2049 3926 Deus
2080 3873 2325 3941 promisit
2353 3883 2407 3926 et
2437 3874 2720 3942 praestitit,
2753 3876 2973 3930 unitate.
3003 3872 3058 3930 in
3090 3894 3194 3945 quo
3216 3894 3336 3933 meo
3366 3894 3484 3934 ser-

1904 3980 2063 4020 mone
2089 3973 2141 4019 ct
2160 3978 2254 4019 vos
2280 3965 2592 4035 alloquebar
2611 3976 2663 4020 ct
2688 3968 2831 4021 illum
2857 3969 3178 4023 exhortabar
3201 3987 3214 4035 ;
3242 3980 3295 4024 et
3320 3986 3486 4039 quan-

1908 4066 2017 4111 tum
2044 4058 2097 4110 in
2121 4072 2207 4113 me
2228 4065 2476 4127 poterant
2495 4057 2699 4112 viscera
2725 4058 2998 4113 charitatis
3021 4100 3037 4127 ,
3065 4075 3250 4115 omnes
3276 4061 3326 4115 in
3354 4063 3485 4130 peri-

1906 4150 2026 4204 culo
2075 4149 2266 4203 anima:
2313 4165 2423 4203 suae
2465 4151 2782 4204 constitutos
2830 4150 2883 4204 in
2933 4150 3024 4205 illo
3068 4166 3190 4206 meo
3239 4166 3485 4207 sermone

1904 4239 2262 4311 parturiebam
2289 4281 2304 4306 ,
2335 4248 2389 4294 et
2413 4254 2602 4310 parcre
2632 4241 2855 4295 Domino
2879 4242 3179 4311 cupiebam.
3205 4243 3317 4298 Hoc
3341 4245 3482 4299 enim

1906 4338 1959 4383 et
1988 4331 2173 4384 beatus
2203 4330 2396 4385 Paulus
2425 4330 2701 4400 apostolus
2730 4331 2861 4386 dixit
2884 4331 3198 4401 quibusdam
3247 4352 3261 4387 :
3308 4333 3485 4389 Filioli

1905 4423 2003 4475 mei
2026 4463 2040 4486 ,
2069 4438 2195 4492 quos
2222 4423 2403 4477 iterum
2433 4424 2660 4493 parturio
2685 4466 2701 4491 ,
2731 4425 2887 4477 donec
2910 4424 3136 4479 Christus
3164 4429 3406 4498 formetur
3431 4428 3484 4481 in

1905 4516 2041 4570 vobis
2074 4516 2091 4589 (
2117 4515 2285 4570 Gatat.
2315 4532 2388 4581 tv,
2420 4516 2486 4572 19
2516 4516 2556 4588 ).
2602 4516 2708 4573 Sed
2734 4520 2891 4572 etiam
2918 4527 3036 4587 post
3064 4534 3361 4574 sermonem
3389 4534 3487 4572 no-

1906 4617 2074 4663 strum
2103 4623 2222 4662 cum
2252 4608 2423 4662 adhuc
2452 4608 2502 4662 iu
2538 4609 2623 4661 illa
2666 4623 2760 4662 sua
2808 4608 3117 4676 perduraret
3155 4610 3441 4678 pertinacia
3466 4648 3480 4671 ,

1906 4717 2005 4755 nec
2031 4701 2109 4756 sic
2147 4700 2538 4769 desperandum
2585 4701 2925 4768 putavimus:
2966 4700 3059 4756 sed
3106 4715 3205 4755 nec
3249 4701 3317 4755 de
3356 4717 3481 4769 quo~

1907 4808 2062 4862 quam
2091 4833 2104 4858 ,
2126 4788 2383 4859 quamdiu
2405 4790 2535 4843 vivit
2565 4790 2616 4843 in
2646 4790 2746 4843 hoc
2770 4805 2992 4860 corpore
3015 4832 3029 4855 ,
3061 4792 3275 4845 homine
3299 4790 3462 4859 despe

1908 4884 2131 4938 randum
2158 4892 2418 4952 putamus.
2449 4882 2631 4951 Neque
2658 4883 2798 4936 enim
2822 4885 2896 4937 sic
2923 4884 3029 4937 dixi
3061 4926 3074 4947 ,
3106 4885 3487 4939 nudiustertius

1909 4989 1993 5027 me
2020 4989 2122 5026 non
2150 4973 2463 5041 desperasse
2494 5015 2508 5038 ,
2540 4982 2595 5027 ut
2620 4973 2778 5028 hodie
2804 4975 3023 5030 audeam
3052 4975 3356 5043 desperare.

1977 5063 2030 5116 2.
2072 5063 2175 5118 Sed
2203 5062 2268 5116 ad
2299 5064 2440 5117 hunc
2477 5065 2756 5119 articulum
2801 5080 2957 5119 causa
2999 5064 3248 5135 perducta
3279 5073 3360 5118 est
3385 5108 3399 5132 ,
3430 5075 3489 5119 ut

1909 5154 2158 5224 quoniam
2190 5154 2374 5216 venit,
2405 5162 2457 5208 et
2483 5166 2736 5225 quantum
2769 5158 3110 5225 cognovimus
3134 5162 3155 5221 ,'
3182 5166 3369 5225 sponte
3401 5173 3489 5209 ve-

1911 5247 1987 5298 nit
2012 5286 2025 5308 ,
2054 5259 2156 5298 non
2179 5245 2248 5297 sit
2278 5245 2397 5299 huic
2420 5240 2674 5301 Ecclesia:
2696 5246 3052 5301 infructuosus
3072 5247 3187 5316 ejus
3204 5247 3484 5302 adventus.

1910 5339 2015 5392 Ant
2044 5337 2183 5392 enim
2213 5379 2224 5400 ,
2255 5338 2395 5408 quod
2425 5341 2591 5408 magis
2617 5348 2861 5409 optamus
2898 5347 2953 5393 et
2993 5338 3236 5407 cupimus
3262 5379 3277 5403 ,
3329 5339 3487 5393 etiam

1910 5429 1975 5483 de
2002 5429 2141 5483 illius
2166 5430 2336 5484 salute
2365 5430 2637 5485 vobiscum
2671 5430 2721 5482 in
2767 5429 3026 5484 catholica
3065 5443 3196 5498 pace
3234 5428 3487 5498 gaudebi-

1910 5538 2028 5576 mus
2057 5540 2067 5574 :
2101 5531 2191 5575 aut
2217 5521 2260 5575 si
2292 5563 2306 5587 ,
2338 5522 2479 5592 quod
2506 5522 2873 5577 abominamur
2904 5528 2955 5575 et
2981 5512 3306 5576 detestamur
3330 5561 3345 5585 ,
3378 5521 3490 5589 ipse

1911 5616 1964 5669 in
1998 5616 2079 5667 illa
2108 5615 2395 5686 pertinacia
2429 5611 2793 5683 perduraverit
2814 5653 2829 5677 ,
2862 5612 3065 5667 debetis
3091 5627 3185 5666 vos
3213 5612 3328 5680 ejus
3356 5627 3490 5681 pne-

1912 5710 2079 5760 sentia
2112 5707 2300 5761 melius
2323 5720 2478 5759 nosse
2505 5703 2629 5771 quid
2658 5703 2863 5757 intersit
2892 5703 3029 5758 inter
3054 5702 3368 5759 catholicam
3398 5719 3489 5772 pa-

1912 5813 2027 5851 cem
2059 5806 2113 5852 et
2157 5797 2458 5852 lia-relicum
2500 5795 2906 5850 dissensionem.
2938 5795 3109 5851 Partis
3133 5795 3273 5850 cnim
3303 5796 3490 5851 Donati
