4026 6458
550 381 653 436 699

545 489 825 559 episcopus
850 498 927 543 est
954 528 967 552 ,
996 486 1089 542 sed
1120 483 1442 540 Donatistis‘
1468 482 1625 551 hujus
1651 480 1881 537 civitatis
1910 477 2121 533 ordina-

547 593 650 635 tus.
679 581 822 649 Quos
849 578 1150 633 Donatistas
1187 576 1239 630 in
1282 574 1499 629 nomine
1537 572 1736 628 Christi
1779 572 1833 626 in
1862 568 2124 641 gremium

546 672 859 727 catholicum
882 670 991 739 jam
1034 683 1220 738 magna
1260 682 1326 721 ex
1372 678 1520 737 parte
1565 664 1896 733 suscepimus
1923 704 1939 729 ,
1972 663 2043 717 ita
2070 672 2129 716 ut

549 779 685 833 pene
713 775 898 815 omnes
922 757 1283 813 communioni
1307 756 1582 812 catholicae
1602 757 1831 809 sociatos
1854 768 1973 808 esse
1998 767 2129 823 gau-

549 854 788 909 deamus.
819 850 925 908 Sed
952 851 1203 922 quoniam
1227 859 1282 905 et
1311 849 1399 919 qui
1420 849 1529 918 jam
1558 848 2085 904 communicaverunt
2110 886 2125 911 ,

551 961 656 1000 non
682 944 893 1014 quidem
922 942 1158 998 universi
1184 982 1197 1007 ,
1228 940 1321 996 sed
1350 940 1565 1011 quidam
1607 938 1853 993 videntur
1878 937 1945 992 de
1972 937 2082 1006 ipsa
2110 976 2126 1002 ,

550 1045 609 1091 ut
634 1036 792 1105 paulo
818 1045 941 1090 ante
968 1035 1074 1090 dixi
1102 1076 1116 1100 ,
1144 1033 1404 1089 catholica
1432 1034 1657 1088 veritate
1693 1031 1975 1092 dubitare;
2012 1028 2130 1098 qui-

551 1128 673 1183 dam
703 1143 830 1182 vero
858 1143 964 1182 non
994 1128 1180 1183 saltem
1208 1126 1450 1180 dubitant
1476 1166 1492 1191 ,
1523 1123 1618 1179 sed
1643 1122 1815 1177 adhuc
1841 1120 2006 1177 corde
2038 1136 2131 1191 po-

551 1218 638 1272 siti
668 1218 720 1272 in
748 1227 901 1287 parte
935 1217 1121 1271 Donati
1146 1258 1159 1281 ,
1194 1216 1526 1286 prmsentiam
1555 1214 1706 1268 nobis
1733 1213 1984 1269 exhibent
2006 1228 2129 1267 eor-

555 1310 832 1381 poralem,
889 1311 1002 1365 sive
1059 1310 1193 1373 viri,
1251 1310 1362 1364 sive
1415 1307 1665 1372 feminae,
1719 1320 1879 1360 carne
1948 1305 2127 1369 intus,

552 1402 741 1471 spiritu
772 1401 900 1455 foris
929 1418 942 1454 :
989 1400 1187 1454 bonum
1213 1413 1332 1453 esse
1358 1398 1683 1453 aestimamus
1713 1396 2019 1467 episcopum
2054 1394 2132 1464 ip-

555 1506 734 1544 sorum
766 1492 1089 1559 interrogare
1110 1530 1126 1556 ,
1158 1499 1214 1543 ut
1239 1489 1283 1543 si
1314 1488 1473 1542 habet
1503 1486 1697 1557 aliquid
1724 1485 1865 1555 quod
1896 1501 1991 1555 pro
2019 1486 2128 1554 ipsa

554 1591 702 1651 parte
743 1582 915 1636 adhuc
952 1582 1130 1647 dicat,
1176 1589 1293 1650 post
1339 1579 1526 1634 factam
1573 1577 1711 1646 apud
1761 1575 2130 1646 Carthaginem

552 1672 801 1726 omnibus
830 1682 1006 1726 notam
1034 1672 1413 1736 Collationem;
1460 1669 1504 1723 si
1549 1669 1709 1723 habet
1752 1667 1947 1738 aliquid
1989 1668 2131 1738 quod

551 1764 726 1818 adhuc
768 1764 945 1830 dicat,
991 1764 1130 1818 dicat
1175 1763 1291 1817 sine
1339 1760 1643 1832 prarjudicio
1688 1760 1854 1829 partis
1903 1760 2125 1825 Donati,

552 1854 694 1923 quod
747 1865 925 1909 tamen
969 1854 1223 1926 prodesse
1267 1854 1534 1908 existimet
1576 1851 1765 1917 vobis,
1812 1851 1865 1905 in
1908 1865 2131 1920 quorum

550 1947 764 2002 civitate
794 1962 889 2016 pro
919 1957 1090 2000 vestra
1113 1947 1163 2000 in
1188 1946 1399 1999 Christo
1425 1945 1595 1998 salute
1619 1958 1677 1998 se
1698 1942 1965 1998 existimat
1989 1942 2135 1996 ordi-

552 2046 734 2091 natum
766 2055 778 2090 :
810 2046 863 2091 et
893 2052 988 2091 nos
1011 2035 1450 2105 respondebimus
1471 2035 1587 2088 sine
1612 2032 1918 2103 praeiudicio
1937 2032 2132 2087 Catho-

557 2128 672 2184 lica:
696 2147 711 2195 ;
739 2129 987 2198 quoniam
1014 2130 1171 2183 modo
1196 2128 1376 2183 nullus
1399 2136 1578 2199 partes
1602 2125 1932 2181 defensionis
1957 2124 2130 2195 impo-

553 2222 703 2275 suit:
756 2221 897 2291 quod
940 2230 1113 2275 tamen
1140 2262 1155 2284 ,
1204 2221 1341 2274 sicut
1382 2218 1709 2273 mstimamus
1751 2226 1807 2271 et
1847 2216 2128 2281 volumus,

554 2310 811 2381 prodesse
839 2310 989 2365 vobis
1014 2311 1177 2380 possit
1200 2308 1546 2378 prmsentibus
1567 2316 1747 2361 contra
1775 2314 2089 2377 prtesentem
2114 2324 2130 2361 :

554 2411 612 2453 ut
642 2401 685 2454 si
716 2400 964 2455 seductus
990 2409 1074 2454 est
1097 2440 1111 2461 ,
1144 2414 1248 2453 non
1275 2398 1496 2453 seducat
1522 2414 1536 2462 ;
1568 2397 1610 2451 si
1641 2406 1817 2453 autem
1844 2412 1942 2451 nos
1967 2397 2129 2452 sedu-

554 2490 841 2557 cebamus,
895 2491 1010 2562 ipso
1057 2480 1320 2559 praesente
1366 2488 1457 2559 qui
1508 2486 1640 2544 foris
1684 2488 1907 2543 fortasse
1965 2487 2132 2542 multa

549 2581 757 2651 jactitat
774 2622 790 2647 ,
815 2596 1101 2650 argnamur
1118 2620 1133 2645 ,
1154 2579 1453 2634 reiellamnr
1475 2595 1490 2643 ;
1514 2578 1890 2632 convincamur
1909 2620 1924 2640 ,
1943 2575 2134 2631 docea-

556 2688 692 2727 ntur.
725 2672 836 2727 lloc
862 2681 1140 2741 propterea
1168 2670 1323 2732 dixi,
1352 2684 1419 2724 ne
1464 2668 1585 2722 ideo
1624 2666 1766 2737 loqui
1809 2666 1979 2730 nolit,
2009 2668 2133 2735 quia

554 2772 730 2832 potest
765 2763 981 2830 dicere,
1028 2762 1212 2817 Nullas
1255 2760 1384 2815 mihi
1423 2759 1582 2815 modo
1624 2775 1746 2829 pars
1792 2774 1909 2813 mea
1955 2768 2134 2828 partes

555 2859 878 2913 defensionis
907 2857 1176 2928 imposuit.
1209 2856 1323 2911 Non
1354 2855 1494 2910 enim
1524 2863 1642 2923 post
1680 2854 1846 2923 ipsam
1886 2852 2135 2908 Collatio—

554 2967 675 3004 nem
703 2966 810 3004 non
839 2950 1152 3019 loquebatur
1178 2990 1191 3013 ,
1221 2957 1312 3002 aut
1342 2956 1463 3017 post
1486 2947 1628 3001 illam
1654 2945 2003 3000 Collationem
2028 2959 2134 2999 non

554 3041 622 3095 ad
653 3042 805 3095 istam
830 3041 1099 3095 civitatem
1126 3040 1313 3102 venit,
1358 3047 1448 3091 aut
1493 3037 1560 3091 de
1602 3036 1701 3090 ista
1742 3036 2010 3105 provincia
2037 3034 2135 3089 ali-

558 3132 771 3203 quando
817 3130 1101 3196 discessit,
1147 3137 1237 3183 ant
1281 3128 1550 3183 credimus
1586 3142 1707 3180 eum
1753 3127 1972 3180 omnino
2014 3132 2137 3195 post

559 3222 704 3277 illam
730 3220 1077 3276 Collationem
1106 3219 1233 3274 nulli
1263 3217 1463 3272 homini
1488 3216 1705 3271 verbum
1734 3230 1828 3285 pro
1856 3224 2003 3285 parte
2033 3216 2138 3270 Do-

558 3312 667 3366 nati
716 3310 928 3367 lecisse.
974 3309 1103 3365 Novi
1138 3324 1259 3380 qua:
1306 3307 1456 3362 vobis
1500 3306 1853 3363 dicebantur:
1885 3322 1978 3361 vos
2001 3306 2135 3361 allo-

557 3418 694 3471 quor
717 3443 733 3470 ,
761 3402 849 3472 qui
876 3416 940 3457 ex
972 3402 1084 3470 ipsa
1113 3408 1262 3469 parte
1289 3399 1547 3463 venistis;
1572 3397 1693 3452 novi
1722 3396 1845 3467 quid
1862 3395 2136 3451 dicebatur

555 3492 707 3547 vobis
730 3533 745 3555 ,
775 3508 867 3545 nos
894 3490 1175 3561 Cognitoris
1208 3490 1389 3543 emisse
1423 3488 1740 3543 sententiam.
1773 3484 1909 3540 Novi
1946 3486 2136 3557 dictum

554 3598 662 3638 esse
698 3582 873 3645 vobis,
914 3581 1050 3652 quod
1088 3581 1176 3634 ille
1218 3580 1372 3649 fuerit
1414 3578 1779 3633 communionis
1824 3585 2044 3644 nostra,
2088 3586 2137 3633 et

554 3683 817 3745 propterea
841 3674 963 3727 istos
989 3671 1128 3742 loqui
1149 3671 1318 3726 omnia
1343 3685 1455 3739 qua:
1479 3669 1657 3723 vellent
1678 3708 1696 3735 ,
1724 3667 1929 3723 minime
1952 3669 2135 3737 permi-

553 3770 658 3832 sit;
683 3778 730 3822 et
770 3782 855 3823 eos
902 3774 1143 3837 potestate
1173 3766 1339 3836 potius
1384 3762 1629 3834 oppressit
1662 3778 1815 3833 quam
1855 3762 2135 3827 veritate';

552 3862 687 3931 quod
708 3861 1037 3929 loquebantur
1058 3874 1160 3912 non
1183 3857 1395 3925 accepit.
1430 3854 1531 3911 Ista
1569 3855 1746 3909 omnia
1780 3854 1975 3924 jactata
2013 3862 2138 3909 sunt

558 3961 677 4020 post
705 3950 1057 4005 Collationem
1084 3989 1099 4014 ,
1130 3948 1243 4002 sive
1270 3947 1337 4001 ab
1364 3947 1479 4018 ipso
1503 3986 1519 4010 ,
1564 3945 1676 4000 sive
1717 3945 1784 3999 ab
1834 3943 2138 3999 hominibus

554 4043 940 4098 communionis
966 4042 1125 4096 illius.
1152 4040 1288 4109 Quid
1314 4040 1535 4094 interest
1556 4054 1587 4094 a
1616 4053 1721 4108 quo
1743 4052 1837 4092 vos
1860 4040 2138 4107 perturbes

556 4135 683 4189 mini
708 4175 723 4198 ,
754 4148 888 4204 quos
915 4133 1161 4187 volumus
1190 4132 1243 4186 in
1268 4130 1531 4186 catholica
1560 4144 1690 4199 pace
1724 4143 1845 4183 esse
1875 4130 2135 4199 tranquil-

557 4226 680 4282 los?
707 4226 765 4283 Si
790 4226 984 4281 absens
1011 4234 1192 4291 esset,
1223 4224 1454 4278 dicerem
1483 4222 1551 4277 de
1578 4222 1669 4277 illo
1696 4221 1884 4277 vobis:
1917 4221 2018 4287 Qui
2042 4239 2137 4275 au-

558 4327 654 4370 tem
679 4316 936 4368 conturbat
956 4332 1059 4379 vos,
1076 4315 1292 4382 portabit
1339 4314 1604 4383 iudicium,
1637 4312 1933 4383 quicumque
1961 4322 2033 4366 est
2050 4312 2137 4368 ille

557 4405 925 4477 (Galat.v,10).
946 4406 1068 4460 llaec
1082 4404 1223 4459 enim
1239 4420 1357 4472 quze
1375 4404 1505 4469 dixi,
1524 4403 1661 4458 beati
1678 4403 1825 4458 Pauli
1838 4404 1995 4458 verba
2015 4412 2138 4459 sunt

555 4496 812 4553 adversus
837 4497 1086 4552 absentes
1108 4535 1123 4559 ,
1155 4509 1185 4548 a
1220 4494 1411 4564 quibus
1450 4493 1718 4561 simplices
1764 4494 2133 4549 turbabantur.

556 4590 704 4645 Nunc
723 4596 898 4643 autem
927 4601 1162 4659 praesens
1181 4594 1263 4642 est
1290 4603 1304 4641 :
1332 4583 1491 4641 modo
1513 4585 1666 4641 nobis
1685 4585 1935 4665 dignetur
1955 4585 2136 4642 dicere

555 4694 720 4750 quare
747 4677 1041 4734 advenerit.
1190 4691 1235 4718 ο

625 4771 680 4826 3.
722 4768 911 4825 Frater
939 4768 1172 4824 Emeritc
1192 4810 1207 4835 ,
1242 4780 1480 4838 praesens
1506 4780 1566 4821 es
1599 4782 1613 4819 :
1649 4765 2032 4824 Collationihus
2055 4769 2137 4825 in-

555 4859 783 4917 terfuisti
811 4858 833 4891 ³
858 4875 874 4926 ;
906 4859 950 4914 si
978 4858 1148 4913 victus
1172 4873 1232 4913 es
1254 4898 1271 4925 ,
1300 4870 1465 4927 quare
1489 4856 1726 4911 venisti?
1764 4855 1821 4911 Si
1859 4866 2036 4913 autem
2083 4868 2137 4915 te

551 4954 749 5008 victum
779 4966 899 5007 esse
928 4965 1032 5005 non
1064 4958 1218 5020 putas
1240 4990 1255 5013 ,
1285 4948 1505 5018 loquere
1530 4947 1672 5003 unde
1701 4948 1795 5004 tibi
1820 4950 1989 5005 victor
2013 4966 2135 5007 esse

552 5042 829 5099 videaris?
859 5040 1010 5096 Tunc
1036 5039 1178 5094 enim
1210 5036 1380 5093 victus
1405 5049 1463 5093 es
1486 5078 1503 5103 ,
1534 5038 1579 5094 si
1608 5039 1829 5094 veritate
1854 5039 2023 5095 victus
2049 5056 2131 5097 es.

547 5136 603 5192 Si
628 5144 805 5191 autem
832 5133 1029 5190 videris
1055 5132 1228 5189 victus
1257 5139 1519 5201 potestate
1542 5170 1557 5195 ,
1588 5139 1642 5186 et
1672 5130 1842 5185 vicisti
1870 5132 2131 5199 veritate;

550 5246 655 5287 non
703 5238 788 5287 est
825 5229 912 5284 hic
960 5236 1196 5300 potestas
1220 5268 1236 5295 ,
1276 5241 1379 5297 qua
1416 5224 1586 5281 victus
1628 5224 1870 5280 videris:
1916 5224 2134 5280 audiant

613 5364 627 5395 ¹
666 5370 799 5422 t.ov.,
821 5358 908 5412 sed
928 5374 959 5410 a
985 5358 1275 5420 Donatistis;
1298 5357 1454 5407 addita
1478 5356 1839 5422 praepositione,
1863 5368 1910 5417 a,
1928 5370 2047 5422 quae
2084 5358 2132 5408 in

546 5426 700 5496 prima
710 5418 949 5496 editione
973 5432 1073 5472 Am.
1090 5458 1107 5484 ,
1129 5436 1226 5471 nou
1257 5418 1385 5471 erat.
1425 5418 1717 5469 arbitramur
1762 5418 2045 5482 legendum,
2087 5425 2134 5470 et

548 5492 824 5536 Domitiam.
951 5503 969 5517 ο

613 5550 634 5579 ³
669 5548 801 5613 apud
841 5554 972 5605 Αιιι.ν
994 5543 1441 5613 _quant‘probitate.
1486 5540 1987 5613 Forte-legendum”
2020 5541 2134 5602 quia

613 5558 634 5579 ³
669 5558 801 5610 Αρυα
841 5558 972 5605 Αιιι.,
1065 5560 1161 5595 tam
1193 5558 1441 5608 proouate.
1487 5558 1652 5613 forte.
1678 5558 1975 5603 legentium,
2020 5558 2133 5602 qma

575 5606 1003 5719 Louﬁr‘ggt'equod
1018 5558 1336 5671 ‘bbquebantur
1358 5617 1452 5655 non
1485 5611 1700 5667 accepit;
1738 5601 1838 5663 vel,
1861 5603 1987 5665 quod
2022 5616 2133 5668 quia

615 5724 635 5763 ³
668 5730 841 5781 tradem
865 5729 1014 5779 editio
1037 5738 1155 5786 Am.,
1182 5726 1519 5779 (‘ollutionibus
1534 5741 1643 5789 cum
1676 5724 1950 5789 interfuisti.
1992 5734 2129 5779 Forte

550 5793 832 5857 tegendum,
859 5790 1107 5843 Collatiom'
1129 5789 1369 5841 nobiscum
1394 5788 1667 5851 mter/nisti.

1474 372 1563 428 DE
1602 370 1842 427 GESTIS
1877 368 2017 424 CUM
2058 365 2376 432 EMERITO,
2417 366 2474 421 S.
2517 366 2884 424 AUGUSTINI

3701 377 3805 430 700

2234 476 2379 532 cives
2410 477 2482 531 tui
2511 476 2606 547 (a),
2636 477 2775 533 unde
2803 488 2853 533 te
2882 479 3132 535 victorem
3164 483 3441 551 prtesumis
3465 499 3606 542 esse.
3656 489 3726 543 At
3758 493 3805 546 si

2232 572 2370 626 nosti
2408 572 2664 627 adversus
2709 584 2760 628 te
2799 574 3068 629 victricem
3104 572 3267 630 fuisse
3310 577 3587 634 veritatem
3612 621 3630 648 ,
3679 582 3806 652 quid

2230 661 2403 716 adhuc
2432 664 2638 733 respuis
2675 663 2975 717 unitatem?
3014 664 3281 720 Emeritos
3322 667 3602 741 episcopus
3643 675 3812 742 partis

2234 753 2422 809 Donati
2449 754 2581 809 dixit
2605 773 2618 810 :
2640 755 2798 811 Gesta
2824 757 3056 813 indicant
3078 798 3094 823 ,
3117 758 3161 812 si
3182 760 3350 814 victus
3368 775 3485 816 sum
3510 804 3525 827 ,
3548 773 3643 819 aut
3666 766 3767 822 vici
3793 787 3807 822 :

2232 846 2277 899 si
2308 846 2529 901 veritate
2553 845 2723 901 victus
2748 863 2864 902 sum
2890 887 2906 913 ,
2938 857 3027 902 aut
3056 860 3316 918 potestate
3350 866 3638 923 oppressus
3666 871 3808 914 sum.

2235 938 2561 1007 Augustinus
2610 939 2893 1008 episcopus
2949 938 3202 995 Ecclesiae
3267 944 3541 999 catholica:
3608 945 3747 1002 dixit
3794 968 3810 1002 :

2232 1028 2407 1093 Quare
2434 1043 2560 1097 ergo
2586 1029 2816 1084 venisti?
2838 1030 3103 1085 Emeritos
3128 1033 3409 1103 episcopus
3435 1037 3603 1105 partis
3624 1038 3812 1094 Donati

2233 1118 2407 1174 dixit:
2440 1118 2510 1175 Ut
2540 1119 2639 1174 hoc
2681 1120 2956 1189 dicerem,
2997 1123 3140 1193 quod
3186 1125 3432 1195 requiris.
3484 1130 3813 1199 Augustinus

2232 1202 2513 1280 episcopus
2554 1210 2806 1268 Ecclesia:
2846 1214 3121 1270 catholicae
3156 1216 3330 1273 dixit:
3370 1217 3608 1289 Requiro
3647 1237 3814 1291 quare

2234 1304 2481 1367 veneris;
2514 1305 2615 1359 hoc
2642 1321 2748 1360 non
2773 1322 3065 1376 quzererem
3090 1349 3107 1375 ,
3139 1310 3182 1363 si
3227 1324 3330 1364 non
3368 1312 3624 1367 venisses.
3654 1315 3813 1370 Eme-

2235 1393 2369 1449 ritus
2397 1393 2678 1465 episcopus
2703 1397 2865 1466 partis
2894 1398 3082 1453 Donati
3124 1398 3259 1455 dixit
3294 1403 3502 1457 notario
3542 1405 3633 1475 qui
3670 1406 3815 1461 excio

2236 1483 2411 1552 picbat
2441 1503 2454 1539 :
2488 1484 2610 1540 Fac.

2304 1576 2358 1630 4.
2398 1575 2635 1646 Cumque
2665 1579 2953 1647 reticeret,
2975 1582 3300 1653 Augustinus
3318 1586 3599 1655 episcopus
3627 1587 3816 1643 Eccle-

2234 1668 2327 1721 sia:
2356 1670 2633 1724 catholica:
2662 1671 2837 1725 dixit:
2886 1672 2940 1728 Si
2985 1689 3112 1743 ergo
3152 1676 3252 1729 sub
3298 1678 3521 1733 veritate
3566 1681 3818 1745 tacuisti,

2236 1773 2340 1812 non
2368 1759 2483 1813 sine
2516 1774 2675 1814 causa
2704 1762 2934 1827 venisti,
2968 1764 3068 1818 nisi
3097 1766 3217 1835 quia
3255 1767 3384 1822 istos
3422 1769 3675 1838 decipere
3724 1787 3819 1825 vo-

2236 1848 2398 1903 luisti.
2440 1851 2680 1920 Cumquc
2720 1852 2811 1907 diu
2850 1855 3135 1921 reticeret,
3176 1857 3499 1928 Augustinus
3536 1862 3823 1932 episcopus

2238 1939 2490 1995 Ecclesia:
2510 1942 2789 1997 catholica:
2809 1943 2942 1998 dixit
2966 1963 2978 1999 :
3004 1945 3205 2001 Videtis
3228 1989 3243 2013 ,
3266 1946 3460 2005 fratres
3484 1991 3499 2015 ,
3522 1951 3612 2005 ditt
3641 1960 3825 2008 tacen-

2236 2038 2385 2095 tem;
2432 2046 2626 2085 moneo
2661 2041 2720 2088 ut
2764 2036 2960 2105 optetis
3004 2037 3401 2108 resipiscentem
3428 2081 3444 2106 ,
3490 2042 3720 2097 obsecro
3759 2058 3825 2098 ne

2226 2121 2531 2189 sequamini
2573 2133 2904 2191 pereuntem.
2953 2124 3328 2183 Verumtamen
3374 2130 3627 2198 quoniam
3673 2142 3823 2202 gesta

2233 2210 2545 2267 Collationis
2566 2224 2759 2269 nostra:
2780 2218 3245 2284 commemoravit,
3269 2219 3357 2273 ubi
3378 2236 3640 2289 apparere
3665 2236 3829 2292 posse

2235 2300 2408 2369 dixit,
2437 2311 2612 2358 utrum
2642 2306 2861 2361 veritate
2887 2308 2958 2361 sit
2980 2308 3152 2363 victus
3175 2349 3187 2372 ,
3212 2324 3280 2363 an
3303 2320 3568 2379 potestate
3592 2327 3825 2382 Oppres-

2236 2404 2328 2445 sus
2354 2409 2367 2445 :
2401 2394 2563 2447 multa
2589 2403 2714 2448 sunt
2739 2394 2952 2465 quidem
2977 2438 2993 2463 ,
3016 2397 3104 2451 ubi
3133 2398 3413 2468 superﬂuis
3437 2410 3490 2455 et
3514 2403 3827 2458 moratoriis

2237 2483 2698 2550 prosecutionibus
2717 2494 2865 2555 gesta
2887 2488 3263 2556 cumularunt,
3288 2490 3420 2545 nihil
3444 2491 3589 2546 aliud
3614 2494 3833 2563 magnis

2237 2573 2437 2628 viribus
2465 2586 2683 2645 agentes
2707 2616 2722 2641 ,
2752 2577 2853 2632 nisi
2881 2586 2935 2632 ut
2966 2578 3098 2633 nihil
3126 2589 3374 2650 ageretur
3399 2598 3413 2635 :
3452 2581 3547 2636 sed
3594 2582 3834 2640 Domino

2239 2664 2558 2733 przesidente
2586 2706 2599 2729 ,
2628 2676 2680 2721 et
2705 2682 2921 2722 causam
2949 2684 3096 2723 suam
3118 2680 3307 2741 agente
3329 2716 3345 2738 ,
3366 2682 3585 2727 ventum
3608 2682 3695 2729 est
3717 2689 3827 2745 quo

2238 2754 2544 2809 noluerunt.
2573 2755 2719 2811 Dicta
2748 2771 2905 2812 causa
2934 2767 3093 2829 atque
3118 2760 3332 2816 deﬁnita
3360 2771 3459 2817 est.
3490 2762 3597 2818 Sed
3626 2766 3675 2818 si
3702 2780 3825 2819 om-

2238 2844 2323 2898 nia
2352 2853 2498 2914 gesta
2526 2846 2676 2901 vobis
2703 2847 2880 2917 legere
2907 2849 3131 2903 velimus
3158 2869 3174 2905 :
3212 2867 3511 2922 quanquam
3538 2856 3826 2922 praesenti-

2239 2936 2337 2991 bus
2367 2938 2514 2994 vobis
2542 2938 2755 2995 fratrem
2782 2950 2837 2996 et
2871 2942 3244 3013 eoepise0pnm
3285 2960 3463 2999 meum
3510 2946 3833 3003 Deuterium

2238 3028 2514 3099 obstringe
2540 3072 2556 3095 ,
2582 3040 2641 3084 ut
2664 3031 3110 3099 quemadmodum
3143 3033 3201 3087 iit
3229 3035 3368 3103 apud
3396 3035 3785 3107 Carthaginem
3810 3081 3823 3105 ,

2240 3118 2377 3187 apud
2406 3117 2723 3188 Thagastem
2749 3160 2763 3185 ,
2791 3120 2932 3190 apud
2959 3119 3358 3177 ConStantinam
3383 3164 3397 3187 ,
3429 3125 3573 3196 apud
3616 3126 3825 3197 Hippo-

2240 3224 2362 3264 nem
2388 3249 2404 3275 ,
2450 3208 2590 3279 apud
2632 3224 2822 3266 omnes
2862 3211 3141 3282 diligentes
3186 3214 3489 3283 Ecclesiae,
3540 3218 3621 3272 sic
3661 3218 3831 3274 etiam

2238 3302 2491 3373 deinceps
2517 3303 2692 3359 facere
2718 3320 2822 3359 non
2849 3305 3147 3376 pigrescat;
3181 3316 3239 3362 ut
3264 3310 3429 3363 annis.
3442 3310 3700 3367 omnibus
3729 3327 3828 3383 per

2233 3392 2557 3463 jejuniorum
2583 3396 2697 3450 dies
2721 3437 2736 3461 ,
2765 3396 2817 3451 id
2843 3405 2963 3465 est,
2992 3397 3406 3469 Quadragesima
3429 3411 3557 3456 ante
3583 3402 3827 3471 Pascha,

2239 3485 2452 3555 quando
2476 3486 2628 3542 vobis
2650 3489 2879 3545 maxime
2896 3489 3262 3559 jejunantibus
3282 3492 3400 3561 plus
3420 3504 3576 3549 vacat
3597 3494 3790 3551 audire
3806 3536 3825 3562 .

2240 3575 2424 3635 eadem
2453 3587 2598 3647 gesta
2626 3576 2937 3635 Collationis
2958 3596 3053 3650 per
3072 3597 3241 3637 annos
3266 3582 3508 3655 singulos
3530 3625 3546 3650 ,
3572 3586 3831 3643 universa

2238 3682 2270 3723 ι
2299 3668 2470 3737 capite
2499 3669 2551 3723 in
2582 3667 2743 3725 linem
2771 3686 2838 3725 ex
2863 3671 3049 3728 ordine
3077 3672 3367 3729 recitentur
3392 3692 3405 3729 :
3444 3684 3623 3732 tamen
3651 3689 3715 3732 ut
3739 3678 3825 3733 di-

2239 3772 2362 3814 cere
2389 3773 2655 3828 ceperam
2680 3802 2696 3827 ,
2726 3762 2849 3832 quia
2887 3776 2994 3817 non
3031 3765 3208 3819 omnia
3246 3765 3399 3822 vobis
3441 3767 3603 3822 modo
3647 3768 3826 3838 legere

2240 3866 2525 3922 possumus
2548 3894 2566 3918 ,
2592 3852 2881 3924 dignamini
2912 3855 3063 3925 prius
3083 3856 3269 3913 audire
3308 3866 3433 3912 ante
3469 3858 3822 3915 Collationem

2239 3959 2373 4015 quas
2398 3946 2599 4001 litteras
2627 3946 2933 4003 dederimus
2959 3947 3025 4002 ad
3055 3948 3394 4019 Cognitorem
3419 3990 3434 4017 ,
3461 3949 3550 4005 ubi
3577 3952 3824 4022 promisi-

2240 4050 2360 4089 mus
2383 4077 2398 4102 ,
2432 4037 2511 4092 vel
2541 4038 2988 4107 quemadmodum
3024 4040 3219 4110 suscipi
3264 4040 3520 4096 vellemus
3542 4081 3559 4105 ,
3605 4042 3654 4096 si
3700 4042 3825 4097 victi

2239 4124 2525 4183 fuissemus
2550 4168 2567 4195 ,
2600 4129 2683 4184 vel
2712 4129 3162 4200 quemadmodum
3188 4146 3282 4186 eos
3306 4132 3707 4201 susciperemus
3730 4172 3748 4198 ,
3779 4132 3821 4187 si

2241 4219 2574 4276 vinceremus
2595 4262 2610 4287 ,
2640 4230 2701 4276 ut
2724 4222 2994 4278 videretur
3020 4237 3128 4278 non
3155 4222 3207 4277 in
3234 4225 3579 4280 contentione
3601 4266 3618 4291 ,
3649 4223 3743 4281 sed
3770 4225 3829 4279 in

2242 4310 2539 4368 humilitate
2560 4328 2682 4368 esse
2706 4314 2945 4369 victoria.

2312 4402 2364 4458 5.
2407 4404 2628 4475 Alypius
2656 4404 2938 4474 episcopus
2968 4404 3219 4460 Ecclesiae
3242 4405 3523 4461 catholicae
3541 4406 3827 4477 epistolam

2240 4496 2481 4551 recitavit
2508 4515 2522 4551 :
2555 4495 2853 4551 Honorabili
2879 4514 2939 4550 ac
2963 4497 3283 4553 dilectissimo
3309 4498 3417 4568 ﬁlio
3444 4538 3460 4564 ,
3504 4499 3616 4554 uiro
3643 4499 3821 4553 claris-

2240 4592 2368 4644 simo
2395 4599 2441 4644 et
2461 4589 2751 4661 spectabili,
2778 4590 2974 4644 tribuno
2998 4599 3046 4644 et
3088 4590 3284 4645 notario
3328 4589 3633 4645 Marcellino
3653 4632 3670 4658 ,
3718 4591 3820 4644 Au-

2240 4681 2424 4741 relius,
2466 4680 2725 4745 Silvanus,
2758 4688 2805 4733 et
2827 4679 3046 4733 universi
3086 4680 3311 4749 episcopi
3336 4680 3595 4734 catholici.
3641 4679 3823 4734 Edicto

2242 4770 2635 4841 Spectabilitatis
2655 4779 2773 4834 tute,
2799 4786 2898 4838 quo
2918 4779 3106 4823 nostra!
3125 4770 3424 4824 Collationis
3464 4771 3816 4841 tranquillitati

2238 4858 2487 4927 quietique
2528 4857 2807 4922 servanda,
2830 4866 2877 4910 et
2914 4857 3111 4911 veritati
3174 4856 3567 4927 manifestandar
3606 4874 3670 4911 ac
3711 4873 3819 4911 nte-

2240 4951 2436 5003 niendae
2460 4948 2745 5004 consultum
2772 4958 2864 5015 est,
2894 4950 2947 5003 in
2975 4948 3206 5003 omnibus
3232 4966 3323 5003 nos
3362 4951 3666 5015 consentire,
3698 4952 3819 5005 sicut

2238 5040 2747 5109 adntoneredignatus
2758 5055 2829 5105 es,
2859 5056 2948 5109 per
2974 5041 3065 5095 has
3087 5040 3275 5095 litteras
3297 5041 3590 5095 intimamus
3609 5041 3705 5113 (b).
3724 5040 3817 5095 Illo

2238 5124 2408 5191 etiam,
2433 5124 2638 5178 veritate
2659 5123 2859 5192 conﬁsi,
2885 5139 2975 5177 nos
2997 5125 3195 5178 uinculo
3224 5122 3527 5178 conditionis
3552 5123 3814 5193 obstringi-

2238 5226 2368 5274 mus,
2399 5218 2454 5262 ut
2480 5209 2523 5263 si
2544 5207 2684 5261 nobis
2708 5208 2761 5261 hi
2787 5224 2899 5261 cum
2920 5207 3097 5279 quibus
3117 5209 3314 5281 agimus
3339 5208 3689 5265 demonstrare
3729 5222 3813 5275 po-

2239 5294 2447 5357 tuerint,
2476 5309 2591 5346 cum
2618 5292 2893 5346 secundum
2922 5291 3017 5346 Dei
3059 5293 3307 5363 promissa
3346 5291 3524 5363 papuli
3554 5290 3815 5347 christiani

2237 5399 2584 5454 usquequaque
2610 5382 2877 5438 crescendo
2909 5384 3026 5454 jam
3054 5400 3290 5455 magnam
3329 5394 3524 5456 partem
3560 5384 3697 5440 orbis
3724 5384 3811 5437 ius-

2300 5538 2372 5614 gq)
2407 5538 2855 5614 adires-saginata
2875 5542 3121 5614 Augustini
3140 5542 3258 5614 Vita,
3282 5554 3387 5605 cap.
3411 5541 3486 5592 t4.
3604 5604 3617 5614 .
3696 5602 3708 5613 ,

2260 5664 2269 5673 .
2298 5600 2371 5662 (ι’)
2394 5600 2631 5675 Quasi?!
2647 5600 2723 5674 δίει
2744 5600 3031 5675 mittimitti
3054 5600 3351 5675 βτοροδὲιξιιξί
3370 5604 3648 5675 “mea
3666 5600 3811 5675 die“:

2236 5661 3628 5739 saevaesaeuae:saneipsi!!!remtantam.
3670 5671 3720 5739 οξ
3740 5674 3811 5739 εει

2235 5722 2356 5835 ac‘tlis's
2375 5722 3050 5835 rediutegrata'm
3070 5760 3086 5786 ,
3108 5722 3235 5777 inter
3261 5722 3625 5789 Augustinianas
3646 5725 3805 5777 τθωιι-

2237 5801 2283 5835 m
2670 5822 2681 5835 .
