4026 6472
224 448 306 503 ῗο1

224 554 483 628 plenisseut,
512 555 559 600 et
585 545 637 599 in
660 552 886 599 eceteram
906 540 1240 594 dilatarentur
1268 537 1599 607 implendam,
1618 538 1781 593 subito

227 642 479 702 Ecclesium
502 637 688 693 Christi
717 634 885 688 nescio
931 647 1179 702 quorum,
1232 646 1356 699 quos
1395 630 1477 682 isti
1505 637 1782 693 accusant,

224 743 519 808 peccatorum
569 726 755 798 perisse
781 723 1112 793 contagione,
1160 731 1205 773 et
1247 721 1301 773 in
1337 719 1449 773 sola
1490 718 1787 773 remansisse

226 834 351 894 parte
378 819 558 873 Donati
587 831 607 870 :
647 815 691 869 si
716 815 807 867 hoc
826 855 841 880 ,
872 822 924 865 ut
953 811 1141 865 dictum
1182 820 1255 864 est
1273 849 1291 876 ,
1318 809 1658 863 demonstrare
1698 825 1789 878 po-

227 912 390 985 tuerint
407 950 422 975 ,
449 905 613 960 nullos
633 903 771 974 apud
791 919 874 956 eos
896 900 1108 954 honores
1128 900 1445 969 episcopatus
1460 898 1786 967 requiremus,

227 1003 301 1057 sed
323 1016 488 1056 eorum
513 1012 772 1066 sequemur
795 1010 887 1065 pro
931 991 1041 1048 sola
1081 1002 1267 1046 aeterna
1305 992 1465 1045 salute
1488 992 1786 1057 consilium,

226 1093 385 1162 quibus
411 1089 535 1142 tanti
576 1087 793 1158 gratiam
818 1083 1041 1154 beneﬁcii
1068 1100 1159 1152 pro
1187 1083 1386 1154 cognita
1415 1082 1617 1137 veritate
1639 1082 1791 1136 debe-

227 1183 389 1235 bimus.
422 1178 481 1233 Si
506 1190 670 1232 autem
696 1192 787 1229 nos
817 1175 983 1246 potius
1008 1174 1310 1228 valuerimus
1336 1172 1595 1226 ostendere
1615 1170 1794 1226 Eccle-

227 1273 342 1326 siam
367 1268 550 1325 Christi
574 1268 797 1322 omnium
817 1307 833 1333 ,
862 1283 963 1319 non
1004 1265 1168 1319 solum
1195 1265 1577 1335 Africanarum,
1624 1279 1795 1316 verum

226 1363 363 1415 etiam
379 1358 825 1413 transmarinarum
850 1355 1217 1426 provinciarum
1242 1394 1257 1419 ,
1282 1354 1653 1423 multarumque
1669 1370 1794 1425 gen—

228 1454 340 1506 tium
364 1450 525 1520 spatia
555 1447 866 1521 feracissima
895 1445 1198 1515 populorum
1219 1444 1364 1514 copia
1384 1444 1493 1514 iam
1518 1452 1797 1508 tenentem,

227 1552 266 1597 et
291 1542 411 1595 sicut
455 1540 701 1609 scriptum
730 1546 801 1590 est
826 1577 842 1603 ,
867 1545 972 1589 toto
1018 1535 1209 1588 mundo
1238 1534 1627 1605 fructificantem
1650 1543 1799 1603 atque

227 1640 534 1695 crescentem,
567 1629 822 1683 nullorum
841 1626 1099 1681 hominum
1142 1626 1237 1680 sibi
1260 1626 1648 1679 commixtorum
1676 1641 1798 1695 pec-

228 1722 339 1775 catis
383 1720 545 1790 perire
590 1719 853 1791 potuisse:
878 1722 922 1771 si
967 1717 1178 1788 denique
1220 1718 1478 1786 ipsorum,
1515 1732 1638 1786 quos
1682 1725 1800 1769 tunc

228 1829 449 1866 accusare
471 1812 739 1866 voluerunt
782 1810 948 1881 potius
963 1851 977 1874 ,
1006 1824 1157 1877 quam
1180 1811 1471 1862 convincere
1495 1807 1797 1873 valuerunt,

229 1904 531 1975 qua'stionem
563 1903 822 1971 deﬁnitam
848 1902 888 1969 ί,
935 1901 1159 1971 quamvis
1202 1917 1303 1953 non
1349 1900 1403 1953 in
1450 1898 1521 1952 eis
1560 1896 1803 1952 Ecclesia!

231 2012 369 2049 causa
388 1996 662 2059 consistat,
696 2002 739 2046 et
768 1990 1094 2047 Cazciliunum
1129 1992 1472 2056 innocentem,
1499 1989 1616 2043 illos
1636 1998 1803 2041 autem

231 2087 451 2141 violentos
476 2095 523 2139 et
556 2084 895 2139 culumniosos
914 2082 1286 2152 essejudicatos
1306 2081 1370 2135 ab
1396 2097 1452 2134 eo
1480 2081 1798 2149 imperatore,

232 2176 292 2230 ad
312 2177 449 2247 cujus
487 2192 705 2231 examen
752 2173 1127 2227 criminationes
1171 2189 1290 2225 snas
1342 2170 1474 2224 ultro
1521 2168 1804 2223 accusando

237 2269 461 2322 miserunt
493 2284 513 2323 :
546 2278 829 2338 postremo,
861 2265 903 2320 si
932 2264 1179 2335 quidquid
1208 2263 1269 2317 de
1298 2262 1513 2333 peccatis
1539 2261 1807 2334 quorumli-

242 2358 310 2412 bet
332 2358 591 2411 hominum
613 2356 865 2420 dixerint,
893 2356 968 2407 vel
992 2354 1225 2407 humanis
1254 2353 1561 2408 documentis
1583 2392 1598 2418 ,
1629 2351 1707 2406 vel
1728 2351 1809 2404 di-

234 2448 346 2503 vinis
368 2447 742 2518 probaverimus
760 2487 777 2513 ,
804 2455 889 2499 aut
920 2462 1091 2499 eorum
1117 2446 1450 2499 innocentiam
1476 2446 1619 2515 falsis
1640 2444 1807 2497 crimi-

236 2540 368 2595 nibus
395 2541 671 2612 appetitam
691 2580 707 2606 ,
737 2551 825 2592 aut
854 2537 1038 2591 Christi
1065 2537 1347 2591 Ecclesium
1366 2578 1381 2603 ,
1410 2537 1555 2607 cujus
1584 2552 1809 2590 commu-

236 2632 362 2687 nioni
381 2632 698 2687 cohttremus
718 2672 733 2695 ,
762 2630 916 2683 nullis
941 2644 1111 2681 eorum
1136 2626 1332 2681 delictis
1354 2642 1462 2680 esse
1482 2627 1811 2691 destructam;

236 2723 300 2776 sic
325 2724 428 2793 ejus
455 2720 719 2776 nobiscum
743 2727 937 2773 teneant
967 2720 1242 2783 unitatem,
1271 2727 1326 2771 ut
1353 2733 1454 2770 non
1495 2718 1661 2770 solum
1684 2718 1814 2769 riam

236 2814 399 2869 salutis
424 2812 686 2866 inveniant
706 2852 722 2877 ,
748 2809 836 2864 sed
865 2824 955 2862 nec
985 2808 1225 2861 honorem
1244 2806 1535 2876 epicopatus
1558 2807 1810 2860 amittant.

240 2902 403 2975 Neque
447 2904 584 2958 enim
624 2902 676 2955 in
713 2902 782 2954 eis
829 2901 1013 2953 divina:
1055 2897 1385 2953 Sacramenta
1430 2897 1684 2961 veritatis,
1727 2896 1815 2951 sed

238 3004 500 3051 commenta
531 2991 740 3045 humani
768 2990 1071 3044 detestamur
1100 2991 1281 3042 erroris
1309 3004 1329 3041 :
1354 2986 1532 3056 quibus
1573 2986 1811 3052 sublatis,

239 3091 504 3159 fraternum
542 3096 712 3160 pectus
747 3086 1131 3154 complectemur
1174 3082 1451 3136 christiana
1476 3080 1617 3135 nobis
1646 3080 1817 3134 chari-

240 3190 331 3233 tate
354 3182 699 3249 coniunctum,
731 3175 865 3245 quod
891 3190 1022 3228 nunc
1061 3172 1289 3227 dolemus
1315 3171 1621 3227 dissensione
1644 3170 1821 3224 diabo-

240 3271 331 3325 lica
368 3277 676 3340 separatum.
730 3264 919 3319 Poterit
959 3266 1148 3335 quippe
1206 3261 1541 3332 unusquisque
1590 3269 1822 3314 nostrum

243 3361 435 3415 honoris
462 3359 562 3415 sibi
587 3358 721 3412 socio
765 3354 1000 3427 capulato
1038 3354 1253 3407 vicissim
1281 3353 1453 3407 sedere
1488 3351 1819 3417 eminentius,

244 3453 365 3506 sicut
406 3450 665 3521 peregrino
709 3448 941 3515 episcopo
974 3446 1129 3516 juxta
1157 3443 1444 3496 considente
1465 3440 1678 3512 collega.
1710 3439 1823 3495 Hoc

243 3561 353 3598 cum
393 3542 600 3598 alternis
626 3539 844 3594 basilicis
870 3536 1101 3605 utrinque
1128 3533 1434 3598 conceditur,
1461 3541 1672 3601 utroque
1698 3531 1825 3584 alte-

243 3652 349 3689 rum
384 3652 497 3689 cum
520 3634 707 3687 honore
731 3638 902 3683 mutuo
928 3626 1257 3699 prwveniente
1274 3625 1295 3656 ¹
1330 3641 1343 3677 :
1375 3622 1493 3692 quia
1521 3622 1605 3676 ubi
1635 3636 1823 3691 praece-

245 3726 340 3795 ptio
369 3724 628 3780 charitatis
655 3720 939 3775 dilataverit
976 3716 1131 3771 corda
1150 3758 1165 3782 ,
1198 3715 1443 3785 possessio
1480 3713 1619 3783 pacis
1646 3728 1747 3766 non
1767 3713 1826 3780 ﬁt

245 3830 452 3890 angusta
485 3833 505 3873 :
534 3828 586 3871 ut
611 3832 713 3869 uno
742 3828 913 3867 eorum
938 3810 1175 3879 defuncto
1193 3848 1207 3872 ,
1231 3807 1464 3874 deinceps
1478 3806 1592 3874 jam
1613 3804 1825 3874 singulis

243 3912 425 3981 singuli
478 3907 690 3979 pristino
736 3919 874 3957 more
913 3899 1200 3954 succedant.
1254 3895 1366 3950 Nec
1412 3910 1594 3949 novum
1634 3893 1826 3962 aliquid

245 4003 326 4071 ﬁet
356 4018 374 4057 :
401 4017 522 4055 nam
542 3999 635 4053 hoc
660 4012 722 4050 ea:
740 3994 899 4064 ipsius
925 3988 1259 4060 separationis
1284 3984 1519 4049 exordio,
1551 3983 1607 4037 in
1635 3983 1705 4036 eis
1740 3982 1826 4053 qui

243 4094 480 4146 damnato
510 4087 716 4160 nefariae
739 4081 1045 4138 discissionis
1084 4094 1251 4133 errore
1280 4076 1482 4130 unitatis
1510 4072 1829 4127 dulcedinem

242 4184 315 4243 vel
354 4199 469 4240 sero
495 4186 796 4251 sapuerunt,
826 4172 1073 4228 catholica
1101 4168 1299 4223 dilectio
1327 4165 1610 4220 custodiuit.
1641 4164 1740 4216 Aut
1784 4164 1830 4217 si

242 4282 371 4350 forte
399 4272 575 4343 populi
614 4265 873 4321 christiani
898 4258 1110 4331 singulis
1138 4257 1446 4313 delectantur
1472 4252 1751 4323 cpiscOpis,
1782 4260 1830 4307 et

238 4344 458 4424 duorum
487 4357 791 4415 consortium
819 4354 1062 4408 inusitata
1103 4365 1273 4403 rerum
1312 4347 1443 4419 facie
1486 4344 1699 4399 tolerare
1727 4359 1830 4397 non

241 4463 489 4534 possunt,
519 4451 718 4520 utrique
745 4447 808 4502 de
836 4444 999 4499 medio
1026 4440 1343 4495 discedamus
1359 4454 1378 4501 ;
1407 4445 1453 4490 et
1482 4434 1701 4489 ecclesiis
1724 4433 1833 4488 sin-

244 4525 411 4622 gulis,
457 4545 697 4598 damnata
725 4534 1009 4594 schismatis
1037 4548 1227 4598 causa,
1275 4531 1328 4583 in
1374 4527 1570 4581 unitate
1614 4525 1831 4596 paciﬁca

243 4616 525 4698 constitutis
544 4676 559 4701 ,
587 4632 648 4687 ab
676 4632 754 4685 his
779 4628 865 4701 qui
894 4623 1081 4696 singuli
1108 4624 1161 4677 in
1194 4619 1410 4675 ecclesiis
1443 4616 1657 4688 singulis
1692 4616 1831 4669 inve.

246 4732 450 4785 nientur
477 4725 669 4779 unitate
696 4724 830 4793 facta
860 4733 949 4787 per
978 4716 1089 4769 loca
1118 4711 1398 4767 necessaria
1436 4707 1621 4778 singuli
1647 4706 1833 4760 consti-

246 4829 453 4875 tuantur
480 4812 701 4886 episc0pi
725 4809 819 4881 (a).

318 4912 371 4967 6.
409 4908 476 4963 Et
521 4921 641 4961 cum
686 4902 924 4971 legeret,
964 4893 1289 4965 Augustinus
1315 4892 1593 4960 episcOpus
1638 4889 1771 4943 dixit
1817 4907 1831 4942 ε

252 5004 433 5059 Dicam
459 4993 719 5058 Charitati
764 4998 987 5053 vestrm,
1019 4996 1074 5040 et
1118 4995 1532 5038 commemorem
1572 4994 1685 5033 rem
1712 4978 1835 5033 dul-

251 5094 516 5151 cissimam
533 5097 587 5145 et
603 5083 991 5148 suavissimam,
1015 5092 1171 5149 quam
1194 5072 1417 5129 Domino
1441 5070 1721 5141 adjuvante
1746 5086 1837 5123 su-

254 5201 372 5241 mus
396 5181 621 5253 experti.
650 5178 784 5232 Cum
828 5183 949 5227 ante
994 5172 1160 5240 ipsam
1191 5164 1535 5221 Collationem
1576 5161 1712 5215 inter
1741 5174 1838 5214 nos

254 5275 417 5345 aliqui
442 5251 633 5326 fratres
660 5267 729 5322 de
758 5265 855 5319 hac
881 5276 940 5316 re
968 5259 1411 5327 colloqueremur,
1440 5251 1560 5322 quia
1586 5266 1683 5322 pro
1707 5264 1838 5320 pace

254 5342 454 5421 Christi
499 5358 733 5432 episcopi
762 5354 961 5409 debent
984 5364 1135 5413 esse,
1164 5353 1255 5399 aut
1298 5342 1493 5397 debent
1539 5355 1646 5395 non
1685 5352 1836 5403 esse;

257 5455 401 5528 quod
451 5452 596 5509 vobis
646 5445 914 5505 fatendum
961 5450 1077 5508 est,
1123 5434 1612 5505 circumspicientes
1653 5446 1839 5487 omnes

265 5811 566 5876 prtevenitur.

327 5855 565 5936 iiii-ide;
588 5881 731 5933 supra
752 5867 915 5918 Brevic
952 5861 1114 5913 Collat.
1138 5859 1217 5909 die
1243 5859 1282 5919 l,
1301 5867 1405 5919 cap.
1430 5855 1477 5905 5.

1603 426 1803 481 LIBER
1843 425 2045 483 UNUS.

3272 380 3461 464 ‘70!

1894 538 2082 593 fratres
2100 544 2154 591 et
2174 534 2513 605 coepiscopos
2537 543 2746 586 nostros
2763 572 2778 595 ,
2804 546 2907 585 non
2934 528 3087 584 facile
3109 527 3261 581 nobis
3281 539 3468 578 occur-

1890 627 2178 699 rebantqui
2200 627 2298 680 hoc
2324 625 2518 679 vellent
2543 623 2843 691 suscipere,
2869 630 2923 675 et
2946 619 3013 674 de
3044 617 3142 672 hac
3172 615 3469 670 humilitate

1891 722 2115 777 Domino
2161 719 2477 774 sacrificare.
2527 715 2878 789 Dicebamus,
2927 723 2983 766 ut
3008 712 3118 766 ﬁeri
3165 708 3335 773 solet,
3382 705 3472 760 llle

1893 823 2095 883 potest,
2144 812 2233 866 ille
2258 826 2361 865 non
2403 818 2604 880 potest;
2637 808 2724 860 ille
2753 806 3018 860 consentit
3058 802 3196 867 hoc,
3228 801 3315 854 ille
3360 814 3467 852 non

1894 904 2115 968 tolerat;
2164 902 2439 970 loquentes
2483 898 2650 972 magis
2697 911 2793 966 pro
2822 891 3210 963 suspicionibus
3240 888 3471 950 nostris,

1894 995 1982 1064 qui
2012 992 2171 1048 corda
2199 992 2408 1046 illorum
2432 989 2616 1044 videre
2647 987 2864 1041 minime
2893 994 3217 1055 poteramus.
3245 980 3468 1051 Quando

1894 1095 2070 1140 autem
2095 1094 2308 1138 ventum
2358 1092 2439 1136 est
2467 1091 2525 1136 ut
2567 1080 2669 1135 hoc
2706 1080 2880 1149 palam
2925 1076 3103 1141 fieret,
3148 1076 3201 1129 in
3248 1072 3474 1128 concilio
3520 1101 3531 1111 -

1897 1179 2263 1232 universorum
2293 1184 2398 1229 tam
2425 1172 2684 1242 frequenti
2718 1185 2852 1240 pene
2888 1177 3238 1223 trecentorum
3265 1165 3475 1233 episco-

1900 1282 2084 1337 porum
2110 1306 2126 1333 ,
2154 1266 2233 1320 sic
2262 1263 2458 1334 placuit
2483 1262 2759 1323 omnibus,
2806 1259 2883 1313 sic
2910 1264 3222 1313 exarserunt
3250 1268 3434 1309 omnes
3456 1293 3473 1318 ,

1900 1370 1957 1415 ut
1983 1359 2151 1431 parati
2180 1366 2357 1413 essent
2400 1356 2761 1428 episcopatum
2791 1367 2885 1421 pro
2910 1349 3101 1405 Christi
3136 1348 3336 1401 unitate
3379 1344 3476 1398 de-

1899 1468 2097 1524 ponere
2120 1492 2134 1514 ,
2163 1460 2217 1506 et
2243 1465 2345 1505 non
2376 1448 2599 1519 perdere
2616 1489 2631 1512 ,
2656 1445 2746 1500 sed
2775 1445 2883 1498 Deo
2899 1443 3062 1497 tutius
3080 1437 3477 1496 commendare.

1904 1548 2016 1600 Duo
2042 1545 2112 1599 ibi
2143 1544 2229 1598 vix
2276 1542 2475 1597 inventi
2503 1548 2654 1605 sunt,
2700 1538 2890 1608 quibus
2932 1535 3236 1604 displiceret
3281 1549 3295 1587 :
3344 1544 3480 1585 unus

1901 1649 2133 1690 annosus
2179 1648 2342 1688 senex
2365 1674 2381 1700 ,
2428 1632 2517 1702 qui
2548 1630 2648 1684 hoc
2676 1630 2835 1684 etiam
2880 1627 3057 1682 dicere
3082 1624 3297 1680 liberius
3321 1636 3481 1675 ausus

1902 1738 2004 1791 est,
2032 1726 2188 1781 aliter
2206 1726 2531 1779 voluntatem
2578 1736 2727 1775 suam
2778 1720 2934 1774 tacito
2977 1717 3121 1771 vultu
3145 1715 3478 1786 significavit.

1903 1816 2008 1873 Sed
2055 1825 2395 1887 posteaquam
2421 1814 2567 1867 illum
2594 1827 2774 1869 senem
2807 1809 3025 1865 liberius
3049 1807 3150 1862 hoc
3184 1806 3479 1871 dicentem,

1905 1909 2084 1967 obruit
2106 1907 2341 1963 omnium
2370 1906 2599 1960 fraterna
2624 1903 2920 1971 correptio,
2956 1900 3046 1954 illo
3089 1906 3327 1952 mutante
3354 1910 3482 1950 seu-

1908 2004 2125 2058 tentiam
2144 2042 2159 2066 ,
2191 1999 2393 2055 vultum
2420 1998 2582 2053 etiam
2610 1996 2697 2050 ille
2724 1996 2965 2050 mutavit.
2997 1992 3188 2070 Audite
3213 2003 3339 2059 ergo
3362 1987 3483 2058 qui-

1909 2094 2008 2149 bus
2023 2093 2193 2149 modis
2213 2092 2372 2146 etiam
2386 2090 2496 2160 ipsa
2510 2086 2807 2142 exhortatio
2829 2085 2964 2139 facta
2981 2091 3082 2146 est,
3102 2090 3318 2152 propter
3340 2080 3487 2136 illum

1908 2187 1995 2261 qui
2022 2187 2095 2240 ait
2123 2203 2137 2239 :
2169 2184 2270 2253 Qui
2298 2199 2350 2238 se
2377 2180 2631 2243 humiliat,
2664 2175 2965 2231 exaltabitur
2993 2174 3145 2244 (Luc.
3172 2186 3328 2235 xvm,
3358 2171 3471 2239 14).

1981 2279 2033 2332 7.
2084 2276 2211 2330 Item
2257 2274 2429 2343 legit:
2478 2271 2613 2339 Quid
2658 2269 2791 2323 enim
2838 2266 3120 2319 dubitemus
3169 2260 3494 2330 Redemptor!

1912 2377 2080 2421 nostro
2104 2365 2409 2432 sacriﬁcium
2435 2362 2581 2415 istius
2610 2357 2907 2411 humilitatis
2927 2354 3109 2421 offerre
3129 2354 3155 2407 ἵ
3175 2354 3252 2406 An
3273 2368 3385 2405 vero
3405 2349 3497 2404 ille

1916 2457 1977 2510 de
2002 2454 2137 2509 caelis
2162 2454 2216 2507 in
2247 2454 2472 2506 humana
2497 2447 2718 2503 membra
2743 2445 3032 2509 descendit,
3061 2453 3115 2498 ut
3140 2441 3359 2496 membra
3386 2441 3497 2512 ejus

1914 2562 2166 2611 essemus;
2189 2554 2239 2600 et
2266 2560 2376 2607 nos,
2410 2558 2472 2595 ne
2516 2540 2628 2609 ipsa
2653 2540 2761 2608 ejus
2790 2536 3009 2590 membra
3036 2533 3230 2589 crudeli
3258 2532 3498 2586 divisione

1916 2639 2183 2702 lanientur,
2208 2637 2270 2689 de
2291 2633 2542 2689 cathedris
2561 2629 2862 2686 descendere
2880 2626 3210 2701 formidamus
3227 2625 3253 2679 ?
3279 2623 3498 2693 Propter

1917 2749 2007 2786 nos
2026 2729 2154 2785 nihil
2174 2728 2517 2799 sufﬁcientius,
2539 2741 2690 2796 quam
2714 2720 2978 2776 christiani
3001 2720 3173 2788 ﬁdeles
3194 2726 3240 2770 et
3266 2716 3498 2771 obedien-

1918 2833 1988 2876 tes
2006 2838 2178 2877 sumus
2206 2835 2227 2875 :
2254 2820 2348 2873 hoc
2369 2834 2486 2889 ergo
2505 2830 2699 2887 semper
2718 2815 2894 2867 simus.
2916 2810 3160 2882 EpiscOpi
3186 2819 3355 2862 autem
3382 2822 3500 2877 pro-

1919 2922 2029 2983 pter
2078 2910 2376 2964 christianos
2416 2907 2631 2977 populos
2670 2905 2965 2959 ordinantur
2994 2917 3013 2956 :
3039 2901 3173 2972 quod
3201 2917 3317 2971 ergo
3361 2897 3500 2952 chri-

1919 3003 2095 3057 stianis
2114 2999 2314 3072 populis
2341 2999 2409 3052 ad
2451 2998 2777 3052 christianum
2808 3010 2982 3066 pacem
3027 2993 3256 3062 prodest,
3303 2992 3397 3044 hoc
3439 2990 3503 3043 de

1921 3107 2090 3151 nostro
2106 3095 2392 3167 episcopatu
2404 3091 2670 3163 faciamus.
2694 3088 3018 3157 Augustinus
3039 3085 3317 3155 cpiscopus
3333 3081 3466 3137 dixit
3487 3097 3501 3134 :

1924 3188 2149 3257 Pr0pter
2173 3198 2271 3240 nos
2300 3183 2401 3238 hoc
2426 3181 2682 3237 debemus
2712 3195 2829 3234 esse
2859 3177 2996 3248 quod
3036 3191 3149 3230 vos.
3176 3173 3313 3243 Quid
3341 3172 3504 3227 debes

1923 3293 2042 3334 esse
2068 3288 2150 3343 tu,
2182 3277 2495 3345 cuicumque
2521 3274 2709 3343 loquor
2746 3268 3020 3325 vestrum?
3045 3268 3408 3331 Christianus,
3437 3264 3504 3317 li-

1926 3372 2087 3438 delis,
2117 3371 2372 3426 obediens
2404 3386 2417 3422 :
2465 3368 2567 3422 hoc
2612 3375 2667 3421 tu
2699 3375 2915 3435 propter
2944 3371 3021 3426 te,
3052 3360 3154 3415 hoc
3179 3366 3233 3414 ct
3256 3373 3355 3429 ego
3378 3370 3506 3428 pro-

1928 3473 2046 3533 pter
2074 3478 2178 3517 me.
2205 3462 2346 3532 Ergo
2374 3459 2511 3529 quod
2539 3466 2593 3513 tu
2620 3467 2835 3527 propter
2862 3463 2943 3519 te,
2967 3461 3021 3508 et
3037 3467 3133 3523 ego
3158 3458 3373 3522 propter
3398 3462 3506 3513 me,

1929 3568 2142 3623 semper
2167 3566 2289 3607 esse
2328 3550 2603 3605 debemus.
2634 3545 2787 3613 Quod
2813 3555 2989 3599 autem
3019 3556 3135 3598 sum
3167 3548 3381 3611 propter
3417 3546 3470 3592 te
3489 3577 3507 3603 ,

1929 3643 2027 3697 sim
2048 3682 2066 3708 ,
2112 3642 2156 3696 si
2201 3642 2293 3696 tibi
2320 3638 2537 3710 prodest
2579 3654 2592 3690 :
2625 3651 2732 3690 non
2756 3636 2856 3689 sim
2880 3676 2896 3701 ,
2943 3632 2989 3687 si
3021 3632 3112 3686 tibi
3144 3630 3314 3684 obest.
3367 3626 3510 3681 Ecce

1929 3734 2069 3805 quod
2093 3732 2290 3787 dictum
2316 3738 2435 3784 est:
2463 3726 2739 3781 attendite.
2774 3724 2901 3779 ltem
2929 3721 3057 3790 legit
3083 3737 3097 3771 :
3129 3719 3190 3771 Si
3215 3716 3342 3771 servi
3364 3715 3512 3768 utiles

1929 3839 2121 3889 sumus,
2144 3838 2234 3874 cur
2252 3819 2459 3874 Domini
2471 3816 2669 3870 aeternis
2689 3816 2842 3869 lucris
2854 3828 2944 3882 pro
2958 3811 3139 3865 nostris
3158 3802 3512 3878 temporalibus

1930 3913 2314 3971 sublintitatibus
2344 3908 2661 3965 invidemus?
2692 3900 3010 3976 Episcopalis
3039 3901 3257 3971 dignitas
3281 3898 3512 3967 fructuo-

1932 4008 2036 4063 sior
2047 4004 2188 4059 nobis
2216 4004 2330 4069 erit,
2346 4004 2389 4056 si
2400 4016 2595 4072 gregem
2609 3998 2794 4053 Christi
2809 3994 3037 4066 deposita
3055 3991 3215 4060 magis
3234 3987 3510 4058 collegerit,

1932 4113 2081 4169 quam
2101 4105 2291 4150 retenta
2316 4090 2621 4165 disperserit.
2643 4090 2881 4158 Cumque
2900 4085 3166 4149 recitaret,
3185 4078 3513 4151 Augustinus

1934 4190 2215 4260 episcopus
2231 4186 2391 4241 dixit:
2414 4184 2629 4239 Fratres
2656 4179 2789 4246 mei,
2812 4179 2857 4234 si
2881 4176 3161 4232 Dominum
3188 4171 3506 4243 cogitamus,

1935 4283 2082 4337 locus
2102 4280 2202 4334 iste
2219 4280 2394 4343 altior,
2409 4274 2624 4346 specula
2636 4272 2875 4329 vinitoris
2891 4280 2992 4334 est,
3011 4284 3116 4324 non
3136 4265 3395 4336 fastigium
3425 4278 3517 4318 su-

1939 4372 2248 4445 perbientis.
2281 4372 2336 4427 Si
2362 4385 2484 4426 cum
2504 4368 2625 4423 volo
2669 4366 2899 4422 retinere
2921 4362 3283 4433 episcOpatum
3312 4371 3514 4423 meum,

1936 4467 2184 4536 diSpergo
2210 4478 2421 4535 gregem
2439 4461 2656 4525 Christi,
2671 4455 2938 4529 quomodo
2953 4462 3033 4509 est
3050 4452 3299 4507 damnum
3321 4446 3519 4519 gregis,

1939 4558 2111 4613 honor
2134 4553 2406 4627 pastoris?
2434 4552 2565 4607 Item
2593 4550 2721 4620 legit
2748 4567 2761 4603 :
2796 4545 2933 4601 Nam
2956 4561 3053 4617 qua
3078 4546 3243 4614 fronte
3270 4541 3320 4593 in
3348 4542 3524 4611 futuro

1937 4648 2123 4704 saeculo
2175 4646 2530 4719 promissuma
2567 4629 2764 4696 Christo
2810 4636 3120 4707 sperabimus
3166 4632 3431 4693 honorem,
3478 4626 3523 4681 si

1940 4717 2268 4796 christianum
2312 4736 2365 4789 in
2398 4735 2491 4787 hoc
2519 4730 2705 4786 scacqu
2732 4737 2900 4781 noster
2933 4726 3094 4779 honor
3119 4721 3325 4792 impedit
3354 4717 3523 4773 unita-

1942 4842 2038 4885 tem
2064 4830 2090 4883 ?
2121 4828 2244 4883 Haec
2271 4834 2531 4897 propterea
2557 4820 2875 4874 Prwstantite
2917 4826 3015 4870 tua:
3049 4813 3307 4869 scribenda
3330 4806 3525 4863 curavi-

1945 4938 2055 4975 mus
2078 4962 2093 4986 ,
2126 4930 2171 4973 et
2216 4926 2268 4971 ut
2298 4932 2386 4987 per
2417 4925 2464 4969 te
2490 4915 2799 4967 innotescunt
2829 4908 3058 4963 omnibus
3086 4904 3431 4975 postulamus;
3470 4907 3525 4952 ut

1944 5015 1996 5067 in
2025 5010 2279 5081 adjutorio
2300 5007 2506 5061 Domini
2524 5004 2616 5058 Dei
2645 5004 2822 5069 nostri,
2851 5018 2948 5072 quo
2978 4995 3381 5052 admonenteista
3403 5005 3525 5060 pro-

1946 5104 2217 5167 mittimus,
2250 5110 2297 5155 et
2342 5116 2440 5171 quo
2483 5098 2753 5169 adjuvanle
2803 5111 2893 5148 nos
2933 5090 3139 5160 implere
3180 5100 3323 5156 posse
3362 5079 3526 5147 eonﬁ-

1947 5197 2112 5249 dimus
2131 5235 2146 5261 ,
2177 5193 2327 5247 etiam
2357 5169 2490 5244 ante
2514 5187 2871 5250 Collationem,
2902 5183 2945 5237 si
2987 5178 3097 5248 fieri
3140 5184 3325 5246 potest,
3372 5169 3528 5225 corda

1951 5286 2208 5339 hominum
2234 5283 2307 5337 vel
2333 5281 2538 5351 inﬁrma
2556 5321 2573 5347 ,
2600 5278 2677 5332 vel
2703 5277 2831 5330 dura
2849 5316 2864 5340 ,
2894 5273 2979 5344 pia
3008 5269 3224 5322 Charitas
3249 5275 3334 5319 aut
3360 5272 3523 5328 sanet,

1948 5388 2034 5431 aut
2062 5377 2293 5438 edomet;
2319 5390 2379 5426 ac
2404 5372 2476 5427 sic
2506 5372 2621 5441 jam
2660 5366 2885 5438 paciﬁcis
2927 5360 3168 5414 mentibus
3194 5352 3294 5411 non
3320 5354 3527 5407 resista-

1948 5488 2063 5526 mus
2100 5464 2521 5538 manifestissimte
2546 5459 2773 5524 veritati,
2801 5465 2848 5511 et
2890 5451 3276 5523 disputationem
3304 5454 3527 5499 nostram

1950 5565 2026 5618 vel
2057 5561 2400 5631 prtecedamus
2440 5552 2745 5613 concordia,
2772 5548 2848 5603 vel
2871 5560 3156 5609 sequamur.
3196 5538 3374 5609 Neque
3398 5535 3527 5590 enim

1951 5630 2219 5724 desperare
2253 5650 2487 5704 debemus
2508 5685 2524 5711 ,
2550 5644 2594 5697 si
2623 5641 2847 5697 recolunt
2886 5652 2995 5692 esse
3042 5633 3279 5705 paciﬁcos
3327 5630 3526 5690 beatos,

1950 5717 2189 5817 quoniam
2211 5740 2308 5812 ipsi
2334 5737 2428 5803 ﬁlii
2456 5735 2547 5789 Dei
2574 5724 3115 5799 vocabuntur.(llatth.
3143 5737 3179 5777 v
3197 5763 3213 5787 ,
3244 5719 3298 5791 9)
3325 5761 3340 5787 ,
3373 5717 3529 5771 multo

1955 5811 2155 5909 dignius
2184 5843 2226 5888 et
2254 5830 2456 5902 facilius
2505 5844 2588 5881 eos
2635 5824 2759 5881 velle
2804 5830 2855 5875 ut
2900 5836 3017 5889 pars
3062 5814 3249 5872 Donati
3304 5811 3529 5864 universa
