4026 6462
552 379 654 434 ’1υὸ

550 497 659 548 orbi
685 497 968 554 christiano
995 504 1360 569 reconcilietur,
1394 523 1541 574 quam
1562 512 1817 568 universus
1842 515 1976 570 orbis
2004 517 2129 570 chri-

550 588 741 643 stianns
774 609 805 643 a
831 604 972 658 parte
1005 593 1189 648 Donati
1214 596 1549 664 rebaptizetur
1579 618 1598 654 :
1623 620 1734 656 cunt
1764 609 2040 675 prcesertim
2067 609 2129 664 de

553 675 855 734 Maximiani
882 684 1122 754 sacrilego
1167 696 1214 740 et
1257 687 1493 743 damnato
1535 694 1800 749 schismate
1846 700 2126 766 venientes,

545 784 669 834 quos
690 771 835 822 etiam
862 782 1168 829 terrenarum
1190 789 1490 846 potestatum
1501 783 1814 851 jussionibus
1839 787 2128 844 insectando

547 862 809 916 emendare
834 877 1098 931 curarunt,
1132 877 1273 920 tanta
1309 870 1570 937 diligentia
1597 877 1928 942 quwsierunt,
1960 889 2012 932 ut
2039 897 2127 934 nec

542 945 858 1015 Baptismum
900 956 962 1006 ab
1012 957 1082 1009 eis
1105 957 1276 1011 datum
1301 962 1582 1016 rescindere
1608 964 1880 1032 auderent,
1911 977 1956 1021 et
1978 986 2129 1038 quos-

542 1035 658 1090 dam
681 1055 850 1094 eorum
877 1043 1140 1099 damnatos
1165 1048 1271 1101 sine
1292 1051 1399 1103 ulla
1425 1051 1628 1105 honoris
1653 1054 1985 1110 diminutione
2011 1075 2124 1112 sus-

545 1128 767 1195 ciperent
788 1172 803 1198 ,
851 1135 1095 1202 quosdam
1131 1153 1242 1190 vero
1277 1139 1329 1191 in
1373 1140 1513 1194 illius
1549 1143 1856 1198 discissionis
1893 1148 2126 1202 societate

542 1216 833 1286 inipollutos
862 1240 966 1277 esse
993 1238 1266 1283 censerent.
1299 1230 1523 1294 Quorum
1569 1234 1698 1287 inter
1742 1253 1796 1289 se
1840 1238 2125 1296 concordiis

540 1322 637 1360 non
669 1309 944 1367 inridemus
971 1331 991 1367 :
1019 1315 1107 1369 sed
1130 1334 1213 1370 eos
1238 1329 1431 1389 oportet
1459 1322 1718 1379 advertere
1747 1342 1896 1395 quam
1933 1329 2013 1398 pie
2034 1345 2122 1382 ra-

544 1413 681 1451 mum
710 1417 740 1452 a
763 1418 816 1455 se
843 1407 1059 1473 fractum
1090 1416 1227 1461 tanto
1255 1412 1419 1464 studio
1445 1413 1594 1466 radix
1619 1415 1866 1469 catholica
1892 1418 2120 1488 inquirit,

536 1487 581 1539 si
625 1506 792 1557 ramus
837 1493 945 1561 ipse
981 1496 1208 1550 similiter
1233 1516 1262 1552 a
1302 1518 1354 1553 se
1397 1519 1604 1571 parvum
1645 1507 1873 1575 fragmen
1910 1508 2123 1562 incisum

533 1577 607 1629 sic
629 1579 863 1649 colligere
905 1583 1172 1640 laboravit.
1198 1588 1266 1643 Et
1292 1591 1392 1644 alia
1421 1608 1599 1647 manu.
1632 1593 1880 1665 Optamus
1908 1606 1982 1665 te,
2010 1598 2118 1666 ﬁli,

532 1666 585 1718 in
617 1666 832 1723 Domino
857 1673 977 1727 bene
1006 1677 1186 1730 valere.

553 1829 557 1835 ,
603 1777 656 1830 8.
696 1777 812 1845 Quo
852 1783 1076 1838 recitato
1116 1788 1446 1857 Augustinus
1489 1793 1774 1866 episcopus
1800 1797 1932 1853 dixit
1965 1818 1977 1853 :
2008 1801 2119 1855 Au-

531 1864 661 1934 dite,
692 1871 777 1938 qui
807 1875 1055 1940 nescitis;
1101 1880 1279 1935 audite
1300 1923 1314 1946 ,
1342 1883 1565 1938 obsecro
1594 1864 1708 1941 vos.
1747 1891 1852 1944 Deo
1881 1893 2076 1960 gratias
2099 1935 2115 1960 ,

529 1956 650 2023 quia
683 1958 795 2026 ipso
839 1975 1099 2030 praesente
1139 1969 1344 2038 loquor.
1376 1971 1600 2028 Causam
1647 1977 1798 2032 istam
1846 1981 2115 2036 Maximia-

529 2046 786 2102 nistarum
810 2092 822 2115 ,
851 2068 1008 2121 quam
1038 2058 1158 2112 volo
1181 2061 1339 2116 modo
1366 2064 1515 2118 vobis
1542 2081 1809 2136 exponere
1830 2113 1844 2137 ,
1875 2073 1962 2126 ubi
1993 2090 2112 2128 om-

529 2137 672 2188 nium
704 2141 1086 2201 calumniarum
1129 2163 1340 2206 suarum
1385 2162 1632 2225 tanquam
1675 2161 1927 2216 malarqu
1972 2181 2115 2250 met;-

528 2225 665 2279 cium
698 2245 883 2285 navem
913 2233 1186 2305 fregerunt
1218 2257 1231 2292 :
1265 2257 1479 2297 causam
1505 2261 1632 2316 ergo
1663 2249 1815 2303 istam
1844 2225 2116 2309 Maximi;-

526 2318 784 2375 nistarum
805 2338 924 2380 cum
949 2329 1102 2384 toties
1122 2331 1503 2402 objecissemus
1525 2339 1576 2391 in
1596 2350 1775 2396 nostra
1796 2344 2109 2413 Collatioue,

525 2407 656 2461 nihil
684 2411 938 2468 adversus
959 2432 1075 2470 eam
1101 2420 1278 2476 dicere
1306 2433 1620 2494 potuerunt;
1647 2430 1698 2484 id
1719 2441 1835 2500 est,
1859 2435 2112 2492 adversus

523 2496 875 2565 objectionem
900 2517 1133 2562 nostram
1161 2512 1316 2565 toties
1338 2515 1611 2584 insertam,
1635 2523 1787 2576 toties
1809 2496 2084 2593 repetitam

524 2590 682 2645 toties
703 2607 884 2648 eorum
917 2598 1177 2655 frontibus
1205 2603 1390 2660 illisam
1411 2649 1426 2673 ,
1458 2609 1587 2664 nihil
1618 2613 1836 2669 omnino
1881 2633 2108 2686 respon-

527 2682 653 2736 dere
677 2694 994 2754 potuerunt,
1027 2693 1146 2760 quia
1177 2697 1316 2764 quod
1344 2703 1724 2768 responderent
1753 2723 1857 2761 non
1892 2709 2109 2766 invene-

519 2782 660 2826 runt.
696 2777 886 2832 Audite
925 2796 1050 2850 ergo
1087 2784 1226 2838 illam
1258 2787 1554 2858 diligenter.
1586 2793 1724 2850 Ecce
1751 2796 1837 2852 hic
1866 2807 1981 2866 est,
2009 2817 2106 2856 au-

520 2863 598 2918 dit
625 2881 710 2920 me
739 2885 753 2921 :
783 2870 825 2923 si
871 2874 1119 2938 mentior,
1153 2877 1458 2949 redarguat,
1505 2885 1728 2952 probare
1755 2903 1839 2942 me
1867 2892 2104 2960 compel-

518 2954 610 3008 lat.
640 2956 798 3013 Gesta
820 2963 1030 3030 quidem
1055 2966 1166 3034 ipsa
1193 2968 1278 3024 hic
1306 2985 1411 3026 non
1438 2984 1588 3042 sunt,
1617 2977 1709 3032 sed
1735 2979 1806 3033 ibi
1833 2983 1902 3035 sit
1923 2954 2101 3040 causa.

517 3042 559 3109 F
562 3059 772 3102 eramus
800 3053 1060 3118 quaslibet
1086 3055 1401 3127 dilationes,
1434 3073 1490 3117 ut
1531 3064 1596 3119 ad
1639 3067 1956 3126 documenta
2003 3091 2101 3130 ne-

515 3129 745 3183 cessaria
774 3133 1077 3204 veniamus,
1107 3139 1151 3192 si
1180 3141 1473 3208 probavero
1499 3148 1638 3216 quod
1667 3149 1805 3206 dico.
1838 3154 1890 3210 Si
1920 3165 2098 3213 tamen

514 3215 638 3272 inde
668 3218 889 3289 dubitat,
911 3235 1021 3293 aut,
1049 3230 1190 3298 quod
1216 3230 1353 3287 absit
1371 3274 1386 3298 ,
1409 3215 1650 3294 dubitare
1671 3255 1729 3295 se
1753 3242 1899 3313 tingit
1917 3286 1931 3311 ,
1959 3249 2098 3316 quod

511 3319 641 3373 pace
669 3309 783 3378 ejus
827 3311 1083 3383 dixerim,
1117 3335 1221 3376 non
1266 3328 1649 3397 communicet,
1692 3332 1734 3386 si
1766 3348 1871 3388 non
1903 3338 2095 3405 proba-

510 3410 654 3449 vero.
683 3398 738 3453 Si
768 3412 944 3457 autem
974 3408 1074 3461 scit
1113 3410 1222 3478 jam
1253 3428 1336 3468 me
1385 3431 1566 3471 verum
1608 3420 1784 3476 dicere
1804 3463 1818 3487 ,
1861 3433 1914 3480 et
1948 3429 2096 3482 novit

509 3498 789 3553 promerea
817 3497 1142 3563 respondere
1186 3503 1454 3572 noluisse,
1486 3508 1607 3577 quia
1635 3513 1775 3581 quod
1805 3519 2093 3585 responde-

506 3583 590 3630 ret
633 3591 740 3634 non
767 3585 938 3651 potuit
967 3587 1243 3659 invenire;
1285 3610 1415 3666 rogo
1445 3614 1539 3654 vos
1573 3610 1629 3656 ut
1670 3604 1769 3674 ipsi
1802 3583 2048 3676 judicetis
2071 3654 2087 3679 ,

502 3668 631 3735 quid
678 3671 747 3726 sit
793 3675 1117 3735 tolerabilius
1162 3683 1215 3738 in
1262 3685 1464 3744 honore
1487 3705 1605 3766 ‘suo
1643 3695 1915 3767 suscipere
1956 3716 1985 3754 a
2029 3717 2090 3758 se

503 3757 808 3817 damnatum
830 3807 844 3830 ,
877 3782 944 3821 an
975 3767 1191 3827 fratrem
1219 3792 1509 3845 agnoscere
1535 3798 1639 3837 non
1667 3787 1948 3857 aliquando
1975 3807 2004 3846 a
2028 3809 2086 3849 se

500 3850 821 3909 convictum.
870 3857 1129 3918 lntendite
1149 3905 1164 3929 ,
1211 3868 1466 3939 obsecro,
1497 3874 1676 3931 audite
1705 3883 2080 3939 narrationem.

569 3941 636 4044 9..
664 3945 1015 4007 Maximianus
1040 3957 1253 4025 quidam
1285 3962 1540 4020 diaconus
1561 3966 1661 4023 fuit
1684 3970 2066 4046 Carthaginen-

503 4031 597 4098 sis,
623 4033 673 4087 in
705 4046 850 4102 parte
883 4041 1105 4112 Donati;
1137 4050 1248 4102 sive
1277 4055 1468 4108 merito
1494 4060 1754 4126 superbia:
1782 4080 1912 4133 sua},
1943 4069 2074 4133 sive,

507 4129 566 4175 ut
602 4123 700 4192 ipsi
729 4138 931 4197 putant,
978 4137 1169 4190 merito
1189 4138 1410 4207 justitiae
1452 4123 1582 4212 sure,
1620 4149 1839 4207 offendit
1873 4123 2076 4226 episco:

501 4219 623 4272 pum
651 4222 825 4276 suum,
861 4213 910 4268 id
938 4227 1038 4282 est,
1071 4219 1392 4280 Primianum
1421 4213 1927 4304 Carthaginenseml;
1963 4244 2075 4297 sive

499 4293 702 4363 inique,
735 4301 778 4352 si
818 4308 1079 4372 superbus
1118 4313 1426 4383 meliorem;
1458 4321 1569 4376 sive
1591 4323 1754 4392 juste,
1808 4329 1850 4382 si
1879 4331 2072 4400 probus

496 4385 892 4454 improbiorem.
925 4396 1426 4462 Excommunicatus
1452 4418 1534 4463 est
1558 4427 1588 4465 a
1626 4414 1917 4485 Primiano,
1944 4437 2066 4490 per-

490 4477 628 4531 rexit
662 4479 726 4534 ad
765 4483 1045 4555 episcopos
1081 4491 1305 4559 vicinos,
1351 4500 1636 4555 concitavit
1665 4505 1916 4561 invidiam
1951 4511 2067 4566 Pri-

487 4566 683 4634 miano,
711 4577 976 4630 accusavit
995 4593 1117 4633 eum
1147 4584 1282 4652 apud
1306 4585 1443 4642 illos.
1478 4589 1704 4647 Ventum
1735 4606 1817 4651 est
1845 4599 1908 4652 ad
1933 4599 2066 4655 Car-

487 4656 751 4726 thaginem
801 4679 813 4714 :
861 4666 1141 4724 voluerunt
1188 4674 1274 4741 qui
1320 4669 1577 4735 venerunt
1623 4685 1769 4738 multi
1824 4689 2060 4760 episcopi

484 4743 791 4824 Donatistae,
823 4753 888 4806 ad
917 4772 974 4810 se
1000 4760 1179 4815 venire
1206 4763 1566 4835 Primianum;
1609 4773 1747 4827 sicut
1782 4778 2063 4834 voluerunt

479 4838 711 4905 majores
750 4843 968 4900 istorum
1000 4849 1064 4902 ad
1108 4867 1166 4906 se
1203 4856 1384 4909 venire
1413 4858 1772 4916 Czecilianum.
1808 4865 2059 4925 Factione

481 4931 710 4998 cognita,
741 4935 910 4991 noluit
948 4939 1014 4994 ad
1061 4942 1188 4998 istos
1217 4948 1399 5003 venire
1443 4950 1772 5021 Primianus;
1823 4959 1961 5013 sicut
1989 4961 2056 5016 ad

473 5022 594 5078 illos
625 5025 788 5080 noluit
821 5032 1003 5085 venire
1043 5033 1376 5093 Carcilianus.
1411 5041 1700 5100 Damnatus
1739 5059 1820 5102 est
1847 5051 1914 5104 ab
1940 5052 2054 5108 istis

467 5113 661 5169 absens
693 5117 1028 5190 Primianus;
1057 5126 1195 5182 sicut
1215 5129 1281 5182 ab
1308 5130 1412 5185 illis
1441 5133 1719 5192 damnatus
1746 5149 1829 5194 est
1857 5143 2050 5200 absens

464 5204 799 5264 Caecilianus.
854 5213 1072 5279 Qualem
1130 5219 1410 5291 imaginem
1460 5241 1636 5282 rerum
1693 5233 1856 5287 voluit
1911 5235 2049 5292 Deus

463 5304 585 5350 ante
618 5299 801 5354 oculos
827 5316 1036 5360 nostros
1062 5313 1257 5365 recenti
1282 5322 1520 5384 tempore
1551 5334 1766 5387 ponere,
1795 5326 2043 5393 quoniam

459 5387 616 5444 nimis
635 5392 846 5463 antiqua
865 5396 973 5466 jam
1002 5397 1454 5462 delebat‘oblivio.
1493 5409 1779 5468 Damnatus
1810 5387 1890 5469 est
1917 5418 2042 5472 abs-

458 5489 573 5531 ens.
624 5481 707 5536 Ab
730 5485 848 5540 aliis
876 5490 1137 5559 episc0pis
1170 5497 1332 5562 partis
1359 5497 1546 5554 Donati
1571 5502 1865 5560 Primianus
1888 5524 2039 5562 com-

459 5572 694 5628 munioni
720 5586 803 5632 est
843 5581 1152 5647 restitutus;
1183 5587 1289 5642 imo
1315 5591 1438 5658 quia
1479 5608 1601 5647 eum
1630 5611 1732 5650 non
1773 5597 2037 5667 deposue-

458 5669 599 5725 runt,
635 5661 684 5717 in
728 5679 821 5720 sua
864 5669 991 5726 sede
1020 5673 1255 5731 ﬁrmatus
1296 5688 1397 5734 est.
1429 5680 1671 5738 Damnati
1713 5696 1835 5740 sunt
1865 5687 2033 5742 Maxi-

457 5751 744 5820 mianistic;
775 5759 909 5834 sicut
935 5776 963 5816 a
989 5766 1279 5836 peregrinis
1295 5771 1561 5842 episcopis
1586 5785 1634 5832 et
1661 5780 2028 5836 transmarinis

1463 389 1547 444 DE
1575 392 1812 451 GESTIS
1848 397 1987 454 CUM
2027 401 2345 473 EMERITO,
2386 409 2442 464 S.
2484 411 2851 472 AUGUSTINI

3701 438 3802 496 τοι

2233 522 2479 581 absolute
2507 528 2789 586 Caeciliano
2812 536 2999 590 meruit
3024 537 3260 596 damnari
3296 544 3550 603 Donatus.
3584 550 3814 609 Damna-

2237 623 2319 670 tus
2371 627 2454 671 est
2515 620 2860 680 Maximianus
2906 643 3023 682 cum
3073 629 3348 689 duodecim
3415 639 3811 700 ordinatoribus

2234 706 2366 760 suis.
2409 708 2588 765 Factio
2614 714 2826 782 quidem
2873 717 2981 787 ipsa
3023 721 3277 789 plurimos
3317 728 3647 798 continebat,
3689 751 3814 790 cen-

2233 801 2344 849 tum
2381 810 2530 853 erant
2564 800 2801 858 fortassis
2829 809 3083 879 episcopi.
3112 810 3216 870 Sed
3257 832 3324 871 ne
3367 820 3538 888 major
3565 825 3814 894 praecisio

2234 881 2405 951 ﬁeret,
2437 888 2520 942 isti
2553 893 2830 949 voluerunt
2855 901 3034 966 paucis
3063 901 3306 972 dejectis,
3329 909 3508 965 multis
3534 881 3814 984 imponere

2231 977 2581 1047 disciplinam.
2629 984 2957 1044 Damnarunt
3011 994 3152 1048 solos
3200 998 3289 1066 qui
3337 977 3627 1057 adfuerunt
3673 1006 3810 1059 ordi-

2231 1071 2430 1124 nationi
2478 1073 2800 1146 Maximiani,
2832 1082 3045 1150 quando
3084 1095 3269 1141 contra
3306 1092 3613 1162 episcopum
3652 1110 3806 1151 suum

2233 1157 2417 1214 illicite
2441 1171 2522 1215 est
2550 1164 2786 1220 elevatus
2812 1171 3112 1240 episcopus.
3145 1157 3408 1234 Caeteriﬁin
3435 1157 3548 1251 ipsa
3574 1182 3807 1242 factione

2229 1251 2521 1317 constituti,
2573 1256 2617 1309 si
2666 1257 2840 1313 redire
2886 1261 2952 1314 ad
3002 1262 3291 1321 Ecclesiam
3336 1271 3554 1338 vellent,
3602 1274 3656 1328 in
3697 1276 3809 1332 suis

2228 1343 2663 1410 permitterentur
2691 1347 3001 1406 honoribus.
3041 1354 3230 1412 Verbis
3251 1359 3464 1428 quidem
3490 1363 3602 1417 suis
3627 1374 3805 1421 esten-

2227 1431 2424 1488 debant
2459 1451 2551 1490 eos
2581 1437 2710 1494 foris
2738 1457 2858 1497 esse
2901 1444 2967 1499 ab
3011 1447 3248 1504 Ecclesia
3279 1468 3293 1504 :
3324 1467 3481 1522 quem
3509 1458 3654 1511 enim
3683 1459 3808 1514 bor-

2228 1525 2356 1579 taris
2385 1536 2440 1580 ut
2482 1527 2663 1595 intret,
2710 1531 2840 1587 foris
2882 1544 2984 1590 est.
3023 1537 3322 1595 Constituto
3348 1558 3475 1614 ergo
3513 1545 3623 1611 die,
3667 1548 3806 1604 intra

2225 1633 2381 1687 quem
2415 1619 2554 1675 diem
2581 1621 2636 1694 psi
2660 1623 2912 1693 redirent,
2939 1628 3014 1682 eis
3035 1629 3165 1684 nihil
3193 1631 3442 1688 obessent
3469 1652 3588 1706 quae
3613 1637 3806 1694 adver-

2223 1725 2313 1764 sus
2336 1711 2656 1768 Primianum
2683 1714 3018 1786 dicebantur,
3064 1717 3281 1778 decreto
3311 1725 3588 1796 Bagaiensi
3621 1729 3802 1786 firma-

2222 1809 2364 1855 runt.
2396 1803 2683 1859 Damnatus
2722 1818 2802 1861 est
2829 1808 3175 1867 Maximianus
3202 1829 3321 1868 cum
3356 1815 3657 1874 duodecim.
3685 1821 3805 1878 Cos.

2222 1893 2300 1962 pit
2344 1894 2446 1964 agi,
2501 1904 2558 1950 ut
2600 1897 2834 1953 damnati
2876 1899 2944 1955 de
2973 1900 3205 1959 basilicis
3251 1906 3597 1976 pellerentur.
3626 1910 3803 1980 ilnter-

2221 1983 2484 2051 pellantur
2531 1985 2780 2055 judices,
2839 1990 3246 2061 interpellantur
3298 2000 3688 2070 proconsules,
3748 2003 3796 2058 in

2215 2074 2472 2142 judicium
2517 2078 2776 2149 allegatnr
2815 2082 3115 2154 episcopale
3139 2085 3429 2157 Bagaiense
3465 2093 3790 2149 concilium:

2218 2164 2465 2221 dicuntur
2517 2168 2770 2236 haeretici,
2830 2173 3266 2231 demonstrantur
3315 2178 3574 2248 damnati,
3628 2185 3790 2254 impe-

2219 2265 2424 2313 trantur
2453 2259 2741 2329 jussioncs,
2787 2266 2982 2320 auxilia
3027 2279 3434 2340 congregantur,
3480 2273 3695 2330 venitur
3731 2277 3789 2331 ad

2216 2349 2506 2418 ejiciendos
2533 2352 2600 2408 de
2640 2354 2871 2410 basilicis
2898 2356 3137 2414 homines
3163 2361 3459 2430 damnatos,
3501 2373 3557 2420 ct
3593 2366 3649 2420 in
3693 2381 3783 2422 sua

2216 2441 2504 2508 pertinacia
2543 2447 2876 2500 constitutos.
2911 2449 3014 2505 Illis
3056 2452 3442 2520 condemnatis,
3489 2457 3672 2527 pepuli
3703 2461 3784 2530 qui

2216 2532 2463 2588 favebant
2493 2538 2800 2594 restiterunt
2828 2557 2841 2594 :
2870 2541 2959 2596 ubi
2989 2558 3092 2597 non
3121 2555 3422 2614 potuerunt,
3454 2548 3579 2604 victi
3623 2562 3782 2616 sunt;

2215 2623 2265 2677 in
2294 2624 2466 2679 locum
2494 2643 2677 2682 corum
2717 2630 2806 2698 qui
2843 2630 2966 2686 victi
3011 2644 3135 2688 sunt
3164 2644 3216 2690 et
3245 2639 3474 2706 expulsi,
3524 2641 3614 2694 alii
3648 2642 3786 2696 ordi-

2212 2716 2318 2769 nati
2363 2727 2506 2771 sunt.
2555 2718 2637 2772 Ex
2675 2721 2868 2791 quibus
2897 2723 3029 2780 duos
3073 2727 3339 2793 novimus,
3382 2739 3437 2784 ut
3476 2731 3546 2787 de
3584 2735 3792 2790 caeteris

2214 2815 2500 2874 taceamus,
2545 2827 2707 2866 unum
2751 2813 3099 2885 Felicianum,
3141 2819 3368 2874 alterum
3412 2821 3786 2880 Praetextatum

2209 2897 2601 2953 Assnritanum.
2646 2901 2790 2969 Quos
2842 2913 2960 2974 post
2997 2922 3164 2962 annos
3209 2909 3344 2964 duos
3385 2923 3476 2967 aut
3521 2922 3651 2982 tres,
3699 2931 3785 2985 per

2207 2985 2455 3054 Optatum
2491 2989 2862 3047 Gildoniannm
2890 3005 3008 3064 post
3033 2998 3228 3055 multas
3266 3001 3368 3056 illis
3398 3003 3574 3060 illatas
3604 3021 3783 3075 perse-

2206 3079 2445 3134 cutiones
2461 3080 2762 3148 judiciariis
2787 3088 3248 3154 prosecutionibus
3273 3100 3327 3144 et
3361 3101 3468 3148 tota
3495 3096 3788 3152 acrimonia

2204 3178 2522 3237 potestatum
2562 3173 2614 3227 in
2654 3176 2764 3230 suis
2803 3178 3088 3234 honoribus
3127 3195 3494 3252 susceperunt.
3536 3186 3667 3242 Post
3696 3188 3781 3243 da.

2204 3262 2524 3317 mnationem
2565 3279 2735 3333 suam,
2765 3277 2884 3338 post
2922 3271 3258 3341 ejectionem,
3305 3285 3425 3345 post
3457 3282 3778 3346 persecutio-

2201 3367 2295 3407 nes
2319 3366 2666 3424 susccperunt
2694 3359 2810 3414 illos
2839 3360 2892 3414 in
2932 3361 3222 3418 honoribus
3261 3367 3390 3432 suis,
3424 3368 3778 3437 adjnnxerunt

2197 3445 2298 3500 sibi
2320 3449 2492 3503 socios
2519 3459 2675 3518 atque
2698 3451 2944 3522 collegas.
2975 3452 3105 3507 Nam
3135 3455 3184 3508 in
3215 3456 3332 3510 loco
3356 3459 3514 3513 unius
3544 3461 3779 3530 ipsorum

2196 3535 2501 3592 Prtetextati
2529 3539 2849 3605 Assuritani,
2895 3543 3056 3596 alium
3094 3545 3205 3612 jam
3249 3545 3634 3605 ordinaverunt
3680 3567 3771 3605 no-

2193 3629 2336 3684 mine
2363 3630 2643 3700 Rogatum,
2666 3633 2753 3702 qui
2783 3634 2939 3688 modo
2959 3636 3250 3691 catholicus
3275 3649 3374 3705 est,
3399 3641 3481 3694 cui
3508 3643 3770 3699 exercitus

2192 3721 2435 3786 istorum,
2467 3722 2520 3776 id
2546 3731 2645 3786 est,
2676 3740 2865 3794 agmen
2900 3724 3417 3796 Circumcellionum,
3459 3732 3695 3804 linguam
3719 3745 3767 3790 et

2190 3825 2402 3866 manum
2437 3813 2691 3882 praecidit.
2739 3814 2820 3870 Illi
2861 3824 3037 3870 autem
3078 3819 3167 3888 qui
3207 3833 3301 3888 per
3344 3821 3512 3889 ipsum
3565 3834 3764 3896 tempus

2188 3916 2293 3971 quo
2339 3903 2411 3957 illi
2443 3904 2676 3959 damnati
2707 3905 2836 3961 foris
2887 3916 3060 3975 erant,
3113 3909 3280 3965 ferme
3322 3928 3416 3981 per
3457 3915 3759 3984 triennium,

2185 3996 2428 4066 baptizati
2459 4008 2582 4053 sunt
2601 4014 2627 4052 a
2659 4000 2940 4071 damnatis,
2968 4003 3213 4075 baptizati
3240 4017 3363 4062 sunt
3392 4007 3525 4065 foris
3553 4013 3620 4066 ab
3651 4014 3750 4067 Ec-

2183 4088 2343 4157 clesia
2387 4090 2630 4158 istorum,
2674 4093 2750 4148 sic
2794 4103 2917 4148 sunt
2960 4097 3210 4166 suscepti.
3255 4097 3423 4154 Nemo
3461 4101 3616 4168 dixit,
3647 4104 3753 4159 Non

2182 4180 2346 4236 habes
2386 4182 2730 4253 Baptismum,
2762 4188 2882 4256 quia
2921 4187 3051 4243 foris
3082 4205 3140 4245 es
3167 4191 3478 4261 baptizatus.
3508 4195 3575 4250 Et
3606 4198 3748 4254 reba-

2179 4273 2407 4340 ptizatur
2448 4276 2536 4345 qui
2565 4277 2708 4332 venit
2749 4278 2815 4333 de
2845 4279 3076 4350 Epheso,
3113 4282 3180 4338 de
3221 4284 3467 4358 Smyrna,
3494 4288 3563 4344 de
3589 4290 3747 4346 Thes-

2177 4364 2429 4429 salonica,
2463 4367 2529 4422 de
2572 4369 2780 4423 caeteris
2819 4369 3072 4426 Ecclesiis
3104 4389 3235 4444 quas
3261 4390 3360 4432 suo
3389 4377 3575 4435 labore
3621 4380 3743 4451 Apo-

2174 4457 2297 4510 stoli
2339 4459 2726 4528 plantaverunt,
2767 4473 2821 4516 et
2860 4462 2926 4517 ad
2953 4479 3082 4534 quas
3108 4466 3332 4536 legimus
3377 4471 3570 4527 missas
3611 4475 3742 4541 Apoo

2172 4550 2430 4604 stolorum
2459 4551 2742 4622 Epistolas,
2765 4570 2898 4626 quas
2922 4557 3168 4613 audimus
3187 4560 3240 4614 in
3263 4561 3490 4618 ecclesia
3516 4565 3738 4620 recitari.

2242 4641 2329 4696 10.
2369 4642 2642 4698 Sententia
2671 4655 2877 4701 tenetur
2910 4665 2922 4700 :
2952 4658 3007 4703 et
3035 4659 3286 4719 quantum
3325 4654 3648 4720 audivimus,
3677 4656 3737 4711 ab

2168 4734 2285 4804 ipso
2314 4733 2474 4789 fratre
2495 4746 2698 4804 nostro,
2727 4753 2882 4808 quem
2918 4740 3061 4796 Deus
3082 4741 3237 4798 faciat
3260 4756 3506 4816 pacatum
3529 4747 3738 4804 fratrem

2167 4835 2427 4891 nostrum,
2467 4827 2534 4879 ab
2580 4829 2681 4882 isto
2723 4830 2961 4885 Emerito
2999 4842 3080 4887 est
3106 4834 3301 4888 dictata
3347 4841 3612 4894 sententia
3657 4841 3737 4894 ubi

2165 4915 2236 4968 illi
2263 4915 2495 4972 damnati
2523 4927 2666 4973 sunt.
2698 4920 2927 4991 Legatnr
2951 4923 3062 4992 ipsa
3109 4927 3372 4981 sententia
3415 4929 3506 4983 ubi
3539 4931 3616 4984 illi
3645 4931 3734 4985 da-

2162 5008 2326 5060 mnati
2358 5016 2500 5075 sunt,
2530 5019 2583 5063 ct
2615 5010 2818 5080 legatur
2846 5015 3108 5068 sententia
3138 5016 3224 5070 ubi
3255 5015 3602 5075 Caecilianum
3643 5022 3731 5076 da-

2160 5108 2476 5152 mnaverunt
2513 5100 2742 5170 majores
2772 5103 3027 5169 istorum;
3059 5113 3111 5160 et
3133 5106 3408 5164 videamus
3435 5113 3522 5181 qui
3553 5114 3627 5168 rei
3655 5129 3734 5183 pe-

2152 5191 2298 5258 jores
2344 5188 2462 5244 facti
2499 5201 2643 5258 sunt,
2687 5194 2773 5262 qui
2818 5197 3065 5264 graviore
3101 5201 3364 5255 sententia
3413 5205 3605 5272 puniti,
3647 5207 3732 5274 qui

2154 5281 2376 5349 strepitu
2416 5281 2618 5350 majore
2647 5283 2901 5339 damnati.
2931 5287 3006 5342 lbi
3049 5288 3182 5343 dixit
3211 5307 3224 5343 :
3251 5289 3392 5344 Licet
3418 5295 3553 5346 enim
3591 5296 3730 5365 uipe-

2151 5371 2224 5423 rei
2270 5372 2474 5426 seminis
2519 5374 2696 5427 noxios
2747 5389 2920 5446 partus
2964 5381 3190 5433 venenati
3242 5383 3373 5437 uteri
3417 5384 3592 5438 alveus
3644 5386 3744 5438 diu.

2151 5461 2346 5527 texerit,
2393 5469 2439 5515 et
2476 5465 2702 5532 concepti
2742 5467 2940 5520 sceleris
2985 5469 3088 5522 uda
3130 5472 3346 5541 coagula
3392 5473 3446 5525 in
3496 5475 3725 5542 aspiciunt

2147 5551 2368 5603 membra
2392 5553 2536 5605 tardo
2557 5569 2610 5605 se
2633 5554 2798 5607 calore
2819 5559 3201 5625 vaporaverint;
3234 5570 3399 5616 tamen
3429 5575 3721 5636 conceptum

2145 5642 2278 5693 virus
2302 5652 2618 5696 evanescente
2646 5647 2937 5701 umbraculo
2969 5650 3211 5706 occultari
3241 5670 3339 5707 non
3366 5657 3557 5724 potuit.
3582 5657 3715 5711 Nam

2141 5735 2233 5787 etsi
2259 5750 2390 5799 sero,
2419 5734 2674 5804 publicum
2701 5747 2867 5792 tamen
2897 5743 3110 5810 fucinus,
3139 5755 3187 5798 et
3223 5749 3550 5815 parricidium
3574 5768 3713 5804 suum

2140 5825 2239 5896 feta
2260 5826 2502 5881 scelerum
2527 5838 2637 5884 vota
2661 5842 2973 5900 pepererunt.
3003 5832 3150 5901 Quod
3169 5845 3284 5893 ante
3303 5841 3596 5909 prtedictum
3614 5855 3711 5898 est:
