4026 6466
209 357 312 413 705

216 495 234 527 ι
259 466 839 541 Parturiitinjustitiam,
871 466 1095 535 concepit
1125 466 1368 531 dolorem,
1403 474 1448 518 et
1471 464 1658 533 peperit
1687 465 1786 516 ini-

208 568 447 632 quitatem
475 582 493 615 ι
538 561 707 631 (Psal.
735 576 827 625 vn,
870 561 983 629 15).
1022 558 1126 614 Sed
1155 558 1392 628 quoniam
1416 573 1648 611 serenum
1683 558 1789 621 iam

210 659 364 727 fulget
403 671 431 709 e
457 654 646 717 nubilo,
677 670 765 707 nec
790 664 859 708 est
894 655 1103 723 confusa
1129 652 1395 704 criminum
1427 651 1553 704 silva
1579 666 1693 702 cum
1722 649 1789 701 ad

208 765 405 817 poenam
439 747 698 818 designata
736 755 852 800 sunt
888 745 1094 798 nomina
1125 743 1486 814 :indnlgentia:
1526 743 1657 795 enim
1690 757 1787 793 an-

204 841 347 893 tehac
381 843 567 909 fuerat,
602 837 721 889 dum
746 837 1021 889 clementia:
1046 835 1342 888 dimittimus
1371 834 1575 898 lineam,
1604 832 1787 884 invenit

201 950 353 985 causa
381 948 505 1001 quos
545 930 741 1000 puniat.
784 930 849 983 Et
883 930 1018 982 inter
1051 938 1241 983 eietera
1271 945 1283 980 :
1316 925 1625 998 Loquamur,
1658 925 1783 977 elia—

200 1022 386 1075 rissimi
432 1024 636 1091 fratres,
684 1020 965 1075 schismatis
993 1036 1192 1085 causas,
1234 1019 1354 1089 quia
1381 1020 1483 1084 iam
1524 1034 1623 1070 non
1666 1032 1787 1085 pos-

198 1132 373 1168 sumus
421 1124 583 1167 tacere
628 1130 886 1183 personas.
934 1111 1303 1165 Maximianum
1351 1110 1471 1178 ﬁdei
1522 1108 1781 1173 ωηιυιιιηι,

198 1207 422 1259 verizatis
449 1204 757 1269 adulterum,
798 1202 1041 1257 Ecclesia:
1069 1203 1242 1255 matris
1271 1202 1548 1266 inimicum,
1580 1200 1781 1263 Datlue,

199 1300 385 1362 (litore,
437 1308 485 1352 et
527 1298 715 1352 Abii-on
760 1298 1063 1350 ministrum.
1103 1294 1230 1349 Hauc
1266 1295 1427 1348 verba
1470 1302 1595 1348 sunt
1622 1291 1784 1361 partis

199 1392 389 1445 Donati
423 1391 475 1443 in
518 1389 951 1452 Maximianislas,
996 1388 1099 1441 isto
1141 1396 1199 1441 ut
1227 1386 1522 1440 audivimus
1550 1384 1783 1439 dictante

198 1481 426 1551 prolata.
454 1479 613 1535 Scitis
641 1488 815 1534 autem
842 1479 930 1547 qui
957 1478 1064 1531 sint
1100 1476 1323 1543 Dathan,
1353 1475 1545 1540 Cbore,
1570 1484 1625 1529 et
1649 1474 1781 1528 Abi-

199 1590 316 1627 ron.
373 1572 479 1642 Ipsi
532 1573 703 1641 primo
760 1571 990 1625 schisma
1048 1570 1314 1633 fecerunt,
1382 1568 1575 1638 quibus
1626 1582 1782 1636 pmna

198 1666 397 1721 usitata
454 1679 559 1719 non
615 1664 843 1727 suffecit,
897 1664 1044 1717 vivos
1096 1672 1278 1731 aperta
1320 1669 1461 1715 terra
1512 1659 1784 1715 devoravit

200 1754 390 1827 (Num.
424 1771 534 1820 ινι,
566 1755 679 1822 52).
724 1754 925 1818 Datlue,
971 1753 1197 1807 Cltoreet
1238 1753 1427 1805 Abiron
1474 1753 1779 1815 ministrum,

196 1845 363 1900 verba
405 1845 568 1915 ipsius
615 1853 738 1898 sunt
775 1843 837 1896 de
882 1844 1022 1913 pacis
1062 1846 1247 1913 gremio
1290 1842 1547 1895 sententia:
1592 1842 1782 1912 fulmen

197 1937 437 1991 excussit.
469 1936 661 1991 Audite
703 1937 895 1990 adhuc.
934 1934 1000 1988 Et
1036 1935 1171 2005 quod
1212 1935 1378 1987 adhuc
1416 1951 1547 1999 eum,
1592 1934 1779 2003 inquit,

196 2028 461 2082 dehiscens
502 2036 637 2083 terra
664 2045 764 2081 non
792 2027 1066 2093 absorbuit,
1114 2028 1183 2080 ad
1224 2028 1388 2096 majus
1408 2025 1661 2096 judicium
1681 2026 1781 2078 ‘su-

197 2120 335 2174 neris
378 2121 664 2175 reservavit.
706 2120 906 2189 Raptus
947 2121 1079 2174 enim
1123 2137 1321 2189 pinnam
1363 2120 1446 2173 sui
1485 2119 1782 2189 compendio

196 2212 481 2265 lucraverat
531 2212 742 2282 funeris,
794 2228 975 2266 usuras
1016 2228 1147 2265 nunc
1196 2212 1438 2282 gravioris
1479 2213 1670 2282 colligit
1708 2216 1782 2282 fe-

197 2304 356 2368 noris,
405 2320 521 2356 cum
558 2312 780 2358 mortuus
821 2305 1025 2358 interest
1064 2305 1203 2358 vivis.
1248 2304 1418 2359 Verba
1455 2314 1578 2359 sunt
1618 2305 1782 2374 ipsius

197 2396 582 2450 Maximianum
609 2397 930 2461 damnantis,
960 2397 1042 2451 vel
1073 2398 1268 2467 potius,
1301 2408 1359 2452 ut
1385 2400 1501 2467 ipse
1525 2397 1672 2461 dicit,
1697 2414 1784 2451 ore

196 2488 441 2554 veridico,
474 2488 822 2545 fulminantis.
851 2490 915 2544 Et
946 2500 1121 2544 tamen
1160 2490 1368 2544 collecti
1395 2498 1518 2545 sunt
1547 2491 1778 2560 aspides,

196 2580 422 2649 viperze,
454 2581 767 2649 parricidae;
814 2596 914 2636 nec
955 2582 1267 2636 exsulﬂatur
1294 2582 1593 2653 Baptismus
1622 2598 1779 2653 quem

195 2671 346 2726 dedit
381 2671 546 2740 aspis,
574 2673 774 2741 vipera,
804 2673 1086 2743 parricida.
1130 2674 1366 2729 Audistis
1389 2684 1616 2744 quantus
1648 2676 1783 2747 ignis

196 2764 465 2819 exarserit
507 2764 842 2833 eloquentire,
890 2766 1100 2835 quando
1153 2768 1354 2821 invenit
1407 2766 1587 2823 fenum
1640 2769 1781 2839 quod

195 2863 383 2924 posset
412 2853 714 2911 incendere.
760 2855 945 2911 Frater
978 2857 1233 2920 Emerite.
1276 2860 1557 2928 amplexus
1585 2875 1642 2915 es
1670 2859 1781 2915 fra-

199 2951 337 2999 trem
372 2956 517 2999 tunm
557 2946 904 3014 Felicianum,
947 2949 1019 3001 tui
1063 2948 1172 3002 oris
1199 2948 1416 3005 fulmine
1458 2951 1782 3006 condemna-
1828 3013 1837 3020 ,

197 3046 310 3091 tum
340 3055 356 3091 :
384 3054 612 3109 agnosce
652 3036 871 3095 fratrem
906 3049 1052 3095 tuum
1100 3041 1427 3109 Deuterium,
1480 3043 1573 3098 tibi
1620 3044 1781 3098 etiam

195 3144 399 3199 genere
418 3130 696 3185 sociatum.

270 3222 363 3276 ﬂ.
403 3222 886 3292 Quotiescumque,
938 3222 1130 3278 fratres
1182 3224 1311 3289 mei,
1361 3238 1573 3279 causam
1627 3224 1781 3280 istam

195 3310 727 3378 Maximianistarum,
767 3328 925 3382 quam
964 3314 1105 3368 sicut
1151 3314 1297 3383 potui
1342 3315 1492 3369 vobis
1538 3317 1779 3384 exposui,

194 3402 283 3457 eis
304 3417 426 3456 cum
454 3402 505 3457 in
529 3400 822 3459 Collatione
848 3419 1145 3475 ageremus,
1173 3404 1486 3474 objeeimus,
1510 3406 1627 3473 plus
1660 3406 1784 3462 inde

196 3492 392 3558 tacuit,
419 3509 571 3562 quam
614 3496 772 3549 modo
799 3495 852 3549 in
879 3495 1125 3550 omnibus
1163 3504 1320 3549 tacet.
1364 3495 1479 3549 Non
1523 3510 1581 3549 se
1607 3498 1785 3549 occul-

196 3592 320 3638 tent
347 3584 790 3653 tergiversatoria,
816 3601 920 3640 non
943 3585 1272 3651 defensione,
1296 3585 1390 3639 sed
1420 3584 1562 3654 fuga.
1594 3574 1785 3640 Dicunt

195 3677 345 3731 enim
376 3676 516 3746 quod
542 3678 849 3731 dilationem
891 3677 998 3732 illis
1024 3677 1289 3742 dederint,
1329 3684 1383 3731 et
1411 3677 1545 3730 intra
1575 3676 1783 3730 dilatio-

197 3782 327 3823 nem
354 3767 472 3821 illos
504 3782 629 3823 suos
668 3768 1023 3837 susceperint.
1070 3767 1184 3823 Hoc
1216 3767 1405 3821 falsum
1443 3775 1544 3821 est.
1576 3767 1785 3822 Duode-

196 3859 307 3916 cim
338 3857 478 3912 enim
520 3873 641 3913 cum
678 3858 995 3912 Maximiano
1023 3857 1258 3911 damnati
1289 3866 1449 3920 sunt;
1476 3857 1657 3917 ceteri
1685 3872 1783 3911 au-

195 3957 314 4002 tem
344 3962 450 4001 non
485 3949 707 4003 aderant
744 3946 1061 4000 ordinationi
1098 3947 1232 4014 ejus,
1261 3945 1472 4015 quando
1498 3946 1547 3999 ei
1588 3961 1778 4001 manus

195 4040 451 4109 imposita
487 4048 571 4095 est
598 4058 611 4094 :
642 4040 746 4093 illis
783 4039 1088 4093 dilationem
1131 4037 1412 4095 dederunt.
1456 4037 1586 4093 Nam
1623 4039 1785 4094 verba

193 4132 371 4201 ipsius
411 4132 510 4185 ista
540 4140 682 4186 sunt.
715 4129 824 4183 Nec
861 4133 1024 4184 solum
1065 4132 1219 4197 hunc,
1261 4130 1450 4200 inquit,
1481 4132 1681 4186 sceleris
1708 4132 1787 4187 sui

193 4240 341 4278 mors
354 4224 500 4294 justa
527 4223 826 4276 condemnat
846 4230 865 4286 ζ
886 4224 1038 4276 trahit
1074 4225 1222 4276 etiam
1252 4223 1319 4276 ad
1346 4225 1652 4277 consortium
1684 4226 1787 4278 cri-

192 4316 356 4369 minis
380 4314 623 4381 plurimos
646 4322 820 4365 catena
846 4314 1118 4384 sacrilegii,
1143 4315 1205 4368 de
1224 4316 1401 4385 quibus
1428 4316 1671 4385 scriptum
1691 4326 1785 4383 est,

198 4426 219 4458 ι
267 4404 533 4458 Venenum
561 4404 793 4472 aspidem
819 4406 909 4459 sub
936 4405 1081 4460 labiis
1107 4422 1300 4475 eorum,
1332 4424 1548 4479 quorum
1586 4424 1641 4464 os
1678 4425 1788 4463 ma-

194 4493 474 4551 ledictione
506 4504 553 4547 et
580 4495 917 4551 amaritudine
936 4496 1141 4567 plenum
1170 4508 1280 4563 est;
1308 4500 1497 4554 veloces
1528 4500 1678 4570 pedes
1698 4518 1786 4555 eo-

197 4603 319 4641 rum
347 4585 415 4638 ad
442 4584 802 4652 e/Tundendum
828 4590 1141 4660 sanguinem.
1169 4590 1415 4645 Contritio
1444 4602 1489 4645 et
1515 4593 1787 4664 infelicitas

198 4678 260 4731 in
287 4676 380 4730 viis
408 4692 600 4741 eorum,
647 4686 691 4730 et
719 4678 851 4731 viam
878 4681 1015 4747 pacis
1055 4697 1154 4732 non
1180 4689 1516 4751 cognoverunt
1542 4696 1560 4735 :
1590 4699 1691 4737 non
1716 4692 1789 4739 est

202 4768 361 4821 timor
401 4764 493 4820 Dei
518 4777 634 4819 ante
676 4768 848 4822 oculos
886 4785 1059 4822 eorum
1088 4788 1106 4821 ι
1144 4769 1312 4838 (Psal.
1340 4786 1447 4836 vm,
1483 4770 1559 4842 5).
1602 4771 1787 4826 Nolle-

203 4874 319 4912 mus
339 4857 539 4930 quidem
559 4867 796 4925 tanquam
819 4860 1011 4929 prOprii
1028 4860 1253 4929 corporis
1272 4877 1442 4913 secare
1455 4862 1752 4925 juncturam
1772 4877 1791 4914 :

205 4950 295 5004 sed
320 4950 559 5017 quoniam
591 4948 882 5002 tabescentis
921 4949 1138 5004 vulneris
1168 4951 1378 5020 putredo
1407 4951 1643 5020 pestifera
1674 4952 1789 5020 plus

211 5038 357 5092 habet
390 5039 444 5091 in
482 5038 758 5093 abscisione
786 5038 1064 5106 solaminis,
1094 5056 1245 5110 quam
1268 5041 1321 5094 in
1356 5040 1649 5095 remissione
1684 5059 1789 5096 me-

210 5130 515 5194 dicaminis;
545 5131 741 5184 inventa
786 5140 859 5185 est
893 5148 1045 5184 causa
1081 5131 1351 5198 salubrior,
1392 5149 1454 5186 ne
1483 5148 1571 5201 per
1610 5142 1809 5187 cuncta-

210 5222 433 5278 membra
455 5226 689 5293 pestilens
706 5226 943 5295 irreperet
964 5226 1120 5293 virus,
1159 5234 1212 5279 ut
1236 5226 1587 5296 compendiosa
1618 5226 1789 5281 dolore

212 5325 385 5368 natum
413 5315 612 5370 decidat
634 5317 831 5371 vulnus.
855 5316 1066 5370 Famosi
1090 5334 1207 5389 ergo
1228 5319 1449 5372 criminis
1476 5335 1587 5372 reos
1615 5334 1634 5373 :
1662 5333 1788 5374 ecce

2626 5410 2849 5414 _____W,,
2880 5410 2905 5411 ψ
3080 5410 3083 5411 ,

218 5410 3473 5446 mw
1838 5415 1902 5425 ’⁵
1925 5418 3445 5446 'M__.___..,

218 5446 2249 5465 mi,‘
2282 5452 2307 5455 A
2328 5452 2409 5455 ..Δ-ᾲᾷ
2424 5452 2455 5455 μ
2476 5446 2931 5455 ὗ-ῌ---γήή
2945 5446 3111 5449 iri
3128 5446 3165 5447 77

1619 351 1817 407 LIBER
1864 349 2058 408 UNUS.

1838 5415 1940 5425 ,-

3376 364 3478 423 706

1898 465 2134 521 nominat
2157 468 2455 539 duodecim,
2482 472 2619 528 inter
2642 487 2775 543 quos
2800 484 2853 530 et
2890 474 3209 529 Felicianum
3242 486 3299 530 et
3327 477 3475 531 Prie-

1898 568 2174 627 textatum,
2208 564 2301 616 sed
2346 567 2556 620 nomina
2587 568 2823 621 omnium
2865 567 2992 625 mihi
3022 584 3123 622 non
3153 581 3468 635 occurrunt;

1895 658 1949 702 et
1986 649 2145 704 infert
2172 651 2250 706 sic
2282 670 2294 705 :
2325 656 2412 725 qui
2445 656 2643 724 funesto
2690 675 2839 729 opere
2880 659 3175 727 perditionis
3205 677 3291 714 vas
3317 662 3475 715 sordi-

1894 740 2013 792 dum
2034 741 2242 796 collecta
2262 746 2547 815 fceculentia
2572 750 2917 817 glutinarunt;
2947 750 3038 803 sed
3065 760 3110 803 et
3145 751 3351 805 clericos
3377 754 3475 805 ali-

1890 832 2092 900 quando
2140 833 2378 889 Ecclesia:
2407 835 2745 909 Carthaginis,
2780 841 2866 909 qui
2904 838 3023 892 dum
3063 840 3280 909 facinori
3308 843 3467 896 inter-

1891 931 2045 987 sunt,
2101 923 2279 978 illicito
2331 926 2540 981 incestui
2595 928 2912 998 praebuerunt
2975 932 3314 993 lenocinium;
3379 932 3473 985 Dei

1891 1016 2204 1084 prtesidentis
2247 1019 2475 1087 arbitrio,
2524 1022 2819 1076 universalis
2872 1022 3069 1076 concilii
3123 1040 3211 1076 ore
3256 1024 3471 1077 veridico

1891 1105 2154 1161 damnatos
2179 1125 2284 1162 esse
2303 1112 2605 1181 cognoscite.
2630 1111 2733 1167 Eos
2759 1122 2924 1167 autem
2944 1131 3067 1183 quos
3089 1117 3325 1186 sacrilegi
3350 1133 3471 1170 sur-

1889 1200 1990 1253 culi
2012 1216 2117 1285 fton
2143 1202 2372 1269 polluere
2400 1202 2673 1271 plantaria,
2704 1205 2797 1257 ltoc
2838 1216 2929 1270 est,
2964 1207 3049 1271 qui
3090 1223 3120 1258 a
3162 1205 3472 1260 Maximiani

1888 1291 2050 1360 capite
2075 1294 2307 1361 proprias
2353 1310 2532 1348 manus
2559 1296 2837 1349 verecundo
2862 1296 2981 1365 fidei
3020 1299 3211 1365 pudore
3238 1308 3471 1350 retraxe-

1886 1390 2027 1445 runt,
2061 1381 2129 1434 ad
2167 1391 2377 1436 matrem
2402 1383 2683 1439 Ecclesium
2708 1387 2871 1439 redire
2894 1387 3207 1457 permisimus
3225 1387 3323 1458 (a).
3358 1387 3468 1440 Vo-

1888 1470 2067 1525 lebam.
2110 1474 2378 1541 pumicare
2422 1474 2611 1530 faciem
2641 1492 2812 1544 suam,
2856 1479 2978 1547 quia
3020 1479 3291 1548 sacrilegis
3321 1479 3469 1546 igno-

1887 1561 2123 1627 scebant,
2148 1574 2202 1617 et
2224 1573 2405 1633 aperte
2434 1565 2787 1621 schismaticis
2816 1568 2953 1622 viam
2989 1568 3245 1623 redeundi
3271 1584 3469 1623 conce-

1886 1650 2100 1706 debant.
2134 1653 2268 1720 Quid
2315 1664 2397 1709 est
2439 1654 2573 1711 hoc?
2620 1658 2788 1727 llogo,
2841 1657 3001 1712 modo
3043 1658 3171 1711 mihi
3219 1658 3468 1729 dignetur

1886 1757 2174 1811 exponere,
2227 1746 2493 1815 quomodo
2534 1762 2629 1802 eos
2671 1748 2915 1818 sacrilegi
2964 1749 3161 1801 surculi
3211 1765 3314 1803 non
3363 1751 3469 1817 pol-

1887 1833 2035 1888 luere
2073 1835 2353 1903 plantaria.
2386 1839 2561 1903 Quare
2584 1839 2687 1892 illis
2711 1839 3020 1894 dilationem
3048 1840 3163 1905 das,
3193 1841 3236 1894 si
3268 1841 3467 1895 nullam

1887 1934 2091 1992 partem
2114 1925 2165 1979 in
2193 1926 2493 1980 Maximiani
2520 1928 2808 1983 schismate
2833 1930 3033 1985 habere
3065 1932 3387 1999 potuerunt?
3411 1932 3466 1986 Si

1885 2024 2062 2068 autem
2090 2017 2221 2070 socii
2251 2027 2374 2071 sunt
2398 2017 2664 2086 factionis,
2693 2021 2936 2089 quamvis
2964 2035 3069 2074 non
3099 2022 3292 2075 fuerint
3328 2036 3467 2089 prae-

1886 2116 2071 2162 sentes
2094 2108 2414 2163 ordinationi
2437 2128 2450 2174 ;
2476 2112 2743 2179 quomodo
2764 2113 2881 2166 illos
2907 2127 3012 2166 non
3036 2113 3274 2180 inquinat
3300 2113 3470 2165 Maxi-

1886 2199 2113 2268 mianus,
2146 2210 2199 2255 et
2228 2209 2396 2256 totum
2433 2203 2617 2257 orbem
2651 2212 2908 2258 terrarum
2954 2205 3120 2258 semel
3149 2205 3344 2259 absens
3376 2204 3471 2258 da-

1886 2301 2124 2356 mnatus,
2175 2294 2389 2347 tertium
2423 2310 2659 2363 praesens
2710 2295 2986 2349 absolutus
3027 2296 3267 2364 inquinat
3309 2294 3470 2350 Carci-

1885 2380 2094 2435 lianus?
2121 2382 2234 2435 Non
2276 2384 2514 2450 inquinat
2555 2384 2683 2438 Afer
2720 2382 2897 2449 Afros,
2930 2385 3080 2438 vivus
3109 2385 3279 2446 vivos,
3309 2392 3467 2438 notus

1884 2481 2059 2539 notos,
2092 2475 2357 2543 particeps
2378 2475 2585 2541 socios;
2613 2484 2666 2529 et
2694 2474 3004 2529 Cmcilianus
3026 2474 3264 2543 inquinat
3292 2485 3469 2529 trans-

1884 2568 2140 2633 marinos,
2189 2567 2425 2636 inquinat
2473 2568 2629 2637 longe
2676 2568 2898 2637 positos,
2940 2568 3181 2637 inquinat
3226 2582 3331 2621 non
3371 2567 3466 2621 da-

1883 2658 2131 2712 mnatos?
2178 2658 2373 2712 Tecum
2402 2657 2539 2713 sedit
2575 2673 2605 2711 a
2648 2667 2699 2713 te
2727 2658 3027 2724 damnatus,
3070 2668 3126 2713 et
3152 2674 3256 2713 non
3294 2668 3346 2714 te
3375 2660 3465 2713 in-.

1884 2752 2067 2820 qninat
2120 2750 2461 2806 Felicianus?
2513 2751 2624 2820 Ego
2672 2752 2817 2805 illum
2867 2766 2971 2805 non
3024 2752 3150 2818 vidi,
3200 2761 3253 2806 tu
3301 2752 3465 2806 istum

1884 2844 2022 2897 nosti
2053 2860 2065 2895 :
2096 2859 2193 2912 ego
2224 2844 2371 2897 illum
2415 2844 2747 2897 innocentem
2775 2843 2955 2908 credo,
2990 2851 3045 2897 tu
3072 2844 3229 2897 istum
3268 2859 3467 2899 nocen-

1885 2941 1990 2987 tem
2018 2933 2298 2987 damnasti.
2333 2936 2437 2987 Aut
2479 2934 2522 2987 si
2566 2932 2746 2987 fateris
2786 2933 3083 2987 innocentis
3115 2945 3163 2987 te
3190 2933 3352 2988 fuisse
3381 2950 3467 2988 νεα

1884 3036 2181 3098 ceptorem,
2225 3027 2406 3081 fateris
2449 3035 2502 3080 te
2549 3026 2843 3080 innocentis
2873 3024 3036 3079 fuisse
3075 3025 3465 3080 damnatorem.

1959 3122 2048 3176 12.
2094 3121 2160 3174 Et
2190 3128 2387 3181 tamen,
2416 3120 2606 3173 fratres
2632 3118 2760 3184 mei,
2789 3133 2894 3172 non
2927 3117 3220 3171 invidemus
3246 3131 3469 3171 concor-

1884 3212 1987 3267 diae
2023 3212 2255 3279 ipsorum
2282 3226 2295 3261 :
2321 3210 2458 3263 inter
2486 3223 2545 3263 se
2584 3209 2833 3263 suscitata
2873 3207 2992 3261 odia
3019 3207 3280 3262 diabolica
3321 3208 3471 3262 finie-

1886 3310 2044 3367 runt;
2074 3299 2340 3369 quomodo
2376 3307 2580 3369 putant,
2613 3301 2665 3353 in
2694 3314 2875 3368 pacem
2910 3299 3199 3355 redierunt.
3235 3300 3337 3354 Sed
3366 3299 3468 3353 hoc

1886 3393 2006 3447 dico
2035 3410 2048 3446 :
2076 3392 2118 3444 si
2159 3404 2339 3446 ramus
2370 3389 2568 3443 fractus
2606 3388 2848 3458 quaesivit
2871 3388 3153 3459 virgultum
3191 3404 3223 3443 a
3262 3403 3320 3443 se
3358 3388 3470 3443 fra-

1889 3494 2066 3549 ctum;
2114 3498 2216 3549 qua
2246 3481 2517 3551 diligentia
2548 3481 2707 3536 debet
2746 3482 2906 3537 arbor
2943 3482 3054 3551 ipsa
3100 3496 3341 3551 quaerere
3384 3496 3471 3535 ra-

1888 3590 2035 3629 mum
2060 3590 2128 3629 ex
2157 3588 2217 3629 se
2245 3573 2506 3628 fractum?
2536 3572 2661 3627 Ideo
2697 3572 2968 3633 sudamns.
3002 3572 3119 3626 ideo
3147 3573 3469 3635 laboramus,

1886 3665 2008 3719 ideo
2036 3663 2176 3717 inter
2212 3678 2399 3717 eorum
2425 3677 2573 3715 arma
2612 3669 2667 3715 et
2691 3670 2940 3715 cruentas
2966 3661 3124 3714 furias
3148 3658 3473 3713 Circumcel-

1887 3754 2089 3808 lionnm
2118 3751 2398 3821 periclitati
2443 3764 2649 3811 sumus,
2688 3759 2743 3802 et
2782 3749 2957 3802 adhuc
2999 3747 3251 3816 reliquias
3280 3762 3469 3802 eorum

1889 3843 2261 3913 qualicumque
2287 3840 2481 3894 donata
2519 3853 2549 3891 a
2577 3839 2685 3913 Deo
2715 3838 2966 3908 patientia
3006 3836 3313 3902 toleramus,
3343 3837 3469 3893 dum

1889 3932 2048 3987 arbor
2081 3929 2272 4001 quaerit
2298 3943 2527 3994 ramum,
2545 3927 2669 3981 dum
2694 3943 2821 3995 grex
2848 3942 2914 3980 ex
2943 3926 3066 3980 ovili
3092 3925 3288 3979 Christi
3310 3940 3469 3981 ovem

1891 4024 2151 4093 perditam
2196 4021 2404 4092 quaerit.
2454 4019 2511 4076 Si
2550 4019 2901 4089 pastoralibus
2929 4019 3223 4073 visceribus
3266 4018 3470 4088 praediti

1890 4129 2095 4179 sumus,
2126 4128 2225 4182 per
2249 4126 2405 4181 sepes
2441 4119 2495 4166 et
2522 4111 2702 4179 spinas
2742 4124 2839 4164 nos
2875 4116 3151 4164 coarctare
3190 4107 3469 4163 debemus.

1891 4203 2142 4260 Membris
2181 4202 2429 4258 laceratis
2464 4216 2617 4256 ovem
2648 4214 2971 4270 quaeramus,
3012 4209 3066 4253 et
3094 4200 3296 4268 pastori
3324 4200 3474 4269 prin-

1891 4298 2102 4367 cipique
2150 4295 2387 4350 omnium
2437 4309 2557 4349 cum
2604 4293 2787 4347 laetitia
2831 4300 3161 4362 reportemus
3204 4290 3353 4362 (Luc.
3380 4308 3472 4357 xv,

1892 4388 2033 4456 4.6).
2074 4387 2234 4441 Multa
2274 4385 2504 4439 diximus
2545 4385 2704 4439 etiam
2743 4383 2966 4453 fatigati,
3009 4391 3065 4438 et
3104 4391 3282 4437 tamen
3309 4381 3473 4438 frater

1892 4488 2093 4545 noster,
2132 4487 2353 4548 propter
2379 4491 2536 4546 quem
2562 4475 2662 4529 ista
2688 4474 2917 4529 dicimus
2943 4474 3114 4539 vobis,
3142 4481 3197 4527 et
3223 4472 3311 4528 cui
3333 4472 3474 4541 pari-

1894 4582 1974 4627 ter
1996 4572 2241 4635 dicimus,
2272 4580 2326 4624 et
2351 4584 2448 4639 pro
2473 4582 2578 4638 quo
2602 4576 2745 4621 tanta
2771 4566 3000 4635 agimus,
3028 4564 3203 4618 adhuc
3230 4564 3474 4634 pertinax

1894 4663 2160 4719 consistit.
2207 4662 2551 4717 Constantem
2598 4672 2656 4712 se
2704 4664 2852 4726 putat
2908 4653 3161 4710 fortitudo
3214 4653 3468 4708 crudelis.

1893 4754 2008 4809 Non
2039 4754 2212 4808 adhuc
2238 4751 2305 4806 de
2332 4765 2465 4804 vana
2486 4757 2539 4804 et
2563 4747 2693 4802 falsa
2724 4746 3030 4801 fortitudine
3056 4745 3333 4816 glorietur.
3363 4746 3473 4798 Au-

1893 4848 2003 4902 diat
2033 4844 2343 4915 Apostolum
2383 4841 2671 4904 dicentem,
2721 4835 2894 4891 Virtus
2932 4838 2988 4890 in
3030 4836 3328 4904 inﬁrmitate
3356 4851 3474 4902 per-

1895 4939 2063 5007 ﬁcitur
2090 4935 2131 5007 (I
2164 4934 2279 4989 Cor.
2314 4948 2412 4997 xu,
2441 4930 2521 5000 9).
2550 4930 2775 4984 Oremus
2803 4944 2901 4998 pro
2941 4927 3054 4982 illo.
3088 4925 3239 4981 Unde
3278 4925 3475 4977 scimus

1895 5027 2019 5098 quid
2060 5027 2189 5081 velit
2216 5023 2397 5079 Dens?
2438 5020 2619 5074 Mulae
2661 5021 3004 5091 cogitationes,
3050 5018 3185 5072 sicut
3222 5016 3473 5082 scriptum

1895 5127 1996 5182 est,
2036 5119 2087 5171 in
2125 5116 2274 5170 corde
2297 5112 2428 5177 viri;
2458 5112 2726 5166 consilium
2766 5121 2933 5165 autem
2966 5106 3172 5162 Domini
3214 5114 3379 5159 manet
3422 5107 3475 5159 in

1894 5221 2134 5267 (sternam
2161 5207 2341 5279 (Prov.
2378 5221 2489 5272 xix,
2520 5204 2637 5275 2|).

1956 5325 2028 5387 (α)
2048 5324 2164 5372 vide
2198 5320 2281 5370 lib.
2303 5320 2331 5369 4
2352 5327 2518 5370 contra
2539 5326 2784 5375 Crescon.,
2807 5329 2888 5364 nn.
2912 5312 2961 5373 ‘2,
2978 5311 3025 5371 4,
3042 5311 3091 5371 5,
3115 5311 3194 5360 38.

2626 5404 2837 5414 ..μ-ο...-

3194 5398 3469 5410 ———-——.—————.

1942 5414 2155 5424 ..ρ-μ

2656 5439 2791 5453 ῖ--οῖί
2794 5442 2932 5450 -—»-——
2945 5440 3171 5449 ——-———-—
3194 5439 3279 5446 ——

2476 5447 2653 5455 _._—.._-

1155 5495 1235 5555 IN
1278 5494 1558 5555 LIBROS
1603 5494 1925 5555 CONTRA
1970 5487 2517 5553 GAUDENTIUM,
2923 5517 2936 5526 ο

302 5575 459 5638 Vide
514 5574 621 5636 lib.
658 5576 718 5646 2,
754 5593 887 5649 cap.
918 5573 1016 5638 59.
1054 5552 2253 5646 Retracfationvuni,vtom:1,col.651i,
2305 5585 2343 5626 α
2397 5552 2618 5633 verbis,
2680 5563 2799 5621 Per
2849 5556 3012 5617 idem
3056 5561 3306 5632 tempus
3361 5552 3474 5632 (α),

244 5676 318 5718 us
362 5674 436 5715 ue
467 5654 547 5714 ad
571 5654 775 5722 verba,
809 5653 1359 5732 'l‘hamugadensis
1391 5654 1753 5729 episcopus.

276 5674 431 5797 (αἵιά
462 5742 565 5797 est,
589 5734 782 5797 circiter
816 5745 993 5797 annum
1027 5733 1195 5797 Cbristi
1236 5730 1341 5781 420.
1364 5739 1477 5797 δίζω
1499 5730 1671 5797 adhoc
1707 5730 1753 5797 fe

297 5750 327 5784 a

2035 5648 2101 5709 Μ
2112 5692 2125 5707 .

386 5712 431 5781 id
472 5712 565 5791 est,
582 5712 782 5782 circiter
816 5712 993 5781 annum
1027 5712 1195 5780 ειῗιῆειὶ
1236 5712 1477 5793 42οέκέξῶ
1499 5712 1557 5780 ad
1581 5712 1671 5779 bbe
1707 5730 2044 5793 feretempus,
2070 5721 2665 5793 pertinentiqnijzro'xime
2681 5712 3478 5793 antefecettsiti.stl'llthszﬂjgft:

219 5775 349 5847 stili-5
365 5775 582 5852 fil—)riI—tie
592 5775 772 5843 13in;
791 5775 1208 5855 ei"e"jﬁ's"oiigiﬁé,
1231 5775 1878 5855 bé'éduiiériai;ébnjiigiiég
1892 5775 2417 5839 iobntra'sdversaritim
2432 5775 2573 5842 Ilegis
2598 5786 2649 5830 et
2681 5779 3040 5840 Prolilictarum.
3066 5776 3265 5825 Dulcitio
3290 5775 3479 5824 tribuno

225 5859 392 5913 eadem
414 5858 662 5906 occasione
685 5858 860 5918 scripta
887 5853 961 5903 est
984 5853 1185 5917 epistola
1210 5867 1334 5902 nunc
1357 5853 1461 5901 20S.
