4026 6454
1135 503 1277 679 s._
1354 494 2110 637 annum
2182 488 3177 605 AUGUSTI!“
3347 394 3752 402 mw

1705 681 2217 749 HIPPONENSIS
2257 681 2607 744 EPlSCOPI

836 823 1807 993 CONTRA
1921 818 3497 988 GAUDENTIUM

1348 1076 2277 1168 DONATISTARUM
2320 1066 2989 1164 EPISCOPUM

1885 1244 2154 1339 Ἑῖβϊί
2207 1245 2357 1339 bno
2392 1249 2499 1335 (θ’.

1970 1434 2373 1470 om

1555 1548 2029 1664 LIBER
2104 1546 2751 1661 PRIMUS.

1435 1748 1486 1791 In
1507 1752 1605 1805 quo
1625 1735 1873 1788 Gaudentii
1893 1733 2003 1783 duae
2019 1730 2081 1781 ad
2101 1728 2355 1781 Dulcitium
2375 1734 2596 1797 Epistula:
2616 1737 2903 1793 refutantur.

1992 1869 2359 1926 49W

615 2003 840 2060 CAPUT
876 1994 1159 2058 PRIMUM.
1182 2029 1256 2041 —
1282 1995 1336 2053 l.
1369 1995 1696 2053 Gaudentius
1722 1991 2121 2047 Donatistarum

549 2092 1007 2163 Titamugadensis
1043 2091 1322 2161 episcopus
1340 2130 1357 2156 ,
1388 2103 1509 2143 cum
1536 2101 1595 2140 se
1624 2086 1795 2154 ipsum
1824 2084 1875 2136 in
1902 2080 2128 2138 ecclesia

550 2186 865 2257 quibusdam
908 2183 1006 2237 sibi
1038 2181 1302 2250 adiunctis
1327 2178 1547 2249 perditis
1585 2174 1869 2230 incendere
1899 2172 2132 2226 minare-

551 2286 677 2342 tur;
703 2275 819 2330 viro
862 2273 1137 2344 spectabili
1174 2271 1386 2326 tribuno
1428 2278 1483 2324 et
1520 2266 1731 2321 notario
1760 2263 2017 2329 Dulcitio,
2046 2261 2130 2317 cui

553 2365 1128 2437 piissimuslmperator
1146 2363 1289 2432 leges
1314 2375 1437 2416 suas
1466 2356 1830 2428 exsequendas
1851 2369 1979 2409 cura
2011 2367 2132 2423 per-

550 2457 790 2515 ﬁciendzn
816 2457 1029 2512 unitatis
1055 2453 1304 2524 injunxit,
1335 2451 1535 2522 agenti,
1565 2459 1623 2504 ut
1649 2447 1967 2517 oportebat,
1994 2459 2118 2499 cum

555 2551 855 2606 furentibus
880 2555 1179 2610 mansuete,
1223 2553 1277 2599 et
1302 2544 1449 2613 prius
1474 2541 1542 2596 ad
1593 2538 1839 2595 eumdem
1880 2534 2132 2591 Gauden-

556 2642 687 2695 tium
715 2640 921 2694 litteras
944 2636 1193 2707 paciﬁcus
1213 2633 1381 2697 danti,
1396 2632 1527 2687 duas
1546 2629 1819 2699 rescripsit
1841 2626 2093 2695 epistolas
2114 2641 2129 2680 :

556 2748 715 2787 unam
748 2730 1043 2785 breviorem
1066 2769 1082 2792 ,
1113 2736 1167 2783 et
1196 2725 1558 2797 pcrlatorihus
1581 2758 1597 2788 ,
1629 2722 1766 2776 sicut
1793 2718 2023 2783 iudicat,
2056 2716 2133 2771 fe-

558 2823 878 2877 stinantibus
922 2820 1261 2881 festinatam;
1288 2816 1513 2871 alteram
1547 2811 1884 2882 prolixiorem
1907 2849 1921 2873 ,
1950 2807 2003 2862 in
2033 2822 2133 2875 qua

560 2912 853 2967 secundum
879 2911 1179 2982 Scripturas
1207 2923 1264 2962 se
1290 2903 1626 2976 reSpondisse
1665 2900 1965 2971 diligentius
1990 2898 2135 2951 arbi-

560 3013 750 3059 tratur.
784 3004 859 3057 Ita
887 3018 1011 3071 ergo
1037 3000 1232 3070 scripta
1259 2999 1376 3068 ejus
1401 2996 1692 3067 opitulante
1732 2992 1958 3046 Domino
1986 2990 2138 3043 insti-

564 3096 637 3148 tui
667 3096 895 3149 refutare
916 3133 931 3158 ,
976 3101 1037 3146 nt
1063 3092 1221 3146 etiam
1244 3089 1334 3158 qui
1359 3096 1484 3141 sunt
1507 3084 1719 3154 ingenio
1743 3081 2003 3136 tardiores
2026 3119 2042 3145 ,
2068 3076 2136 3132 ad

564 3187 742 3242 omnia
770 3200 857 3241 me
882 3182 1222 3252 respondisse
1237 3196 1341 3235 non
1366 3179 1628 3234 dubitent.
1655 3175 1787 3230 Nam
1811 3174 1956 3243 prius
1976 3171 2137 3226 verba

563 3278 677 3348 ejus
705 3291 915 3347 ponam,
934 3273 1127 3329 deinde
1152 3282 1329 3327 nostra
1354 3269 1670 3339 subjungam
1694 3284 1708 3321 :
1732 3280 1837 3319 non
1856 3264 1934 3319 sic
1953 3277 2141 3331 quem-

563 3368 849 3425 admodum
903 3368 1041 3431 feci,
1067 3381 1186 3420 cum
1234 3363 1477 3418 Petiliani
1504 3359 1694 3415 litteris
1735 3354 2138 3427 responderem.

565 3460 642 3515 lbi
674 3460 816 3514 enim
848 3471 940 3527 per
967 3457 1085 3511 loca
1113 3455 1337 3526 singula,
1368 3451 1580 3523 quando
1610 3450 1769 3504 verba
1797 3447 1964 3516 ipsius
1989 3446 2134 3500 inse—

568 3559 779 3616 runtur,
818 3550 1047 3619 positum
1085 3557 1201 3611 est,
1240 3544 1521 3599 Petilianus
1564 3541 1690 3596 dixit
1720 3555 1739 3594 :
1776 3538 1987 3610 quando
2023 3550 2141 3592 mea

564 3640 888 3705 redduntur,
920 3640 1228 3709 Augustinus
1274 3633 1549 3705 respondit.
1598 3631 1753 3688 Unde
1805 3628 1972 3696 mihi,
2021 3637 2142 3683 tan-

565 3746 724 3804 quam
751 3730 1003 3787 mentitus
1033 3725 1245 3791 fuerim,
1276 3724 1625 3780 calumniatus
1647 3729 1730 3777 est
1754 3762 1769 3787 ,
1800 3718 1987 3775 dicens
2010 3718 2144 3788 quod

567 3840 826 3895 nunquam
863 3834 1054 3874 mecum
1074 3818 1299 3871 cominus
1320 3813 1646 3883 disputaverit
1674 3828 1694 3866 :
1714 3811 1865 3881 quasi
1897 3818 2143 3879 propter-

568 3930 631 3970 ea
676 3930 781 3968 non
831 3912 1027 3967 dixerit
1053 3908 1193 3980 quod
1222 3906 1455 3975 scripsit,
1482 3904 1604 3974 quia
1632 3904 1734 3958 hoc
1762 3917 1866 3957 non
1893 3904 1944 3955 in
1970 3900 2145 3955 verbis

568 4005 685 4075 ejus
708 4004 916 4070 audivi,
943 4002 1038 4057 sed
1065 4004 1116 4055 in
1143 3996 1337 4054 litteris
1363 3996 1464 4067 legi
1491 4012 1506 4061 ;
1536 4004 1629 4049 aut
1655 4009 1755 4065 ego
1783 3994 1904 4049 ideo
1933 4006 2039 4048 non
2060 4006 2146 4047 re-

569 4094 872 4165 sponderim
892 4133 907 4158 ,
935 4092 1057 4163 quia
1092 4106 1196 4145 non
1226 4103 1292 4144 eo
1338 4093 1604 4158 praesente
1641 4086 1845 4140 locutus
1869 4097 1987 4137 sum
2008 4123 2023 4149 ,
2050 4081 2144 4136 sed

570 4186 781 4255 scriptis
818 4184 935 4253 ejus
961 4182 1195 4237 vicissim
1223 4176 1509 4236 scribendo
1528 4175 1800 4246 respondi.
1826 4173 1963 4242 Quid
1988 4172 2147 4228 facia-

573 4290 694 4333 mus
713 4276 1016 4331 hominibus
1059 4273 1150 4344 qui
1181 4273 1285 4328 tale
1310 4285 1405 4326 cor
1451 4269 1649 4325 habent
1669 4309 1685 4335 ,
1712 4275 1805 4322 aut
1831 4280 1925 4321 eos
1956 4265 2146 4336 quibus

576 4368 770 4437 scripta
799 4381 894 4421 sua
922 4366 1253 4419 innotescere
1277 4361 1534 4432 cupiunt,
1564 4359 1671 4415 tale
1694 4373 1787 4414 cor
1812 4357 2004 4413 habere
2028 4355 2147 4426 Opi-

576 4458 806 4514 nantur?
856 4456 965 4512 Sed
1016 4454 1176 4510 etiam
1228 4453 1419 4505 talibus
1461 4451 1539 4505 sic
1588 4449 1974 4504 satisfaciamus
2023 4464 2037 4501 :
2095 4454 2149 4500 et

577 4549 791 4622 quando
817 4547 1065 4618 ponimus
1090 4543 1249 4599 verba
1278 4539 1579 4607 Gaudentii,
1606 4554 1711 4593 non
1730 4538 1986 4604 dicamus,
2010 4534 2151 4591 Gau-

580 4642 776 4697 dentius
799 4640 962 4705 dixit;
985 4637 1099 4704 sed,
1131 4635 1293 4691 Verba
1314 4633 1561 4705 Epistolas
1581 4647 1600 4687 :
1624 4640 1679 4687 et
1697 4630 1906 4702 quando
1932 4645 2153 4700 respon-

581 4732 787 4794 demus,
816 4744 921 4785 nun
952 4728 1187 4783 dicamus
1208 4766 1224 4793 ,
1257 4724 1566 4796 Augustinus
1604 4720 1891 4791 respondit;
1916 4718 2009 4774 sed
2030 4760 2044 4782 ,
2073 4718 2151 4772 Ad

588 4826 694 4879 lucc
717 4821 997 4893 responsio.
1021 4820 1109 4875 Sic
1133 4833 1260 4887 ergo
1282 4815 1594 4885 incipiamus
1618 4811 1858 4868 refellere
1873 4809 2151 4867 Gaudentii

580 4916 856 4986 epistolam
885 4914 1113 4983 priorem
1141 4925 1207 4966 ac
1232 4909 1551 4963 breviorem.

652 5006 707 5060 3.
736 5005 909 5060 Verba
934 5001 1183 5073 Epistolas
1213 5018 1227 5052 :
1263 4996 1579 5061 Honorabili,
1610 5011 1669 5049 ac
1693 4994 1901 5050 nimium
1927 4992 2087 5059 nobis,
2109 4992 2154 5047 si

585 5101 655 5152 sic
700 5097 946 5161 volueris,
974 5090 1308 5148 desiderando
1336 5087 1561 5142 Dulcitio
1606 5084 1803 5139 tribuno
1837 5093 1886 5137 et
1935 5083 2151 5148 notario,

590 5188 900 5243 Gaudentius
927 5187 1212 5255 episcopus.
1244 5180 1324 5235 Ad
1352 5180 1467 5234 liaac
1503 5177 1778 5246 responsio
1808 5193 1823 5229 :
1851 5174 1966 5230 Non
1992 5174 2155 5230 debe-

590 5296 708 5335 mus
734 5280 894 5334 etiam
925 5277 1025 5332 ista
1063 5276 1333 5330 discutere
1352 5313 1367 5339 ,
1393 5286 1459 5325 ne
1484 5268 1870 5340 propemodum
1896 5268 1947 5321 in
1974 5281 2160 5338 super-

591 5370 710 5425 fluis
736 5369 1097 5431 immorentur,
1123 5379 1243 5420 cum
1273 5363 1382 5417 sint
1413 5361 1526 5416 loca
1554 5359 1852 5413 necessaria
1874 5398 1892 5423 ,
1920 5373 2037 5429 quae
2061 5370 2158 5411 nos

590 5460 857 5530 aliquanto
881 5456 1077 5512 diutius
1099 5454 1243 5525 loqui
1268 5460 1478 5523 cogant.

664 5548 891 5606 CAPUT
932 5547 993 5601 ll.
1018 5577 1090 5589 —
1115 5548 1170 5602 3.
1202 5543 1376 5600 Verba
1420 5539 1709 5612 Epistolte:
1740 5539 2015 5610 Religionis
2061 5548 2163 5593 tute

594 5643 780 5713 scripta
808 5640 1007 5712 percepi
1031 5655 1120 5710 per
1148 5655 1231 5695 eos
1257 5679 1272 5704 ,
1303 5653 1426 5704 quos
1452 5645 1497 5691 et
1519 5634 1734 5689 moribus
1758 5644 1801 5687 et
1826 5633 2049 5687 instituto
2071 5648 2163 5687 suo

660 5732 734 5795 (ο)
763 5731 929 5793 smpti
949 5729 1139 5781 circiter
1162 5741 1338 5777 annum
1362 5726 1463 5775 no.

2232 1994 2428 2091 cunctis
2459 1996 2639 2091 charos
2684 2015 2790 2091 esse
2832 2004 3151 2075 manifestum
3192 2015 3284 2062 est.
3318 2007 3401 2064 Ad
3438 2008 3555 2066 haec
3585 2022 3813 2084 respou-

2233 2082 2352 2174 sio:
2381 2082 2563 2155 Neque
2591 2085 2693 2143 hoc
2726 2090 3003 2149 discutiam
3030 2098 3295 2166 quomodo
3334 2098 3553 2166 dixeris,
3584 2082 3814 2174 Religio-

2232 2173 2313 2227 nis
2332 2182 2448 2241 tute,
2476 2177 2674 2235 homini
2703 2196 2858 2252 quem
2886 2186 3060 2255 potius
3087 2187 3435 2260 irreligiosum
3467 2202 3643 2261 putas.
3668 2173 3814 2250 Red-

2232 2264 2411 2322 didisti
2431 2270 2626 2341 quippe
2654 2270 3107 2333 bonorilicentiam
3127 2320 3141 2342 ,
3173 2281 3309 2337 sicut
3344 2283 3670 2340 reddendam
3696 2288 3813 2341 exi-

2234 2356 2460 2414 stimasti
2507 2378 2520 2414 :
2570 2363 2694 2432 quia
2751 2366 2838 2421 ille
2887 2376 2940 2423 te
2993 2368 3427 2427 honorificentius
3470 2376 3719 2431 tractavit
3758 2378 3811 2430 in

2235 2449 2424 2508 litteris
2448 2468 2578 2523 quas
2604 2455 2668 2509 ad
2698 2464 2749 2512 te
2771 2458 2917 2513 dedit
2942 2500 2957 2524 ,
2987 2477 3145 2531 quam
3174 2464 3467 2519 catholicus
3493 2465 3811 2523 hmreticum

2235 2540 2435 2608 debuit,
2467 2554 2660 2615 putans
2685 2556 2825 2605 tuam
2848 2560 3079 2608 mentem
3107 2554 3198 2609 tali
3224 2554 3338 2610 fieri
3366 2559 3818 2615 sermocinatione

2236 2635 2549 2691 sanabilem.

2306 2727 2536 2785 CAPUT
2592 2730 2679 2785 111.
2705 2762 2776 2774 —-
2799 2733 2854 2789 4.
2887 2733 3059 2790 Verba
3082 2734 3336 2806 Epistolas
3365 2755 3379 2795 :
3407 2736 3475 2792 In
3491 2739 3672 2810 quibus
3712 2750 3821 2793 tant

2238 2818 2416 2884 multa,
2441 2819 2645 2889 inquit,
2669 2840 2702 2876 a
2748 2833 2836 2877 tua
2876 2823 3179 2897 Dignatione
3204 2828 3341 2882 dicta
3362 2839 3515 2897 sunt,
3546 2847 3659 2899 qua:
3684 2848 3822 2885 nunc

2238 2908 2433 2965 inierint
2478 2915 2793 2981 conticesco;
2838 2918 2927 2971 sed
2969 2920 3206 2988 quoniam
3243 2921 3431 2993 ingenii
3490 2925 3564 2976 tui
3604 2940 3821 2979 acumen

2240 3004 2407 3058 minus
2435 3006 2664 3068 advertit.
2686 3010 2820 3077 quod
2846 3027 2938 3066 nos
2964 3012 3018 3065 in
3044 3011 3216 3067 eodem
3247 3014 3434 3084 scripto
3462 3029 3555 3070 nec
3578 3018 3825 3071 inuocem

2242 3101 2313 3147 tes
2340 3095 2503 3164 plene,
2522 3113 2611 3149 nec
2631 3115 2741 3152 reos
2764 3116 2983 3163 asserere
3008 3104 3233 3173 potuisti.
3255 3104 3335 3158 Ad
3360 3104 3475 3160 hinc
3499 3107 3783 3175 responsio
3806 3121 3821 3164 :

2241 3183 2517 3250 Quomodo
2546 3202 2650 3242 non
2676 3192 2902 3246 asseruit
2921 3208 3041 3248 reos
3060 3235 3076 3261 ,
3099 3210 3233 3264 quos
3259 3194 3397 3250 dixit
3424 3197 3567 3252 male
3590 3213 3821 3268 congre-

2240 3277 2433 3347 gatos?
2457 3277 2734 3347 Quomodo
2776 3298 2881 3340 non
2924 3287 3152 3341 asseruit
3191 3302 3340 3343 reum
3366 3329 3381 3354 ,
3410 3304 3532 3342 cum
3581 3289 3780 3344 dixerit
3803 3326 3820 3354 ,

2242 3368 2381 3438 quod
2408 3377 2459 3424 te
2486 3370 2620 3426 duce
2646 3372 2960 3429 miserorum
2981 3376 3171 3431 anima:
3197 3378 3425 3432 nefando
3452 3379 3595 3433 exitu
3622 3380 3827 3448 peritu-

2243 3473 2319 3514 ra:
2348 3460 2485 3525 sint;
2510 3460 2767 3529 adjiciens
2806 3471 2860 3519 te
2897 3466 3192 3536 intelligere
3219 3467 3435 3533 debere,
3464 3479 3664 3539 quanta
3694 3482 3748 3527 te
3771 3481 3829 3525 et

2246 3546 2299 3601 in
2338 3547 2439 3604 hoc
2466 3550 2664 3604 mundo
2700 3551 2926 3621 invidia,
2957 3564 3011 3610 et
3051 3556 3101 3609 in
3133 3558 3222 3612 illo
3260 3558 3450 3614 ultimo
3494 3559 3699 3628 judicio
3726 3561 3826 3615 dea»

2245 3639 2477 3704 speratio
2529 3639 2721 3706 poterit
2782 3643 3083 3697 manere‘?
3125 3644 3401 3711 Quomodo
3447 3660 3555 3700 non
3596 3650 3831 3702 asseruit

2248 3734 2419 3792 re‘um,
2442 3743 2596 3797 quem
2622 3730 2757 3785 sicut
2781 3733 2950 3799 potuit
2969 3733 3278 3789 exhortatus
3295 3745 3397 3800 est,
3421 3746 3480 3791 ut
3505 3738 3826 3792 imitandum

2248 3817 2471 3871 aliorum
2516 3828 2731 3874 secutus
2773 3822 3109 3891 exemplum,
3138 3824 3360 3881 dimisso
3401 3842 3584 3883 errore
3631 3830 3827 3897 prioris

2250 3907 2535 3975 bmreseos,
2567 3917 2619 3963 te
2641 3910 2709 3964 ad
2736 3926 2894 3965 unam
2933 3922 2988 3967 et
3013 3928 3193 3969 veram
3220 3916 3315 3970 Dei
3350 3916 3595 3972 conferas
3622 3918 3825 3973 fidem?

2250 3997 2624 4055 Verumtamen
2656 4017 2761 4056 non
2792 4003 3008 4059 Tribuni
3055 4006 3213 4061 verba
3238 4007 3557 4076 defendere,
3587 4010 3685 4065 sed
3716 4011 3824 4064 lite.

2249 4087 2400 4142 retici
2440 4088 2673 4145 refutare
2707 4093 3058 4162 suscepimus.
3103 4090 3160 4151 Si
3199 4096 3322 4165 quid
3349 4112 3475 4168 ergo
3515 4100 3619 4153 iste
3644 4108 3825 4154 noster

2251 4189 2499 4250 tanquam
2538 4181 2703 4236 laicus
2740 4184 2981 4238 militaris
3013 4184 3147 4240 dixit
3172 4186 3466 4252 incautius,
3489 4190 3611 4259 quis
3641 4191 3692 4245 ei
3717 4204 3823 4244 non

2251 4270 2518 4341 ignoscat?
2537 4272 2656 4343 quis
2678 4272 2931 4329 Ecclesiae
2957 4276 3231 4332 catholica:
3256 4278 3325 4333 de
3353 4280 3529 4335 verbis
3548 4281 3668 4350 ejus
3694 4294 3825 4350 prte-

2245 4362 2586 4445 judicandum
2613 4379 2731 4419 esse
2754 4366 3075 4422 contendat?
3099 4368 3175 4422 Tu
3203 4371 3515 4439 perpensius
3542 4373 3820 4427 considera

2251 4455 2373 4525 quid
2400 4455 2633 4525 loquaris
2662 4498 2678 4523 ,
2705 4472 2862 4527 quem
2890 4473 3009 4527 pars
3033 4460 3221 4514 Donati
3246 4460 3303 4515 in
3327 4470 3508 4516 nostra
3528 4459 3825 4519 Collatione

2251 4560 2369 4615 quae
2391 4545 2530 4614 apud
2554 4546 2923 4617 Carthaginem
2949 4549 3084 4604 facta
3104 4559 3206 4617 est,
3234 4565 3328 4606 sex
3347 4551 3465 4607 aliis
3489 4551 3816 4623 adjunctum,

2251 4636 2409 4691 etiam
2435 4635 2763 4692 defensorem
2791 4652 2903 4694 suae
2926 4638 3198 4695 divisionis
3227 4640 3408 4695 edidit.

2323 4727 2546 4785 CAPUT
2584 4728 2673 4785 IV.
2702 4732 2845 4787 -—5.
2876 4731 3048 4788 Verba
3084 4732 3377 4803 Epistolas:
3407 4733 3561 4802 Quod
3583 4734 3630 4789 si

2254 4837 2423 4888 nosos,
2455 4821 2662 4891 inquit,
2691 4822 2977 4891 existimas,
3003 4824 3244 4894 fugienda
3262 4833 3335 4878 est
3361 4824 3496 4879 nobis
3538 4825 3825 4879 damnanda

2254 4913 2483 4966 societas.
2507 4912 2588 4967 Ad
2611 4912 2724 4967 hare
2752 4914 3063 4984 responsio:
3095 4913 3258 4970 Plane
3284 4914 3525 4985 fugienda
3546 4925 3632 4971 est
3658 4916 3823 4969 socie-

2260 5013 2338 5058 tas
2353 5003 2779 5069 criminosorum,
2798 5004 2895 5058 sed
2914 5019 3019 5059 non
3032 5015 3113 5059 est
3128 5006 3424 5075 respuenda
3443 5015 3820 5062 correctorum.

2259 5093 2391 5149 illud
2412 5108 2541 5165 ergo
2569 5094 2851 5150 salubriter
2873 5095 2943 5149 ita
2970 5094 3289 5167 devitamus,
3311 5105 3368 5152 ut
3396 5096 3498 5153 hoc
3524 5098 3823 5153 misericor-

2259 5183 2397 5239 diter
2420 5185 2662 5250 velimus,
2690 5193 2932 5254 optemus
2950 5226 2965 5252 ,
2991 5187 3266 5241 instemus.

2331 5274 2557 5329 CAPUT
2598 5273 2659 5327 V.
2693 5304 2762 5314 —
2785 5274 2839 5331 6.
2887 5275 3058 5332 Verba
3095 5277 3384 5346 Epistolas:
3429 5278 3492 5334 Si
3528 5294 3644 5333 vero
3680 5278 3824 5331 inno-

2262 5375 2424 5420 centes
2448 5382 2539 5420 nos
2568 5376 2734 5435 putas,
2761 5367 2950 5437 inquit,
2972 5370 3105 5439 quod
3120 5370 3272 5423 etiam
3296 5370 3405 5439 ipse
3425 5370 3632 5437 dixisti,
3657 5384 3823 5439 perse-

2264 5468 2457 5513 cutores
2485 5458 2537 5512 in
2562 5457 2664 5528 ﬁde
2685 5457 2871 5513 Christi
2897 5461 3145 5514 constituti
3163 5461 3407 5516 sustinere
3428 5462 3717 5531 gaudemus.
3740 5457 3823 5512 Ad

2328 5573 2345 5606 ί
2382 5583 2500 5631 Αω.,
2526 5573 2825 5636 desperando
2838 5572 3006 5636 poterit
3018 5585 3315 5633 permanere.
3326 5575 3643 5624 Lomienses
3656 5572 3822 5634 legor

2265 5634 2378 5685 dum
2402 5642 2585 5696 putant,
2610 5634 2910 5697 desperando
2930 5636 3098 5697 poterit
3114 5647 3252 5695 paena
3268 5647 3475 5687 ntanere.
