4026 6528
274 520 390 575 hwc
431 512 708 585 responsio
736 529 751 566 :
779 509 1123 568 Consideravi
1156 510 1361 565 litteras
1407 506 1627 563 Tribuni
1679 504 1747 560 ad
1788 515 1843 561 te

271 608 442 671 datas,
468 615 525 661 et
549 617 808 673 nusquam
832 603 884 657 in
912 601 991 655 eis
1019 600 1120 668 legi
1147 598 1286 671 quod
1305 607 1356 654 te
1378 598 1571 653 dixerit
1595 597 1850 651 innocen-

272 710 379 756 tem
404 715 421 765 ;
443 697 535 753 sed
555 697 625 751 ab
647 695 767 750 aliis
790 693 1025 754 audisse,
1056 691 1143 747 vel
1167 692 1481 761 cognovisse
1506 688 1843 759 prudentem.

268 793 357 851 Sic
382 801 560 848 autem
588 791 640 845 in
668 788 958 860 Scripturis
984 786 1214 853 sanctis,
1234 800 1341 840 non
1375 784 1549 840 solum
1580 781 1726 848 boni,
1753 795 1846 836 ve-

268 900 389 942 rum
439 885 599 941 etiam
638 882 764 938 mali
795 881 968 936 vocari
1010 878 1208 937 solent.
1231 876 1365 933 Nam
1399 876 1502 932 hoc
1540 875 1614 930 ibi
1650 889 1847 929 nomen

263 978 429 1034 etiam
467 989 689 1046 serpens
718 972 950 1028 hominis
976 971 1229 1041 deceptor
1255 967 1476 1039 accepit.
1522 964 1675 1034 Quod
1703 964 1850 1019 enim

262 1066 480 1138 quidam
508 1064 833 1135 interpretati
861 1072 1003 1129 sunt,
1027 1060 1473 1132 sapientissimum
1493 1056 1728 1111 omnium
1750 1055 1847 1109 be-

262 1157 487 1213 stiarum
528 1153 679 1227 (Gen.
711 1169 802 1217 ιιι,
832 1155 922 1225 l);
968 1149 1438 1223 prudentissimum
1475 1147 1647 1217 potius
1686 1142 1846 1215 δι’ωεί

263 1245 479 1301 codices
521 1244 722 1300 habent
756 1242 869 1317 (a);
900 1241 1043 1298 unde
1082 1241 1136 1296 in
1189 1240 1406 1295 latinam
1444 1237 1678 1307 linguam
1710 1234 1845 1289 scri-

263 1344 418 1405 ptura
448 1336 535 1390 illa
567 1335 815 1389 translata
860 1341 962 1388 est.
1002 1331 1109 1387 Sed
1134 1330 1181 1386 si
1207 1343 1302 1385 eos
1344 1328 1634 1400 putandum
1658 1334 1741 1381 est
1766 1327 1847 1379 in-

262 1432 521 1479 nocentes
540 1438 573 1478 a
598 1423 832 1477 Tribuno
860 1436 981 1477 esse
1007 1420 1179 1475 dictos
1195 1458 1211 1485 ,
1237 1433 1371 1489 quos
1397 1432 1428 1472 a
1456 1425 1509 1472 te
1531 1416 1598 1471 ad
1624 1416 1843 1471 exitium

264 1514 437 1571 teneri
470 1513 601 1570 dixit
632 1513 860 1578 invitos;
890 1510 1015 1582 quid
1059 1510 1253 1565 mirum
1296 1509 1341 1564 si
1366 1517 1422 1564 et
1448 1508 1556 1563 illic
1581 1507 1695 1561 fleri
1723 1521 1845 1561 cre-

262 1604 420 1671 didit,
447 1604 587 1675 quod
618 1603 668 1657 in
702 1602 824 1657 aliis
864 1602 995 1657 locis
1024 1602 1218 1656 factum
1255 1614 1377 1655 esse
1417 1597 1701 1669 cognovit?
1727 1597 1845 1652 Non

262 1705 345 1753 est
368 1710 501 1767 ergo
533 1694 677 1749 unde
717 1693 946 1765 gaudeas
986 1702 1037 1747 te
1082 1691 1189 1763 pati
1227 1690 1690 1761 persecutionem,
1720 1704 1843 1743 cum

262 1786 505 1842 invenire
532 1800 638 1839 non
666 1785 838 1854 possis
863 1783 1131 1855 quomodo
1153 1790 1206 1838 te
1229 1796 1441 1837 asseras
1477 1781 1839 1836 innocentem.

262 1876 419 1931 Absit
439 1883 617 1930 autem
646 1883 707 1929 ut
734 1873 833 1927 ista
859 1872 1159 1943 persecutio
1182 1869 1409 1926 dicenda
1436 1870 1507 1925 sit
1545 1870 1841 1937 hominum,

261 1980 382 2021 cum
421 1966 492 2020 sit
524 1963 699 2035 potius
740 1977 837 2033 pro
875 1961 1178 2016 hominibus
1218 1959 1506 2015 liberandis
1547 1964 1845 2030 persecutio

261 2053 532 2117 vitiorum,
563 2052 774 2125 qualem
803 2051 930 2107 facit
952 2050 1110 2121 mgris
1134 2049 1295 2105 etiam
1318 2048 1591 2119 diligentia
1612 2050 1848 2105 medico-

261 2159 403 2201 rum.
432 2142 685 2212 Quamvis
711 2142 811 2198 etsi
851 2141 1041 2197 essetis
1071 2140 1417 2207 innocentes,
1447 2139 1572 2196 hinc
1604 2139 1845 2196 efﬁcere-

262 2234 393 2289 mini
417 2243 669 2290 nocentes
692 2273 710 2302 ,
739 2232 862 2305 quia
888 2231 1131 2287 occidere
1163 2231 1359 2302 cupitis
1383 2231 1711 2287 innocentes.
1743 2232 1844 2299 Qui

260 2323 402 2379 enim
426 2338 487 2380 se
513 2323 824 2379 innocentes
847 2330 1111 2377 conantur
1138 2336 1380 2376 asserere
1398 2362 1414 2388 ,
1445 2329 1497 2376 et
1524 2329 1703 2377 tamen
1724 2324 1844 2377 vitae

262 2428 375 2469 suae
400 2414 585 2469 nolunt
610 2428 845 2484 parcere,
879 2412 1007 2484 quid
1030 2412 1176 2468 aliud
1203 2428 1361 2483 quam
1382 2413 1695 2470 innocentes
1716 2428 1845 2469 con-

259 2506 546 2562 vincuntur
569 2506 813 2562 occidere
831 2505 856 2559 τ

330 2595 556 2652 CAPUT
594 2595 682 2651 Vl.
711 2597 854 2651 —7.
902 2595 1078 2652 Verba
1118 2595 1370 2666 Epistulae
1414 2613 1428 2650 :
1461 2594 1530 2649 In
1560 2595 1654 2649 hac
1678 2604 1844 2651 autem

258 2686 501 2754 ecclesia,
534 2688 737 2758 inquit,
766 2688 820 2742 in
843 2704 942 2758 qua
978 2704 1161 2742 nomen
1188 2687 1286 2742 Dei
1324 2696 1372 2742 et
1400 2687 1590 2743 Christi
1617 2688 1759 2759 ejus,
1787 2697 1843 2743 ut

259 2779 412 2834 etiam
437 2778 544 2849 ipse
568 2778 761 2842 dixisti,
792 2778 844 2831 in
870 2779 1078 2832 ueritate
1112 2794 1310 2848 semper
1333 2787 1404 2833 est
1428 2782 1799 2851 frequentatum
1823 2822 1839 2846 ,

260 2885 354 2924 nos
381 2877 469 2922 aut
503 2867 600 2922 nisi
638 2868 880 2937 quamdiu
919 2868 1028 2922 Deo
1059 2867 1304 2939 placuerit
1342 2885 1692 2939 permanemus
1713 2911 1726 2936 ,
1756 2880 1845 2924 aut

261 2968 317 3016 ut
340 2962 547 3031 dignum
584 2968 658 3015 est
688 2959 785 3015 Dei
817 2960 1048 3032 fantilia,
1070 2960 1206 3014 intra
1235 2960 1489 3015 dominica
1528 2971 1693 3017 castra
1728 2964 1845 3017 vitm

260 3053 450 3106 exitum
478 3052 803 3105 terminamus
822 3065 841 3104 :
860 3051 951 3104 sub
982 3066 1040 3104 ea
1062 3050 1253 3104 scilicet
1292 3050 1605 3116 conditione,
1636 3053 1755 3121 quia
1787 3053 1832 3106 si

261 3141 344 3196 vis
367 3141 521 3213 fuerit
546 3149 775 3209 operata,
803 3148 924 3194 tunc
955 3139 1012 3193 id
1041 3139 1221 3208 poterit
1263 3139 1478 3195 evenire.
1508 3137 1676 3193 Nemo
1707 3141 1843 3195 enim

259 3240 367 3285 tam
384 3230 588 3285 demens
610 3239 704 3295 est,
731 3239 787 3283 ut
812 3230 957 3284 nullo
982 3229 1271 3299 impellente
1293 3229 1496 3301 festinet
1514 3229 1583 3282 ad
1608 3240 1839 3283 mortem.

258 3323 344 3379 Ad
372 3322 487 3379 haec
521 3322 798 3394 responsio
825 3338 841 3377 :
871 3321 1052 3391 Neque
1083 3321 1184 3376 hoc
1211 3321 1264 3374 in
1291 3320 1511 3376 Tribuni
1542 3321 1733 3376 litteris
1760 3322 1837 3377 ie-

259 3415 422 3484 gitur,
444 3427 473 3466 a
500 3421 553 3468 te
582 3413 880 3467 invocatum
912 3412 965 3466 in
991 3410 1215 3465 veritate
1235 3425 1430 3465 nomen
1455 3410 1569 3473 Dei,
1595 3412 1841 3481 quamvis

260 3503 455 3558 dixerit
478 3503 798 3558 invocatum.
827 3501 1138 3570 Quanquam
1178 3498 1388 3553 etiamsi
1415 3498 1677 3565 dixisset,
1711 3514 1840 3569 pos-

257 3604 345 3651 set
370 3594 470 3649 hoc
497 3594 738 3664 intelligi,
767 3608 871 3648 non
900 3592 967 3648 ad
985 3600 1213 3647 vestram
1233 3590 1479 3661 gloriam,
1508 3591 1603 3646 sed
1631 3592 1697 3646 ad
1727 3608 1842 3661 ραις

256 3703 403 3744 nam.
427 3687 559 3744 Nam
585 3688 727 3741 etde
750 3686 995 3756 gentibus
1024 3684 1198 3755 impiis
1227 3683 1511 3753 Apostolus
1538 3683 1711 3749 dixit,
1738 3686 1838 3750 Qui

253 3781 510 3837 ueritatem
534 3780 587 3833 in
606 3780 869 3849 iniquitate
890 3778 1110 3831 detinent
1140 3776 1315 3847 (Rom.
1342 3792 1379 3841 ι,
1412 3776 1502 3844 18)
1533 3793 1548 3831 :
1582 3785 1639 3831 ut
1665 3786 1718 3831 et
1745 3791 1840 3832 vos

253 3872 459 3939 facitis,
502 3870 593 3941 qui
636 3869 911 3924 veritatem
957 3866 1209 3937 Baptismi
1253 3864 1416 3920 divini
1461 3866 1515 3920 in
1564 3864 1840 3935 iniquitate

250 3963 507 4019 detinetis
529 3950 727 4018 erroris
754 3958 988 4014 humani.
1020 3955 1167 4013 Unde
1194 3972 1291 4010 nos
1316 3971 1435 4010 cum
1456 3964 1687 4011 vestram
1716 3970 1838 4011 cor-

248 4057 480 4127 rigimus
518 4052 880 4123 iniquitatem,
909 4065 1014 4105 non
1060 4048 1244 4119 utique
1267 4047 1524 4103 debemus
1567 4048 1705 4102 illius
1743 4047 1841 4103 Sa-

245 4145 516 4203 cramenti
579 4140 883 4198 rescindere
947 4139 1246 4194 veritatem.
1320 4138 1596 4194 Profiteris
1674 4153 1836 4202 sane,

244 4239 516 4293 innocens
536 4234 697 4287 homo
718 4271 735 4298 ,
762 4232 881 4287 aliis
907 4229 1118 4300 quidem
1144 4228 1322 4284 verbis
1341 4269 1357 4296 ,
1388 4242 1509 4282 enm
1536 4227 1758 4282 ecclesia
1787 4239 1839 4284 te

238 4344 319 4384 ac
349 4335 469 4381 tuos
497 4322 821 4378 interituros.
848 4320 978 4377 Cum
1007 4320 1150 4375 enim
1175 4317 1339 4384 dicis,
1364 4320 1419 4373 in
1442 4317 1675 4383 ecclesia,
1706 4317 1837 4389 quid

237 4414 401 4473 aliud
425 4413 508 4468 vis
533 4411 775 4482 intelligi,
805 4411 906 4466 nisi
930 4425 1051 4465 cum
1079 4409 1338 4476 ecclesia;
1369 4408 1583 4479 quando
1606 4408 1821 4479 quidem

242 4509 306 4565 id
339 4520 498 4578 agere
521 4503 730 4576 ignibus
762 4501 1068 4574 praeparas?
1095 4501 1221 4557 Haec
1243 4511 1325 4557 est
1346 4502 1646 4557 innocentia
1674 4502 1837 4571 partis

250 4597 494 4664 Donati,
527 4603 586 4650 ut
623 4595 727 4651 hoc
773 4594 981 4650 faciatis
1025 4593 1288 4665 adjunctis
1322 4592 1581 4648 mortibus
1622 4593 1833 4659 vestris,

251 4689 395 4762 quod
413 4687 573 4743 etiam
601 4685 739 4757 apud
766 4686 1135 4756 Carthaginem
1165 4685 1218 4739 in
1246 4684 1494 4745 invidiam
1518 4693 1751 4739 nostram
1768 4683 1837 4739 de

252 4781 489 4840 basilicis
528 4794 648 4851 qua:
672 4787 864 4834 vestrae
890 4779 1132 4842 fuerunt,
1162 4778 1300 4833 sicut
1330 4777 1573 4846 potuistis
1592 4817 1607 4843 ,
1634 4786 1688 4832 et
1714 4791 1835 4831 cum

253 4872 448 4945 quibus
476 4870 751 4941 potuistis,
784 4871 974 4925 fecisse
1012 4868 1390 4923 asseveramini
1429 4868 1546 4922 sine
1576 4868 1837 4922 mortibus

255 4964 470 5020 vestris.
507 4962 638 5029 Quis
664 4962 806 5017 enim
836 4975 929 5014 vos
949 4975 1054 5014 non
1098 4960 1283 5015 credat
1322 4959 1571 5026 zelando,
1601 4958 1790 5013 fecisse
1815 4960 1834 4991 ί

254 5056 397 5128 quod
427 5056 601 5110 facere
628 5056 789 5110 etiam
826 5051 1101 5107 moriendo
1140 5050 1457 5120 disponitis?
1485 5050 1539 5104 Si
1570 5056 1745 5104 autem
1775 5051 1838 5105 il-

257 5148 347 5203 lud
373 5162 469 5203 vos
495 5163 599 5201 non
629 5146 828 5202 fecistis
850 5186 864 5209 ,
893 5144 993 5199 hoc
1021 5152 1165 5199 certe
1191 5142 1441 5197 furiosius
1461 5153 1543 5197 est
1569 5140 1708 5210 quod
1739 5156 1837 5197 vos

260 5239 435 5294 facere
474 5235 802 5307 pra'paratis.
837 5233 942 5291 Sed
979 5232 1199 5299 dixisti,
1228 5234 1272 5287 si
1290 5233 1363 5287 vis
1401 5233 1552 5304 fuerit
1588 5240 1795 5303 operata
1816 5246 1837 5286 :

259 5336 313 5382 et
361 5326 684 5398 adiunxisti,
719 5325 881 5380 Nemo
905 5336 979 5379 est
1002 5325 1135 5378 enim
1176 5334 1279 5378 tam
1315 5322 1550 5389 demens,
1575 5322 1660 5393 qui
1695 5322 1836 5376 nullo

262 5417 551 5488 impellente
592 5418 789 5489 festinet
814 5415 883 5470 ad
921 5423 1149 5469 mortem.
1192 5414 1403 5483 Quanto
1441 5423 1524 5468 est
1576 5426 1703 5482 ergo
1744 5411 1840 5468 de-

264 5507 529 5573 mentior,
561 5507 652 5579 qui
690 5521 809 5563 eum
852 5503 1151 5576 impellatur
1186 5503 1252 5561 ad
1280 5505 1438 5561 vitam
1461 5545 1477 5574 ,
1508 5503 1721 5560 festth
1768 5501 1836 5559 ad

266 5607 493 5655 mortem
509 5599 534 5653 ?

326 5748 344 5810 ε
380 5746 508 5810 Αριιά
534 5754 649 5810 Αιιιις
666 5743 891 5810 Διεειανιιίι).

327 5809 399 5873 (a)
416 5806 814 5860 't’hronimirtatos.

1015 396 1283 453 CONTRA
1323 390 1793 459 GAUDENTIUM,
1833 393 1889 448 S.
1932 392 2293 452 AUGUSTINI
2333 394 2538 453 LIBER
2576 394 2844 456 PRIMUS.

3430 399 3533 455 7H)

2027 505 2251 564 CAPUT
2282 508 2388 564 Vll.
2408 539 2480 550 —
2504 509 2557 565 8.
2596 510 2763 567 Verba
2788 510 3042 582 Epistola:
3068 528 3085 567 :
3116 509 3222 567 Eos
3252 522 3424 569 autem
3444 518 3533 587 qui

1954 597 2210 652 nobiscum
2251 609 2405 663 sunt,
2457 600 2665 670 inquit,
2696 611 2867 656 testem
2912 601 3079 656 Deum
3119 604 3274 673 facio,
3324 605 3535 674 eiusque

1952 690 2120 743 omnia
2151 689 2498 755 Sacramenta,
2527 692 2664 761 quod
2691 694 2985 747 exhortatus
3009 710 3123 748 sum
3141 735 3156 759 ,
3187 705 3235 748 et
3259 696 3528 765 impensis-

1951 777 2076 832 sime
2099 779 2360 849 persuasi,
2390 788 2443 832 ut
2468 780 2553 851 qui
2576 781 2777 847 haberet
2801 784 3111 838 voluntatem
3139 785 3310 855 egredi
3332 826 3348 852 ,
3378 801 3530 839 secu-

1951 885 2039 923 rus
2078 870 2273 939 publice
2312 875 2554 942 fateretur
2589 890 2611 928 :
2656 889 2746 929 nec
2778 891 2870 929 nos
2918 876 3051 931 enim
3098 877 3279 932 invitos
3320 879 3535 933 retinere

1952 975 2218 1028 possumus
2237 1000 2252 1027 ,
2276 963 2364 1033 qui
2389 963 2658 1019 didicimus
2682 965 2751 1019 ad
2777 965 2873 1020 Dei
2913 967 3066 1033 ﬁdem
3094 969 3293 1023 nullum
3321 986 3427 1024 esse
3445 986 3530 1023 co-

1950 1052 2185 1120 gendum.
2220 1052 2302 1108 Ad
2325 1052 2441 1110 hmc
2464 1056 2742 1125 responsio
2766 1071 2782 1109 :
2811 1056 2917 1112 Cur
2941 1067 3118 1113 autem
3140 1073 3244 1114 non
3265 1070 3316 1114 te
3343 1060 3529 1118 etiam.

1949 1141 1995 1195 si
2025 1158 2130 1197 non
2172 1144 2462 1200 invitorum
2490 1156 2837 1215 retentorem,
2869 1158 3043 1204 tamen
3081 1150 3149 1205 ad
3174 1150 3369 1205 bonum
3395 1166 3532 1221 Opus

1950 1231 2348 1290 exhortatorem
2371 1237 2707 1306 apertissime
2746 1238 3035 1308 profiteris,
3059 1240 3104 1295 si
3128 1239 3267 1309 quod
3298 1240 3532 1295 facturus

1948 1343 2008 1384 es
2032 1330 2227 1385 bonum
2258 1331 2379 1387 est?
2404 1333 2487 1387 An
2535 1331 2670 1387 forte
2695 1348 2851 1403 quam
2894 1332 3108 1388 malum'
3138 1334 3209 1389 sit
3229 1343 3284 1389 et
3309 1334 3421 1405 ipse
3447 1335 3527 1389 in-

1950 1419 2166 1491 telligis,
2197 1430 2358 1491 atque
2385 1421 2438 1477 id
2465 1420 2729 1478 facturum
2756 1432 2807 1477 te
2835 1425 3003 1494 magis
3025 1433 3081 1478 ut
3106 1433 3310 1480 terrens
3328 1464 3345 1489 ,
3371 1439 3529 1494 quam

1948 1518 2005 1565 ut
2030 1511 2251 1581 impleas
2274 1513 2619 1568 comminaris
2640 1554 2657 1579 ,
2683 1523 2774 1569 aut
2803 1515 3111 1571 mentiendo
3151 1515 3411 1584 infidelis,
3440 1526 3534 1571 aut

1950 1615 2132 1655 verum
2152 1601 2380 1657 dicendo
2404 1602 2671 1658 crudelis?

2017 1691 2243 1748 CAPUT
2273 1692 2483 1748 Vlll.—
2500 1692 2555 1748 9.
2581 1693 2749 1749 Verba
2768 1693 3018 1764 Epistolas
3042 1712 3057 1749 :
3083 1693 3163 1749 Er
3189 1708 3312 1750 Αιιι
3339 1711 3482 1752 uano
3510 1713 3524 1749 :

1951 1782 2085 1852 Opto
2113 1794 2160 1837 te
2181 1784 2481 1839 incolumem
2504 1785 2559 1839 in
2582 1785 2872 1857 reipublicae
2899 1787 3093 1840 actibus
3120 1786 3403 1857 florentem,
3433 1796 3481 1841 et
3500 1804 3534 1840 a

1948 1873 2350 1929 Christianorum
2392 1877 2736 1947 inquietudine
2777 1878 3113 1933 recedentem.
3158 1879 3241 1934 Ad
3286 1878 3400 1934 hmc
3447 1894 3534 1933 re-

1947 1966 2166 2036 sponsio
2197 1984 2213 2022 :
2239 1966 2527 2022 Possumus
2552 1983 2673 2023 eum
2698 1977 2754 2023 et
2779 1984 2878 2023 nos
2901 1978 3087 2039 optare
3117 1970 3459 2034 incolumem,
3477 1980 3533 2025 et

1948 2055 2005 2111 in
2048 2055 2353 2126 reipublicae
2379 2056 2586 2112 actibus
2614 2056 2924 2124 ﬂorentem,
2954 2058 3048 2113 sed
3074 2074 3181 2114 non
3223 2060 3291 2114 ab
3320 2059 3533 2115 lucreti-

1947 2164 2131 2205 cornm
2162 2149 2495 2205 correctione
2518 2149 2905 2219 quiescentem.

2016 2237 2242 2294 CAPUT
2306 2237 2398 2293 IX.
2436 2237 2634 2293 ~10.
2684 2236 2859 2293 Verba
2929 2236 3180 2307 Epistolas
3226 2237 3476 2292 secundae
3516 2255 3532 2292 :

1950 2328 2253 2383 Honorabili
2284 2339 2330 2383 et
2367 2329 2504 2383 omni
2524 2329 2711 2395 affectu
2752 2329 3084 2383 desiderando
3115 2328 3357 2393 Dulcitio,
3385 2328 3528 2384 Gau-

1946 2420 2145 2475 dentius
2164 2421 2447 2490 episcopus.
2474 2420 2554 2475 Ad
2582 2421 2696 2476 lure
2716 2422 2995 2490 responsio
3020 2439 3032 2473 :
3064 2420 3119 2477 Si
3153 2421 3299 2476 omni
3330 2422 3525 2476 aﬂ'ectu

1946 2510 2216 2566 desideras
2244 2511 2530 2576 hominem,
2558 2526 2723 2582 quare
2751 2526 2869 2566 cum
2900 2512 2989 2566 illo
3020 2521 3202 2567 tenere
3221 2512 3416 2566 Christi
3440 2529 3531 2567 rc-

1946 2601 2093 2670 spuis
2112 2602 2404 2656 unitatem?
2430 2603 2512 2656 An
2540 2601 2813 2657 reddendo
2833 2602 3029 2657 malum
3066 2603 3215 2672 quasi
3244 2618 3338 2672 pro
3366 2603 3529 2668 malo,

1946 2708 2105 2763 quem
2150 2702 2299 2747 tuum
2337 2703 2735 2763 persecutorem
2772 2701 2926 2763 putas
2948 2731 2965 2759 ,
3018 2693 3348 2762 rebaptizare
3390 2692 3533 2748 desi-

1946 2783 2101 2838 deras
2120 2783 2144 2837 ‘l
3038 2774 3071 2795 ⁵⁵

2015 2872 2243 2929 CAPUT
2280 2872 2349 2928 Χ.
2370 2902 2442 2913 -
2471 2874 2528 2928 Η
2546 2913 2559 2926 .
2588 2872 2767 2929 Verba
2794 2873 3043 2943 Epistolm
3072 2890 3088 2927 :
3116 2873 3293 2929 Solent
3310 2873 3425 2939 sibi,
3454 2872 3531 2928 in-

1946 2964 2080 3034 quit,
2106 2963 2216 3018 sola
2242 2964 2381 3033 fama
2401 2964 2526 3029 noti,
2548 2980 2749 3033 cupere,
2779 2974 2867 3018 aut
2893 2965 3081 3019 incerto
3105 2967 3121 2997 ί
3154 2965 3361 3019 invicem
3389 2983 3530 3035 aspe-

1946 3062 2031 3107 ctu
2049 3054 2198 3108 verba
2225 3054 2454 3121 miscere,
2482 3063 2569 3107 aut
2593 3054 2833 3125 incogniti
2856 3054 3036 3108 saltem
3055 3072 3157 3109 non
3173 3055 3379 3109 horrere
3398 3071 3531 3125 prius

1945 3144 2159 3197 sentiam
2204 3158 2225 3198 :
2268 3152 2354 3197 tua
2390 3158 2504 3196 vero
2529 3160 2772 3206 censura,
2826 3143 2962 3212 quod
2991 3144 3242 3197 absentem
3280 3161 3361 3197 me
3386 3145 3530 3200 inve-

1946 3234 2101 3298 neris,
2118 3234 2427 3304 gratulatum
2447 3242 2525 3300 te;
2544 3231 2681 3299 quod
2699 3242 2866 3286 autem
2884 3233 3137 3299 redierim,
3158 3235 3529 3300 contristatum,

1946 3323 2124 3379 litteris
2161 3324 2422 3377 intimasti.
2459 3322 2539 3377 Ad
2568 3323 2683 3378 hazc
2715 3323 3031 3391 responsio:
3062 3322 3177 3377 Non
3214 3338 3400 3379 omnes
3441 3326 3531 3395 qui

1945 3412 2046 3468 sibi
2076 3412 2189 3469 sola
2220 3411 2357 3467 fama
2393 3414 2505 3468 noti
2541 3422 2705 3479 sunt,
2730 3412 2913 3468 videre
2948 3414 3175 3469 invicem
3201 3415 3407 3481 volunt,
3436 3415 3531 3471 sed

1945 3518 2079 3573 quos
2105 3503 2241 3558 bene
2278 3504 2389 3574 ipsa
2421 3502 2560 3557 fama
2603 3502 2964 3558 commendat.
3005 3501 3195 3559 Mirum
3240 3514 3325 3560 est
3352 3515 3531 3561 autem

1945 3609 2134 3650 revera
2163 3595 2305 3665 quod
2329 3595 2418 3650 tibi
2454 3595 2675 3661 accidit,
2703 3604 2762 3651 ut
2791 3605 2845 3651 tu
2864 3610 2986 3650 eum
3010 3596 3420 3652 desiderandnm
3446 3599 3532 3654 di-

1946 3699 2069 3752 cas,
2096 3699 2125 3738 a
2154 3699 2261 3754 quo
2302 3693 2355 3740 te
2392 3686 2817 3754 persecutionem
2860 3687 3065 3755 perpeti
3109 3688 3385 3757 quereris:
3436 3688 3528 3745 ille

1945 3784 2127 3829 autem
2159 3775 2247 3842 qui
2276 3783 2327 3828 te
2349 3775 2710 3843 persequitur,
2743 3774 3015 3829 absentem
3045 3784 3097 3829 te
3124 3776 3273 3829 malit
3298 3791 3445 3840 esse.
3474 3787 3529 3834 et

1945 3865 2077 3921 nolit
2096 3880 2216 3920 eum
2237 3880 2395 3935 quem
2419 3866 2771 3935 persequitur,
2803 3866 3062 3921 invenire.
3096 3866 3201 3922 Sed
3228 3866 3329 3922 hoc
3359 3869 3522 3936 unde,

1944 3957 2046 4012 nisi
2074 3960 2197 4025 quia
2223 3965 2273 4011 te
2312 3957 2488 4025 potius
2514 3970 2700 4009 eorum
2731 3966 3125 4025 persecutorem
3173 3958 3340 4013 voluit
3363 3959 3525 4013 intel-

1944 4047 2059 4118 ligi,
2081 4060 2309 4116 quorum
2341 4046 2395 4101 in
2431 4043 2645 4101 ChriSto
2672 4046 2899 4101 salutem
2931 4056 3019 4101 tua
3046 4047 3324 4117 przesentia
3349 4048 3526 4104 credi.

1944 4138 2022 4194 dit
2043 4138 2329 4207 impediri?

2012 4229 2236 4285 CAPUT
2282 4228 2375 4284 XI.
2415 4258 2487 4272 —-
2524 4228 2611 4282 12.
2652 4228 2825 4283 Verba
2869 4228 3119 4298 Epistolis
3164 4246 3176 4282 :
3235 4229 3359 4285 Sed.
3395 4246 3528 4301 quo-

1944 4322 2081 4375 niam
2109 4322 2361 4391 prteterita
2389 4320 2489 4386 die,
2515 4320 2703 4391 inquit,
2734 4336 2797 4373 ne
2820 4319 2874 4374 in
2907 4320 3165 4391 epistolari
3191 4336 3432 4392 responso
3455 4322 3526 4376 si-

1942 4407 2147 4468 luissem
2178 4423 2383 4483 propter
2407 4428 2599 4466 moram
2638 4412 2978 4483 portantium,
3007 4422 3145 4467 certa
3174 4429 3383 4485 quisque
3409 4416 3529 4468 stri-

1940 4506 2057 4559 ctim
2083 4513 2232 4575 atque
2254 4503 2462 4559 breviter
2483 4503 2708 4557 intimavi
2730 4517 2750 4556 :
2777 4518 2912 4556 nunc
2938 4503 3061 4555 mihi
3081 4501 3400 4574 Dignationis
3423 4512 3527 4557 tua:

1940 4598 2141 4668 scriptis
2177 4604 2508 4653 sacrosanctis
2539 4595 2662 4667 legis
2695 4594 2880 4649 divinae
2912 4594 3073 4649 verbis
3118 4604 3191 4649 est
3216 4597 3526 4665 responden-

1942 4691 2087 4745 dum.
2115 4688 2364 4744 Dominus
2384 4687 2550 4741 dixit:
2576 4704 2595 4738 ι
2629 4684 2656 4739 1
2664 4694 2958 4740 nnocentem
2981 4692 3028 4740 et
3046 4687 3245 4757 justum
3266 4702 3367 4740 non
3396 4686 3528 4740 occis

1941 4782 2064 4845 des;
2093 4779 2389 4851 purgatione
2412 4793 2512 4830 non
2541 4774 2779 4846 purgabis
2801 4791 2943 4829 reum
2975 4794 2995 4828 ι
3036 4775 3227 4848 (Exod.
3262 4792 3410 4841 χχιιι,
3444 4775 3521 4846 7).

1941 4871 2143 4927 Certant
2171 4878 2243 4923 est
2270 4868 2457 4939 igitur,
2483 4867 2537 4921 in
2573 4864 2664 4920 Dei
2696 4864 2894 4937 judicio
2933 4867 3045 4938 pari
3074 4869 3282 4923 crimine
3313 4870 3525 4937 parique

1942 4971 2085 5016 reatu
2108 4976 2215 5014 esse
2240 4959 2491 5013 devinctos
2513 4998 2529 5023 ,
2552 4957 2638 5022 qui
2665 4973 2807 5010 reum
2831 4957 3117 5024 absolverit,
3145 4967 3190 5011 et
3215 4958 3300 5029 qui
3325 4957 3524 5011 occide-

1942 5055 2009 5109 rit
2051 5053 2383 5106 innocentem.
2431 5048 2493 5104 Si
2525 5058 2642 5102 ante
2667 5050 3064 5102 communionem
3092 5047 3165 5101 rei
3210 5057 3352 5101 erant
3375 5088 3389 5107 .
3418 5065 3449 5100 a
3478 5058 3526 5102 te

1943 5145 2231 5202 nominatus
2251 5142 2475 5197 Gabinus
2500 5143 2543 5206 ³,
2571 5141 2649 5196 vel
2686 5142 2851 5195 caeteri
2894 5140 3155 5210 ﬁdefragi,
3188 5139 3242 5193 in
3280 5140 3413 5194 malo
3448 5141 3527 5194 illi

1944 5240 2092 5309 lapsu
2114 5245 2366 5291 consortes
2389 5232 2663 5290 secundum
2692 5231 2788 5286 Dei
2814 5248 2954 5286 voces
2995 5230 3183 5285 absolvi
3211 5231 3413 5285 minime
3436 5231 3497 5287 ds

1945 5331 2178 5386 buerunt.
2202 5327 2263 5383 Si
2284 5336 2450 5381 autem
2473 5336 2710 5398 tanquam
2744 5324 3027 5378 innocentes
3047 5323 3123 5376 vel
3148 5323 3310 5377 sancti
3336 5330 3522 5394 recepti

1943 5428 2078 5482 sunt.
2107 5435 2264 5486 quare
2290 5419 2344 5473 in
2382 5434 2441 5472 ea
2466 5418 2567 5486 ﬁde
2595 5423 2938 5486 permanentes
2960 5454 2976 5480 ,
3008 5414 3144 5469 unde
3170 5414 3299 5469 velut
3321 5424 3519 5470 sanctos

1945 5511 2193 5583 accipitis,
2220 5510 2445 5565 occiditis
2467 5506 2793 5562 innocentes?
2819 5504 2897 5560 Ad
2921 5505 3044 5564 haec
3086 5506 3363 5577 responsio
3390 5523 3405 5558 :
3435 5505 3511 5560 In.

1945 5603 2150 5659 vidiose
2178 5610 2232 5658 et
2261 5600 2586 5657 mendaciter
2623 5597 2875 5668 loqueris.
2919 5596 3010 5653 llle
3044 5598 3241 5668 quippe
3269 5596 3334 5651 ad
3360 5610 3515 5668 quem

2014 5740 2031 5770 ί
2067 5733 2314 5787 Parcensis
2328 5738 2477 5797 vetus
2497 5735 2601 5797 91s.,
2619 5726 2794 5797 prfecto
2812 5738 2833 5797 ς
2852 5724 2980 5780 forte
3005 5740 3110 5793 pro,
3134 5724 3324 5778 inserto.

2016 5802 2036 5831 '
2070 5800 2198 5846 Idem
2220 5803 2299 5844 ns.
2326 5793 2401 5841 hic
2426 5798 2476 5841 et
2499 5788 2637 5852 infra,
2658 5788 2894 5839 Gabinius.
