4026 6454
495 367 590 426 711

495 479 752 551 loqueris,
781 491 885 532 non
918 476 1022 531 tale
1047 480 1368 544 praeceptum
1397 473 1599 542 accepit
1629 481 1688 526 ut
1715 470 2030 526 occidamini
2057 511 2072 536 ,

494 571 588 626 sed
617 579 676 625 ut
701 568 1070 638 corrigamini;
1098 565 1240 635 quod
1267 565 1310 618 si
1350 559 1647 629 nolueritis,
1680 579 1748 618 ne
1775 563 2075 618 correctio-

495 679 618 718 nem
650 660 948 732 impediatis
975 658 1220 724 aliorum,
1246 658 1297 711 in
1323 656 1570 711 exsilium
1591 654 1892 710 mittemini.
1922 653 2076 721 Quod

494 754 538 807 si
567 767 596 806 a
637 752 795 822 jnstis
839 749 954 804 ﬁeri
1000 762 1104 802 non
1148 747 1305 801 debet
1341 745 1550 815 injustis
1576 787 1590 810 ,
1622 760 1719 800 cur
1751 745 1910 800 etiam
1941 744 2076 800 falso

495 843 738 899 voluistis
785 841 852 895 de
892 839 1166 894 Cmciliani
1226 837 1417 892 exsilio
1459 836 1514 890 in
1554 844 1734 890 nostra
1781 834 2078 889 Collatione

494 934 708 1001 gloriari
733 971 748 997 ,
776 945 882 1001 quo
902 945 1024 985 eum
1052 930 1272 983 missum
1299 928 1488 982 vestris
1512 925 1804 995 majoribus
1829 925 2077 979 instanti-

495 1023 592 1078 bus
641 1037 672 1076 a
710 1021 1056 1076 Constantino
1099 1019 1420 1088 imperatore
1463 1017 1715 1072 dixistis?
1755 1015 1858 1071 Iste
1898 1025 2077 1070 autem

495 1113 742 1168 tribunus
776 1112 842 1166 ad
879 1126 1037 1181 quem
1070 1110 1289 1176 scribis,
1317 1110 1401 1164 cui
1432 1109 1604 1178 legum
1632 1121 1729 1176 pro
1765 1106 1968 1160 unitate
1996 1106 2076 1159 la-

497 1210 672 1256 tarum
696 1202 714 1235 ι
742 1217 867 1256 cura
897 1200 1143 1255 mandata
1177 1207 1260 1254 est
1278 1241 1293 1266 ,
1320 1214 1485 1268 usque
1511 1197 1645 1252 adeo
1668 1197 1778 1251 vult
1803 1203 1861 1250 ut
1890 1197 2037 1250 vivas
2059 1233 2076 1260 ,

497 1301 556 1347 ut
601 1293 786 1349 timeat
831 1308 897 1348 ne
936 1292 1050 1361 ipse
1093 1301 1145 1346 te
1191 1289 1425 1346 occidas.
1467 1289 1609 1344 Ecce
1651 1289 1941 1344 constituiII
1987 1287 2080 1341 tibi

498 1392 623 1439 ante
662 1383 847 1438 oculos
887 1382 1060 1452 ipsum
1086 1423 1101 1448 ,
1129 1389 1183 1435 et
1209 1391 1260 1435 te
1296 1380 1506 1451 ipsum;
1537 1378 1657 1449 Ipse
1700 1387 1752 1434 te
1789 1379 1843 1432 in
1884 1375 2081 1432 Christi

499 1490 630 1546 pace
655 1475 767 1529 vult
810 1475 1022 1538 vivere;
1049 1482 1105 1527 tu
1131 1473 1184 1526 in
1215 1480 1363 1542 parte
1391 1471 1579 1526 Donati
1625 1479 1675 1524 te
1715 1469 1912 1539 quaeris
1940 1469 2082 1524 occi-

499 1565 662 1620 dere:
693 1564 812 1634 quis
837 1572 1067 1619 vestrum
1095 1563 1163 1617 sit.
1183 1571 1303 1616 tuus
1333 1570 1658 1631 persecutor,
1688 1574 1939 1630 agnosce.

571 1656 794 1713 CAPUT
823 1656 938 1710 Xll.
959 1680 1032 1696 ι-
1057 1655 1142 1708 i5.
1171 1653 1405 1709 Gabinus
1426 1661 1602 1713 autem
1624 1650 1734 1721 jam
1757 1659 1960 1717 noster,
1993 1649 2082 1718 qui

499 1750 596 1804 fuit
621 1749 905 1818 aliquando
945 1759 1124 1801 vester
1147 1788 1162 1812 ,
1195 1753 1249 1800 et
1275 1745 1363 1798 alii
1393 1759 1550 1812 quam
1600 1743 1852 1812 plurimi,
1882 1742 1972 1811 qui
2017 1757 2083 1796 ex

501 1841 652 1896 vobis
677 1843 742 1893 ad
774 1853 870 1893 nos
903 1837 1239 1894 considerata
1277 1835 1539 1890 catholica
1584 1834 1809 1888 veritate
1854 1830 2082 1886 transie-

501 1943 772 2002 runt,_non
806 1933 924 1988 ideo
948 1931 1040 1986 tibi
1067 1929 1347 1984 videantur
1373 1943 1404 1981 a
1433 1934 1610 1982 vestra
1639 1925 1956 1994 contagione
1977 1937 2084 1976 non

500 2024 666 2079 fuisse
691 2023 935 2094 purgati,
962 2021 1086 2091 quia
1123 2035 1229 2075 non
1271 2027 1396 2072 sunt
1419 2033 1449 2071 a
1476 2015 1631 2071 nobis
1657 2013 1989 2085 rebaptizati.
2020 2012 2085 2066 Hi

503 2116 645 2170 enim
673 2115 762 2183 qui
789 2112 1022 2166 nondum
1052 2109 1299 2180 baptizati
1321 2115 1479 2172 sunt,
1509 2123 1539 2161 a
1571 2106 1803 2176 peccatis
1838 2104 2087 2159 omnibus

504 2207 559 2262 in
580 2205 838 2260 catholica
881 2203 1116 2258 Ecclesia
1155 2201 1364 2255 lavacro
1407 2197 1824 2268 regenerationis
1865 2197 2087 2251 abluun-

505 2305 637 2352 tur:
667 2297 720 2350 in
767 2295 846 2350 eis
885 2302 1062 2348 autem
1108 2294 1196 2362 qui
1240 2292 1342 2347 hoc
1383 2291 1824 2354 Sacramentum,
1870 2304 1977 2344 non
2021 2287 2088 2342 ad

504 2387 758 2442 auxilium
781 2426 795 2447 ,
827 2383 921 2440 sed
952 2383 1017 2438 ad
1055 2381 1314 2452 judicium
1351 2379 1484 2435 foris
1506 2379 1809 2449 accipiunt,
1835 2379 1968 2458 quia.
1989 2393 2090 2434 nec

505 2479 559 2534 in
597 2477 874 2531 desertore
912 2474 1167 2528 violamus
1209 2472 1572 2527 characterem
1603 2471 1805 2540 regium
1829 2512 1844 2536 ,
1868 2469 1928 2524 tit
1960 2469 2088 2524 illud

506 2566 648 2638 quod
669 2566 902 2635 scripum
923 2572 1025 2628 est,
1057 2562 1291 2617 Charitas
1319 2562 1540 2632 cooperit
1577 2559 1946 2614 multitudinem
1977 2576 2091 2630 pec-

507 2667 736 2711 catorum
759 2654 801 2725 (l
823 2654 965 2709 Petr.
993 2670 1068 2719 tv,
1091 2654 1168 2724 8).
1197 2654 1338 2709 Ecce
1375 2651 1819 2722 quemadmodum
1843 2660 2088 2720 possunt,

509 2763 644 2819 quos
678 2763 786 2802 non
826 2727 1037 2816 oportet
1078 2745 1368 2815 baptizari,
1404 2745 1517 2814 ipsa
1556 2743 1831 2798 catholicae
1872 2742 2092 2797 unitatis

510 2837 769 2894 charitate
815 2835 1056 2891 mundari
1079 2878 1094 2904 ,
1124 2845 1182 2890 ut
1211 2851 1317 2890 non
1355 2835 1575 2904 incipiat
1611 2834 1689 2889 eis
1733 2834 1874 2888 intus
1916 2834 2094 2888 inesse

511 2929 652 3000 quod
676 2938 729 2984 et
753 2928 882 2983 foris
905 2930 1114 2993 inerat,
1147 2927 1244 2982 sed
1275 2927 1491 2996 incipiat
1532 2927 1611 2981 eis
1653 2925 1912 2996 prodesse
1954 2927 2094 2981 intus

512 3019 654 3088 quod
684 3017 812 3073 foris
841 3018 1046 3073 oberat.
1090 3017 1206 3072 Non
1247 3019 1423 3087 itaque
1451 3033 1480 3070 a
1510 3017 1661 3071 vobis
1687 3017 1979 3086 accipimus
1999 3031 2093 3071 ve-

513 3111 592 3165 lut
619 3120 864 3175 sanctos;
896 3109 964 3165 ad
991 3124 1088 3164 nos
1115 3111 1258 3164 enim
1306 3109 1631 3165 transeundo
1656 3110 2092 3175 sanetiﬂcantur;

514 3204 604 3274 qui
635 3202 900 3258 manendo
929 3201 1069 3273 apud
1097 3217 1194 3256 vos
1234 3201 1402 3256 sancti
1437 3216 1557 3256 esse
1585 3201 1803 3256 omnino
1829 3215 1934 3254 non
1970 3213 2096 3269 pos-

513 3303 640 3351 sunt
668 3313 683 3351 :
707 3310 806 3352 nec
829 3310 924 3351 vos
946 3295 1257 3350 innocentes
1285 3293 1599 3361 occidimus,
1631 3307 1764 3363 quos
1785 3292 1947 3348 etiam
1975 3305 2097 3346 reos

515 3387 695 3440 vivere
727 3386 992 3440 volumus.

585 3475 812 3532 CAPUT
851 3475 1158 3530 Xlll.-—M.
1189 3474 1294 3531 Sed
1318 3485 1372 3530 tu
1399 3476 1487 3545 qui
1515 3475 1874 3530 testimonium
1901 3473 2097 3530 divinae

515 3568 663 3624 vocis
689 3568 822 3623 bene
851 3567 1066 3633 recolis,
1099 3575 1154 3622 et
1181 3566 1337 3621 nobis
1361 3565 1549 3635 objicis
1573 3566 1740 3620 Deum
1762 3567 1980 3630 dixisse,
2001 3564 2098 3619 In-

517 3670 773 3716 nocentem
799 3669 848 3716 et
880 3661 1076 3729 justum
1125 3675 1225 3712 non
1271 3658 1506 3712 occides:
1535 3659 1580 3714 si
1628 3658 1884 3713 innocens
1936 3673 1996 3713 es
2045 3668 2099 3712 et

515 3751 725 3823 justus,
769 3767 936 3824 quare
983 3764 1033 3806 te
1108 3751 1342 3806 occidis?
1389 3751 1496 3806 Nos
1552 3760 1602 3806 te
1660 3751 1996 3806 innocentem
2047 3759 2102 3805 et

515 3846 714 3917 justum
741 3860 849 3900 non
880 3844 1108 3901 dicimus
1133 3886 1147 3910 ,
1174 3854 1228 3899 et
1249 3853 1424 3899 tamen
1449 3843 1695 3898 nolumus
1723 3852 1780 3897 ut
1798 3843 2057 3898 occidaris
2083 3861 2096 3898 :

523 3943 577 3991 tu
601 3945 653 3992 te
682 3937 1022 3991 innocentem
1050 3943 1104 3990 et
1119 3935 1321 4004 justum
1341 3933 1639 3999 arbitraris,
1671 3940 1728 3988 et
1751 3933 2020 3988 innocenti
2048 3941 2103 3987 et

517 4026 660 4099 justo
702 4042 810 4082 non
847 4027 1042 4097 parcis.
1089 4025 1291 4080 Certant
1329 4034 1403 4078 est
1438 4025 1628 4095 igitur,
1655 4025 1769 4095 ipse
1810 4022 2022 4092 dixisti,
2048 4025 2103 4078 in

518 4119 618 4175 Dei
643 4119 842 4192 judicio
876 4118 986 4189 pari
1024 4119 1230 4172 crimine
1261 4117 1471 4188 parique
1506 4125 1650 4171 reatu
1682 4133 1787 4171 esse
1829 4116 2100 4181 devinctos,

519 4212 604 4281 qui
624 4225 763 4265 reum
793 4211 1092 4273 absolverit,
1123 4218 1168 4264 et
1188 4209 1276 4280 qui
1299 4209 1612 4263 innocentem
1639 4208 1902 4263 occiderit.
1931 4209 2105 4277 Quare

521 4317 649 4372 ergo
707 4301 977 4356 absolvisti
1028 4301 1355 4356 Felicianum
1407 4301 1854 4358 maximianistam
1909 4301 2105 4358 reum?

483 4421 488 4426 -
522 4391 698 4459 Quare
735 4392 1071 4444 innocentem
1113 4391 1313 4446 occidis
1356 4401 1410 4446 et
1451 4400 1504 4447 te
1537 4393 1751 4461 ipsum?
1778 4393 1887 4449 Nos
1927 4405 2104 4449 autem

523 4496 622 4536 nec
651 4494 798 4536 reum
820 4479 1150 4536 absolvimus
1173 4522 1188 4560 ,
1211 4479 1306 4536 sed
1331 4490 1389 4536 ut
1413 4491 1683 4538 mereatur
1709 4484 1933 4551 absolvi,
1961 4486 2106 4554 prius

523 4573 719 4641 corrigi
745 4571 985 4642 cupimus
1013 4588 1026 4625 :
1053 4586 1150 4628 nec
1176 4583 1226 4627 te
1253 4572 1613 4642 innocentem,
1643 4575 1757 4630 sive
1782 4575 1871 4630 tibi
1898 4591 2101 4646 parcas,

525 4681 638 4721 srve
664 4675 714 4720 te
739 4665 949 4720 occidas
972 4707 988 4732 ,
1021 4665 1064 4720 si
1096 4665 1149 4719 in
1183 4674 1332 4735 parte
1364 4666 1554 4722 Donati
1595 4669 1938 4735 remanseris,
1965 4669 2107 4738 judi-

524 4770 728 4810 camus.
766 4755 899 4810 Nam
934 4755 1002 4811 de
1028 4755 1356 4826 quantalibet
1388 4757 1690 4812 innocentia
1731 4759 1975 4830 glorieris
1997 4801 2011 4824 ,
2053 4768 2107 4815 te

525 4848 697 4918 ipsum
729 4846 1063 4902 innocentem
1089 4846 1384 4902 occidendo
1403 4889 1417 4914 ,
1448 4847 1703 4904 innocens
1725 4864 1845 4905 esse
1873 4866 1979 4906 non
2007 4867 2104 4922 po-

524 4938 691 4992 teris:
725 4937 825 4991 nisi
855 4935 992 4992 forte
1019 4937 1147 4992 mihi
1189 4938 1520 5007 respondeas
1561 4948 1615 4994 et
1643 4939 1790 4995 dicas
1814 4983 1829 5008 ,
1853 4940 1986 4996 Cum
2019 4958 2106 4998 me

524 5027 730 5094 occido,
761 5043 864 5082 non
893 5028 1227 5084 innocentem
1264 5029 1445 5100 utique
1474 5030 1660 5086 occido
1683 5073 1697 5097 ,
1730 5033 1852 5103 quia
1878 5033 1988 5103 ipsa
2011 5049 2107 5088 vo-

522 5119 726 5174 luntate
750 5133 852 5188 qua
883 5135 970 5174 me
1007 5119 1252 5176 occidere
1276 5129 1452 5176 statuo
1475 5162 1492 5189 ,
1523 5138 1648 5178 reus
1670 5122 1873 5178 el‘tlcior
1901 5126 2100 5194 animo,

526 5213 833 5280 priusquam
869 5225 1064 5282 corpus
1105 5213 1371 5269 occidero.
1408 5214 1522 5270 Hoc
1546 5216 1590 5270 si
1620 5215 1786 5284 dicis,
1815 5231 1998 5272 verum
2023 5218 2106 5274 di-

525 5305 603 5360 cis
624 5347 638 5370 ,
662 5315 713 5360 et
744 5305 891 5359 miris
912 5305 1083 5360 modis
1113 5315 1162 5362 te
1187 5307 1483 5362 accusando
1511 5307 1775 5364 defendis.
1800 5309 1931 5364 Cum
1959 5313 2102 5367 enim

527 5401 580 5449 te
608 5395 846 5450 ostendis
876 5396 928 5449 in
973 5403 1024 5450 te
1053 5396 1346 5452 occidendo
1373 5398 1520 5469 prius
1550 5399 1662 5468 ipso
1693 5403 1962 5472 proposito
1986 5403 2104 5458 fieri

526 5496 828 5554 nocentem,
856 5488 1042 5557 procul
1072 5488 1232 5543 dnbio
1259 5489 1490 5546 facinore
1518 5502 1841 5563 perpetrato,
1875 5509 2031 5550 nemo
2053 5503 2106 5551 te

589 5656 862 5735 {stentem
879 5661 1127 5735 camemis
1147 5661 1321 5735 codex.
1356 5671 1412 5716 At
1434 5665 1566 5728 editi,
1592 5665 1749 5732 legum
1781 5668 2096 5735 promulgataa

527 5730 664 5777 mm;
686 5731 878 5782 omisso,
902 5733 991 5782 pro
1014 5729 1205 5773 unitate.

590 5782 610 5810 ²
643 5784 692 5826 tu
717 5781 890 5828 eodem
905 5781 1112 5843 codice,
1143 5786 1385 5837 constituo.

1481 351 1750 419 CONTRA
1790 353 2268 424 GAUDENTIUH,
2309 355 2367 413 ὃ.
2409 352 2775 415 AUGUSTI.“

3654 367 3758 421 7η

2183 469 2461 524 convincet
2486 469 2913 540 quodoccideris
2940 471 3296 527 innocentem.
3326 471 3434 527 ilac
3463 473 3639 546 itaque
3667 493 3756 531 ra-

2184 561 2326 615 tione
2353 560 2616 630 colligitur
2636 603 2650 626 ,
2680 563 2822 630 quod
2861 577 2982 617 cum
3020 563 3169 618 multi
3204 563 3513 620 innocentes
3550 568 3615 622 ab
3643 569 3758 624 aliis

2182 651 2508 714 occidantur,
2537 667 2566 706 a
2593 667 2655 708 se
2698 655 2813 722 ipso
2859 655 3035 709 nullus
3074 655 3328 710 innocens
3362 656 3654 713 occidatur.
3685 660 3758 715 Ea

2182 744 2377 812 quippe
2420 743 2737 813 cogitatione
2775 759 2876 814 qua
2904 745 3150 800 occidere
3175 761 3233 800 se
3273 746 3388 815 ipse
3415 748 3652 815 molitur,
3683 751 3761 804 in-

2182 831 2428 886 nocentia
2471 833 2617 900 prius
2658 833 3015 902 eXSpoliatur,
3049 843 3107 888 ut
3131 823 3254 888 cum
3293 851 3352 889 se
3394 838 3761 904 occidit,-non

2184 920 2441 975 innocens
2461 924 2738 977 moriatur.
2770 923 2879 979 Hoc
2901 924 2992 978 tibi
3024 926 3377 994 contingeret,
3406 929 3451 981 si
3480 940 3764 1000 antequam

2184 1019 2238 1066 te
2257 1011 2500 1067 occidere
2538 1029 2863 1082 prazparares
2887 1055 2900 1078 ,
2942 1015 3198 1070 innocens
3242 1031 3427 1074 esses:
3457 1035 3599 1074 nunc
3639 1037 3766 1076 vero

2184 1104 2306 1173 quia
2333 1112 2386 1158 et
2413 1111 2568 1159 antea
2597 1105 2708 1174 jam
2736 1105 3016 1162 haereticus
3056 1107 3314 1164 innocens
3335 1125 3440 1164 non
3473 1126 3594 1166 eras
3619 1151 3635 1178 ,
3663 1129 3767 1168 non

2184 1197 2306 1262 erit,
2353 1199 2397 1253 si
2447 1207 2502 1255 te
2548 1201 2840 1269 occideris,
2896 1209 3000 1256 tute
3045 1202 3336 1274 iniquitatis
3390 1205 3644 1273 initium,
3673 1207 3766 1262 sed

2184 1299 2548 1359 augmentum.

2253 1377 2481 1436 CAPUT
2518 1380 2660 1436 XIV.
2693 1409 2764 1424 σι-
2801 1383 2889 1437 15.
2933 1383 3110 1440 Verba
3161 1385 3414 1454 Epistolas
3452 1404 3468 1441 :
3511 1385 3656 1440 Nam
3703 1388 3770 1442 de

2185 1479 2358 1522 sancto
2411 1467 2634 1524 Emerita
2657 1512 2672 1538 ,
2709 1472 2904 1541 inquit,
2935 1473 3244 1530 Cesareensi
3285 1476 3415 1548 falsa
3448 1477 3516 1529 ad
3554 1493 3641 1532 vos
3679 1495 3772 1547 pro

2185 1567 2317 1612 certo
2339 1558 2477 1627 fatua
2505 1560 2746 1630 pervenit.
2774 1561 2924 1628 Quod
2946 1564 2989 1617 si
3014 1574 3158 1630 esset,
3177 1565 3314 1635 apud
3330 1567 3346 1596 ¹
3369 1568 3668 1636 Apostolum
3693 1569 3776 1621 di-

2187 1656 2378 1700 centem
2403 1688 2417 1712 ,
2476 1665 2495 1699 (
2537 1648 2598 1702 Si
2627 1650 2916 1705 exciderunt
2944 1668 2976 1722 α
3004 1652 3104 1720 ﬁde
3127 1655 3333 1724 quidam
3370 1656 3592 1721 illorum,
3621 1674 3775 1710 num-

2186 1736 2310 1805 quid
2357 1737 2630 1805 inﬁdelitus
2667 1738 2872 1794 illorum
2920 1742 3072 1810 ﬁdem
3111 1743 3206 1798 Dei
3243 1747 3534 1801 euacuavit.’
3577 1747 3720 1802 Absit
3751 1768 3772 1800 ι

2192 1828 2364 1894 (Rom.
2396 1846 2488 1896 nr,
2521 1830 2599 1900 5).
2637 1831 2719 1886 Ad
2760 1833 2874 1888 hrec
2914 1837 3194 1904 responsio
3227 1855 3239 1890 :
3269 1836 3560 1892 Dicendum
3599 1849 3684 1893 est
3709 1839 3780 1894 de

2189 1919 2430 1974 Emerito
2469 1919 2832 1988 Czesareensi,
2857 1923 2999 1993 quod
3045 1924 3224 1980 dicere
3255 1935 3308 1979 tu
3334 1913 3577 1982 timuisti.
3616 1929 3778 1983 Falsa

2188 2010 2398 2080 quidem
2419 2011 2487 2067 de
2512 2013 2602 2066 illo
2621 2013 2758 2068 fama
2779 2015 2976 2084 jactata
2999 2026 3098 2081 est,
3123 2018 3263 2087 quod
3283 2020 3578 2074 catholicus
3603 2019 3781 2075 factus

2187 2103 2258 2157 sit
2286 2119 2299 2156 :
2328 2103 2424 2158 sed
2449 2106 2898 2174 quemadmodum
2925 2107 3028 2162 hoc
3046 2109 3296 2175 audistis;
3329 2112 3398 2164 ita
3426 2117 3598 2166 totum
3629 2113 3778 2182 quod

2189 2191 2384 2248 factum
2411 2203 2534 2262 est,
2560 2209 2720 2252 nosse
2757 2198 3023 2266 potuistis.
3063 2199 3174 2254 Cur
3199 2214 3327 2270 ergo
3371 2201 3554 2257 Iaudes
3593 2204 3782 2273 coepi-

2190 2285 2338 2354 sc0pi
2382 2285 2492 2352 tui,
2523 2287 2675 2355 cujus
2721 2288 2817 2342 tibi
2858 2303 2954 2358 pro
2979 2290 3223 2359 exemplo
3271 2306 3465 2346 nomen
3505 2293 3784 2363 objectum

2190 2383 2309 2443 est,
2339 2385 2516 2432 tacere
2542 2379 2799 2434 voluisti?
2832 2381 3080 2436 Profecto
3117 2382 3164 2437 si
3211 2382 3336 2438 fecit
3375 2385 3577 2456 aliquid
3622 2388 3787 2442 laude

2191 2467 2408 2537 dignum
2440 2468 2490 2522 in
2515 2478 2660 2524 tanto
2684 2469 2935 2537 articulo,
2963 2487 3069 2526 non
3099 2472 3196 2527 abs
3226 2483 3276 2528 te
3317 2473 3414 2528 fuit
3464 2475 3651 2547 utique
3692 2492 3786 2532 rea

2193 2559 2483 2614 ticendum.
2525 2559 2630 2616 sed
2657 2562 2777 2632 quia
2809 2561 2925 2632 ejus
2955 2562 3200 2618 laudibus
3239 2578 3349 2619 non
3375 2566 3455 2619 vis
3479 2574 3540 2620 ut
3571 2576 3621 2621 te
3647 2567 3787 2621 invi-

2193 2649 2321 2705 dere
2344 2651 2578 2720 potuisse
2603 2653 2904 2722 credamus,
2931 2670 3096 2724 quare
3122 2670 3251 2725 ergo
3278 2657 3507 2723 tacuisti,
3535 2657 3638 2712 nisi
3659 2659 3795 2728 quia

2194 2741 2262 2796 de
2292 2741 2385 2796 illo
2409 2743 2733 2799 erubescere
2754 2745 3008 2799 timuisti?
3034 2745 3195 2801 Venit
3215 2761 3343 2816 ergo
3373 2748 3644 2803 Emeritus
3668 2751 3781 2804 Ca:-

2196 2847 2423 2900 saream,
2453 2833 2560 2888 illic
2599 2835 2788 2904 positis
2817 2845 2872 2890 et
2899 2835 3252 2905 praesentibus
3289 2838 3464 2892 nobis.
3498 2838 3662 2894 Venit
3681 2854 3788 2894 του-ι

2197 2934 2303 2980 tem
2331 2941 2436 2981 non
2467 2928 2832 2997 apprehensus
2857 2928 3172 2999 cujusquam
3213 2931 3524 3001 sagacitate,
3553 2947 3662 2986 non
3688 2933 3789 2986 ad-

2197 3015 2390 3072 ductus
2454 3018 2673 3073 alterius
2737 3027 3040 3088 potestate;
3090 3020 3187 3074 sed
3248 3021 3511 3076 excitatus
3569 3022 3789 3092 propria

2195 3109 2467 3164 voluntate
2499 3109 2680 3164 videre
2710 3125 2807 3164 nos
2845 3112 3031 3165 voluit.
3064 3110 3306 3166 Vidimus
3324 3127 3446 3167 eum
3465 3152 3482 3178 ,
3512 3111 3583 3167 ad
3613 3113 3788 3168 eccle-

2199 3201 2330 3254 siam
2389 3200 2704 3256 catholicam
2752 3202 2954 3272 pariter
3002 3203 3287 3267 venimus,
3331 3203 3498 3258 adfuit
3550 3203 3789 3261 maxima

2199 3293 2480 3348 multitudo
2514 3311 2526 3346 :
2555 3293 2684 3348 nihil
2713 3309 2808 3364 pro
2833 3309 2925 3349 sua
2952 3309 3047 3350 seu
3070 3303 3246 3350 vestra
3267 3294 3582 3351 defensione
3606 3295 3786 3350 dicere

2199 3384 2407 3454 potuit;
2455 3385 2851 3439 communicare
2896 3385 3104 3449 noluit,
3150 3384 3348 3440 dilatus
3398 3386 3786 3455 perseveravit,

2201 3477 2474 3533 convictus
2501 3477 2799 3544 obmutuit,
2830 3477 3032 3531 illmsus
3074 3477 3350 3532 abscessit.
3381 3477 3518 3545 Quid
3545 3477 3659 3532 ﬁeri
3689 3493 3787 3548 po-

2201 3568 2301 3622 tuit
2331 3583 2428 3637 pro
2457 3575 2637 3622 nostra
2670 3567 3038 3622 mansetudine
3062 3568 3259 3634 lenius,
3289 3567 3414 3637 quid
3446 3583 3546 3637 pro
3565 3569 3787 3623 veritate

2208 3657 2474 3712 catholica
2498 3660 2519 3690 ³
2551 3659 2822 3724 invictius;
2855 3658 2980 3728 quid
3006 3673 3103 3728 pro
3131 3649 3305 3712 véstra
3323 3696 3337 3723 ,
3369 3658 3415 3712 si
3438 3659 3647 3728 sapitis,
3671 3674 3786 3714 cor-

2201 3751 2438 3806 rectione
2464 3749 2760 3805 salubrius?
2783 3748 2916 3804 Cum
2942 3750 3082 3805 enim
3121 3758 3310 3820 sponte
3338 3750 3404 3804 ad
3438 3765 3538 3805 nos
3566 3751 3666 3806 nisi
3693 3765 3784 3820 pro

2201 3841 2353 3896 vobis
2382 3849 2563 3895 contra
2592 3855 2688 3894 nos
2726 3840 2963 3895 dicturus
2987 3840 3184 3910 aliquid
3216 3855 3322 3894 non
3356 3841 3632 3910 _venisset,
3667 3856 3786 3910 prn-

2204 3930 2344 3985 fecto
2364 3930 2602 3993 dixisset;
2625 3931 2670 3984 si
2695 3929 2836 4000 quod
2859 3929 3079 3996 diceret,
3102 3930 3407 3986 invenisset.
3429 3917 3786 4000 Quzecumque

2204 4015 2346 4070 enim
2373 4025 2430 4068 ut
2457 4013 2656 4069 veniret
2685 4021 3073 4083 praeparaverat
3093 4012 3293 4080 dicere,
3315 4013 3600 4083 adjuvante
3625 4015 3784 4068 mise-

2204 4106 2434 4162 ricordia
2478 4105 2686 4160 Domini
2729 4113 2851 4159 ante
2875 4113 3000 4159 sunt
3030 4115 3211 4160 nostra
3255 4106 3618 4176 prteventione
3643 4105 3784 4162 refu-

2207 4206 2336 4258 tata.
2360 4211 2515 4267 quam
2555 4196 2696 4250 illius
2732 4195 3187 4251 circumventione
3219 4197 3442 4267 prolata.
3468 4197 3541 4252 Et
3569 4208 3716 4253 certe
3741 4199 3782 4252 si

2209 4298 2360 4358 putas
2395 4304 2515 4342 eum
2554 4286 2789 4356 potuisse
2811 4327 2827 4354 ,
2861 4286 2956 4342 sed
2992 4287 3226 4343 noluisse
3267 4287 3638 4358 respondere;
3678 4290 3784 4359 lege

2207 4379 2348 4451 quod
2375 4394 2493 4434 cum
2521 4379 2612 4434 illo
2638 4388 2815 4434 actum
2843 4385 2960 4445 est,
2989 4388 3042 4434 et
3067 4379 3181 4449 ipse
3219 4380 3504 4450 responde.
3534 4380 3595 4437 Si
3618 4383 3670 4436 in
3697 4396 3781 4449 pa-

2209 4486 2324 4527 cem
2362 4469 2678 4526 catholicam
2724 4471 3002 4525 transisset
3047 4471 3350 4538 Emeritos,
3381 4470 3636 4528 diceretis
3673 4487 3783 4528 eum

2209 4576 2312 4616 non
2343 4560 2518 4615 divina
2556 4560 2899 4616 miseratione
2939 4560 3279 4616 consensisse
3307 4561 3495 4616 lumini
3528 4562 3782 4623 veritatis,

2208 4649 2301 4704 sed
2351 4648 2572 4719 ponderi
2621 4651 3006 4720 persecutionis
3049 4649 3279 4706 humana
3321 4651 3634 4710 inﬁrmitate
3683 4667 3788 4708 ceso

2209 4741 2362 4796 sisse.
2389 4740 2445 4796 Si
2471 4740 2700 4812 denique
2725 4751 2910 4812 captus
2934 4741 3286 4798 adduceretur
3303 4745 3523 4811 invitus,
3552 4761 3660 4800 non
3684 4746 3788 4799 ino-

2208 4833 2292 4902 pia
2314 4831 2674 4902 respondendi
2706 4873 2720 4898 ,
2749 4832 2842 4888 sed
2873 4832 3134 4888 evadendi
3165 4834 3388 4890 consilio
3430 4837 3662 4891 tacuisse
3703 4850 3788 4906 pro

2207 4935 2387 4981 vestro
2410 4927 2629 4982 arbitrio
2660 4927 2949 4997 jactaretis.
2984 4928 3135 4983 Nunc
3157 4943 3287 4984 vero
3327 4929 3543 5000 quando
3573 4930 3781 5000 quidem

2209 5020 2350 5074 ultro
2397 5021 2575 5084 venit,
2608 5021 2844 5090 profecto
2884 5020 3021 5090 quod
3070 5023 3263 5088 tacuit,
3292 5037 3399 5077 non
3427 5023 3606 5093 lingua
3640 5065 3654 5088 ,
3703 5021 3786 5077 sed

2208 5125 2366 5165 causa
2403 5111 2596 5166 defecit
2621 5130 2635 5167 :
2662 5112 2802 5182 quod
2844 5121 3020 5167 autem
3063 5113 3291 5169 transire
3334 5114 3390 5168 iu
3425 5115 3683 5169 unitatem
3711 5128 3786 5166 ca-

2209 5202 2460 5256 tholicam
2489 5203 2688 5270 noluit,
2719 5203 2949 5258 animam
2977 5203 3260 5274 superbam
3289 5203 3533 5259 confusio
3567 5205 3786 5275 pertina-

2208 5293 2478 5348 cissimam
2522 5294 2677 5354 fecit.
2700 5292 2805 5350 Sed
2850 5295 2954 5349 hoc
2993 5303 3250 5364 quantum
3279 5294 3346 5348 ad
3378 5294 3546 5363 ipsius
3577 5294 3784 5349 exitium

2209 5395 2368 5457 atque
2397 5388 2732 5458 supplicium,
2762 5396 2966 5442 tantum
2997 5388 3063 5442 ad
3087 5389 3312 5443 aliorum
3335 5391 3783 5448 conﬁrmationem

2209 5481 2542 5550 salutemque
2571 5478 2814 5548 proiecit.
2857 5481 2913 5536 Si
2937 5482 3080 5537 enim
3111 5481 3354 5538 viderent
3380 5484 3673 5541 Emeritam
3698 5497 3784 5539 no-

2275 5675 2290 5739 ?
2325 5679 2459 5733 Loco,
2482 5672 2633 5739 apud,
2653 5673 3086 5739 forteilegendum,
3103 5675 3245 5739 undi.

2210 5737 2699 5847 myéovauieusibus
2720 5737 2910 5789 videtur
2933 5737 3216 5804 legendum,
3267 5752 3356 5803 pro
3401 5742 3597 5792 verit/rte
3628 5741 3775 5790 Catho-
