  <div class='ocr_page' id='page_1' title='image "/cluster/home/n/w/nwhite01/storage/ocr_20150623/43/hvd.32044012717385/362.png"; bbox 0 0 4026 6466; ppageno 0'>
   <div class='ocr_carea' id='block_1_1' title="bbox 222 410 330 468">
    <p class='ocr_par' dir='ltr' id='par_1_1' title="bbox 222 410 330 468">
     <span class='ocr_line' id='line_1_1' title="bbox 222 410 330 468; baseline 0 -1"><span class='ocrx_word' id='word_1_1' title='bbox 222 410 330 468; x_wconf 74' lang='grc'><strong>715</strong></span> 
     </span>
    </p>
   </div>
   <div class='ocr_carea' id='block_1_2' title="bbox 218 523 1805 599">
    <p class='ocr_par' dir='ltr' id='par_1_2' title="bbox 218 523 1805 599">
     <span class='ocr_line' id='line_1_2' title="bbox 218 523 1805 599; baseline 0.004 -19"><span class='ocrx_word' id='word_1_2' title='bbox 218 523 298 580; x_wconf 89' lang='lat' dir='ltr'><strong>bis</strong></span> <span class='ocrx_word' id='word_1_3' title='bbox 337 523 856 593; x_wconf 90' lang='lat' dir='ltr'><strong>communicautem,</strong></span> <span class='ocrx_word' id='word_1_4' title='bbox 885 525 1282 599; x_wconf 77' lang='lat' dir='ltr'><strong>suspicarentur</strong></span> <span class='ocrx_word' id='word_1_5' title='bbox 1310 528 1583 586; x_wconf 85' lang='lat' dir='ltr'><strong>hominem</strong></span> <span class='ocrx_word' id='word_1_6' title='bbox 1620 530 1805 587; x_wconf 90' lang='lat' dir='ltr'><strong>formi-</strong></span> 
     </span>
    </p>
   </div>
   <div class='ocr_carea' id='block_1_3' title="bbox 217 616 1807 695">
    <p class='ocr_par' dir='ltr' id='par_1_3' title="bbox 217 616 1807 695">
     <span class='ocr_line' id='line_1_3' title="bbox 217 616 1807 695; baseline 0.007 -25"><span class='ocrx_word' id='word_1_7' title='bbox 217 616 431 671; x_wconf 90' lang='lat' dir='ltr'><strong>dantem</strong></span> <span class='ocrx_word' id='word_1_8' title='bbox 460 637 476 672; x_wconf 87' lang='lat'><strong>:</strong></span> <span class='ocrx_word' id='word_1_9' title='bbox 503 632 623 672; x_wconf 91' lang='lat' dir='ltr'><strong>cum</strong></span> <span class='ocrx_word' id='word_1_10' title='bbox 663 626 839 674; x_wconf 86' lang='lat' dir='ltr'><strong>autem</strong></span> <span class='ocrx_word' id='word_1_11' title='bbox 867 618 1110 675; x_wconf 89' lang='lat' dir='ltr'><strong>viderunt</strong></span> <span class='ocrx_word' id='word_1_12' title='bbox 1132 629 1186 677; x_wconf 90' lang='lat' dir='ltr'><strong>et</strong></span> <span class='ocrx_word' id='word_1_13' title='bbox 1211 622 1262 677; x_wconf 93' lang='lat' dir='ltr'><strong>in</strong></span> <span class='ocrx_word' id='word_1_14' title='bbox 1290 632 1442 693; x_wconf 91' lang='lat' dir='ltr'><strong>parte</strong></span> <span class='ocrx_word' id='word_1_15' title='bbox 1466 624 1655 678; x_wconf 91' lang='lat' dir='ltr'><strong>Donati</strong></span> <span class='ocrx_word' id='word_1_16' title='bbox 1682 639 1807 695; x_wconf 89' lang='lat' dir='ltr'><strong>per-</strong></span> 
     </span>
    </p>
   </div>
   <div class='ocr_carea' id='block_1_4' title="bbox 215 712 1805 784">
    <p class='ocr_par' dir='ltr' id='par_1_4' title="bbox 215 712 1805 784">
     <span class='ocr_line' id='line_1_4' title="bbox 215 712 1805 784; baseline 0.005 -21"><span class='ocrx_word' id='word_1_17' title='bbox 215 717 543 775; x_wconf 87' lang='lat' dir='ltr'><strong>manentem,</strong></span> <span class='ocrx_word' id='word_1_18' title='bbox 566 719 622 765; x_wconf 91' lang='lat' dir='ltr'><strong>et</strong></span> <span class='ocrx_word' id='word_1_19' title='bbox 643 719 819 766; x_wconf 86' lang='lat' dir='ltr'><strong>tamen</strong></span> <span class='ocrx_word' id='word_1_20' title='bbox 840 712 1094 768; x_wconf 83' lang='lat' dir='ltr'><strong>adversus</strong></span> <span class='ocrx_word' id='word_1_21' title='bbox 1120 712 1444 771; x_wconf 89' lang='lat' dir='ltr'><strong>Catholicam</strong></span> <span class='ocrx_word' id='word_1_22' title='bbox 1471 717 1805 784; x_wconf 90' lang='lat' dir='ltr'><strong>rcticentem,</strong></span> 
     </span>
    </p>
   </div>
   <div class='ocr_carea' id='block_1_5' title="bbox 215 803 1807 875">
    <p class='ocr_par' dir='ltr' id='par_1_5' title="bbox 215 803 1807 875">
     <span class='ocr_line' id='line_1_5' title="bbox 215 803 1807 875; baseline 0.005 -18"><span class='ocrx_word' id='word_1_23' title='bbox 215 803 385 874; x_wconf 87' lang='lat' dir='ltr'><strong>magis</strong></span> <span class='ocrx_word' id='word_1_24' title='bbox 414 803 521 859; x_wconf 88' lang='lat' dir='ltr'><strong>illis</strong></span> <span class='ocrx_word' id='word_1_25' title='bbox 559 806 805 875; x_wconf 84' lang='lat' dir='ltr'><strong>apparuit</strong></span> <span class='ocrx_word' id='word_1_26' title='bbox 844 814 1028 862; x_wconf 90' lang='lat' dir='ltr'><strong>contra</strong></span> <span class='ocrx_word' id='word_1_27' title='bbox 1056 821 1183 863; x_wconf 91' lang='lat' dir='ltr'><strong>suos</strong></span> <span class='ocrx_word' id='word_1_28' title='bbox 1209 808 1416 865; x_wconf 88' lang='lat' dir='ltr'><strong>silendo</strong></span> <span class='ocrx_word' id='word_1_29' title='bbox 1444 810 1694 867; x_wconf 88' lang='lat' dir='ltr'><strong>clamare.</strong></span> <span class='ocrx_word' id='word_1_30' title='bbox 1723 812 1807 866; x_wconf 88' lang='lat' dir='ltr'><strong>An</strong></span> 
     </span>
    </p>
   </div>
   <div class='ocr_carea' id='block_1_6' title="bbox 215 901 1807 970">
    <p class='ocr_par' dir='ltr' id='par_1_6' title="bbox 215 901 1807 970">
     <span class='ocr_line' id='line_1_6' title="bbox 215 901 1807 970; baseline 0.007 -22"><span class='ocrx_word' id='word_1_31' title='bbox 215 910 346 951; x_wconf 88' lang='lat' dir='ltr'><strong>vero</strong></span> <span class='ocrx_word' id='word_1_32' title='bbox 372 911 496 951; x_wconf 91' lang='lat' dir='ltr'><strong>cum</strong></span> <span class='ocrx_word' id='word_1_33' title='bbox 524 912 655 952; x_wconf 92' lang='lat' dir='ltr'><strong>voce</strong></span> <span class='ocrx_word' id='word_1_34' title='bbox 680 906 839 969; x_wconf 87' lang='lat' dir='ltr'><strong>atque</strong></span> <span class='ocrx_word' id='word_1_35' title='bbox 859 913 953 955; x_wconf 92' lang='lat' dir='ltr'><strong>ore</strong></span> <span class='ocrx_word' id='word_1_36' title='bbox 977 914 1109 955; x_wconf 89' lang='lat' dir='ltr'><strong>sano</strong></span> <span class='ocrx_word' id='word_1_37' title='bbox 1152 910 1207 956; x_wconf 92' lang='lat' dir='ltr'><strong>et</strong></span> <span class='ocrx_word' id='word_1_38' title='bbox 1248 901 1419 958; x_wconf 89' lang='lat' dir='ltr'><strong>libero</strong></span> <span class='ocrx_word' id='word_1_39' title='bbox 1462 911 1667 970; x_wconf 90' lang='lat' dir='ltr'><strong>staret,</strong></span> <span class='ocrx_word' id='word_1_40' title='bbox 1698 918 1807 959; x_wconf 88' lang='lat' dir='ltr'><strong>non</strong></span> 
     </span>
    </p>
   </div>
   <div class='ocr_carea' id='block_1_7' title="bbox 216 995 1806 1059">
    <p class='ocr_par' dir='ltr' id='par_1_7' title="bbox 216 995 1806 1059">
     <span class='ocr_line' id='line_1_7' title="bbox 216 995 1806 1059; baseline 0.004 -14"><span class='ocrx_word' id='word_1_41' title='bbox 216 996 334 1045; x_wconf 84' lang='lat' dir='ltr'><strong>erat</strong></span> <span class='ocrx_word' id='word_1_42' title='bbox 358 1004 459 1059; x_wconf 91' lang='lat' dir='ltr'><strong>pro</strong></span> <span class='ocrx_word' id='word_1_43' title='bbox 486 998 662 1045; x_wconf 90' lang='lat' dir='ltr'><strong>vestra</strong></span> <span class='ocrx_word' id='word_1_44' title='bbox 688 1006 847 1047; x_wconf 90' lang='lat' dir='ltr'><strong>causa</strong></span> <span class='ocrx_word' id='word_1_45' title='bbox 876 1002 1060 1049; x_wconf 90' lang='lat' dir='ltr'><strong>contra</strong></span> <span class='ocrx_word' id='word_1_46' title='bbox 1103 1008 1202 1049; x_wconf 91' lang='lat' dir='ltr'><strong>nos</strong></span> <span class='ocrx_word' id='word_1_47' title='bbox 1228 995 1379 1051; x_wconf 85' lang='lat' dir='ltr'><strong>testis</strong></span> <span class='ocrx_word' id='word_1_48' title='bbox 1404 995 1626 1052; x_wconf 90' lang='lat' dir='ltr'><strong>idoneus</strong></span> <span class='ocrx_word' id='word_1_49' title='bbox 1646 997 1806 1053; x_wconf 84' lang='lat' dir='ltr'><strong>Eme—</strong></span> 
     </span>
    </p>
   </div>
   <div class='ocr_carea' id='block_1_8' title="bbox 208 1079 1809 1156">
    <p class='ocr_par' dir='ltr' id='par_1_8' title="bbox 208 1079 1809 1156">
     <span class='ocr_line' id='line_1_8' title="bbox 208 1079 1809 1156; baseline 0.006 -20"><span class='ocrx_word' id='word_1_50' title='bbox 208 1079 343 1136; x_wconf 89' lang='lat' dir='ltr'><strong>ritus</strong></span> <span class='ocrx_word' id='word_1_51' title='bbox 396 1080 506 1149; x_wconf 91' lang='lat' dir='ltr'><strong>ille,</strong></span> <span class='ocrx_word' id='word_1_52' title='bbox 564 1081 654 1138; x_wconf 92' lang='lat' dir='ltr'><strong>ille</strong></span> <span class='ocrx_word' id='word_1_53' title='bbox 706 1082 1005 1151; x_wconf 89' lang='lat' dir='ltr'><strong>Emeritus,</strong></span> <span class='ocrx_word' id='word_1_54' title='bbox 1055 1083 1309 1156; x_wconf 88' lang='lat' dir='ltr'><strong>inquam,</strong></span> <span class='ocrx_word' id='word_1_55' title='bbox 1359 1097 1415 1144; x_wconf 93' lang='lat' dir='ltr'><strong>et</strong></span> <span class='ocrx_word' id='word_1_56' title='bbox 1458 1086 1707 1145; x_wconf 90' lang='lat' dir='ltr'><strong>inimicus</strong></span> <span class='ocrx_word' id='word_1_57' title='bbox 1749 1094 1809 1145; x_wconf 80' lang='lat' dir='ltr'><strong>et</strong></span> 
     </span>
    </p>
   </div>
   <div class='ocr_carea' id='block_1_9' title="bbox 208 1174 435 1229">
    <p class='ocr_par' dir='ltr' id='par_1_9' title="bbox 208 1174 435 1229">
     <span class='ocr_line' id='line_1_9' title="bbox 208 1174 435 1229; baseline -0.004 0"><span class='ocrx_word' id='word_1_58' title='bbox 208 1183 390 1229; x_wconf 81' lang='lat' dir='ltr'><strong>mutus</strong></span> <span class='ocrx_word' id='word_1_59' title='bbox 410 1174 435 1228; x_wconf 63' lang='grc' dir='ltr'>ἲ</span> 
     </span>
    </p>
   </div>
   <div class='ocr_carea' id='block_1_10' title="bbox 277 1265 1796 1331">
    <p class='ocr_par' dir='ltr' id='par_1_10' title="bbox 277 1265 1796 1331">
     <span class='ocr_line' id='line_1_10' title="bbox 277 1265 1796 1331; baseline 0.005 -10"><span class='ocrx_word' id='word_1_60' title='bbox 277 1265 513 1323; x_wconf 83' lang='lat' dir='ltr'><strong>CAPUT</strong></span> <span class='ocrx_word' id='word_1_61' title='bbox 538 1265 656 1323; x_wconf 82' lang='lat' dir='ltr'><strong>XV.</strong></span> <span class='ocrx_word' id='word_1_62' title='bbox 682 1298 754 1309; x_wconf 96' lang='lat'><strong>—</strong></span> <span class='ocrx_word' id='word_1_63' title='bbox 785 1267 873 1325; x_wconf 82' lang='grc'><strong>16.</strong></span> <span class='ocrx_word' id='word_1_64' title='bbox 900 1267 1008 1326; x_wconf 88' lang='lat' dir='ltr'><strong>Sed</strong></span> <span class='ocrx_word' id='word_1_65' title='bbox 1036 1270 1171 1328; x_wconf 86' lang='lat' dir='ltr'><strong>bene</strong></span> <span class='ocrx_word' id='word_1_66' title='bbox 1199 1271 1289 1328; x_wconf 84' lang='lat' dir='ltr'><strong>tibi</strong></span> <span class='ocrx_word' id='word_1_67' title='bbox 1320 1272 1467 1329; x_wconf 91' lang='lat' dir='ltr'><strong>visus</strong></span> <span class='ocrx_word' id='word_1_68' title='bbox 1494 1288 1553 1330; x_wconf 89' lang='lat' dir='ltr'><strong>es</strong></span> <span class='ocrx_word' id='word_1_69' title='bbox 1578 1281 1796 1331; x_wconf 89' lang='lat' dir='ltr'><strong>vestros</strong></span> 
     </span>
    </p>
   </div>
   <div class='ocr_carea' id='block_1_11' title="bbox 209 1359 1800 1438">
    <p class='ocr_par' dir='ltr' id='par_1_11' title="bbox 209 1359 1800 1438">
     <span class='ocr_line' id='line_1_11' title="bbox 209 1359 1800 1438; baseline 0.006 -24"><span class='ocrx_word' id='word_1_70' title='bbox 209 1359 529 1416; x_wconf 82' lang='lat' dir='ltr'><strong>auctoritate</strong></span> <span class='ocrx_word' id='word_1_71' title='bbox 546 1360 1095 1433; x_wconf 87' lang='lat' dir='ltr'><strong>videlicetapostolica</strong></span> <span class='ocrx_word' id='word_1_72' title='bbox 1118 1367 1383 1422; x_wconf 91' lang='lat' dir='ltr'><strong>consolari</strong></span> <span class='ocrx_word' id='word_1_73' title='bbox 1409 1386 1421 1422; x_wconf 90' lang='lat'><strong>:</strong></span> <span class='ocrx_word' id='word_1_74' title='bbox 1446 1382 1551 1423; x_wconf 90' lang='lat' dir='ltr'><strong>non</strong></span> <span class='ocrx_word' id='word_1_75' title='bbox 1580 1375 1800 1438; x_wconf 84' lang='lat' dir='ltr'><strong>propter</strong></span> 
     </span>
    </p>
   </div>
   <div class='ocr_carea' id='block_1_12' title="bbox 208 1453 1797 1530">
    <p class='ocr_par' dir='ltr' id='par_1_12' title="bbox 208 1453 1797 1530">
     <span class='ocr_line' id='line_1_12' title="bbox 208 1453 1797 1530; baseline 0.003 -19"><span class='ocrx_word' id='word_1_76' title='bbox 208 1453 524 1520; x_wconf 86' lang='lat' dir='ltr'><strong>Emeritum,</strong></span> <span class='ocrx_word' id='word_1_77' title='bbox 569 1455 660 1526; x_wconf 93' lang='lat' dir='ltr'><strong>qui</strong></span> <span class='ocrx_word' id='word_1_78' title='bbox 712 1470 817 1510; x_wconf 91' lang='lat' dir='ltr'><strong>non</strong></span> <span class='ocrx_word' id='word_1_79' title='bbox 874 1458 1043 1528; x_wconf 86' lang='lat' dir='ltr'><strong>potuit</strong></span> <span class='ocrx_word' id='word_1_80' title='bbox 1094 1459 1212 1528; x_wconf 89' lang='lat' dir='ltr'><strong>plus</strong></span> <span class='ocrx_word' id='word_1_81' title='bbox 1244 1459 1420 1516; x_wconf 87' lang='lat' dir='ltr'><strong>facere</strong></span> <span class='ocrx_word' id='word_1_82' title='bbox 1456 1475 1553 1530; x_wconf 91' lang='lat' dir='ltr'><strong>pro</strong></span> <span class='ocrx_word' id='word_1_83' title='bbox 1600 1459 1751 1515; x_wconf 86' lang='lat' dir='ltr'><strong>vobis</strong></span> <span class='ocrx_word' id='word_1_84' title='bbox 1779 1500 1797 1527; x_wconf 93' lang='lat'><strong>,</strong></span> 
     </span>
    </p>
   </div>
   <div class='ocr_carea' id='block_1_13' title="bbox 203 1547 1794 1624">
    <p class='ocr_par' dir='ltr' id='par_1_13' title="bbox 203 1547 1794 1624">
     <span class='ocr_line' id='line_1_13' title="bbox 203 1547 1794 1624; baseline 0.004 -24"><span class='ocrx_word' id='word_1_85' title='bbox 203 1562 365 1618; x_wconf 88' lang='lat' dir='ltr'><strong>quam</strong></span> <span class='ocrx_word' id='word_1_86' title='bbox 394 1547 538 1618; x_wconf 91' lang='lat' dir='ltr'><strong>quod</strong></span> <span class='ocrx_word' id='word_1_87' title='bbox 566 1561 675 1603; x_wconf 90' lang='lat' dir='ltr'><strong>non</strong></span> <span class='ocrx_word' id='word_1_88' title='bbox 702 1549 979 1605; x_wconf 87' lang='lat' dir='ltr'><strong>inveniens</strong></span> <span class='ocrx_word' id='word_1_89' title='bbox 1008 1551 1133 1621; x_wconf 88' lang='lat' dir='ltr'><strong>quid</strong></span> <span class='ocrx_word' id='word_1_90' title='bbox 1164 1551 1468 1622; x_wconf 86' lang='lat' dir='ltr'><strong>loqueretur</strong></span> <span class='ocrx_word' id='word_1_91' title='bbox 1501 1567 1599 1624; x_wconf 91' lang='lat' dir='ltr'><strong>pro</strong></span> <span class='ocrx_word' id='word_1_92' title='bbox 1622 1552 1794 1621; x_wconf 86' lang='lat' dir='ltr'><strong>vobis,</strong></span> 
     </span>
    </p>
   </div>
   <div class='ocr_carea' id='block_1_14' title="bbox 201 1641 1795 1716">
    <p class='ocr_par' dir='ltr' id='par_1_14' title="bbox 201 1641 1795 1716">
     <span class='ocr_line' id='line_1_14' title="bbox 201 1641 1795 1716; baseline 0.003 -21"><span class='ocrx_word' id='word_1_93' title='bbox 201 1656 310 1695; x_wconf 91' lang='lat' dir='ltr'><strong>non</strong></span> <span class='ocrx_word' id='word_1_94' title='bbox 356 1648 536 1696; x_wconf 91' lang='lat' dir='ltr'><strong>tamen</strong></span> <span class='ocrx_word' id='word_1_95' title='bbox 576 1641 835 1698; x_wconf 88' lang='lat' dir='ltr'><strong>abscessit</strong></span> <span class='ocrx_word' id='word_1_96' title='bbox 863 1658 890 1695; x_wconf 90' lang='lat' dir='ltr'><strong>a</strong></span> <span class='ocrx_word' id='word_1_97' title='bbox 922 1643 1106 1710; x_wconf 89' lang='lat' dir='ltr'><strong>vobis;</strong></span> <span class='ocrx_word' id='word_1_98' title='bbox 1138 1644 1233 1700; x_wconf 91' lang='lat' dir='ltr'><strong>sed</strong></span> <span class='ocrx_word' id='word_1_99' title='bbox 1263 1654 1480 1716; x_wconf 86' lang='lat' dir='ltr'><strong>propter</strong></span> <span class='ocrx_word' id='word_1_100' title='bbox 1508 1647 1675 1712; x_wconf 85' lang='lat' dir='ltr'><strong>alios,</strong></span> <span class='ocrx_word' id='word_1_101' title='bbox 1705 1646 1795 1716; x_wconf 86' lang='lat' dir='ltr'><strong>qui</strong></span> 
     </span>
    </p>
   </div>
   <div class='ocr_carea' id='block_1_15' title="bbox 201 1736 1795 1795">
    <p class='ocr_par' dir='ltr' id='par_1_15' title="bbox 201 1736 1795 1795">
     <span class='ocr_line' id='line_1_15' title="bbox 201 1736 1795 1795; baseline 0.003 -6"><span class='ocrx_word' id='word_1_102' title='bbox 201 1745 386 1792; x_wconf 89' lang='lat' dir='ltr'><strong>vestro</strong></span> <span class='ocrx_word' id='word_1_103' title='bbox 412 1751 595 1792; x_wconf 89' lang='lat' dir='ltr'><strong>errore</strong></span> <span class='ocrx_word' id='word_1_104' title='bbox 632 1736 890 1792; x_wconf 89' lang='lat' dir='ltr'><strong>derelicto</strong></span> <span class='ocrx_word' id='word_1_105' title='bbox 921 1737 972 1792; x_wconf 93' lang='lat' dir='ltr'><strong>in</strong></span> <span class='ocrx_word' id='word_1_106' title='bbox 997 1738 1304 1794; x_wconf 90' lang='lat' dir='ltr'><strong>societatem</strong></span> <span class='ocrx_word' id='word_1_107' title='bbox 1335 1740 1651 1795; x_wconf 85' lang='lat' dir='ltr'><strong>catholicam</strong></span> <span class='ocrx_word' id='word_1_108' title='bbox 1679 1756 1795 1793; x_wconf 88' lang='lat' dir='ltr'><strong>mu-</strong></span> 
     </span>
    </p>
   </div>
   <div class='ocr_carea' id='block_1_16' title="bbox 198 1828 1794 1902">
    <p class='ocr_par' dir='ltr' id='par_1_16' title="bbox 198 1828 1794 1902">
     <span class='ocr_line' id='line_1_16' title="bbox 198 1828 1794 1902; baseline 0.002 -20"><span class='ocrx_word' id='word_1_109' title='bbox 198 1828 319 1893; x_wconf 87' lang='lat' dir='ltr'><strong>tati,</strong></span> <span class='ocrx_word' id='word_1_110' title='bbox 352 1828 407 1882; x_wconf 93' lang='lat' dir='ltr'><strong>in</strong></span> <span class='ocrx_word' id='word_1_111' title='bbox 433 1828 627 1883; x_wconf 90' lang='lat' dir='ltr'><strong>melius</strong></span> <span class='ocrx_word' id='word_1_112' title='bbox 654 1836 1027 1899; x_wconf 86' lang='lat' dir='ltr'><strong>aggregantur,</strong></span> <span class='ocrx_word' id='word_1_113' title='bbox 1060 1832 1491 1886; x_wconf 90' lang='lat' dir='ltr'><strong>commemorasti</strong></span> <span class='ocrx_word' id='word_1_114' title='bbox 1518 1840 1794 1902; x_wconf 88' lang='lat' dir='ltr'><strong>propterea</strong></span> 
     </span>
    </p>
   </div>
   <div class='ocr_carea' id='block_1_17' title="bbox 197 1919 1796 1993">
    <p class='ocr_par' dir='ltr' id='par_1_17' title="bbox 197 1919 1796 1993">
     <span class='ocr_line' id='line_1_17' title="bbox 197 1919 1796 1993; baseline 0.001 -19"><span class='ocrx_word' id='word_1_115' title='bbox 197 1919 404 1975; x_wconf 81' lang='lat' dir='ltr'><strong>dixisse</strong></span> <span class='ocrx_word' id='word_1_116' title='bbox 457 1920 805 1990; x_wconf 86' lang='lat' dir='ltr'><strong>Apostolum,</strong></span> <span class='ocrx_word' id='word_1_117' title='bbox 853 1921 911 1976; x_wconf 88' lang='lat' dir='ltr'><strong>Si</strong></span> <span class='ocrx_word' id='word_1_118' title='bbox 941 1920 1150 1993; x_wconf 86' lang='lat' dir='ltr'><strong>quidam</strong></span> <span class='ocrx_word' id='word_1_119' title='bbox 1191 1922 1397 1976; x_wconf 90' lang='lat' dir='ltr'><strong>illorum</strong></span> <span class='ocrx_word' id='word_1_120' title='bbox 1438 1923 1730 1977; x_wconf 67' lang='lat' dir='ltr'><strong>exciderunt</strong></span> <span class='ocrx_word' id='word_1_121' title='bbox 1763 1939 1796 1976; x_wconf 93' lang='lat' dir='ltr'><strong>a</strong></span> 
     </span>
    </p>
   </div>
   <div class='ocr_carea' id='block_1_18' title="bbox 197 2011 1795 2083">
    <p class='ocr_par' dir='ltr' id='par_1_18' title="bbox 197 2011 1795 2083">
     <span class='ocr_line' id='line_1_18' title="bbox 197 2011 1795 2083; baseline 0.002 -17"><span class='ocrx_word' id='word_1_122' title='bbox 197 2011 324 2081; x_wconf 79' lang='lat' dir='ltr'><strong>ﬁde,</strong></span> <span class='ocrx_word' id='word_1_123' title='bbox 352 2012 597 2083; x_wconf 85' lang='lat' dir='ltr'><strong>numquid</strong></span> <span class='ocrx_word' id='word_1_124' title='bbox 640 2012 915 2081; x_wconf 87' lang='lat' dir='ltr'><strong>inﬁdelitas</strong></span> <span class='ocrx_word' id='word_1_125' title='bbox 944 2012 1152 2068; x_wconf 91' lang='lat' dir='ltr'><strong>illorum</strong></span> <span class='ocrx_word' id='word_1_126' title='bbox 1177 2014 1330 2083; x_wconf 84' lang='lat' dir='ltr'><strong>ﬁdem</strong></span> <span class='ocrx_word' id='word_1_127' title='bbox 1370 2013 1467 2069; x_wconf 92' lang='lat' dir='ltr'><strong>Dei</strong></span> <span class='ocrx_word' id='word_1_128' title='bbox 1495 2015 1795 2069; x_wconf 84' lang='lat' dir='ltr'><strong>evacuavit?</strong></span> 
     </span>
    </p>
   </div>
   <div class='ocr_carea' id='block_1_19' title="bbox 203 2102 1795 2171">
    <p class='ocr_par' dir='ltr' id='par_1_19' title="bbox 203 2102 1795 2171">
     <span class='ocr_line' id='line_1_19' title="bbox 203 2102 1795 2171; baseline 0.003 -14"><span class='ocrx_word' id='word_1_129' title='bbox 203 2103 374 2157; x_wconf 75' lang='lat' dir='ltr'><strong>Absit.</strong></span> <span class='ocrx_word' id='word_1_130' title='bbox 408 2102 617 2158; x_wconf 82' lang='lat' dir='ltr'><strong>Revera</strong></span> <span class='ocrx_word' id='word_1_131' title='bbox 645 2102 748 2159; x_wconf 90' lang='lat' dir='ltr'><strong>hoc</strong></span> <span class='ocrx_word' id='word_1_132' title='bbox 772 2112 958 2171; x_wconf 88' lang='lat' dir='ltr'><strong>restat,</strong></span> <span class='ocrx_word' id='word_1_133' title='bbox 986 2114 1044 2159; x_wconf 89' lang='lat' dir='ltr'><strong>ut</strong></span> <span class='ocrx_word' id='word_1_134' title='bbox 1068 2104 1328 2161; x_wconf 83' lang='lat' dir='ltr'><strong>excidisse</strong></span> <span class='ocrx_word' id='word_1_135' title='bbox 1357 2105 1602 2161; x_wconf 89' lang='lat' dir='ltr'><strong>dicantur</strong></span> <span class='ocrx_word' id='word_1_136' title='bbox 1628 2122 1658 2161; x_wconf 91' lang='lat' dir='ltr'><strong>a</strong></span> <span class='ocrx_word' id='word_1_137' title='bbox 1690 2106 1795 2162; x_wconf 88' lang='lat' dir='ltr'><strong>ﬁde</strong></span> 
     </span>
    </p>
   </div>
   <div class='ocr_carea' id='block_1_20' title="bbox 195 2195 1793 2269">
    <p class='ocr_par' dir='ltr' id='par_1_20' title="bbox 195 2195 1793 2269">
     <span class='ocr_line' id='line_1_20' title="bbox 195 2195 1793 2269; baseline 0.001 -17"><span class='ocrx_word' id='word_1_138' title='bbox 195 2197 290 2267; x_wconf 88' lang='lat' dir='ltr'><strong>qui</strong></span> <span class='ocrx_word' id='word_1_139' title='bbox 320 2197 431 2252; x_wconf 93' lang='lat' dir='ltr'><strong>Deo</strong></span> <span class='ocrx_word' id='word_1_140' title='bbox 457 2195 822 2264; x_wconf 90' lang='lat' dir='ltr'><strong>crediderunt,</strong></span> <span class='ocrx_word' id='word_1_141' title='bbox 854 2205 909 2253; x_wconf 89' lang='lat' dir='ltr'><strong>et</strong></span> <span class='ocrx_word' id='word_1_142' title='bbox 951 2196 1108 2252; x_wconf 90' lang='lat' dir='ltr'><strong>ﬁdem</strong></span> <span class='ocrx_word' id='word_1_143' title='bbox 1152 2206 1333 2253; x_wconf 91' lang='lat' dir='ltr'><strong>tenere</strong></span> <span class='ocrx_word' id='word_1_144' title='bbox 1364 2198 1455 2269; x_wconf 91' lang='lat' dir='ltr'><strong>qui</strong></span> <span class='ocrx_word' id='word_1_145' title='bbox 1472 2196 1793 2254; x_wconf 82' lang='lat' dir='ltr'><strong>hominibus</strong></span> 
     </span>
    </p>
   </div>
   <div class='ocr_carea' id='block_1_21' title="bbox 195 2286 1790 2360">
    <p class='ocr_par' dir='ltr' id='par_1_21' title="bbox 195 2286 1790 2360">
     <span class='ocr_line' id='line_1_21' title="bbox 195 2286 1790 2360; baseline 0 -16"><span class='ocrx_word' id='word_1_146' title='bbox 195 2289 445 2344; x_wconf 90' lang='lat' dir='ltr'><strong>credunt.</strong></span> <span class='ocrx_word' id='word_1_147' title='bbox 498 2286 567 2342; x_wconf 84' lang='lat' dir='ltr'><strong>In</strong></span> <span class='ocrx_word' id='word_1_148' title='bbox 600 2289 789 2343; x_wconf 89' lang='lat' dir='ltr'><strong>semine</strong></span> <span class='ocrx_word' id='word_1_149' title='bbox 833 2298 920 2343; x_wconf 90' lang='lat' dir='ltr'><strong>tuo</strong></span> <span class='ocrx_word' id='word_1_150' title='bbox 964 2288 1314 2343; x_wconf 81' lang='lat' dir='ltr'><strong>benedicentur</strong></span> <span class='ocrx_word' id='word_1_151' title='bbox 1370 2306 1541 2344; x_wconf 85' lang='lat' dir='ltr'><strong>omnes</strong></span> <span class='ocrx_word' id='word_1_152' title='bbox 1579 2300 1790 2360; x_wconf 78' lang='lat' dir='ltr'><strong>gentes,</strong></span> 
     </span>
    </p>
   </div>
   <div class='ocr_carea' id='block_1_22' title="bbox 195 2378 1793 2452">
    <p class='ocr_par' dir='ltr' id='par_1_22' title="bbox 195 2378 1793 2452">
     <span class='ocr_line' id='line_1_22' title="bbox 195 2378 1793 2452; baseline 0.001 -17"><span class='ocrx_word' id='word_1_153' title='bbox 195 2380 333 2435; x_wconf 90' lang='lat' dir='ltr'><strong>dixit</strong></span> <span class='ocrx_word' id='word_1_154' title='bbox 362 2380 503 2436; x_wconf 91' lang='lat' dir='ltr'><strong>Deus</strong></span> <span class='ocrx_word' id='word_1_155' title='bbox 536 2378 689 2452; x_wconf 81' lang='lat' dir='ltr'><strong>(Gen.</strong></span> <span class='ocrx_word' id='word_1_156' title='bbox 718 2396 854 2445; x_wconf 71' lang='grc' dir='ltr'>χχιι,</span> <span class='ocrx_word' id='word_1_157' title='bbox 888 2378 1001 2452; x_wconf 85' lang='lat' dir='ltr'><strong>I8).</strong></span> <span class='ocrx_word' id='word_1_158' title='bbox 1036 2382 1171 2435; x_wconf 75' lang='lat' dir='ltr'><strong>Ecce</strong></span> <span class='ocrx_word' id='word_1_159' title='bbox 1208 2381 1292 2436; x_wconf 92' lang='lat' dir='ltr'><strong>cui</strong></span> <span class='ocrx_word' id='word_1_160' title='bbox 1330 2380 1577 2450; x_wconf 90' lang='lat' dir='ltr'><strong>credunt,</strong></span> <span class='ocrx_word' id='word_1_161' title='bbox 1606 2381 1696 2451; x_wconf 90' lang='lat' dir='ltr'><strong>qui</strong></span> <span class='ocrx_word' id='word_1_162' title='bbox 1723 2397 1793 2437; x_wconf 87' lang='lat' dir='ltr'><strong>ex</strong></span> 
     </span>
    </p>
   </div>
   <div class='ocr_carea' id='block_1_23' title="bbox 193 2471 1793 2545">
    <p class='ocr_par' dir='ltr' id='par_1_23' title="bbox 193 2471 1793 2545">
     <span class='ocr_line' id='line_1_23' title="bbox 193 2471 1793 2545; baseline 0.003 -20"><span class='ocrx_word' id='word_1_163' title='bbox 193 2471 349 2527; x_wconf 91' lang='lat' dir='ltr'><strong>vobis</strong></span> <span class='ocrx_word' id='word_1_164' title='bbox 390 2471 457 2525; x_wconf 82' lang='lat' dir='ltr'><strong>ad</strong></span> <span class='ocrx_word' id='word_1_165' title='bbox 507 2486 606 2527; x_wconf 90' lang='lat' dir='ltr'><strong>nos</strong></span> <span class='ocrx_word' id='word_1_166' title='bbox 657 2479 957 2527; x_wconf 87' lang='lat' dir='ltr'><strong>transeunt.</strong></span> <span class='ocrx_word' id='word_1_167' title='bbox 999 2472 1265 2527; x_wconf 64' lang='lat' dir='ltr'><strong>chiliani</strong></span> <span class='ocrx_word' id='word_1_168' title='bbox 1320 2483 1538 2543; x_wconf 85' lang='lat' dir='ltr'><strong>peccato</strong></span> <span class='ocrx_word' id='word_1_169' title='bbox 1565 2474 1793 2545; x_wconf 87' lang='lat' dir='ltr'><strong>periisse</strong></span> 
     </span>
    </p>
   </div>
   <div class='ocr_carea' id='block_1_24' title="bbox 193 2561 1791 2636">
    <p class='ocr_par' dir='ltr' id='par_1_24' title="bbox 193 2561 1791 2636">
     <span class='ocr_line' id='line_1_24' title="bbox 193 2561 1791 2636; baseline 0.002 -19"><span class='ocrx_word' id='word_1_170' title='bbox 193 2562 583 2618; x_wconf 88' lang='lat' dir='ltr'><strong>transmarinas</strong></span> <span class='ocrx_word' id='word_1_171' title='bbox 629 2571 817 2634; x_wconf 90' lang='lat' dir='ltr'><strong>gentes</strong></span> <span class='ocrx_word' id='word_1_172' title='bbox 856 2561 1101 2618; x_wconf 86' lang='lat' dir='ltr'><strong>homines</strong></span> <span class='ocrx_word' id='word_1_173' title='bbox 1129 2563 1395 2619; x_wconf 79' lang='lat' dir='ltr'><strong>dixerunt.</strong></span> <span class='ocrx_word' id='word_1_174' title='bbox 1430 2565 1567 2619; x_wconf 89' lang='lat' dir='ltr'><strong>Ecce</strong></span> <span class='ocrx_word' id='word_1_175' title='bbox 1597 2564 1791 2636; x_wconf 90' lang='lat' dir='ltr'><strong>quibus</strong></span> 
     </span>
    </p>
   </div>
   <div class='ocr_carea' id='block_1_25' title="bbox 192 2655 1791 2728">
    <p class='ocr_par' dir='ltr' id='par_1_25' title="bbox 192 2655 1791 2728">
     <span class='ocr_line' id='line_1_25' title="bbox 192 2655 1791 2728; baseline 0.001 -16"><span class='ocrx_word' id='word_1_176' title='bbox 192 2657 440 2723; x_wconf 90' lang='lat' dir='ltr'><strong>credunt,</strong></span> <span class='ocrx_word' id='word_1_177' title='bbox 472 2656 563 2728; x_wconf 92' lang='lat' dir='ltr'><strong>qui</strong></span> <span class='ocrx_word' id='word_1_178' title='bbox 604 2655 659 2712; x_wconf 91' lang='lat' dir='ltr'><strong>in</strong></span> <span class='ocrx_word' id='word_1_179' title='bbox 703 2665 881 2712; x_wconf 88' lang='lat' dir='ltr'><strong>vestra</strong></span> <span class='ocrx_word' id='word_1_180' title='bbox 919 2657 1177 2712; x_wconf 89' lang='lat' dir='ltr'><strong>societate</strong></span> <span class='ocrx_word' id='word_1_181' title='bbox 1222 2658 1533 2727; x_wconf 89' lang='lat' dir='ltr'><strong>persistunt.</strong></span> <span class='ocrx_word' id='word_1_182' title='bbox 1567 2658 1633 2713; x_wconf 91' lang='lat' dir='ltr'><strong>Et</strong></span> <span class='ocrx_word' id='word_1_183' title='bbox 1658 2658 1791 2714; x_wconf 92' lang='lat' dir='ltr'><strong>dicis</strong></span> 
     </span>
    </p>
   </div>
   <div class='ocr_carea' id='block_1_26' title="bbox 193 2747 1791 2818">
    <p class='ocr_par' dir='ltr' id='par_1_26' title="bbox 193 2747 1791 2818">
     <span class='ocr_line' id='line_1_26' title="bbox 193 2747 1791 2818; baseline -0.001 -12"><span class='ocrx_word' id='word_1_184' title='bbox 193 2764 290 2806; x_wconf 89' lang='lat' dir='ltr'><strong>eos</strong></span> <span class='ocrx_word' id='word_1_185' title='bbox 315 2748 582 2805; x_wconf 81' lang='lat' dir='ltr'><strong>excidisse</strong></span> <span class='ocrx_word' id='word_1_186' title='bbox 618 2762 650 2801; x_wconf 92' lang='lat' dir='ltr'><strong>a</strong></span> <span class='ocrx_word' id='word_1_187' title='bbox 686 2747 789 2803; x_wconf 85' lang='lat' dir='ltr'><strong>fide</strong></span> <span class='ocrx_word' id='word_1_188' title='bbox 817 2747 910 2818; x_wconf 93' lang='lat' dir='ltr'><strong>qui</strong></span> <span class='ocrx_word' id='word_1_189' title='bbox 940 2747 1098 2803; x_wconf 89' lang='lat' dir='ltr'><strong>ﬁdem</strong></span> <span class='ocrx_word' id='word_1_190' title='bbox 1128 2749 1220 2803; x_wconf 85' lang='lat' dir='ltr'><strong>Dei</strong></span> <span class='ocrx_word' id='word_1_191' title='bbox 1241 2749 1409 2804; x_wconf 86' lang='lat' dir='ltr'><strong>secuti</strong></span> <span class='ocrx_word' id='word_1_192' title='bbox 1440 2757 1586 2814; x_wconf 87' lang='lat' dir='ltr'><strong>sunt,</strong></span> <span class='ocrx_word' id='word_1_193' title='bbox 1614 2758 1667 2804; x_wconf 89' lang='lat' dir='ltr'><strong>et</strong></span> <span class='ocrx_word' id='word_1_194' title='bbox 1696 2764 1791 2805; x_wconf 89' lang='lat' dir='ltr'><strong>eos</strong></span> 
     </span>
    </p>
   </div>
   <div class='ocr_carea' id='block_1_27' title="bbox 191 2840 1788 2912">
    <p class='ocr_par' dir='ltr' id='par_1_27' title="bbox 191 2840 1788 2912">
     <span class='ocr_line' id='line_1_27' title="bbox 191 2840 1788 2912; baseline 0.001 -14"><span class='ocrx_word' id='word_1_195' title='bbox 191 2842 354 2898; x_wconf 84' lang='lat' dir='ltr'><strong>ﬁdem</strong></span> <span class='ocrx_word' id='word_1_196' title='bbox 402 2841 601 2896; x_wconf 90' lang='lat' dir='ltr'><strong>habere</strong></span> <span class='ocrx_word' id='word_1_197' title='bbox 638 2840 734 2896; x_wconf 89' lang='lat' dir='ltr'><strong>Dei</strong></span> <span class='ocrx_word' id='word_1_198' title='bbox 772 2842 863 2912; x_wconf 90' lang='lat' dir='ltr'><strong>qui</strong></span> <span class='ocrx_word' id='word_1_199' title='bbox 902 2842 955 2897; x_wconf 88' lang='lat' dir='ltr'><strong>in</strong></span> <span class='ocrx_word' id='word_1_200' title='bbox 994 2842 1175 2897; x_wconf 91' lang='lat' dir='ltr'><strong>verbis</strong></span> <span class='ocrx_word' id='word_1_201' title='bbox 1202 2842 1478 2899; x_wconf 90' lang='lat' dir='ltr'><strong>hominum</strong></span> <span class='ocrx_word' id='word_1_202' title='bbox 1510 2858 1788 2900; x_wconf 88' lang='lat' dir='ltr'><strong>remanse-</strong></span> 
     </span>
    </p>
   </div>
   <div class='ocr_carea' id='block_1_28' title="bbox 188 2934 1791 3005">
    <p class='ocr_par' dir='ltr' id='par_1_28' title="bbox 188 2934 1791 3005">
     <span class='ocr_line' id='line_1_28' title="bbox 188 2934 1791 3005; baseline 0.001 -15"><span class='ocrx_word' id='word_1_203' title='bbox 188 2944 340 2991; x_wconf 87' lang='lat' dir='ltr'><strong>runt.</strong></span> <span class='ocrx_word' id='word_1_204' title='bbox 375 2934 478 2991; x_wconf 88' lang='lat' dir='ltr'><strong>Ubi</strong></span> <span class='ocrx_word' id='word_1_205' title='bbox 506 2942 589 2990; x_wconf 90' lang='lat' dir='ltr'><strong>est</strong></span> <span class='ocrx_word' id='word_1_206' title='bbox 618 2949 746 3005; x_wconf 91' lang='lat' dir='ltr'><strong>ergo</strong></span> <span class='ocrx_word' id='word_1_207' title='bbox 772 2935 914 3005; x_wconf 90' lang='lat' dir='ltr'><strong>quod</strong></span> <span class='ocrx_word' id='word_1_208' title='bbox 961 2934 1083 2989; x_wconf 90' lang='lat' dir='ltr'><strong>huic</strong></span> <span class='ocrx_word' id='word_1_209' title='bbox 1126 2937 1406 2991; x_wconf 68' lang='lat' dir='ltr'><strong>sententirc</strong></span> <span class='ocrx_word' id='word_1_210' title='bbox 1433 2937 1529 2993; x_wconf 90' lang='lat' dir='ltr'><strong>abs</strong></span> <span class='ocrx_word' id='word_1_211' title='bbox 1558 2946 1611 2994; x_wconf 92' lang='lat' dir='ltr'><strong>te</strong></span> <span class='ocrx_word' id='word_1_212' title='bbox 1638 2953 1791 2994; x_wconf 84' lang='lat' dir='ltr'><strong>com-</strong></span> 
     </span>
    </p>
   </div>
   <div class='ocr_carea' id='block_1_29' title="bbox 188 3028 1790 3099">
    <p class='ocr_par' dir='ltr' id='par_1_29' title="bbox 188 3028 1790 3099">
     <span class='ocr_line' id='line_1_29' title="bbox 188 3028 1790 3099; baseline 0.004 -15"><span class='ocrx_word' id='word_1_213' title='bbox 188 3039 507 3084; x_wconf 77' lang='lat' dir='ltr'><strong>memoratae</strong></span> <span class='ocrx_word' id='word_1_214' title='bbox 550 3028 805 3083; x_wconf 90' lang='lat' dir='ltr'><strong>continuo</strong></span> <span class='ocrx_word' id='word_1_215' title='bbox 834 3028 1105 3099; x_wconf 86' lang='lat' dir='ltr'><strong>subjungit</strong></span> <span class='ocrx_word' id='word_1_216' title='bbox 1136 3031 1447 3099; x_wconf 81' lang='lat' dir='ltr'><strong>Apostolus,</strong></span> <span class='ocrx_word' id='word_1_217' title='bbox 1480 3031 1577 3086; x_wconf 88' lang='lat' dir='ltr'><strong>Est</strong></span> <span class='ocrx_word' id='word_1_218' title='bbox 1619 3044 1790 3090; x_wconf 85' lang='lat' dir='ltr'><strong>autem</strong></span> 
     </span>
    </p>
   </div>
   <div class='ocr_carea' id='block_1_30' title="bbox 187 3121 1784 3197">
    <p class='ocr_par' dir='ltr' id='par_1_30' title="bbox 187 3121 1784 3197">
     <span class='ocr_line' id='line_1_30' title="bbox 187 3121 1784 3197; baseline 0.004 -20"><span class='ocrx_word' id='word_1_219' title='bbox 187 3121 333 3179; x_wconf 83' lang='lat' dir='ltr'><strong>Deus</strong></span> <span class='ocrx_word' id='word_1_220' title='bbox 373 3138 546 3190; x_wconf 74' lang='lat' dir='ltr'><strong>verax,</strong></span> <span class='ocrx_word' id='word_1_221' title='bbox 579 3122 741 3177; x_wconf 91' lang='lat' dir='ltr'><strong>omnis</strong></span> <span class='ocrx_word' id='word_1_222' title='bbox 771 3133 937 3177; x_wconf 89' lang='lat' dir='ltr'><strong>autem</strong></span> <span class='ocrx_word' id='word_1_223' title='bbox 976 3124 1127 3178; x_wconf 86' lang='lat' dir='ltr'><strong>homo</strong></span> <span class='ocrx_word' id='word_1_224' title='bbox 1170 3125 1389 3179; x_wconf 73' lang='lat' dir='ltr'><strong>mendax</strong></span> <span class='ocrx_word' id='word_1_225' title='bbox 1423 3125 1596 3197; x_wconf 88' lang='lat' dir='ltr'><strong>(Rom.</strong></span> <span class='ocrx_word' id='word_1_226' title='bbox 1625 3143 1705 3196; x_wconf 85' lang='lat' dir='ltr'><strong>III,</strong></span> <span class='ocrx_word' id='word_1_227' title='bbox 1730 3129 1784 3195; x_wconf 79' lang='lat'><strong>5,</strong></span> 
     </span>
    </p>
   </div>
   <div class='ocr_carea' id='block_1_31' title="bbox 186 3212 1788 3290">
    <p class='ocr_par' dir='ltr' id='par_1_31' title="bbox 186 3212 1788 3290">
     <span class='ocr_line' id='line_1_31' title="bbox 186 3212 1788 3290; baseline 0.002 -15"><span class='ocrx_word' id='word_1_228' title='bbox 186 3219 243 3290; x_wconf 72' lang='grc'><strong>4)</strong></span> <span class='ocrx_word' id='word_1_229' title='bbox 267 3237 282 3285; x_wconf 89' lang='grc'><strong>;</strong></span> <span class='ocrx_word' id='word_1_230' title='bbox 311 3218 358 3273; x_wconf 86' lang='lat' dir='ltr'><strong>si</strong></span> <span class='ocrx_word' id='word_1_231' title='bbox 383 3233 415 3273; x_wconf 91' lang='lat' dir='ltr'><strong>a</strong></span> <span class='ocrx_word' id='word_1_232' title='bbox 444 3217 548 3273; x_wconf 91' lang='lat' dir='ltr'><strong>ﬁde</strong></span> <span class='ocrx_word' id='word_1_233' title='bbox 570 3216 887 3274; x_wconf 82' lang='lat' dir='ltr'><strong>exciderunt</strong></span> <span class='ocrx_word' id='word_1_234' title='bbox 913 3218 1002 3288; x_wconf 90' lang='lat' dir='ltr'><strong>qui</strong></span> <span class='ocrx_word' id='word_1_235' title='bbox 1033 3218 1259 3274; x_wconf 90' lang='lat' dir='ltr'><strong>credunt</strong></span> <span class='ocrx_word' id='word_1_236' title='bbox 1293 3218 1435 3290; x_wconf 91' lang='lat' dir='ltr'><strong>quod</strong></span> <span class='ocrx_word' id='word_1_237' title='bbox 1474 3212 1788 3278; x_wconf 62' lang='lat' dir='ltr'><strong>dixit&#39;Deus</strong></span> 
     </span>
    </p>
   </div>
   <div class='ocr_carea' id='block_1_32' title="bbox 184 3310 1789 3385">
    <p class='ocr_par' dir='ltr' id='par_1_32' title="bbox 184 3310 1789 3385">
     <span class='ocr_line' id='line_1_32' title="bbox 184 3310 1789 3385; baseline 0.001 -17"><span class='ocrx_word' id='word_1_238' title='bbox 184 3327 379 3377; x_wconf 84' lang='lat' dir='ltr'><strong>verax,</strong></span> <span class='ocrx_word' id='word_1_239' title='bbox 421 3320 475 3367; x_wconf 90' lang='lat' dir='ltr'><strong>et</strong></span> <span class='ocrx_word' id='word_1_240' title='bbox 524 3312 576 3366; x_wconf 91' lang='lat' dir='ltr'><strong>in</strong></span> <span class='ocrx_word' id='word_1_241' title='bbox 621 3310 723 3367; x_wconf 91' lang='lat' dir='ltr'><strong>ﬁde</strong></span> <span class='ocrx_word' id='word_1_242' title='bbox 770 3311 1063 3381; x_wconf 88' lang='lat' dir='ltr'><strong>persistunt</strong></span> <span class='ocrx_word' id='word_1_243' title='bbox 1091 3313 1180 3383; x_wconf 92' lang='lat' dir='ltr'><strong>qui</strong></span> <span class='ocrx_word' id='word_1_244' title='bbox 1222 3313 1448 3368; x_wconf 90' lang='lat' dir='ltr'><strong>credunt</strong></span> <span class='ocrx_word' id='word_1_245' title='bbox 1474 3312 1618 3385; x_wconf 91' lang='lat' dir='ltr'><strong>quod</strong></span> <span class='ocrx_word' id='word_1_246' title='bbox 1646 3313 1789 3370; x_wconf 85' lang='lat' dir='ltr'><strong>dixit</strong></span> 
     </span>
    </p>
   </div>
   <div class='ocr_carea' id='block_1_33' title="bbox 185 3402 654 3459">
    <p class='ocr_par' dir='ltr' id='par_1_33' title="bbox 185 3402 654 3459">
     <span class='ocr_line' id='line_1_33' title="bbox 185 3402 654 3459; baseline -0.004 0"><span class='ocrx_word' id='word_1_247' title='bbox 185 3403 359 3459; x_wconf 91' lang='lat' dir='ltr'><strong>homo</strong></span> <span class='ocrx_word' id='word_1_248' title='bbox 386 3402 654 3458; x_wconf 82' lang='lat' dir='ltr'><strong>mendax?</strong></span> 
     </span>
    </p>
   </div>
   <div class='ocr_carea' id='block_1_34' title="bbox 260 3494 1783 3567">
    <p class='ocr_par' dir='ltr' id='par_1_34' title="bbox 260 3494 1783 3567">
     <span class='ocr_line' id='line_1_34' title="bbox 260 3494 1783 3567; baseline -0.001 -15"><span class='ocrx_word' id='word_1_249' title='bbox 260 3495 488 3553; x_wconf 81' lang='lat' dir='ltr'><strong>CAPUT</strong></span> <span class='ocrx_word' id='word_1_250' title='bbox 508 3496 842 3553; x_wconf 57' lang='grc' dir='ltr'><strong>Ἆγι-17.</strong></span> <span class='ocrx_word' id='word_1_251' title='bbox 872 3495 1049 3552; x_wconf 86' lang='lat' dir='ltr'><strong>Verba</strong></span> <span class='ocrx_word' id='word_1_252' title='bbox 1080 3494 1331 3565; x_wconf 69' lang='lat' dir='ltr'><strong>Epistolat</strong></span> <span class='ocrx_word' id='word_1_253' title='bbox 1364 3514 1375 3550; x_wconf 88' lang='lat'><strong>:</strong></span> <span class='ocrx_word' id='word_1_254' title='bbox 1408 3494 1610 3567; x_wconf 81' lang='lat' dir='ltr'><strong>Fugam</strong></span> <span class='ocrx_word' id='word_1_255' title='bbox 1635 3496 1783 3566; x_wconf 81' lang='lat' dir='ltr'><strong>mihi,</strong></span> 
     </span>
    </p>
   </div>
   <div class='ocr_carea' id='block_1_35' title="bbox 183 3586 1785 3661">
    <p class='ocr_par' dir='ltr' id='par_1_35' title="bbox 183 3586 1785 3661">
     <span class='ocr_line' id='line_1_35' title="bbox 183 3586 1785 3661; baseline -0.001 -16"><span class='ocrx_word' id='word_1_256' title='bbox 183 3589 383 3660; x_wconf 88' lang='lat' dir='ltr'><strong>inquit,</strong></span> <span class='ocrx_word' id='word_1_257' title='bbox 412 3590 554 3659; x_wconf 88' lang='lat' dir='ltr'><strong>quasi</strong></span> <span class='ocrx_word' id='word_1_258' title='bbox 574 3606 635 3644; x_wconf 79' lang='lat' dir='ltr'><strong>ea:</strong></span> <span class='ocrx_word' id='word_1_259' title='bbox 656 3588 761 3661; x_wconf 86' lang='lat' dir='ltr'><strong>lege</strong></span> <span class='ocrx_word' id='word_1_260' title='bbox 784 3588 1056 3660; x_wconf 84' lang='lat' dir='ltr'><strong>persuades</strong></span> <span class='ocrx_word' id='word_1_261' title='bbox 1084 3603 1102 3641; x_wconf 92' lang='lat'><strong><em>:</em></strong></span> <span class='ocrx_word' id='word_1_262' title='bbox 1131 3586 1219 3642; x_wconf 90' lang='lat' dir='ltr'><strong>sed</strong></span> <span class='ocrx_word' id='word_1_263' title='bbox 1250 3590 1412 3657; x_wconf 87' lang='lat' dir='ltr'><strong>factor</strong></span> <span class='ocrx_word' id='word_1_264' title='bbox 1438 3588 1561 3659; x_wconf 83' lang='lat' dir='ltr'><strong>legis</strong></span> <span class='ocrx_word' id='word_1_265' title='bbox 1589 3597 1785 3643; x_wconf 86' lang='lat' dir='ltr'><strong>tantum</strong></span> 
     </span>
    </p>
   </div>
   <div class='ocr_carea' id='block_1_36' title="bbox 184 3677 1786 3753">
    <p class='ocr_par' dir='ltr' id='par_1_36' title="bbox 184 3677 1786 3753">
     <span class='ocr_line' id='line_1_36' title="bbox 184 3677 1786 3753; baseline -0.002 -15"><span class='ocrx_word' id='word_1_266' title='bbox 184 3684 337 3739; x_wconf 83' lang='lat' dir='ltr'><strong>debet</strong></span> <span class='ocrx_word' id='word_1_267' title='bbox 381 3684 583 3749; x_wconf 88' lang='lat' dir='ltr'><strong>audiri;</strong></span> <span class='ocrx_word' id='word_1_268' title='bbox 630 3683 749 3753; x_wconf 84' lang='lat' dir='ltr'><strong>quia</strong></span> <span class='ocrx_word' id='word_1_269' title='bbox 794 3681 992 3737; x_wconf 86' lang='lat' dir='ltr'><strong>Paulus</strong></span> <span class='ocrx_word' id='word_1_270' title='bbox 1017 3680 1277 3751; x_wconf 83' lang='lat' dir='ltr'><strong>apostolus</strong></span> <span class='ocrx_word' id='word_1_271' title='bbox 1302 3680 1442 3744; x_wconf 86' lang='lat' dir='ltr'><strong>dicit,</strong></span> <span class='ocrx_word' id='word_1_272' title='bbox 1481 3698 1499 3731; x_wconf 72' lang='grc' dir='ltr'>ι</span> <span class='ocrx_word' id='word_1_273' title='bbox 1539 3677 1663 3734; x_wconf 89' lang='lat' dir='ltr'><strong>Non</strong></span> <span class='ocrx_word' id='word_1_274' title='bbox 1692 3698 1786 3735; x_wconf 90' lang='lat' dir='ltr'><strong>au-</strong></span> 
     </span>
    </p>
   </div>
   <div class='ocr_carea' id='block_1_37' title="bbox 185 3773 1785 3848">
    <p class='ocr_par' dir='ltr' id='par_1_37' title="bbox 185 3773 1785 3848">
     <span class='ocr_line' id='line_1_37' title="bbox 185 3773 1785 3848; baseline -0.001 -17"><span class='ocrx_word' id='word_1_275' title='bbox 185 3780 380 3833; x_wconf 86' lang='lat' dir='ltr'><strong>ditores</strong></span> <span class='ocrx_word' id='word_1_276' title='bbox 416 3778 537 3848; x_wconf 84' lang='lat' dir='ltr'><strong>legis</strong></span> <span class='ocrx_word' id='word_1_277' title='bbox 570 3778 703 3847; x_wconf 87' lang='lat' dir='ltr'><strong>justi</strong></span> <span class='ocrx_word' id='word_1_278' title='bbox 735 3787 854 3830; x_wconf 84' lang='lat' dir='ltr'><strong>sunt</strong></span> <span class='ocrx_word' id='word_1_279' title='bbox 890 3774 1030 3846; x_wconf 84' lang='lat' dir='ltr'><strong>apud</strong></span> <span class='ocrx_word' id='word_1_280' title='bbox 1057 3774 1252 3841; x_wconf 90' lang='lat' dir='ltr'><strong>Deum,</strong></span> <span class='ocrx_word' id='word_1_281' title='bbox 1287 3773 1376 3827; x_wconf 89' lang='lat' dir='ltr'><strong>sed</strong></span> <span class='ocrx_word' id='word_1_282' title='bbox 1414 3776 1631 3844; x_wconf 88' lang='lat' dir='ltr'><strong>factores</strong></span> <span class='ocrx_word' id='word_1_283' title='bbox 1661 3774 1785 3844; x_wconf 85' lang='lat' dir='ltr'><strong>legis</strong></span> 
     </span>
    </p>
   </div>
   <div class='ocr_carea' id='block_1_38' title="bbox 183 3863 1785 3942">
    <p class='ocr_par' dir='ltr' id='par_1_38' title="bbox 183 3863 1785 3942">
     <span class='ocr_line' id='line_1_38' title="bbox 183 3863 1785 3942; baseline -0.004 -17"><span class='ocrx_word' id='word_1_284' title='bbox 183 3870 600 3942; x_wconf 72' lang='lat' dir='ltr'><strong>iustificabuntur</strong></span> <span class='ocrx_word' id='word_1_285' title='bbox 636 3888 655 3920; x_wconf 77' lang='grc' dir='ltr'><strong><em>ι</em></strong></span> <span class='ocrx_word' id='word_1_286' title='bbox 692 3867 800 3939; x_wconf 88' lang='lat' dir='ltr'><strong>(Id.</strong></span> <span class='ocrx_word' id='word_1_287' title='bbox 833 3884 891 3935; x_wconf 81' lang='grc' dir='ltr'><strong>ιι,</strong></span> <span class='ocrx_word' id='word_1_288' title='bbox 926 3866 1039 3935; x_wconf 79' lang='grc'><strong>1⁵5).</strong></span> <span class='ocrx_word' id='word_1_289' title='bbox 1074 3864 1215 3918; x_wconf 86' lang='lat' dir='ltr'><strong>Nam</strong></span> <span class='ocrx_word' id='word_1_290' title='bbox 1252 3864 1373 3916; x_wconf 87' lang='lat' dir='ltr'><strong>audi</strong></span> <span class='ocrx_word' id='word_1_291' title='bbox 1418 3873 1465 3917; x_wconf 88' lang='lat' dir='ltr'><strong>ct</strong></span> <span class='ocrx_word' id='word_1_292' title='bbox 1506 3863 1785 3918; x_wconf 90' lang='lat' dir='ltr'><strong>Dominum</strong></span> 
     </span>
    </p>
   </div>
   <div class='ocr_carea' id='block_1_39' title="bbox 182 3955 1783 4027">
    <p class='ocr_par' dir='ltr' id='par_1_39' title="bbox 182 3955 1783 4027">
     <span class='ocr_line' id='line_1_39' title="bbox 182 3955 1783 4027; baseline -0.005 -10"><span class='ocrx_word' id='word_1_293' title='bbox 182 3963 459 4026; x_wconf 89' lang='lat' dir='ltr'><strong>dicentem,</strong></span> <span class='ocrx_word' id='word_1_294' title='bbox 493 3980 511 4013; x_wconf 86' lang='grc'><strong>‹</strong></span> <span class='ocrx_word' id='word_1_295' title='bbox 553 3960 687 4026; x_wconf 85' lang='lat' dir='ltr'><strong>Quia</strong></span> <span class='ocrx_word' id='word_1_296' title='bbox 718 3962 877 4013; x_wconf 89' lang='lat' dir='ltr'><strong>bonus</strong></span> <span class='ocrx_word' id='word_1_297' title='bbox 901 3966 1072 4027; x_wconf 86' lang='lat' dir='ltr'><strong>pastor</strong></span> <span class='ocrx_word' id='word_1_298' title='bbox 1100 3956 1325 4009; x_wconf 89' lang='lat' dir='ltr'><strong>animam</strong></span> <span class='ocrx_word' id='word_1_299' title='bbox 1349 3972 1497 4009; x_wconf 88' lang='lat' dir='ltr'><strong>suam</strong></span> <span class='ocrx_word' id='word_1_300' title='bbox 1525 3955 1664 4026; x_wconf 82' lang='lat' dir='ltr'><strong>ponit</strong></span> <span class='ocrx_word' id='word_1_301' title='bbox 1686 3971 1783 4024; x_wconf 89' lang='lat' dir='ltr'><strong>pro</strong></span> 
     </span>
    </p>
   </div>
   <div class='ocr_carea' id='block_1_40' title="bbox 181 4049 1784 4118">
    <p class='ocr_par' dir='ltr' id='par_1_40' title="bbox 181 4049 1784 4118">
     <span class='ocr_line' id='line_1_40' title="bbox 181 4049 1784 4118; baseline -0.006 -7"><span class='ocrx_word' id='word_1_302' title='bbox 181 4057 364 4112; x_wconf 85' lang='lat' dir='ltr'><strong>ovibus</strong></span> <span class='ocrx_word' id='word_1_303' title='bbox 392 4056 498 4109; x_wconf 86' lang='lat' dir='ltr'><strong>suis</strong></span> <span class='ocrx_word' id='word_1_304' title='bbox 530 4070 549 4108; x_wconf 90' lang='lat'><strong><em>:</em></strong></span> <span class='ocrx_word' id='word_1_305' title='bbox 574 4052 911 4108; x_wconf 82' lang='lat' dir='ltr'><strong>mercenarius</strong></span> <span class='ocrx_word' id='word_1_306' title='bbox 954 4058 1157 4116; x_wconf 88' lang='lat' dir='ltr'><strong>autem,</strong></span> <span class='ocrx_word' id='word_1_307' title='bbox 1202 4049 1353 4118; x_wconf 88' lang='lat' dir='ltr'><strong>cujus</strong></span> <span class='ocrx_word' id='word_1_308' title='bbox 1392 4065 1495 4102; x_wconf 89' lang='lat' dir='ltr'><strong>non</strong></span> <span class='ocrx_word' id='word_1_309' title='bbox 1510 4056 1641 4102; x_wconf 63' lang='lat' dir='ltr'><strong>sunt</strong></span> <span class='ocrx_word' id='word_1_310' title='bbox 1670 4064 1784 4102; x_wconf 86' lang='lat' dir='ltr'><strong>oves</strong></span> 
     </span>
    </p>
   </div>
   <div class='ocr_carea' id='block_1_41' title="bbox 181 4139 1785 4222">
    <p class='ocr_par' dir='ltr' id='par_1_41' title="bbox 181 4139 1785 4222">
     <span class='ocr_line' id='line_1_41' title="bbox 181 4139 1785 4222; baseline -0.007 -18"><span class='ocrx_word' id='word_1_311' title='bbox 181 4150 433 4222; x_wconf 71' lang='lat' dir='ltr'><strong>prapriaz,</strong></span> <span class='ocrx_word' id='word_1_312' title='bbox 464 4146 595 4201; x_wconf 84' lang='lat' dir='ltr'><strong>videt</strong></span> <span class='ocrx_word' id='word_1_313' title='bbox 626 4146 803 4215; x_wconf 87' lang='lat' dir='ltr'><strong>lupum</strong></span> <span class='ocrx_word' id='word_1_314' title='bbox 829 4144 1124 4207; x_wconf 83' lang='lat' dir='ltr'><strong>venientem,</strong></span> <span class='ocrx_word' id='word_1_315' title='bbox 1144 4149 1191 4193; x_wconf 88' lang='lat' dir='ltr'><strong>et</strong></span> <span class='ocrx_word' id='word_1_316' title='bbox 1208 4141 1373 4211; x_wconf 88' lang='lat' dir='ltr'><strong>fugit;</strong></span> <span class='ocrx_word' id='word_1_317' title='bbox 1404 4150 1449 4194; x_wconf 89' lang='lat' dir='ltr'><strong>et</strong></span> <span class='ocrx_word' id='word_1_318' title='bbox 1471 4141 1621 4210; x_wconf 87' lang='lat' dir='ltr'><strong>lupus</strong></span> <span class='ocrx_word' id='word_1_319' title='bbox 1646 4139 1785 4210; x_wconf 81' lang='lat' dir='ltr'><strong>rapit</strong></span> 
     </span>
    </p>
   </div>
   <div class='ocr_carea' id='block_1_42' title="bbox 178 4230 1782 4309">
    <p class='ocr_par' dir='ltr' id='par_1_42' title="bbox 178 4230 1782 4309">
     <span class='ocr_line' id='line_1_42' title="bbox 178 4230 1782 4309; baseline -0.009 -11"><span class='ocrx_word' id='word_1_320' title='bbox 178 4258 273 4297; x_wconf 88' lang='lat' dir='ltr'><strong>eas</strong></span> <span class='ocrx_word' id='word_1_321' title='bbox 299 4252 346 4296; x_wconf 90' lang='lat' dir='ltr'><strong>et</strong></span> <span class='ocrx_word' id='word_1_322' title='bbox 377 4239 621 4309; x_wconf 83' lang='lat' dir='ltr'><strong>dispergit</strong></span> <span class='ocrx_word' id='word_1_323' title='bbox 659 4255 676 4287; x_wconf 75' lang='grc' dir='ltr'>ι</span> <span class='ocrx_word' id='word_1_324' title='bbox 705 4234 885 4307; x_wconf 88' lang='lat' dir='ltr'><strong>(Joan.</strong></span> <span class='ocrx_word' id='word_1_325' title='bbox 910 4250 968 4300; x_wconf 74' lang='grc' dir='ltr'><strong>χ,</strong></span> <span class='ocrx_word' id='word_1_326' title='bbox 998 4234 1086 4299; x_wconf 81' lang='lat' dir='ltr'><strong>II,</strong></span> <span class='ocrx_word' id='word_1_327' title='bbox 1118 4230 1230 4303; x_wconf 73' lang='lat'><strong>12).</strong></span> <span class='ocrx_word' id='word_1_328' title='bbox 1272 4231 1351 4285; x_wconf 86' lang='lat' dir='ltr'><strong>Ad</strong></span> <span class='ocrx_word' id='word_1_329' title='bbox 1397 4231 1513 4285; x_wconf 82' lang='lat' dir='ltr'><strong>haec</strong></span> <span class='ocrx_word' id='word_1_330' title='bbox 1555 4246 1782 4300; x_wconf 88' lang='lat' dir='ltr'><strong>respon-</strong></span> 
     </span>
    </p>
   </div>
   <div class='ocr_carea' id='block_1_43' title="bbox 176 4322 1784 4399">
    <p class='ocr_par' dir='ltr' id='par_1_43' title="bbox 176 4322 1784 4399">
     <span class='ocr_line' id='line_1_43' title="bbox 176 4322 1784 4399; baseline -0.007 -10"><span class='ocrx_word' id='word_1_331' title='bbox 176 4336 267 4389; x_wconf 90' lang='lat' dir='ltr'><strong>sio</strong></span> <span class='ocrx_word' id='word_1_332' title='bbox 312 4352 326 4387; x_wconf 90' lang='lat'><strong>:</strong></span> <span class='ocrx_word' id='word_1_333' title='bbox 365 4331 507 4384; x_wconf 89' lang='lat' dir='ltr'><strong>Ecce</strong></span> <span class='ocrx_word' id='word_1_334' title='bbox 544 4326 813 4399; x_wconf 91' lang='lat' dir='ltr'><strong>quomodo</strong></span> <span class='ocrx_word' id='word_1_335' title='bbox 856 4324 1102 4394; x_wconf 79' lang='lat' dir='ltr'><strong>intelligit</strong></span> <span class='ocrx_word' id='word_1_336' title='bbox 1146 4322 1490 4393; x_wconf 87' lang='lat' dir='ltr'><strong>Evangelium</strong></span> <span class='ocrx_word' id='word_1_337' title='bbox 1526 4337 1647 4391; x_wconf 85' lang='lat' dir='ltr'><strong>pars</strong></span> <span class='ocrx_word' id='word_1_338' title='bbox 1678 4323 1784 4377; x_wconf 94' lang='lat' dir='ltr'><strong>Do-</strong></span> 
     </span>
    </p>
   </div>
   <div class='ocr_carea' id='block_1_44' title="bbox 178 4413 1781 4489">
    <p class='ocr_par' dir='ltr' id='par_1_44' title="bbox 178 4413 1781 4489">
     <span class='ocr_line' id='line_1_44' title="bbox 178 4413 1781 4489; baseline -0.007 -8"><span class='ocrx_word' id='word_1_339' title='bbox 178 4425 320 4482; x_wconf 86' lang='lat' dir='ltr'><strong>nati.</strong></span> <span class='ocrx_word' id='word_1_340' title='bbox 369 4421 516 4477; x_wconf 87' lang='lat' dir='ltr'><strong>Itane</strong></span> <span class='ocrx_word' id='word_1_341' title='bbox 562 4418 849 4489; x_wconf 86' lang='lat' dir='ltr'><strong>Apostolus</strong></span> <span class='ocrx_word' id='word_1_342' title='bbox 870 4461 886 4485; x_wconf 93' lang='lat'><strong>,</strong></span> <span class='ocrx_word' id='word_1_343' title='bbox 920 4432 1027 4473; x_wconf 90' lang='lat' dir='ltr'><strong>non</strong></span> <span class='ocrx_word' id='word_1_344' title='bbox 1059 4423 1261 4486; x_wconf 81' lang='lat' dir='ltr'><strong>pastor,</strong></span> <span class='ocrx_word' id='word_1_345' title='bbox 1299 4413 1393 4469; x_wconf 90' lang='lat' dir='ltr'><strong>sed</strong></span> <span class='ocrx_word' id='word_1_346' title='bbox 1421 4415 1781 4469; x_wconf 87' lang='lat' dir='ltr'><strong>mercenarius</strong></span> 
     </span>
    </p>
   </div>
   <div class='ocr_carea' id='block_1_45' title="bbox 177 4505 1783 4584">
    <p class='ocr_par' dir='ltr' id='par_1_45' title="bbox 177 4505 1783 4584">
     <span class='ocr_line' id='line_1_45' title="bbox 177 4505 1783 4584; baseline -0.009 -10"><span class='ocrx_word' id='word_1_347' title='bbox 177 4526 323 4581; x_wconf 83' lang='lat' dir='ltr'><strong>erat,</strong></span> <span class='ocrx_word' id='word_1_348' title='bbox 357 4510 570 4584; x_wconf 88' lang='lat' dir='ltr'><strong>quando</strong></span> <span class='ocrx_word' id='word_1_349' title='bbox 601 4526 695 4581; x_wconf 88' lang='lat' dir='ltr'><strong>per</strong></span> <span class='ocrx_word' id='word_1_350' title='bbox 719 4526 927 4565; x_wconf 90' lang='lat' dir='ltr'><strong>murum</strong></span> <span class='ocrx_word' id='word_1_351' title='bbox 960 4509 1015 4563; x_wconf 91' lang='lat' dir='ltr'><strong>in</strong></span> <span class='ocrx_word' id='word_1_352' title='bbox 1043 4515 1223 4578; x_wconf 85' lang='lat' dir='ltr'><strong>sporta</strong></span> <span class='ocrx_word' id='word_1_353' title='bbox 1266 4505 1598 4575; x_wconf 90' lang='lat' dir='ltr'><strong>submissus,</strong></span> <span class='ocrx_word' id='word_1_354' title='bbox 1650 4505 1783 4576; x_wconf 81' lang='lat' dir='ltr'><strong>fugit</strong></span> 
     </span>
    </p>
   </div>
   <div class='ocr_carea' id='block_1_46' title="bbox 179 4596 1778 4675">
    <p class='ocr_par' dir='ltr' id='par_1_46' title="bbox 179 4596 1778 4675">
     <span class='ocr_line' id='line_1_46' title="bbox 179 4596 1778 4675; baseline -0.009 -11"><span class='ocrx_word' id='word_1_355' title='bbox 179 4622 380 4665; x_wconf 90' lang='lat' dir='ltr'><strong>manus</strong></span> <span class='ocrx_word' id='word_1_356' title='bbox 406 4608 522 4675; x_wconf 85' lang='lat' dir='ltr'><strong>ejus</strong></span> <span class='ocrx_word' id='word_1_357' title='bbox 549 4605 638 4674; x_wconf 92' lang='lat' dir='ltr'><strong>qui</strong></span> <span class='ocrx_word' id='word_1_358' title='bbox 678 4618 797 4658; x_wconf 89' lang='lat' dir='ltr'><strong>eum</strong></span> <span class='ocrx_word' id='word_1_359' title='bbox 841 4598 1299 4671; x_wconf 83' lang='lat' dir='ltr'><strong>comprehendere</strong></span> <span class='ocrx_word' id='word_1_360' title='bbox 1342 4596 1591 4668; x_wconf 88' lang='lat' dir='ltr'><strong>cupiebat</strong></span> <span class='ocrx_word' id='word_1_361' title='bbox 1630 4597 1778 4669; x_wconf 86' lang='lat' dir='ltr'><strong>(Act.</strong></span> 
     </span>
    </p>
   </div>
   <div class='ocr_carea' id='block_1_47' title="bbox 190 4690 1782 4767">
    <p class='ocr_par' dir='ltr' id='par_1_47' title="bbox 190 4690 1782 4767">
     <span class='ocr_line' id='line_1_47' title="bbox 190 4690 1782 4767; baseline -0.007 -11"><span class='ocrx_word' id='word_1_362' title='bbox 190 4716 271 4765; x_wconf 70' lang='grc' dir='ltr'><strong>ιι,</strong></span> <span class='ocrx_word' id='word_1_363' title='bbox 305 4698 431 4767; x_wconf 74' lang='grc'><strong>25);</strong></span> <span class='ocrx_word' id='word_1_364' title='bbox 472 4706 528 4751; x_wconf 93' lang='lat' dir='ltr'><strong>et</strong></span> <span class='ocrx_word' id='word_1_365' title='bbox 578 4705 631 4749; x_wconf 91' lang='lat' dir='ltr'><strong>tu</strong></span> <span class='ocrx_word' id='word_1_366' title='bbox 681 4710 739 4750; x_wconf 89' lang='lat' dir='ltr'><strong>es</strong></span> <span class='ocrx_word' id='word_1_367' title='bbox 781 4703 998 4764; x_wconf 89' lang='lat' dir='ltr'><strong>pastor,</strong></span> <span class='ocrx_word' id='word_1_368' title='bbox 1051 4692 1141 4763; x_wconf 89' lang='lat' dir='ltr'><strong>qui</strong></span> <span class='ocrx_word' id='word_1_369' title='bbox 1182 4707 1272 4746; x_wconf 89' lang='lat' dir='ltr'><strong>eas</strong></span> <span class='ocrx_word' id='word_1_370' title='bbox 1315 4706 1447 4761; x_wconf 84' lang='lat' dir='ltr'><strong>quas</strong></span> <span class='ocrx_word' id='word_1_371' title='bbox 1486 4690 1782 4745; x_wconf 90' lang='lat' dir='ltr'><strong>dominicas</strong></span> 
     </span>
    </p>
   </div>
   <div class='ocr_carea' id='block_1_48' title="bbox 183 4782 1780 4855">
    <p class='ocr_par' dir='ltr' id='par_1_48' title="bbox 183 4782 1780 4855">
     <span class='ocr_line' id='line_1_48' title="bbox 183 4782 1780 4855; baseline -0.006 -8"><span class='ocrx_word' id='word_1_372' title='bbox 183 4806 317 4848; x_wconf 88' lang='lat' dir='ltr'><strong>oves</strong></span> <span class='ocrx_word' id='word_1_373' title='bbox 347 4791 386 4855; x_wconf 75' lang='lat'><strong>‘,</strong></span> <span class='ocrx_word' id='word_1_374' title='bbox 416 4798 473 4843; x_wconf 90' lang='lat' dir='ltr'><strong>ut</strong></span> <span class='ocrx_word' id='word_1_375' title='bbox 520 4802 702 4843; x_wconf 90' lang='lat' dir='ltr'><strong>errore</strong></span> <span class='ocrx_word' id='word_1_376' title='bbox 747 4788 800 4839; x_wconf 91' lang='lat' dir='ltr'><strong>in</strong></span> <span class='ocrx_word' id='word_1_377' title='bbox 845 4786 1024 4840; x_wconf 90' lang='lat' dir='ltr'><strong>animo</strong></span> <span class='ocrx_word' id='word_1_378' title='bbox 1065 4793 1304 4855; x_wconf 86' lang='lat' dir='ltr'><strong>pereant,</strong></span> <span class='ocrx_word' id='word_1_379' title='bbox 1358 4782 1541 4837; x_wconf 90' lang='lat' dir='ltr'><strong>furore</strong></span> <span class='ocrx_word' id='word_1_380' title='bbox 1585 4796 1780 4852; x_wconf 88' lang='lat' dir='ltr'><strong>corpus</strong></span> 
     </span>
    </p>
   </div>
   <div class='ocr_carea' id='block_1_49' title="bbox 184 4874 1781 4946">
    <p class='ocr_par' dir='ltr' id='par_1_49' title="bbox 184 4874 1781 4946">
     <span class='ocr_line' id='line_1_49' title="bbox 184 4874 1781 4946; baseline -0.007 -8"><span class='ocrx_word' id='word_1_381' title='bbox 184 4883 517 4946; x_wconf 87' lang='lat' dir='ltr'><strong>interimant,</strong></span> <span class='ocrx_word' id='word_1_382' title='bbox 561 4880 722 4935; x_wconf 88' lang='lat' dir='ltr'><strong>etiam</strong></span> <span class='ocrx_word' id='word_1_383' title='bbox 760 4886 933 4932; x_wconf 91' lang='lat' dir='ltr'><strong>tecum</strong></span> <span class='ocrx_word' id='word_1_384' title='bbox 979 4877 1057 4929; x_wconf 90' lang='lat' dir='ltr'><strong>vis</strong></span> <span class='ocrx_word' id='word_1_385' title='bbox 1097 4874 1354 4945; x_wconf 90' lang='lat' dir='ltr'><strong>perdere,</strong></span> <span class='ocrx_word' id='word_1_386' title='bbox 1388 4884 1560 4928; x_wconf 87' lang='lat' dir='ltr'><strong>tecum</strong></span> <span class='ocrx_word' id='word_1_387' title='bbox 1586 4875 1781 4944; x_wconf 65' lang='lat' dir='ltr'><strong>quaaris</strong></span> 
     </span>
    </p>
   </div>
   <div class='ocr_carea' id='block_1_50' title="bbox 184 4965 1778 5039">
    <p class='ocr_par' dir='ltr' id='par_1_50' title="bbox 184 4965 1778 5039">
     <span class='ocr_line' id='line_1_50' title="bbox 184 4965 1778 5039; baseline -0.007 -9"><span class='ocrx_word' id='word_1_388' title='bbox 184 4974 433 5030; x_wconf 90' lang='lat' dir='ltr'><strong>occidere</strong></span> <span class='ocrx_word' id='word_1_389' title='bbox 451 5014 466 5039; x_wconf 93' lang='lat'><strong>,</strong></span> <span class='ocrx_word' id='word_1_390' title='bbox 495 4985 594 5026; x_wconf 88' lang='lat' dir='ltr'><strong>nec</strong></span> <span class='ocrx_word' id='word_1_391' title='bbox 616 4968 767 5024; x_wconf 89' lang='lat' dir='ltr'><strong>audis</strong></span> <span class='ocrx_word' id='word_1_392' title='bbox 791 4977 1057 5039; x_wconf 89' lang='lat' dir='ltr'><strong>pastorem</strong></span> <span class='ocrx_word' id='word_1_393' title='bbox 1083 4976 1458 5036; x_wconf 88' lang='lat' dir='ltr'><strong>pastorumque</strong></span> <span class='ocrx_word' id='word_1_394' title='bbox 1484 4965 1778 5035; x_wconf 89' lang='lat' dir='ltr'><strong>principem</strong></span> 
     </span>
    </p>
   </div>
   <div class='ocr_carea' id='block_1_51' title="bbox 186 5054 1778 5131">
    <p class='ocr_par' dir='ltr' id='par_1_51' title="bbox 186 5054 1778 5131">
     <span class='ocr_line' id='line_1_51' title="bbox 186 5054 1778 5131; baseline -0.008 -9"><span class='ocrx_word' id='word_1_395' title='bbox 186 5067 476 5131; x_wconf 88' lang='lat' dir='ltr'><strong>dicentem,</strong></span> <span class='ocrx_word' id='word_1_396' title='bbox 511 5062 621 5116; x_wconf 81' lang='lat' dir='ltr'><strong>Fur</strong></span> <span class='ocrx_word' id='word_1_397' title='bbox 646 5078 747 5116; x_wconf 88' lang='lat' dir='ltr'><strong>non</strong></span> <span class='ocrx_word' id='word_1_398' title='bbox 773 5061 905 5114; x_wconf 87' lang='lat' dir='ltr'><strong>venit</strong></span> <span class='ocrx_word' id='word_1_399' title='bbox 933 5058 1032 5112; x_wconf 85' lang='lat' dir='ltr'><strong>nisi</strong></span> <span class='ocrx_word' id='word_1_400' title='bbox 1050 5066 1102 5112; x_wconf 88' lang='lat' dir='ltr'><strong>ut</strong></span> <span class='ocrx_word' id='word_1_401' title='bbox 1127 5057 1320 5111; x_wconf 85' lang='lat' dir='ltr'><strong>occidat</strong></span> <span class='ocrx_word' id='word_1_402' title='bbox 1336 5064 1383 5109; x_wconf 89' lang='lat' dir='ltr'><strong>et</strong></span> <span class='ocrx_word' id='word_1_403' title='bbox 1407 5056 1583 5126; x_wconf 87' lang='lat' dir='ltr'><strong>perdat</strong></span> <span class='ocrx_word' id='word_1_404' title='bbox 1601 5054 1778 5125; x_wconf 83' lang='lat' dir='ltr'><strong>(Joan.</strong></span> 
     </span>
    </p>
   </div>
   <div class='ocr_carea' id='block_1_52' title="bbox 186 5146 1781 5229">
    <p class='ocr_par' dir='ltr' id='par_1_52' title="bbox 186 5146 1781 5229">
     <span class='ocr_line' id='line_1_52' title="bbox 186 5146 1781 5229; baseline -0.009 -14"><span class='ocrx_word' id='word_1_405' title='bbox 186 5174 241 5224; x_wconf 84' lang='lat' dir='ltr'><strong>x,</strong></span> <span class='ocrx_word' id='word_1_406' title='bbox 265 5159 397 5229; x_wconf 70' lang='lat'><strong>10)?</strong></span> <span class='ocrx_word' id='word_1_407' title='bbox 429 5156 509 5211; x_wconf 91' lang='lat' dir='ltr'><strong>Ad</strong></span> <span class='ocrx_word' id='word_1_408' title='bbox 542 5155 643 5210; x_wconf 93' lang='lat' dir='ltr'><strong>hoc</strong></span> <span class='ocrx_word' id='word_1_409' title='bbox 671 5152 887 5219; x_wconf 90' lang='lat' dir='ltr'><strong>venisti,</strong></span> <span class='ocrx_word' id='word_1_410' title='bbox 918 5152 1008 5221; x_wconf 90' lang='lat' dir='ltr'><strong>qui</strong></span> <span class='ocrx_word' id='word_1_411' title='bbox 1030 5148 1408 5205; x_wconf 84' lang='lat' dir='ltr'><strong>abscesseras?</strong></span> <span class='ocrx_word' id='word_1_412' title='bbox 1433 5146 1498 5201; x_wconf 88' lang='lat' dir='ltr'><strong>ad</strong></span> <span class='ocrx_word' id='word_1_413' title='bbox 1531 5148 1629 5202; x_wconf 90' lang='lat' dir='ltr'><strong>hoc</strong></span> <span class='ocrx_word' id='word_1_414' title='bbox 1656 5147 1781 5202; x_wconf 87' lang='lat' dir='ltr'><strong>red-</strong></span> 
     </span>
    </p>
   </div>
   <div class='ocr_carea' id='block_1_53' title="bbox 186 5238 1779 5319">
    <p class='ocr_par' dir='ltr' id='par_1_53' title="bbox 186 5238 1779 5319">
     <span class='ocr_line' id='line_1_53' title="bbox 186 5238 1779 5319; baseline -0.007 -14"><span class='ocrx_word' id='word_1_415' title='bbox 186 5250 305 5316; x_wconf 89' lang='lat' dir='ltr'><strong>isti,</strong></span> <span class='ocrx_word' id='word_1_416' title='bbox 340 5248 431 5319; x_wconf 93' lang='lat' dir='ltr'><strong>qui</strong></span> <span class='ocrx_word' id='word_1_417' title='bbox 476 5245 724 5316; x_wconf 85' lang='lat' dir='ltr'><strong>fugeras?</strong></span> <span class='ocrx_word' id='word_1_418' title='bbox 755 5244 868 5299; x_wconf 87' lang='lat' dir='ltr'><strong>Hoc</strong></span> <span class='ocrx_word' id='word_1_419' title='bbox 891 5257 1025 5313; x_wconf 92' lang='lat' dir='ltr'><strong>opus</strong></span> <span class='ocrx_word' id='word_1_420' title='bbox 1069 5239 1201 5295; x_wconf 84' lang='lat' dir='ltr'><strong>furis</strong></span> <span class='ocrx_word' id='word_1_421' title='bbox 1221 5247 1302 5294; x_wconf 88' lang='lat' dir='ltr'><strong>est</strong></span> <span class='ocrx_word' id='word_1_422' title='bbox 1321 5247 1376 5293; x_wconf 92' lang='lat' dir='ltr'><strong>et</strong></span> <span class='ocrx_word' id='word_1_423' title='bbox 1400 5238 1640 5304; x_wconf 88' lang='lat' dir='ltr'><strong>latronis,</strong></span> <span class='ocrx_word' id='word_1_424' title='bbox 1671 5254 1779 5294; x_wconf 89' lang='lat' dir='ltr'><strong>non</strong></span> 
     </span>
    </p>
   </div>
   <div class='ocr_carea' id='block_1_54' title="bbox 187 5330 1778 5413">
    <p class='ocr_par' dir='ltr' id='par_1_54' title="bbox 187 5330 1778 5413">
     <span class='ocr_line' id='line_1_54' title="bbox 187 5330 1778 5413; baseline -0.007 -16"><span class='ocrx_word' id='word_1_425' title='bbox 187 5342 419 5413; x_wconf 87' lang='lat' dir='ltr'><strong>pastoris</strong></span> <span class='ocrx_word' id='word_1_426' title='bbox 444 5348 603 5410; x_wconf 88' lang='lat' dir='ltr'><strong>atque</strong></span> <span class='ocrx_word' id='word_1_427' title='bbox 623 5336 879 5393; x_wconf 86' lang='lat' dir='ltr'><strong>custodis.</strong></span> <span class='ocrx_word' id='word_1_428' title='bbox 900 5333 1278 5389; x_wconf 81' lang='lat' dir='ltr'><strong>Verumtamen</strong></span> <span class='ocrx_word' id='word_1_429' title='bbox 1306 5330 1467 5386; x_wconf 89' lang='lat' dir='ltr'><strong>etiam</strong></span> <span class='ocrx_word' id='word_1_430' title='bbox 1496 5330 1649 5385; x_wconf 88' lang='lat' dir='ltr'><strong>nobis</strong></span> <span class='ocrx_word' id='word_1_431' title='bbox 1670 5346 1778 5386; x_wconf 92' lang='lat' dir='ltr'><strong>non</strong></span> 
     </span>
    </p>
   </div>
   <div class='ocr_carea' id='block_1_55' title="bbox 186 5422 1780 5507">
    <p class='ocr_par' dir='ltr' id='par_1_55' title="bbox 186 5422 1780 5507">
     <span class='ocr_line' id='line_1_55' title="bbox 186 5422 1780 5507; baseline -0.009 -15"><span class='ocrx_word' id='word_1_432' title='bbox 186 5444 238 5491; x_wconf 86' lang='lat' dir='ltr'><strong>te</strong></span> <span class='ocrx_word' id='word_1_433' title='bbox 262 5434 601 5507; x_wconf 84' lang='lat' dir='ltr'><strong>cogentibus,</strong></span> <span class='ocrx_word' id='word_1_434' title='bbox 633 5431 753 5487; x_wconf 88' lang='lat' dir='ltr'><strong>vide</strong></span> <span class='ocrx_word' id='word_1_435' title='bbox 782 5429 905 5500; x_wconf 89' lang='lat' dir='ltr'><strong>quia</strong></span> <span class='ocrx_word' id='word_1_436' title='bbox 934 5441 1123 5482; x_wconf 92' lang='lat' dir='ltr'><strong>omnes</strong></span> <span class='ocrx_word' id='word_1_437' title='bbox 1160 5425 1391 5495; x_wconf 87' lang='lat' dir='ltr'><strong>collegas</strong></span> <span class='ocrx_word' id='word_1_438' title='bbox 1421 5432 1541 5478; x_wconf 91' lang='lat' dir='ltr'><strong>tuos</strong></span> <span class='ocrx_word' id='word_1_439' title='bbox 1570 5424 1657 5494; x_wconf 85' lang='lat' dir='ltr'><strong>qui</strong></span> <span class='ocrx_word' id='word_1_440' title='bbox 1695 5422 1780 5478; x_wconf 88' lang='lat' dir='ltr'><strong>fu-</strong></span> 
     </span>
    </p>
   </div>
   <div class='ocr_carea' id='block_1_56' title="bbox 184 5514 1780 5596">
    <p class='ocr_par' dir='ltr' id='par_1_56' title="bbox 184 5514 1780 5596">
     <span class='ocr_line' id='line_1_56' title="bbox 184 5514 1780 5596; baseline -0.008 -13"><span class='ocrx_word' id='word_1_441' title='bbox 184 5535 415 5596; x_wconf 78' lang='lat' dir='ltr'><strong>gerunt,</strong></span> <span class='ocrx_word' id='word_1_442' title='bbox 467 5541 571 5580; x_wconf 91' lang='lat' dir='ltr'><strong>non</strong></span> <span class='ocrx_word' id='word_1_443' title='bbox 608 5532 873 5595; x_wconf 87' lang='lat' dir='ltr'><strong>pastores,</strong></span> <span class='ocrx_word' id='word_1_444' title='bbox 902 5519 998 5574; x_wconf 91' lang='lat' dir='ltr'><strong>scd</strong></span> <span class='ocrx_word' id='word_1_445' title='bbox 1039 5516 1399 5572; x_wconf 86' lang='lat' dir='ltr'><strong>mercenarios</strong></span> <span class='ocrx_word' id='word_1_446' title='bbox 1439 5514 1659 5586; x_wconf 84' lang='lat' dir='ltr'><strong>intelligi</strong></span> <span class='ocrx_word' id='word_1_447' title='bbox 1688 5529 1780 5571; x_wconf 92' lang='lat' dir='ltr'><strong>vo-</strong></span> 
     </span>
    </p>
   </div>
   <div class='ocr_carea' id='block_1_57' title="bbox 183 5606 1781 5681">
    <p class='ocr_par' dir='ltr' id='par_1_57' title="bbox 183 5606 1781 5681">
     <span class='ocr_line' id='line_1_57' title="bbox 183 5606 1781 5681; baseline -0.006 -10"><span class='ocrx_word' id='word_1_448' title='bbox 183 5614 354 5674; x_wconf 87' lang='lat' dir='ltr'><strong>luisti.</strong></span> <span class='ocrx_word' id='word_1_449' title='bbox 404 5616 512 5671; x_wconf 89' lang='lat' dir='ltr'><strong>Sed</strong></span> <span class='ocrx_word' id='word_1_450' title='bbox 556 5614 602 5669; x_wconf 90' lang='lat' dir='ltr'><strong>si</strong></span> <span class='ocrx_word' id='word_1_451' title='bbox 655 5621 837 5669; x_wconf 89' lang='lat' dir='ltr'><strong>essent</strong></span> <span class='ocrx_word' id='word_1_452' title='bbox 879 5608 1019 5681; x_wconf 92' lang='lat' dir='ltr'><strong>apud</strong></span> <span class='ocrx_word' id='word_1_453' title='bbox 1071 5617 1121 5663; x_wconf 92' lang='lat' dir='ltr'><strong>te</strong></span> <span class='ocrx_word' id='word_1_454' title='bbox 1171 5606 1453 5661; x_wconf 84' lang='lat' dir='ltr'><strong>dominicae</strong></span> <span class='ocrx_word' id='word_1_455' title='bbox 1493 5620 1642 5671; x_wconf 81' lang='lat' dir='ltr'><strong>oves,</strong></span> <span class='ocrx_word' id='word_1_456' title='bbox 1688 5616 1781 5661; x_wconf 89' lang='lat' dir='ltr'><strong>aut</strong></span> 
     </span>
    </p>
   </div>
   <div class='ocr_carea' id='block_1_58' title="bbox 184 5699 1778 5775">
    <p class='ocr_par' dir='ltr' id='par_1_58' title="bbox 184 5699 1778 5775">
     <span class='ocr_line' id='line_1_58' title="bbox 184 5699 1778 5775; baseline -0.008 -7"><span class='ocrx_word' id='word_1_457' title='bbox 184 5717 366 5768; x_wconf 73' lang='lat' dir='ltr'><strong>tecum</strong></span> <span class='ocrx_word' id='word_1_458' title='bbox 404 5708 691 5775; x_wconf 84' lang='lat' dir='ltr'><strong>venirent,</strong></span> <span class='ocrx_word' id='word_1_459' title='bbox 732 5714 791 5761; x_wconf 92' lang='lat' dir='ltr'><strong>ut</strong></span> <span class='ocrx_word' id='word_1_460' title='bbox 827 5705 988 5763; x_wconf 90' lang='lat' dir='ltr'><strong>etiam</strong></span> <span class='ocrx_word' id='word_1_461' title='bbox 1019 5710 1072 5757; x_wconf 93' lang='lat' dir='ltr'><strong>te</strong></span> <span class='ocrx_word' id='word_1_462' title='bbox 1099 5708 1399 5757; x_wconf 88' lang='lat' dir='ltr'><strong>correctum</strong></span> <span class='ocrx_word' id='word_1_463' title='bbox 1432 5709 1649 5771; x_wconf 90' lang='lat' dir='ltr'><strong>possent</strong></span> <span class='ocrx_word' id='word_1_464' title='bbox 1677 5699 1778 5755; x_wconf 89' lang='lat' dir='ltr'><strong>ha-</strong></span> 
     </span>
    </p>
   </div>
   <div class='ocr_carea' id='block_1_59' title="bbox 253 5898 1775 5971">
    <p class='ocr_par' dir='ltr' id='par_1_59' title="bbox 253 5898 1775 5971">
     <span class='ocr_line' id='line_1_59' title="bbox 253 5898 1775 5971; baseline -0.003 -13"><span class='ocrx_word' id='word_1_465' title='bbox 253 5909 274 5943; x_wconf 74' lang='grc' dir='ltr'>ι</span> <span class='ocrx_word' id='word_1_466' title='bbox 303 5915 464 5971; x_wconf 82' lang='lat' dir='ltr'><strong>Forte,</strong></span> <span class='ocrx_word' id='word_1_467' title='bbox 488 5906 571 5971; x_wconf 77' lang='lat' dir='ltr'><strong>qui</strong></span> <span class='ocrx_word' id='word_1_468' title='bbox 591 5917 672 5956; x_wconf 84' lang='lat' dir='ltr'><strong>eas</strong></span> <span class='ocrx_word' id='word_1_469' title='bbox 693 5917 810 5968; x_wconf 85' lang='lat' dir='ltr'><strong>quas</strong></span> <span class='ocrx_word' id='word_1_470' title='bbox 831 5902 965 5966; x_wconf 87' lang='lat' dir='ltr'><strong>apud</strong></span> <span class='ocrx_word' id='word_1_471' title='bbox 988 5907 1034 5954; x_wconf 87' lang='lat' dir='ltr'><strong>te</strong></span> <span class='ocrx_word' id='word_1_472' title='bbox 1073 5914 1172 5953; x_wconf 86' lang='lat' dir='ltr'><strong>esse</strong></span> <span class='ocrx_word' id='word_1_473' title='bbox 1197 5900 1320 5954; x_wconf 86' lang='lat' dir='ltr'><strong>dicis</strong></span> <span class='ocrx_word' id='word_1_474' title='bbox 1366 5898 1628 5953; x_wconf 80' lang='lat' dir='ltr'><strong>dominicas</strong></span> <span class='ocrx_word' id='word_1_475' title='bbox 1651 5912 1775 5953; x_wconf 79' lang='lat' dir='ltr'><strong>oves.</strong></span> 
     </span>
    </p>
   </div>
   <div class='ocr_carea' id='block_1_60' title="bbox 508 5987 1198 6055">
    <p class='ocr_par' dir='ltr' id='par_1_60' title="bbox 508 5987 1198 6055">
     <span class='ocr_line' id='line_1_60' title="bbox 508 5987 1198 6055; baseline -0.01 0"><span class='ocrx_word' id='word_1_476' title='bbox 508 5991 735 6055; x_wconf 74' lang='lat' dir='ltr'><strong>SANCT.</strong></span> <span class='ocrx_word' id='word_1_477' title='bbox 765 5992 1046 6053; x_wconf 72' lang='lat' dir='ltr'><strong>Aueusr.</strong></span> <span class='ocrx_word' id='word_1_478' title='bbox 1082 5987 1198 6050; x_wconf 82' lang='lat' dir='ltr'><strong>1X.</strong></span> 
     </span>
    </p>
   </div>
   <div class='ocr_carea' id='block_1_61' title="bbox 1603 413 2120 479">
    <p class='ocr_par' dir='ltr' id='par_1_61' title="bbox 1603 413 2120 479">
     <span class='ocr_line' id='line_1_61' title="bbox 1603 413 2120 479; baseline 0.012 -10"><span class='ocrx_word' id='word_1_479' title='bbox 1603 413 1806 471; x_wconf 76' lang='lat' dir='ltr'><strong>LIBER</strong></span> <span class='ocrx_word' id='word_1_480' title='bbox 1846 413 2120 479; x_wconf 79' lang='lat' dir='ltr'><strong>PRIMUS.</strong></span> 
     </span>
    </p>
   </div>
   <div class='ocr_carea' id='block_1_62' title="bbox 3400 442 3506 500">
    <p class='ocr_par' dir='ltr' id='par_1_62' title="bbox 3400 442 3506 500">
     <span class='ocr_line' id='line_1_62' title="bbox 3400 442 3506 500; baseline 0.019 -2"><span class='ocrx_word' id='word_1_481' title='bbox 3400 442 3506 500; x_wconf 76' lang='lat' dir='ltr'><strong>7M</strong></span> 
     </span>
    </p>
   </div>
   <div class='ocr_carea' id='block_1_63' title="bbox 1918 534 3501 625">
    <p class='ocr_par' dir='ltr' id='par_1_63' title="bbox 1918 534 3501 625">
     <span class='ocr_line' id='line_1_63' title="bbox 1918 534 3501 625; baseline 0.015 -35"><span class='ocrx_word' id='word_1_482' title='bbox 1918 534 2049 592; x_wconf 91' lang='lat' dir='ltr'><strong>bere</strong></span> <span class='ocrx_word' id='word_1_483' title='bbox 2079 546 2343 608; x_wconf 86' lang='lat' dir='ltr'><strong>pastorem</strong></span> <span class='ocrx_word' id='word_1_484' title='bbox 2364 584 2379 612; x_wconf 95' lang='lat'><strong>,</strong></span> <span class='ocrx_word' id='word_1_485' title='bbox 2408 552 2498 602; x_wconf 90' lang='lat' dir='ltr'><strong>aut</strong></span> <span class='ocrx_word' id='word_1_486' title='bbox 2523 551 2576 604; x_wconf 85' lang='lat' dir='ltr'><strong>te</strong></span> <span class='ocrx_word' id='word_1_487' title='bbox 2602 545 2823 605; x_wconf 89' lang='lat' dir='ltr'><strong>dimisso</strong></span> <span class='ocrx_word' id='word_1_488' title='bbox 2848 549 3093 622; x_wconf 80' lang='lat' dir='ltr'><strong>fugerent</strong></span> <span class='ocrx_word' id='word_1_489' title='bbox 3116 552 3183 609; x_wconf 90' lang='lat' dir='ltr'><strong>ad</strong></span> <span class='ocrx_word' id='word_1_490' title='bbox 3211 562 3501 625; x_wconf 89' lang='lat' dir='ltr'><strong>pastorem.</strong></span> 
     </span>
    </p>
   </div>
   <div class='ocr_carea' id='block_1_64' title="bbox 1915 626 3503 716">
    <p class='ocr_par' dir='ltr' id='par_1_64' title="bbox 1915 626 3503 716">
     <span class='ocr_line' id='line_1_64' title="bbox 1915 626 3503 716; baseline 0.014 -34"><span class='ocrx_word' id='word_1_491' title='bbox 1915 626 2276 690; x_wconf 87' lang='lat' dir='ltr'><strong>Mercenarius</strong></span> <span class='ocrx_word' id='word_1_492' title='bbox 2321 646 2498 693; x_wconf 91' lang='lat' dir='ltr'><strong>autem</strong></span> <span class='ocrx_word' id='word_1_493' title='bbox 2547 655 2706 710; x_wconf 91' lang='lat' dir='ltr'><strong>quem</strong></span> <span class='ocrx_word' id='word_1_494' title='bbox 2754 643 3017 713; x_wconf 88' lang='lat' dir='ltr'><strong>signiﬁcat</strong></span> <span class='ocrx_word' id='word_1_495' title='bbox 3056 645 3337 716; x_wconf 81' lang='lat' dir='ltr'><strong>Dominus,</strong></span> <span class='ocrx_word' id='word_1_496' title='bbox 3387 650 3503 705; x_wconf 91' lang='lat' dir='ltr'><strong>viso</strong></span> 
     </span>
    </p>
   </div>
   <div class='ocr_carea' id='block_1_65' title="bbox 1915 720 3503 809">
    <p class='ocr_par' dir='ltr' id='par_1_65' title="bbox 1915 720 3503 809">
     <span class='ocr_line' id='line_1_65' title="bbox 1915 720 3503 809; baseline 0.014 -34"><span class='ocrx_word' id='word_1_497' title='bbox 1915 720 2061 792; x_wconf 90' lang='lat' dir='ltr'><strong>lupo,</strong></span> <span class='ocrx_word' id='word_1_498' title='bbox 2095 741 2202 780; x_wconf 90' lang='lat' dir='ltr'><strong>non</strong></span> <span class='ocrx_word' id='word_1_499' title='bbox 2232 741 2478 799; x_wconf 87' lang='lat' dir='ltr'><strong>corpore,</strong></span> <span class='ocrx_word' id='word_1_500' title='bbox 2530 732 2626 789; x_wconf 91' lang='lat' dir='ltr'><strong>sed</strong></span> <span class='ocrx_word' id='word_1_501' title='bbox 2671 734 2851 790; x_wconf 90' lang='lat' dir='ltr'><strong>animo</strong></span> <span class='ocrx_word' id='word_1_502' title='bbox 2876 735 3031 808; x_wconf 84' lang='lat' dir='ltr'><strong>fugit,</strong></span> <span class='ocrx_word' id='word_1_503' title='bbox 3061 739 3276 809; x_wconf 90' lang='lat' dir='ltr'><strong>quando</strong></span> <span class='ocrx_word' id='word_1_504' title='bbox 3300 739 3503 797; x_wconf 89' lang='lat' dir='ltr'><strong>deserit</strong></span> 
     </span>
    </p>
   </div>
   <div class='ocr_carea' id='block_1_66' title="bbox 1916 814 3503 905">
    <p class='ocr_par' dir='ltr' id='par_1_66' title="bbox 1916 814 3503 905">
     <span class='ocr_line' id='line_1_66' title="bbox 1916 814 3503 905; baseline 0.014 -37"><span class='ocrx_word' id='word_1_505' title='bbox 1916 814 2109 872; x_wconf 89' lang='lat' dir='ltr'><strong>timore</strong></span> <span class='ocrx_word' id='word_1_506' title='bbox 2147 818 2428 889; x_wconf 88' lang='lat' dir='ltr'><strong>justitiam.</strong></span> <span class='ocrx_word' id='word_1_507' title='bbox 2460 823 2608 881; x_wconf 91' lang='lat' dir='ltr'><strong>Sicut</strong></span> <span class='ocrx_word' id='word_1_508' title='bbox 2633 824 2767 898; x_wconf 82' lang='lat' dir='ltr'><strong>fugit</strong></span> <span class='ocrx_word' id='word_1_509' title='bbox 2800 828 3079 887; x_wconf 88' lang='lat' dir='ltr'><strong>Secundus</strong></span> <span class='ocrx_word' id='word_1_510' title='bbox 3108 840 3285 889; x_wconf 84' lang='lat' dir='ltr'><strong>vester</strong></span> <span class='ocrx_word' id='word_1_511' title='bbox 3306 832 3503 905; x_wconf 84' lang='lat' dir='ltr'><strong>Tigisi-</strong></span> 
     </span>
    </p>
   </div>
   <div class='ocr_carea' id='block_1_67' title="bbox 1915 915 3503 989">
    <p class='ocr_par' dir='ltr' id='par_1_67' title="bbox 1915 915 3503 989">
     <span class='ocr_line' id='line_1_67' title="bbox 1915 915 3503 989; baseline 0.013 -25"><span class='ocrx_word' id='word_1_512' title='bbox 1915 915 2070 967; x_wconf 77' lang='lat' dir='ltr'><strong>ianus</strong></span> <span class='ocrx_word' id='word_1_513' title='bbox 2095 915 2308 983; x_wconf 91' lang='lat' dir='ltr'><strong>quando</strong></span> <span class='ocrx_word' id='word_1_514' title='bbox 2337 916 2655 989; x_wconf 88' lang='lat' dir='ltr'><strong>Purpurium</strong></span> <span class='ocrx_word' id='word_1_515' title='bbox 2692 921 3052 982; x_wconf 89' lang='lat' dir='ltr'><strong>Limatensem</strong></span> <span class='ocrx_word' id='word_1_516' title='bbox 3097 926 3167 982; x_wconf 90' lang='lat' dir='ltr'><strong>de</strong></span> <span class='ocrx_word' id='word_1_517' title='bbox 3210 926 3503 986; x_wconf 87' lang='lat' dir='ltr'><strong>homicidio</strong></span> 
     </span>
    </p>
   </div>
   <div class='ocr_carea' id='block_1_68' title="bbox 1911 1004 3501 1093">
    <p class='ocr_par' dir='ltr' id='par_1_68' title="bbox 1911 1004 3501 1093">
     <span class='ocr_line' id='line_1_68' title="bbox 1911 1004 3501 1093; baseline 0.012 -34"><span class='ocrx_word' id='word_1_518' title='bbox 1911 1004 2238 1077; x_wconf 89' lang='lat' dir='ltr'><strong>confessum,</strong></span> <span class='ocrx_word' id='word_1_519' title='bbox 2270 1012 2541 1084; x_wconf 87' lang='lat' dir='ltr'><strong>magisque</strong></span> <span class='ocrx_word' id='word_1_520' title='bbox 2569 1016 2882 1085; x_wconf 87' lang='lat' dir='ltr'><strong>terribilem,</strong></span> <span class='ocrx_word' id='word_1_521' title='bbox 2923 1034 2992 1075; x_wconf 89' lang='lat' dir='ltr'><strong>ne</strong></span> <span class='ocrx_word' id='word_1_522' title='bbox 3040 1019 3326 1090; x_wconf 89' lang='lat' dir='ltr'><strong>primatum</strong></span> <span class='ocrx_word' id='word_1_523' title='bbox 3377 1036 3501 1093; x_wconf 88' lang='lat' dir='ltr'><strong>per-</strong></span> 
     </span>
    </p>
   </div>
   <div class='ocr_carea' id='block_1_69' title="bbox 1910 1097 3499 1184">
    <p class='ocr_par' dir='ltr' id='par_1_69' title="bbox 1910 1097 3499 1184">
     <span class='ocr_line' id='line_1_69' title="bbox 1910 1097 3499 1184; baseline 0.011 -31"><span class='ocrx_word' id='word_1_524' title='bbox 1910 1097 2063 1156; x_wconf 90' lang='lat' dir='ltr'><strong>deret</strong></span> <span class='ocrx_word' id='word_1_525' title='bbox 2088 1102 2171 1157; x_wconf 91' lang='lat' dir='ltr'><strong>vel</strong></span> <span class='ocrx_word' id='word_1_526' title='bbox 2199 1105 2584 1177; x_wconf 83' lang='lat' dir='ltr'><strong>episcopatum,</strong></span> <span class='ocrx_word' id='word_1_527' title='bbox 2618 1110 2815 1166; x_wconf 90' lang='lat' dir='ltr'><strong>timuit.</strong></span> <span class='ocrx_word' id='word_1_528' title='bbox 2854 1109 3095 1184; x_wconf 87' lang='lat' dir='ltr'><strong>Corpore</strong></span> <span class='ocrx_word' id='word_1_529' title='bbox 3128 1124 3308 1171; x_wconf 88' lang='lat' dir='ltr'><strong>autem</strong></span> <span class='ocrx_word' id='word_1_530' title='bbox 3334 1116 3499 1172; x_wconf 88' lang='lat' dir='ltr'><strong>etiam</strong></span> 
     </span>
    </p>
   </div>
   <div class='ocr_carea' id='block_1_70' title="bbox 1907 1191 3497 1281">
    <p class='ocr_par' dir='ltr' id='par_1_70' title="bbox 1907 1191 3497 1281">
     <span class='ocr_line' id='line_1_70' title="bbox 1907 1191 3497 1281; baseline 0.011 -33"><span class='ocrx_word' id='word_1_531' title='bbox 1907 1191 2033 1249; x_wconf 88' lang='lat' dir='ltr'><strong>boni</strong></span> <span class='ocrx_word' id='word_1_532' title='bbox 2062 1195 2140 1251; x_wconf 92' lang='lat' dir='ltr'><strong>illi</strong></span> <span class='ocrx_word' id='word_1_533' title='bbox 2164 1207 2407 1267; x_wconf 90' lang='lat' dir='ltr'><strong>pastores</strong></span> <span class='ocrx_word' id='word_1_534' title='bbox 2431 1202 2675 1272; x_wconf 87' lang='lat' dir='ltr'><strong>Apostoli</strong></span> <span class='ocrx_word' id='word_1_535' title='bbox 2704 1204 2759 1260; x_wconf 90' lang='lat' dir='ltr'><strong>in</strong></span> <span class='ocrx_word' id='word_1_536' title='bbox 2785 1206 3156 1275; x_wconf 89' lang='lat' dir='ltr'><strong>persecutione</strong></span> <span class='ocrx_word' id='word_1_537' title='bbox 3199 1207 3452 1281; x_wconf 88' lang='lat' dir='ltr'><strong>fugerunt</strong></span> <span class='ocrx_word' id='word_1_538' title='bbox 3480 1250 3497 1277; x_wconf 90' lang='lat'><strong>,</strong></span> 
     </span>
    </p>
   </div>
   <div class='ocr_carea' id='block_1_71' title="bbox 1908 1289 3550 1373">
    <p class='ocr_par' dir='ltr' id='par_1_71' title="bbox 1908 1289 3550 1373">
     <span class='ocr_line' id='line_1_71' title="bbox 1908 1289 3550 1373; baseline 0.01 -30"><span class='ocrx_word' id='word_1_539' title='bbox 1908 1301 2010 1344; x_wconf 89' lang='lat' dir='ltr'><strong>nec</strong></span> <span class='ocrx_word' id='word_1_540' title='bbox 2039 1289 2160 1346; x_wconf 92' lang='lat' dir='ltr'><strong>ideo</strong></span> <span class='ocrx_word' id='word_1_541' title='bbox 2193 1301 2369 1349; x_wconf 92' lang='lat' dir='ltr'><strong>tamen</strong></span> <span class='ocrx_word' id='word_1_542' title='bbox 2397 1309 2526 1352; x_wconf 90' lang='lat' dir='ltr'><strong>oves</strong></span> <span class='ocrx_word' id='word_1_543' title='bbox 2550 1295 2747 1353; x_wconf 90' lang='lat' dir='ltr'><strong>Christi</strong></span> <span class='ocrx_word' id='word_1_544' title='bbox 2778 1314 2905 1355; x_wconf 91' lang='lat' dir='ltr'><strong>cura</strong></span> <span class='ocrx_word' id='word_1_545' title='bbox 2944 1310 3000 1356; x_wconf 89' lang='lat' dir='ltr'><strong>et</strong></span> <span class='ocrx_word' id='word_1_546' title='bbox 3042 1302 3224 1358; x_wconf 91' lang='lat' dir='ltr'><strong>animo</strong></span> <span class='ocrx_word' id='word_1_547' title='bbox 3270 1303 3499 1373; x_wconf 84' lang='lat' dir='ltr'><strong>reliquc-</strong></span> <span class='ocrx_word' id='word_1_548' title='bbox 3540 1353 3550 1362; x_wconf 87' lang='lat'><strong>.</strong></span> 
     </span>
    </p>
   </div>
   <div class='ocr_carea' id='block_1_72' title="bbox 1907 1382 3497 1466">
    <p class='ocr_par' dir='ltr' id='par_1_72' title="bbox 1907 1382 3497 1466">
     <span class='ocr_line' id='line_1_72' title="bbox 1907 1382 3497 1466; baseline 0.01 -31"><span class='ocrx_word' id='word_1_549' title='bbox 1907 1390 2052 1437; x_wconf 90' lang='lat' dir='ltr'><strong>runt.</strong></span> <span class='ocrx_word' id='word_1_550' title='bbox 2085 1382 2142 1438; x_wconf 89' lang='lat' dir='ltr'><strong>Si</strong></span> <span class='ocrx_word' id='word_1_551' title='bbox 2171 1401 2297 1456; x_wconf 89' lang='lat' dir='ltr'><strong>ergo</strong></span> <span class='ocrx_word' id='word_1_552' title='bbox 2324 1396 2379 1442; x_wconf 92' lang='lat' dir='ltr'><strong>et</strong></span> <span class='ocrx_word' id='word_1_553' title='bbox 2406 1396 2460 1443; x_wconf 92' lang='lat' dir='ltr'><strong>tu</strong></span> <span class='ocrx_word' id='word_1_554' title='bbox 2487 1399 2671 1457; x_wconf 90' lang='lat' dir='ltr'><strong>pastor</strong></span> <span class='ocrx_word' id='word_1_555' title='bbox 2694 1406 2841 1448; x_wconf 91' lang='lat' dir='ltr'><strong>esses</strong></span> <span class='ocrx_word' id='word_1_556' title='bbox 2861 1434 2876 1460; x_wconf 97' lang='lat'><strong>,</strong></span> <span class='ocrx_word' id='word_1_557' title='bbox 2905 1394 3054 1463; x_wconf 90' lang='lat' dir='ltr'><strong>prius</strong></span> <span class='ocrx_word' id='word_1_558' title='bbox 3081 1394 3099 1426; x_wconf 73' lang='grc' dir='ltr'>ί</span> <span class='ocrx_word' id='word_1_559' title='bbox 3126 1394 3180 1449; x_wconf 93' lang='lat' dir='ltr'><strong>in</strong></span> <span class='ocrx_word' id='word_1_560' title='bbox 3210 1394 3318 1465; x_wconf 92' lang='lat' dir='ltr'><strong>lupi</strong></span> <span class='ocrx_word' id='word_1_561' title='bbox 3343 1404 3497 1466; x_wconf 88' lang='lat' dir='ltr'><strong>parte</strong></span> 
     </span>
    </p>
   </div>
   <div class='ocr_carea' id='block_1_73' title="bbox 1907 1477 3498 1557">
    <p class='ocr_par' dir='ltr' id='par_1_73' title="bbox 1907 1477 3498 1557">
     <span class='ocr_line' id='line_1_73' title="bbox 1907 1477 3498 1557; baseline 0.01 -29"><span class='ocrx_word' id='word_1_562' title='bbox 1907 1488 2013 1529; x_wconf 91' lang='lat' dir='ltr'><strong>non</strong></span> <span class='ocrx_word' id='word_1_563' title='bbox 2044 1490 2226 1543; x_wconf 89' lang='lat' dir='ltr'><strong>esses;</strong></span> <span class='ocrx_word' id='word_1_564' title='bbox 2256 1477 2453 1535; x_wconf 89' lang='lat' dir='ltr'><strong>deinde</strong></span> <span class='ocrx_word' id='word_1_565' title='bbox 2490 1480 2773 1552; x_wconf 90' lang='lat' dir='ltr'><strong>imperium</strong></span> <span class='ocrx_word' id='word_1_566' title='bbox 2816 1484 3027 1540; x_wconf 88' lang='lat' dir='ltr'><strong>Domini</strong></span> <span class='ocrx_word' id='word_1_567' title='bbox 3058 1485 3164 1553; x_wconf 88' lang='lat' dir='ltr'><strong>tui,</strong></span> <span class='ocrx_word' id='word_1_568' title='bbox 3193 1486 3284 1557; x_wconf 91' lang='lat' dir='ltr'><strong>qui</strong></span> <span class='ocrx_word' id='word_1_569' title='bbox 3308 1502 3498 1543; x_wconf 88' lang='lat' dir='ltr'><strong>servos</strong></span> 
     </span>
    </p>
   </div>
   <div class='ocr_carea' id='block_1_74' title="bbox 1905 1566 3545 1649">
    <p class='ocr_par' dir='ltr' id='par_1_74' title="bbox 1905 1566 3545 1649">
     <span class='ocr_line' id='line_1_74' title="bbox 1905 1566 3545 1649; baseline 0.01 -29"><span class='ocrx_word' id='word_1_570' title='bbox 1905 1580 2031 1621; x_wconf 89' lang='lat' dir='ltr'><strong>suos</strong></span> <span class='ocrx_word' id='word_1_571' title='bbox 2060 1566 2243 1638; x_wconf 82' lang='lat' dir='ltr'><strong>fugere</strong></span> <span class='ocrx_word' id='word_1_572' title='bbox 2273 1570 2326 1624; x_wconf 92' lang='lat' dir='ltr'><strong>in</strong></span> <span class='ocrx_word' id='word_1_573' title='bbox 2356 1574 2819 1641; x_wconf 89' lang='lat' dir='ltr'><strong>persecutionibus</strong></span> <span class='ocrx_word' id='word_1_574' title='bbox 2842 1576 3035 1646; x_wconf 88' lang='lat' dir='ltr'><strong>jussit,</strong></span> <span class='ocrx_word' id='word_1_575' title='bbox 3064 1593 3160 1648; x_wconf 92' lang='lat' dir='ltr'><strong>per</strong></span> <span class='ocrx_word' id='word_1_576' title='bbox 3204 1593 3267 1634; x_wconf 91' lang='lat' dir='ltr'><strong>os</strong></span> <span class='ocrx_word' id='word_1_577' title='bbox 3308 1583 3494 1649; x_wconf 87' lang='lat' dir='ltr'><strong>cujus-</strong></span> <span class='ocrx_word' id='word_1_578' title='bbox 3534 1634 3545 1641; x_wconf 44' lang='grc' dir='ltr'><strong>,η</strong></span> 
     </span>
    </p>
   </div>
   <div class='ocr_carea' id='block_1_75' title="bbox 1905 1656 3493 1737">
    <p class='ocr_par' dir='ltr' id='par_1_75' title="bbox 1905 1656 3493 1737">
     <span class='ocr_line' id='line_1_75' title="bbox 1905 1656 3493 1737; baseline 0.011 -27"><span class='ocrx_word' id='word_1_579' title='bbox 1905 1656 2031 1712; x_wconf 90' lang='lat' dir='ltr'><strong>libet</strong></span> <span class='ocrx_word' id='word_1_580' title='bbox 2058 1659 2217 1714; x_wconf 90' lang='lat' dir='ltr'><strong>etiam</strong></span> <span class='ocrx_word' id='word_1_581' title='bbox 2243 1665 2539 1731; x_wconf 88' lang='lat' dir='ltr'><strong>peccatoris</strong></span> <span class='ocrx_word' id='word_1_582' title='bbox 2561 1665 2876 1722; x_wconf 90' lang='lat' dir='ltr'><strong>obedienter</strong></span> <span class='ocrx_word' id='word_1_583' title='bbox 2890 1668 3154 1737; x_wconf 87' lang='lat' dir='ltr'><strong>audisses,</strong></span> <span class='ocrx_word' id='word_1_584' title='bbox 3180 1684 3281 1726; x_wconf 90' lang='lat' dir='ltr'><strong>nec</strong></span> <span class='ocrx_word' id='word_1_585' title='bbox 3303 1682 3493 1727; x_wconf 89' lang='lat' dir='ltr'><strong>contra</strong></span> 
     </span>
    </p>
   </div>
   <div class='ocr_carea' id='block_1_76' title="bbox 1905 1748 3546 1830">
    <p class='ocr_par' dir='ltr' id='par_1_76' title="bbox 1905 1748 3546 1830">
     <span class='ocr_line' id='line_1_76' title="bbox 1905 1748 3546 1830; baseline 0.01 -27"><span class='ocrx_word' id='word_1_586' title='bbox 1905 1749 2190 1807; x_wconf 88' lang='lat' dir='ltr'><strong>Dominum</strong></span> <span class='ocrx_word' id='word_1_587' title='bbox 2228 1762 2374 1810; x_wconf 93' lang='lat' dir='ltr'><strong>tuum</strong></span> <span class='ocrx_word' id='word_1_588' title='bbox 2421 1759 2875 1828; x_wconf 89' lang='lat' dir='ltr'><strong>argumentareris</strong></span> <span class='ocrx_word' id='word_1_589' title='bbox 2916 1770 2972 1817; x_wconf 91' lang='lat' dir='ltr'><strong>et</strong></span> <span class='ocrx_word' id='word_1_590' title='bbox 3014 1761 3245 1830; x_wconf 91' lang='lat' dir='ltr'><strong>diceres,</strong></span> <span class='ocrx_word' id='word_1_591' title='bbox 3301 1762 3495 1819; x_wconf 79' lang='lat' dir='ltr'><strong>Factor</strong></span> <span class='ocrx_word' id='word_1_592' title='bbox 3542 1748 3546 1753; x_wconf 57' lang='grc'><em>’</em></span> 
     </span>
    </p>
   </div>
   <div class='ocr_carea' id='block_1_77' title="bbox 1904 1844 3492 1929">
    <p class='ocr_par' dir='ltr' id='par_1_77' title="bbox 1904 1844 3492 1929">
     <span class='ocr_line' id='line_1_77' title="bbox 1904 1844 3492 1929; baseline 0.009 -32"><span class='ocrx_word' id='word_1_593' title='bbox 1904 1844 2029 1916; x_wconf 89' lang='lat' dir='ltr'><strong>legis</strong></span> <span class='ocrx_word' id='word_1_594' title='bbox 2059 1856 2250 1902; x_wconf 89' lang='lat' dir='ltr'><strong>tantum</strong></span> <span class='ocrx_word' id='word_1_595' title='bbox 2277 1850 2418 1906; x_wconf 87' lang='lat' dir='ltr'><strong>debet</strong></span> <span class='ocrx_word' id='word_1_596' title='bbox 2443 1852 2631 1921; x_wconf 87' lang='lat' dir='ltr'><strong>audiri,</strong></span> <span class='ocrx_word' id='word_1_597' title='bbox 2662 1856 2783 1925; x_wconf 90' lang='lat' dir='ltr'><strong>quia</strong></span> <span class='ocrx_word' id='word_1_598' title='bbox 2812 1853 3015 1912; x_wconf 82' lang='lat' dir='ltr'><strong>Paulus</strong></span> <span class='ocrx_word' id='word_1_599' title='bbox 3038 1858 3299 1929; x_wconf 83' lang='lat' dir='ltr'><strong>apostolus</strong></span> <span class='ocrx_word' id='word_1_600' title='bbox 3330 1858 3492 1925; x_wconf 80' lang='lat' dir='ltr'><strong>dicit,</strong></span> 
     </span>
    </p>
   </div>
   <div class='ocr_carea' id='block_1_78' title="bbox 1908 1936 3495 2024">
    <p class='ocr_par' dir='ltr' id='par_1_78' title="bbox 1908 1936 3495 2024">
     <span class='ocr_line' id='line_1_78' title="bbox 1908 1936 3495 2024; baseline 0.014 -36"><span class='ocrx_word' id='word_1_601' title='bbox 1908 1953 1928 1987; x_wconf 71' lang='grc' dir='ltr'>ί</span> <span class='ocrx_word' id='word_1_602' title='bbox 1968 1936 2091 1993; x_wconf 82' lang='grc' dir='ltr'><strong>Νοη</strong></span> <span class='ocrx_word' id='word_1_603' title='bbox 2117 1940 2370 1997; x_wconf 87' lang='lat' dir='ltr'><strong>auditores</strong></span> <span class='ocrx_word' id='word_1_604' title='bbox 2396 1944 2518 2015; x_wconf 80' lang='lat' dir='ltr'><strong>legis</strong></span> <span class='ocrx_word' id='word_1_605' title='bbox 2532 1948 2662 2017; x_wconf 81' lang='lat' dir='ltr'><strong>justi</strong></span> <span class='ocrx_word' id='word_1_606' title='bbox 2687 1956 2806 2003; x_wconf 89' lang='lat' dir='ltr'><strong>sunt</strong></span> <span class='ocrx_word' id='word_1_607' title='bbox 2834 1948 2973 2021; x_wconf 85' lang='lat' dir='ltr'><strong>apud</strong></span> <span class='ocrx_word' id='word_1_608' title='bbox 2998 1948 3191 2023; x_wconf 85' lang='lat' dir='ltr'><strong>Deum,</strong></span> <span class='ocrx_word' id='word_1_609' title='bbox 3216 1952 3307 2007; x_wconf 85' lang='lat' dir='ltr'><strong>sed</strong></span> <span class='ocrx_word' id='word_1_610' title='bbox 3325 1954 3495 2024; x_wconf 86' lang='lat' dir='ltr'><strong>facto-</strong></span> 
     </span>
    </p>
   </div>
   <div class='ocr_carea' id='block_1_79' title="bbox 1905 2029 2648 2103">
    <p class='ocr_par' dir='ltr' id='par_1_79' title="bbox 1905 2029 2648 2103">
     <span class='ocr_line' id='line_1_79' title="bbox 1905 2029 2648 2103; baseline 0.015 -21"><span class='ocrx_word' id='word_1_611' title='bbox 1905 2045 1983 2084; x_wconf 86' lang='lat' dir='ltr'><strong>res</strong></span> <span class='ocrx_word' id='word_1_612' title='bbox 2010 2029 2133 2101; x_wconf 88' lang='lat' dir='ltr'><strong>legis</strong></span> <span class='ocrx_word' id='word_1_613' title='bbox 2151 2032 2591 2103; x_wconf 85' lang='lat' dir='ltr'><strong>justiﬁcabuntur.</strong></span> <span class='ocrx_word' id='word_1_614' title='bbox 2628 2058 2648 2092; x_wconf 76' lang='grc' dir='ltr'><strong><em>ι</em></strong></span> 
     </span>
    </p>
   </div>
   <div class='ocr_carea' id='block_1_80' title="bbox 1972 2144 3497 2225">
    <p class='ocr_par' dir='ltr' id='par_1_80' title="bbox 1972 2144 3497 2225">
     <span class='ocr_line' id='line_1_80' title="bbox 1972 2144 3497 2225; baseline 0.014 -25"><span class='ocrx_word' id='word_1_615' title='bbox 1972 2144 2200 2204; x_wconf 85' lang='lat' dir='ltr'><strong>CAPUT</strong></span> <span class='ocrx_word' id='word_1_616' title='bbox 2238 2149 2400 2206; x_wconf 81' lang='lat' dir='ltr'><strong>XVII.</strong></span> <span class='ocrx_word' id='word_1_617' title='bbox 2446 2184 2516 2193; x_wconf 94' lang='lat'><strong>—</strong></span> <span class='ocrx_word' id='word_1_618' title='bbox 2560 2155 2649 2211; x_wconf 77' lang='grc'><strong>18.</strong></span> <span class='ocrx_word' id='word_1_619' title='bbox 2691 2155 2830 2225; x_wconf 85' lang='lat' dir='ltr'><strong>Quid</strong></span> <span class='ocrx_word' id='word_1_620' title='bbox 2869 2157 2922 2213; x_wconf 92' lang='lat' dir='ltr'><strong>in</strong></span> <span class='ocrx_word' id='word_1_621' title='bbox 2968 2158 3129 2216; x_wconf 90' lang='lat' dir='ltr'><strong>aliam</strong></span> <span class='ocrx_word' id='word_1_622' title='bbox 3175 2163 3497 2221; x_wconf 80' lang='lat' dir='ltr'><strong>sententiam</strong></span> 
     </span>
    </p>
   </div>
   <div class='ocr_carea' id='block_1_81' title="bbox 1901 2239 3498 2325">
    <p class='ocr_par' dir='ltr' id='par_1_81' title="bbox 1901 2239 3498 2325">
     <span class='ocr_line' id='line_1_81' title="bbox 1901 2239 3498 2325; baseline 0.013 -33"><span class='ocrx_word' id='word_1_623' title='bbox 1901 2239 2064 2294; x_wconf 85' lang='lat' dir='ltr'><strong>verba</strong></span> <span class='ocrx_word' id='word_1_624' title='bbox 2094 2243 2374 2299; x_wconf 90' lang='lat' dir='ltr'><strong>manifesta</strong></span> <span class='ocrx_word' id='word_1_625' title='bbox 2405 2248 2762 2303; x_wconf 79' lang='lat' dir='ltr'><strong>convertitis?</strong></span> <span class='ocrx_word' id='word_1_626' title='bbox 2802 2250 3090 2309; x_wconf 83' lang='lat' dir='ltr'><strong>Auditores</strong></span> <span class='ocrx_word' id='word_1_627' title='bbox 3128 2253 3262 2325; x_wconf 87' lang='lat' dir='ltr'><strong>legis</strong></span> <span class='ocrx_word' id='word_1_628' title='bbox 3295 2264 3350 2311; x_wconf 92' lang='lat' dir='ltr'><strong>et</strong></span> <span class='ocrx_word' id='word_1_629' title='bbox 3385 2271 3498 2313; x_wconf 89' lang='lat' dir='ltr'><strong>non</strong></span> 
     </span>
    </p>
   </div>
   <div class='ocr_carea' id='block_1_82' title="bbox 1902 2330 3491 2420">
    <p class='ocr_par' dir='ltr' id='par_1_82' title="bbox 1902 2330 3491 2420">
     <span class='ocr_line' id='line_1_82' title="bbox 1902 2330 3491 2420; baseline 0.013 -35"><span class='ocrx_word' id='word_1_630' title='bbox 1902 2330 2130 2388; x_wconf 88' lang='lat' dir='ltr'><strong>factores</strong></span> <span class='ocrx_word' id='word_1_631' title='bbox 2159 2335 2299 2406; x_wconf 90' lang='lat' dir='ltr'><strong>apud</strong></span> <span class='ocrx_word' id='word_1_632' title='bbox 2331 2338 2497 2394; x_wconf 90' lang='lat' dir='ltr'><strong>Deum</strong></span> <span class='ocrx_word' id='word_1_633' title='bbox 2532 2340 2707 2411; x_wconf 89' lang='lat' dir='ltr'><strong>justos</strong></span> <span class='ocrx_word' id='word_1_634' title='bbox 2746 2345 2989 2415; x_wconf 86' lang='lat' dir='ltr'><strong>negavit;</strong></span> <span class='ocrx_word' id='word_1_635' title='bbox 3034 2346 3102 2402; x_wconf 91' lang='lat' dir='ltr'><strong>ab</strong></span> <span class='ocrx_word' id='word_1_636' title='bbox 3144 2346 3448 2407; x_wconf 90' lang='lat' dir='ltr'><strong>hominibus</strong></span> <span class='ocrx_word' id='word_1_637' title='bbox 3472 2391 3491 2420; x_wconf 90' lang='lat'><strong>,</strong></span> 
     </span>
    </p>
   </div>
   <div class='ocr_carea' id='block_1_83' title="bbox 1900 2425 3497 2508">
    <p class='ocr_par' dir='ltr' id='par_1_83' title="bbox 1900 2425 3497 2508">
     <span class='ocr_line' id='line_1_83' title="bbox 1900 2425 3497 2508; baseline 0.013 -30"><span class='ocrx_word' id='word_1_638' title='bbox 1900 2425 2116 2494; x_wconf 84' lang='lat' dir='ltr'><strong>quando</strong></span> <span class='ocrx_word' id='word_1_639' title='bbox 2144 2443 2329 2484; x_wconf 90' lang='lat' dir='ltr'><strong>verum</strong></span> <span class='ocrx_word' id='word_1_640' title='bbox 2361 2430 2566 2499; x_wconf 90' lang='lat' dir='ltr'><strong>dicunt,</strong></span> <span class='ocrx_word' id='word_1_641' title='bbox 2591 2432 2761 2489; x_wconf 90' lang='lat' dir='ltr'><strong>audiri</strong></span> <span class='ocrx_word' id='word_1_642' title='bbox 2783 2450 2888 2491; x_wconf 92' lang='lat' dir='ltr'><strong>non</strong></span> <span class='ocrx_word' id='word_1_643' title='bbox 2914 2436 3215 2507; x_wconf 88' lang='lat' dir='ltr'><strong>prohibuit;</strong></span> <span class='ocrx_word' id='word_1_644' title='bbox 3240 2456 3328 2508; x_wconf 90' lang='lat' dir='ltr'><strong>ne,</strong></span> <span class='ocrx_word' id='word_1_645' title='bbox 3356 2442 3497 2498; x_wconf 89' lang='lat' dir='ltr'><strong>sicut</strong></span> 
     </span>
    </p>
   </div>
   <div class='ocr_carea' id='block_1_84' title="bbox 1901 2518 3495 2591">
    <p class='ocr_par' dir='ltr' id='par_1_84' title="bbox 1901 2518 3495 2591">
     <span class='ocr_line' id='line_1_84' title="bbox 1901 2518 3495 2591; baseline 0.013 -21"><span class='ocrx_word' id='word_1_646' title='bbox 1901 2522 1979 2585; x_wconf 90' lang='lat' dir='ltr'><strong>tu,</strong></span> <span class='ocrx_word' id='word_1_647' title='bbox 2012 2518 2321 2590; x_wconf 90' lang='lat' dir='ltr'><strong>loqueretur</strong></span> <span class='ocrx_word' id='word_1_648' title='bbox 2350 2531 2535 2578; x_wconf 87' lang='lat' dir='ltr'><strong>contra</strong></span> <span class='ocrx_word' id='word_1_649' title='bbox 2576 2524 2858 2582; x_wconf 92' lang='lat' dir='ltr'><strong>Dominum</strong></span> <span class='ocrx_word' id='word_1_650' title='bbox 2913 2543 3066 2585; x_wconf 90' lang='lat' dir='ltr'><strong>suum</strong></span> <span class='ocrx_word' id='word_1_651' title='bbox 3114 2530 3379 2588; x_wconf 88' lang='lat' dir='ltr'><strong>dicentem</strong></span> <span class='ocrx_word' id='word_1_652' title='bbox 3424 2533 3495 2591; x_wconf 87' lang='lat' dir='ltr'><strong>de</strong></span> 
     </span>
    </p>
   </div>
   <div class='ocr_carea' id='block_1_85' title="bbox 1899 2611 3491 2697">
    <p class='ocr_par' dir='ltr' id='par_1_85' title="bbox 1899 2611 3491 2697">
     <span class='ocr_line' id='line_1_85' title="bbox 1899 2611 3491 2697; baseline 0.011 -32"><span class='ocrx_word' id='word_1_653' title='bbox 1899 2611 2216 2681; x_wconf 89' lang='lat' dir='ltr'><strong>quibusdam</strong></span> <span class='ocrx_word' id='word_1_654' title='bbox 2237 2656 2252 2683; x_wconf 94' lang='lat'><strong>,</strong></span> <span class='ocrx_word' id='word_1_655' title='bbox 2285 2616 2411 2683; x_wconf 68' lang='lat' dir='ltr'><strong>Quae</strong></span> <span class='ocrx_word' id='word_1_656' title='bbox 2449 2618 2623 2672; x_wconf 89' lang='lat' dir='ltr'><strong>dicunt</strong></span> <span class='ocrx_word' id='word_1_657' title='bbox 2646 2660 2659 2686; x_wconf 96' lang='lat'><strong>,</strong></span> <span class='ocrx_word' id='word_1_658' title='bbox 2692 2620 2881 2689; x_wconf 84' lang='lat' dir='ltr'><strong>facite;</strong></span> <span class='ocrx_word' id='word_1_659' title='bbox 2914 2639 3030 2693; x_wconf 77' lang='lat' dir='ltr'><strong>qua:</strong></span> <span class='ocrx_word' id='word_1_660' title='bbox 3058 2634 3227 2679; x_wconf 89' lang='lat' dir='ltr'><strong>autem</strong></span> <span class='ocrx_word' id='word_1_661' title='bbox 3256 2627 3491 2697; x_wconf 85' lang='lat' dir='ltr'><strong>faciunt,</strong></span> 
     </span>
    </p>
   </div>
   <div class='ocr_carea' id='block_1_86' title="bbox 1900 2704 3490 2787">
    <p class='ocr_par' dir='ltr' id='par_1_86' title="bbox 1900 2704 3490 2787">
     <span class='ocr_line' id='line_1_86' title="bbox 1900 2704 3490 2787; baseline 0.012 -31"><span class='ocrx_word' id='word_1_662' title='bbox 1900 2704 2057 2758; x_wconf 89' lang='lat' dir='ltr'><strong>nolite</strong></span> <span class='ocrx_word' id='word_1_663' title='bbox 2085 2709 2283 2773; x_wconf 89' lang='lat' dir='ltr'><strong>facere:</strong></span> <span class='ocrx_word' id='word_1_664' title='bbox 2300 2707 2473 2763; x_wconf 89' lang='lat' dir='ltr'><strong>dicunt</strong></span> <span class='ocrx_word' id='word_1_665' title='bbox 2488 2711 2649 2777; x_wconf 84' lang='lat' dir='ltr'><strong>&#39;enim,</strong></span> <span class='ocrx_word' id='word_1_666' title='bbox 2680 2722 2727 2766; x_wconf 90' lang='lat' dir='ltr'><strong>et</strong></span> <span class='ocrx_word' id='word_1_667' title='bbox 2752 2729 2855 2767; x_wconf 89' lang='lat' dir='ltr'><strong>non</strong></span> <span class='ocrx_word' id='word_1_668' title='bbox 2883 2716 3075 2785; x_wconf 87' lang='lat' dir='ltr'><strong>faciunt</strong></span> <span class='ocrx_word' id='word_1_669' title='bbox 3103 2716 3314 2786; x_wconf 74' lang='lat' dir='ltr'><strong>(Matth.</strong></span> <span class='ocrx_word' id='word_1_670' title='bbox 3338 2734 3490 2787; x_wconf 87' lang='lat' dir='ltr'><strong>xxm,</strong></span> 
     </span>
    </p>
   </div>
   <div class='ocr_carea' id='block_1_87' title="bbox 1899 2794 3493 2880">
    <p class='ocr_par' dir='ltr' id='par_1_87' title="bbox 1899 2794 3493 2880">
     <span class='ocr_line' id='line_1_87' title="bbox 1899 2794 3493 2880; baseline 0.011 -30"><span class='ocrx_word' id='word_1_671' title='bbox 1899 2794 1979 2868; x_wconf 81' lang='lat'><strong>&#39;5).</strong></span> <span class='ocrx_word' id='word_1_672' title='bbox 2027 2796 2189 2853; x_wconf 85' lang='lat' dir='ltr'><strong>Vides</strong></span> <span class='ocrx_word' id='word_1_673' title='bbox 2217 2801 2665 2870; x_wconf 89' lang='lat' dir='ltr'><strong>quemadmodum</strong></span> <span class='ocrx_word' id='word_1_674' title='bbox 2714 2804 2959 2862; x_wconf 89' lang='lat' dir='ltr'><strong>Christus</strong></span> <span class='ocrx_word' id='word_1_675' title='bbox 3006 2816 3063 2864; x_wconf 87' lang='lat' dir='ltr'><strong>et</strong></span> <span class='ocrx_word' id='word_1_676' title='bbox 3103 2825 3200 2880; x_wconf 91' lang='lat' dir='ltr'><strong>per</strong></span> <span class='ocrx_word' id='word_1_677' title='bbox 3247 2811 3493 2869; x_wconf 89' lang='lat' dir='ltr'><strong>homines</strong></span> 
     </span>
    </p>
   </div>
   <div class='ocr_carea' id='block_1_88' title="bbox 1898 2888 3494 2971">
    <p class='ocr_par' dir='ltr' id='par_1_88' title="bbox 1898 2888 3494 2971">
     <span class='ocr_line' id='line_1_88' title="bbox 1898 2888 3494 2971; baseline 0.012 -29"><span class='ocrx_word' id='word_1_678' title='bbox 1898 2888 2168 2946; x_wconf 90' lang='lat' dir='ltr'><strong>auditores</strong></span> <span class='ocrx_word' id='word_1_679' title='bbox 2197 2900 2252 2946; x_wconf 87' lang='lat' dir='ltr'><strong>et</strong></span> <span class='ocrx_word' id='word_1_680' title='bbox 2277 2894 2655 2963; x_wconf 82' lang='lat' dir='ltr'><strong>praedicatores</strong></span> <span class='ocrx_word' id='word_1_681' title='bbox 2680 2896 2815 2968; x_wconf 89' lang='lat' dir='ltr'><strong>legis</strong></span> <span class='ocrx_word' id='word_1_682' title='bbox 2843 2908 2899 2954; x_wconf 92' lang='lat' dir='ltr'><strong>et</strong></span> <span class='ocrx_word' id='word_1_683' title='bbox 2927 2916 3033 2955; x_wconf 91' lang='lat' dir='ltr'><strong>non</strong></span> <span class='ocrx_word' id='word_1_684' title='bbox 3077 2902 3329 2971; x_wconf 87' lang='lat' dir='ltr'><strong>factores,</strong></span> <span class='ocrx_word' id='word_1_685' title='bbox 3356 2904 3494 2961; x_wconf 89' lang='lat' dir='ltr'><strong>alios</strong></span> 
     </span>
    </p>
   </div>
   <div class='ocr_carea' id='block_1_89' title="bbox 1898 2985 3495 3062">
    <p class='ocr_par' dir='ltr' id='par_1_89' title="bbox 1898 2985 3495 3062">
     <span class='ocr_line' id='line_1_89' title="bbox 1898 2985 3495 3062; baseline 0.01 -26"><span class='ocrx_word' id='word_1_686' title='bbox 1898 2996 2017 3037; x_wconf 90' lang='lat' dir='ltr'><strong>eam</strong></span> <span class='ocrx_word' id='word_1_687' title='bbox 2048 2992 2224 3040; x_wconf 91' lang='lat' dir='ltr'><strong>tamen</strong></span> <span class='ocrx_word' id='word_1_688' title='bbox 2261 2985 2446 3043; x_wconf 89' lang='lat' dir='ltr'><strong>audire</strong></span> <span class='ocrx_word' id='word_1_689' title='bbox 2473 2990 2747 3059; x_wconf 65' lang='lat' dir='ltr'><strong>praecepit,</strong></span> <span class='ocrx_word' id='word_1_690' title='bbox 2781 3000 2837 3051; x_wconf 86' lang='lat' dir='ltr'><strong>et</strong></span> <span class='ocrx_word' id='word_1_691' title='bbox 2864 2991 2980 3062; x_wconf 87' lang='lat' dir='ltr'><strong>ejus</strong></span> <span class='ocrx_word' id='word_1_692' title='bbox 3004 3007 3123 3049; x_wconf 88' lang='lat' dir='ltr'><strong>esse</strong></span> <span class='ocrx_word' id='word_1_693' title='bbox 3151 2996 3377 3052; x_wconf 90' lang='lat' dir='ltr'><strong>factores</strong></span> <span class='ocrx_word' id='word_1_694' title='bbox 3402 3015 3414 3051; x_wconf 91' lang='lat'>:</span> <span class='ocrx_word' id='word_1_695' title='bbox 3439 3009 3495 3053; x_wconf 84' lang='lat' dir='ltr'><strong>et</strong></span> 
     </span>
    </p>
   </div>
   <div class='ocr_carea' id='block_1_90' title="bbox 1897 3075 3495 3152">
    <p class='ocr_par' dir='ltr' id='par_1_90' title="bbox 1897 3075 3495 3152">
     <span class='ocr_line' id='line_1_90' title="bbox 1897 3075 3495 3152; baseline 0.011 -23"><span class='ocrx_word' id='word_1_696' title='bbox 1897 3082 1957 3130; x_wconf 89' lang='lat' dir='ltr'><strong>tu</strong></span> <span class='ocrx_word' id='word_1_697' title='bbox 1994 3075 2148 3143; x_wconf 87' lang='lat' dir='ltr'><strong>dicis,</strong></span> <span class='ocrx_word' id='word_1_698' title='bbox 2180 3076 2374 3133; x_wconf 89' lang='lat' dir='ltr'><strong>Factor</strong></span> <span class='ocrx_word' id='word_1_699' title='bbox 2402 3080 2526 3151; x_wconf 86' lang='lat' dir='ltr'><strong>legis</strong></span> <span class='ocrx_word' id='word_1_700' title='bbox 2552 3090 2750 3136; x_wconf 89' lang='lat' dir='ltr'><strong>tantum</strong></span> <span class='ocrx_word' id='word_1_701' title='bbox 2784 3082 2925 3138; x_wconf 87' lang='lat' dir='ltr'><strong>debet</strong></span> <span class='ocrx_word' id='word_1_702' title='bbox 2966 3086 3169 3152; x_wconf 87' lang='lat' dir='ltr'><strong>audiri;</strong></span> <span class='ocrx_word' id='word_1_703' title='bbox 3209 3096 3263 3143; x_wconf 93' lang='lat' dir='ltr'><strong>et</strong></span> <span class='ocrx_word' id='word_1_704' title='bbox 3310 3088 3495 3146; x_wconf 84' lang='lat' dir='ltr'><strong>volens</strong></span> 
     </span>
    </p>
   </div>
   <div class='ocr_carea' id='block_1_91' title="bbox 1897 3168 3491 3249">
    <p class='ocr_par' dir='ltr' id='par_1_91' title="bbox 1897 3168 3491 3249">
     <span class='ocr_line' id='line_1_91' title="bbox 1897 3168 3491 3249; baseline 0.009 -27"><span class='ocrx_word' id='word_1_705' title='bbox 1897 3168 2221 3239; x_wconf 87' lang='lat' dir='ltr'><strong>redarguere</strong></span> <span class='ocrx_word' id='word_1_706' title='bbox 2248 3171 2401 3241; x_wconf 89' lang='lat' dir='ltr'><strong>quasi</strong></span> <span class='ocrx_word' id='word_1_707' title='bbox 2428 3182 2825 3241; x_wconf 89' lang='lat' dir='ltr'><strong>persecutorem</strong></span> <span class='ocrx_word' id='word_1_708' title='bbox 2852 3182 3020 3243; x_wconf 89' lang='lat' dir='ltr'><strong>tuum,</strong></span> <span class='ocrx_word' id='word_1_709' title='bbox 3047 3177 3283 3249; x_wconf 90' lang='lat' dir='ltr'><strong>loqueris</strong></span> <span class='ocrx_word' id='word_1_710' title='bbox 3295 3178 3491 3236; x_wconf 86' lang='lat' dir='ltr'><strong>adver—</strong></span> 
     </span>
    </p>
   </div>
   <div class='ocr_carea' id='block_1_92' title="bbox 1896 3260 3485 3339">
    <p class='ocr_par' dir='ltr' id='par_1_92' title="bbox 1896 3260 3485 3339">
     <span class='ocr_line' id='line_1_92' title="bbox 1896 3260 3485 3339; baseline 0.008 -26"><span class='ocrx_word' id='word_1_711' title='bbox 1896 3273 1988 3314; x_wconf 88' lang='lat' dir='ltr'><strong>sus</strong></span> <span class='ocrx_word' id='word_1_712' title='bbox 2015 3260 2321 3317; x_wconf 89' lang='lat' dir='ltr'><strong>Creatorem</strong></span> <span class='ocrx_word' id='word_1_713' title='bbox 2353 3271 2521 3318; x_wconf 91' lang='lat' dir='ltr'><strong>tuum.</strong></span> <span class='ocrx_word' id='word_1_714' title='bbox 2552 3264 2831 3321; x_wconf 89' lang='lat' dir='ltr'><strong>Peccatori</strong></span> <span class='ocrx_word' id='word_1_715' title='bbox 2874 3267 3088 3338; x_wconf 88' lang='lat' dir='ltr'><strong>quidem</strong></span> <span class='ocrx_word' id='word_1_716' title='bbox 3128 3268 3255 3324; x_wconf 92' lang='lat' dir='ltr'><strong>dicit</strong></span> <span class='ocrx_word' id='word_1_717' title='bbox 3296 3270 3438 3326; x_wconf 91' lang='lat' dir='ltr'><strong>Deus</strong></span> <span class='ocrx_word' id='word_1_718' title='bbox 3467 3312 3485 3339; x_wconf 95' lang='lat'><strong>,</strong></span> 
     </span>
    </p>
   </div>
   <div class='ocr_carea' id='block_1_93' title="bbox 1901 3350 3491 3428">
    <p class='ocr_par' dir='ltr' id='par_1_93' title="bbox 1901 3350 3491 3428">
     <span class='ocr_line' id='line_1_93' title="bbox 1901 3350 3491 3428; baseline 0.009 -23"><span class='ocrx_word' id='word_1_719' title='bbox 1901 3350 2095 3423; x_wconf 87' lang='lat' dir='ltr'><strong>thuid</strong></span> <span class='ocrx_word' id='word_1_720' title='bbox 2122 3363 2175 3408; x_wconf 89' lang='lat' dir='ltr'><strong>tu</strong></span> <span class='ocrx_word' id='word_1_721' title='bbox 2202 3371 2409 3410; x_wconf 89' lang='lat' dir='ltr'><strong>enarras</strong></span> <span class='ocrx_word' id='word_1_722' title='bbox 2427 3356 2656 3428; x_wconf 87' lang='lat' dir='ltr'><strong>justitias</strong></span> <span class='ocrx_word' id='word_1_723' title='bbox 2680 3375 2817 3413; x_wconf 86' lang='lat' dir='ltr'><strong>meas</strong></span> <span class='ocrx_word' id='word_1_724' title='bbox 2835 3401 2851 3427; x_wconf 92' lang='lat'><strong>,</strong></span> <span class='ocrx_word' id='word_1_725' title='bbox 2897 3368 2947 3414; x_wconf 90' lang='lat' dir='ltr'><strong>et</strong></span> <span class='ocrx_word' id='word_1_726' title='bbox 2973 3363 3191 3417; x_wconf 86' lang='lat' dir='ltr'><strong>assumis</strong></span> <span class='ocrx_word' id='word_1_727' title='bbox 3222 3372 3491 3419; x_wconf 86' lang='lat' dir='ltr'><strong>testamen-</strong></span> 
     </span>
    </p>
   </div>
   <div class='ocr_carea' id='block_1_94' title="bbox 1896 3448 3488 3526">
    <p class='ocr_par' dir='ltr' id='par_1_94' title="bbox 1896 3448 3488 3526">
     <span class='ocr_line' id='line_1_94' title="bbox 1896 3448 3488 3526; baseline 0.009 -29"><span class='ocrx_word' id='word_1_728' title='bbox 1896 3452 2003 3498; x_wconf 89' lang='lat' dir='ltr'><strong>tum</strong></span> <span class='ocrx_word' id='word_1_729' title='bbox 2040 3462 2205 3501; x_wconf 87' lang='lat' dir='ltr'><strong>meum</strong></span> <span class='ocrx_word' id='word_1_730' title='bbox 2244 3464 2334 3517; x_wconf 87' lang='lat' dir='ltr'><strong>per</strong></span> <span class='ocrx_word' id='word_1_731' title='bbox 2380 3465 2437 3502; x_wconf 87' lang='lat' dir='ltr'><strong>os</strong></span> <span class='ocrx_word' id='word_1_732' title='bbox 2478 3459 2619 3502; x_wconf 86' lang='lat' dir='ltr'><strong>tuum</strong></span> <span class='ocrx_word' id='word_1_733' title='bbox 2646 3448 2819 3523; x_wconf 87' lang='lat' dir='ltr'><strong>(Psal.</strong></span> <span class='ocrx_word' id='word_1_734' title='bbox 2846 3467 2990 3521; x_wconf 66' lang='grc' dir='ltr'><strong>χιιι,</strong></span> <span class='ocrx_word' id='word_1_735' title='bbox 3022 3453 3147 3526; x_wconf 81' lang='lat' dir='ltr'><strong>I6)?</strong></span> <span class='ocrx_word' id='word_1_736' title='bbox 3191 3454 3297 3510; x_wconf 85' lang='lat' dir='ltr'><strong>Sed</strong></span> <span class='ocrx_word' id='word_1_737' title='bbox 3327 3455 3449 3512; x_wconf 88' lang='lat' dir='ltr'><strong>ideo</strong></span> <span class='ocrx_word' id='word_1_738' title='bbox 3471 3497 3488 3525; x_wconf 92' lang='lat'><strong>,</strong></span> 
     </span>
    </p>
   </div>
   <div class='ocr_carea' id='block_1_95' title="bbox 1894 3538 3489 3619">
    <p class='ocr_par' dir='ltr' id='par_1_95' title="bbox 1894 3538 3489 3619">
     <span class='ocr_line' id='line_1_95' title="bbox 1894 3538 3489 3619; baseline 0.008 -26"><span class='ocrx_word' id='word_1_739' title='bbox 1894 3538 2018 3609; x_wconf 89' lang='lat' dir='ltr'><strong>quia</strong></span> <span class='ocrx_word' id='word_1_740' title='bbox 2044 3540 2118 3595; x_wconf 93' lang='lat' dir='ltr'><strong>illi</strong></span> <span class='ocrx_word' id='word_1_741' title='bbox 2148 3540 2280 3596; x_wconf 87' lang='lat' dir='ltr'><strong>nihil</strong></span> <span class='ocrx_word' id='word_1_742' title='bbox 2320 3543 2562 3613; x_wconf 90' lang='lat' dir='ltr'><strong>prodest,</strong></span> <span class='ocrx_word' id='word_1_743' title='bbox 2610 3546 2702 3616; x_wconf 92' lang='lat' dir='ltr'><strong>qui</strong></span> <span class='ocrx_word' id='word_1_744' title='bbox 2745 3545 2914 3615; x_wconf 90' lang='lat' dir='ltr'><strong>dicit,</strong></span> <span class='ocrx_word' id='word_1_745' title='bbox 2948 3556 3002 3602; x_wconf 91' lang='lat' dir='ltr'><strong>et</strong></span> <span class='ocrx_word' id='word_1_746' title='bbox 3029 3548 3168 3619; x_wconf 89' lang='lat' dir='ltr'><strong>quod</strong></span> <span class='ocrx_word' id='word_1_747' title='bbox 3206 3549 3336 3605; x_wconf 87' lang='lat' dir='ltr'><strong>dicit</strong></span> <span class='ocrx_word' id='word_1_748' title='bbox 3380 3567 3489 3607; x_wconf 90' lang='lat' dir='ltr'><strong>non</strong></span> 
     </span>
    </p>
   </div>
   <div class='ocr_carea' id='block_1_96' title="bbox 1893 3631 3489 3708">
    <p class='ocr_par' dir='ltr' id='par_1_96' title="bbox 1893 3631 3489 3708">
     <span class='ocr_line' id='line_1_96' title="bbox 1893 3631 3489 3708; baseline 0.008 -23"><span class='ocrx_word' id='word_1_749' title='bbox 1893 3631 2038 3687; x_wconf 90' lang='lat' dir='ltr'><strong>facit.</strong></span> <span class='ocrx_word' id='word_1_750' title='bbox 2070 3632 2297 3688; x_wconf 87' lang='lat' dir='ltr'><strong>Prodest</strong></span> <span class='ocrx_word' id='word_1_751' title='bbox 2320 3644 2497 3691; x_wconf 88' lang='lat' dir='ltr'><strong>autem</strong></span> <span class='ocrx_word' id='word_1_752' title='bbox 2530 3637 2603 3691; x_wconf 93' lang='lat' dir='ltr'><strong>illi</strong></span> <span class='ocrx_word' id='word_1_753' title='bbox 2632 3638 2723 3707; x_wconf 87' lang='lat' dir='ltr'><strong>qui</strong></span> <span class='ocrx_word' id='word_1_754' title='bbox 2753 3639 2911 3692; x_wconf 85' lang='lat' dir='ltr'><strong>etiam</strong></span> <span class='ocrx_word' id='word_1_755' title='bbox 2934 3654 3034 3708; x_wconf 88' lang='lat' dir='ltr'><strong>per</strong></span> <span class='ocrx_word' id='word_1_756' title='bbox 3061 3640 3258 3693; x_wconf 90' lang='lat' dir='ltr'><strong>malum</strong></span> <span class='ocrx_word' id='word_1_757' title='bbox 3286 3641 3489 3697; x_wconf 85' lang='lat' dir='ltr'><strong>bonum</strong></span> 
     </span>
    </p>
   </div>
   <div class='ocr_carea' id='block_1_97' title="bbox 1892 3723 3487 3800">
    <p class='ocr_par' dir='ltr' id='par_1_97' title="bbox 1892 3723 3487 3800">
     <span class='ocr_line' id='line_1_97' title="bbox 1892 3723 3487 3800; baseline 0.006 -23"><span class='ocrx_word' id='word_1_758' title='bbox 1892 3723 2060 3787; x_wconf 90' lang='lat' dir='ltr'><strong>audit,</strong></span> <span class='ocrx_word' id='word_1_759' title='bbox 2103 3733 2159 3779; x_wconf 90' lang='lat' dir='ltr'><strong>et</strong></span> <span class='ocrx_word' id='word_1_760' title='bbox 2199 3725 2342 3794; x_wconf 91' lang='lat' dir='ltr'><strong>quod</strong></span> <span class='ocrx_word' id='word_1_761' title='bbox 2384 3726 2533 3781; x_wconf 90' lang='lat' dir='ltr'><strong>audit</strong></span> <span class='ocrx_word' id='word_1_762' title='bbox 2560 3725 2707 3781; x_wconf 87' lang='lat' dir='ltr'><strong>facit.</strong></span> <span class='ocrx_word' id='word_1_763' title='bbox 2751 3726 2875 3782; x_wconf 88' lang='lat' dir='ltr'><strong>Non</strong></span> <span class='ocrx_word' id='word_1_764' title='bbox 2900 3739 2975 3783; x_wconf 88' lang='lat' dir='ltr'><strong>est</strong></span> <span class='ocrx_word' id='word_1_765' title='bbox 3004 3730 3216 3799; x_wconf 89' lang='lat' dir='ltr'><strong>quidem</strong></span> <span class='ocrx_word' id='word_1_766' title='bbox 3257 3732 3487 3800; x_wconf 87' lang='lat' dir='ltr'><strong>speciosa</strong></span> 
     </span>
    </p>
   </div>
   <div class='ocr_carea' id='block_1_98' title="bbox 1894 3804 3489 3894">
    <p class='ocr_par' dir='ltr' id='par_1_98' title="bbox 1894 3804 3489 3894">
     <span class='ocr_line' id='line_1_98' title="bbox 1894 3804 3489 3894; baseline 0.008 -27"><span class='ocrx_word' id='word_1_767' title='bbox 1894 3814 2007 3869; x_wconf 89' lang='lat' dir='ltr'><strong>laus</strong></span> <span class='ocrx_word' id='word_1_768' title='bbox 2034 3815 2089 3869; x_wconf 88' lang='lat' dir='ltr'><strong>in</strong></span> <span class='ocrx_word' id='word_1_769' title='bbox 2115 3831 2201 3869; x_wconf 89' lang='lat' dir='ltr'><strong>ore</strong></span> <span class='ocrx_word' id='word_1_770' title='bbox 2226 3818 2501 3884; x_wconf 88' lang='lat' dir='ltr'><strong>peccatoris</strong></span> <span class='ocrx_word' id='word_1_771' title='bbox 2526 3817 2711 3889; x_wconf 87' lang='lat' dir='ltr'><strong>(Eccli.</strong></span> <span class='ocrx_word' id='word_1_772' title='bbox 2761 3835 2849 3885; x_wconf 84' lang='lat' dir='ltr'><strong>xv,</strong></span> <span class='ocrx_word' id='word_1_773' title='bbox 2884 3819 2938 3893; x_wconf 91' lang='lat'><strong>9)</strong></span> <span class='ocrx_word' id='word_1_774' title='bbox 2974 3838 2989 3877; x_wconf 90' lang='lat'><strong>:</strong></span> <span class='ocrx_word' id='word_1_775' title='bbox 3016 3804 3119 3877; x_wconf 83' lang='lat' dir='ltr'><strong>sed</strong></span> <span class='ocrx_word' id='word_1_776' title='bbox 3138 3824 3379 3894; x_wconf 90' lang='lat' dir='ltr'><strong>speciosa</strong></span> <span class='ocrx_word' id='word_1_777' title='bbox 3404 3835 3489 3881; x_wconf 88' lang='lat' dir='ltr'><strong>est</strong></span> 
     </span>
    </p>
   </div>
   <div class='ocr_carea' id='block_1_99' title="bbox 1892 3907 3486 3981">
    <p class='ocr_par' dir='ltr' id='par_1_99' title="bbox 1892 3907 3486 3981">
     <span class='ocr_line' id='line_1_99' title="bbox 1892 3907 3486 3981; baseline 0.009 -19"><span class='ocrx_word' id='word_1_778' title='bbox 1892 3907 1950 3963; x_wconf 89' lang='lat' dir='ltr'><strong>in</strong></span> <span class='ocrx_word' id='word_1_779' title='bbox 1980 3907 2086 3963; x_wconf 88' lang='lat' dir='ltr'><strong>vita</strong></span> <span class='ocrx_word' id='word_1_780' title='bbox 2117 3910 2462 3981; x_wconf 91' lang='lat' dir='ltr'><strong>moribusque</strong></span> <span class='ocrx_word' id='word_1_781' title='bbox 2487 3911 2734 3981; x_wconf 88' lang='lat' dir='ltr'><strong>factoris,</strong></span> <span class='ocrx_word' id='word_1_782' title='bbox 2767 3915 2977 3970; x_wconf 88' lang='lat' dir='ltr'><strong>etiamsi</strong></span> <span class='ocrx_word' id='word_1_783' title='bbox 3005 3916 3142 3973; x_wconf 86' lang='lat' dir='ltr'><strong>hanc</strong></span> <span class='ocrx_word' id='word_1_784' title='bbox 3166 3918 3395 3975; x_wconf 89' lang='lat' dir='ltr'><strong>audierit</strong></span> <span class='ocrx_word' id='word_1_785' title='bbox 3417 3936 3486 3977; x_wconf 84' lang='lat' dir='ltr'><strong>ex</strong></span> 
     </span>
    </p>
   </div>
   <div class='ocr_carea' id='block_1_100' title="bbox 1892 4001 3485 4076">
    <p class='ocr_par' dir='ltr' id='par_1_100' title="bbox 1892 4001 3485 4076">
     <span class='ocr_line' id='line_1_100' title="bbox 1892 4001 3485 4076; baseline 0.008 -22"><span class='ocrx_word' id='word_1_786' title='bbox 1892 4014 1990 4054; x_wconf 91' lang='lat' dir='ltr'><strong>ore</strong></span> <span class='ocrx_word' id='word_1_787' title='bbox 2018 4001 2749 4071; x_wconf 81' lang='lat' dir='ltr'><strong>peccatoris.Quantumlibet</strong></span> <span class='ocrx_word' id='word_1_788' title='bbox 2768 4020 2898 4076; x_wconf 89' lang='lat' dir='ltr'><strong>ergo</strong></span> <span class='ocrx_word' id='word_1_789' title='bbox 2923 4007 3167 4063; x_wconf 82' lang='lat' dir='ltr'><strong>existima</strong></span> <span class='ocrx_word' id='word_1_790' title='bbox 3189 4009 3485 4067; x_wconf 84' lang='lat' dir='ltr'><strong>Tribunum</strong></span> 
     </span>
    </p>
   </div>
   <div class='ocr_carea' id='block_1_101' title="bbox 1893 4098 3484 4168">
    <p class='ocr_par' dir='ltr' id='par_1_101' title="bbox 1893 4098 3484 4168">
     <span class='ocr_line' id='line_1_101' title="bbox 1893 4098 3484 4168; baseline 0.009 -22"><span class='ocrx_word' id='word_1_791' title='bbox 1893 4106 2013 4147; x_wconf 92' lang='lat' dir='ltr'><strong>esse</strong></span> <span class='ocrx_word' id='word_1_792' title='bbox 2042 4102 2379 4163; x_wconf 91' lang='lat' dir='ltr'><strong>peccatorem</strong></span> <span class='ocrx_word' id='word_1_793' title='bbox 2410 4137 2424 4162; x_wconf 96' lang='lat'><strong>,</strong></span> <span class='ocrx_word' id='word_1_794' title='bbox 2469 4105 2523 4152; x_wconf 89' lang='lat' dir='ltr'><strong>et</strong></span> <span class='ocrx_word' id='word_1_795' title='bbox 2571 4098 2702 4168; x_wconf 88' lang='lat' dir='ltr'><strong>legis</strong></span> <span class='ocrx_word' id='word_1_796' title='bbox 2733 4113 2840 4153; x_wconf 90' lang='lat' dir='ltr'><strong>non</strong></span> <span class='ocrx_word' id='word_1_797' title='bbox 2878 4114 2997 4155; x_wconf 91' lang='lat' dir='ltr'><strong>esse</strong></span> <span class='ocrx_word' id='word_1_798' title='bbox 3028 4100 3282 4158; x_wconf 84' lang='lat' dir='ltr'><strong>factorem</strong></span> <span class='ocrx_word' id='word_1_799' title='bbox 3314 4122 3329 4159; x_wconf 89' lang='lat'><strong>:</strong></span> <span class='ocrx_word' id='word_1_800' title='bbox 3355 4105 3484 4161; x_wconf 93' lang='lat' dir='ltr'><strong>obe-</strong></span> 
     </span>
    </p>
   </div>
   <div class='ocr_carea' id='block_1_102' title="bbox 1892 4182 3484 4267">
    <p class='ocr_par' dir='ltr' id='par_1_102' title="bbox 1892 4182 3484 4267">
     <span class='ocr_line' id='line_1_102' title="bbox 1892 4182 3484 4267; baseline 0.009 -29"><span class='ocrx_word' id='word_1_801' title='bbox 1892 4182 2102 4240; x_wconf 91' lang='lat' dir='ltr'><strong>dienter</strong></span> <span class='ocrx_word' id='word_1_802' title='bbox 2149 4194 2328 4242; x_wconf 90' lang='lat' dir='ltr'><strong>tamen</strong></span> <span class='ocrx_word' id='word_1_803' title='bbox 2357 4188 2510 4255; x_wconf 88' lang='lat' dir='ltr'><strong>audi,</strong></span> <span class='ocrx_word' id='word_1_804' title='bbox 2544 4204 2651 4243; x_wconf 91' lang='lat' dir='ltr'><strong>non</strong></span> <span class='ocrx_word' id='word_1_805' title='bbox 2696 4189 2876 4256; x_wconf 88' lang='lat' dir='ltr'><strong>istum,</strong></span> <span class='ocrx_word' id='word_1_806' title='bbox 2901 4191 2995 4246; x_wconf 91' lang='lat' dir='ltr'><strong>sed</strong></span> <span class='ocrx_word' id='word_1_807' title='bbox 3018 4192 3167 4249; x_wconf 91' lang='lat' dir='ltr'><strong>illum</strong></span> <span class='ocrx_word' id='word_1_808' title='bbox 3194 4196 3352 4250; x_wconf 89' lang='lat' dir='ltr'><strong>etiam</strong></span> <span class='ocrx_word' id='word_1_809' title='bbox 3386 4212 3484 4267; x_wconf 90' lang='lat' dir='ltr'><strong>per</strong></span> 
     </span>
    </p>
   </div>
   <div class='ocr_carea' id='block_1_103' title="bbox 1893 4277 3480 4357">
    <p class='ocr_par' dir='ltr' id='par_1_103' title="bbox 1893 4277 3480 4357">
     <span class='ocr_line' id='line_1_103' title="bbox 1893 4277 3480 4357; baseline 0.008 -25"><span class='ocrx_word' id='word_1_810' title='bbox 1893 4277 2053 4333; x_wconf 90' lang='lat' dir='ltr'><strong>istum</strong></span> <span class='ocrx_word' id='word_1_811' title='bbox 2081 4279 2170 4349; x_wconf 90' lang='lat' dir='ltr'><strong>qui</strong></span> <span class='ocrx_word' id='word_1_812' title='bbox 2199 4279 2347 4347; x_wconf 90' lang='lat' dir='ltr'><strong>dicit,</strong></span> <span class='ocrx_word' id='word_1_813' title='bbox 2377 4280 2438 4336; x_wconf 91' lang='lat' dir='ltr'><strong>Si</strong></span> <span class='ocrx_word' id='word_1_814' title='bbox 2463 4297 2550 4335; x_wconf 86' lang='lat' dir='ltr'><strong>vos</strong></span> <span class='ocrx_word' id='word_1_815' title='bbox 2572 4284 2819 4354; x_wconf 85' lang='lat' dir='ltr'><strong>persecuti</strong></span> <span class='ocrx_word' id='word_1_816' title='bbox 2845 4285 3032 4355; x_wconf 79' lang='lat' dir='ltr'><strong>fuerint</strong></span> <span class='ocrx_word' id='word_1_817' title='bbox 3057 4286 3111 4340; x_wconf 90' lang='lat' dir='ltr'><strong>in</strong></span> <span class='ocrx_word' id='word_1_818' title='bbox 3136 4304 3240 4341; x_wconf 87' lang='lat' dir='ltr'><strong>una</strong></span> <span class='ocrx_word' id='word_1_819' title='bbox 3258 4288 3480 4357; x_wconf 79' lang='lat' dir='ltr'><strong>civitate,</strong></span> 
     </span>
    </p>
   </div>
   <div class='ocr_carea' id='block_1_104' title="bbox 1891 4371 3485 4448">
    <p class='ocr_par' dir='ltr' id='par_1_104' title="bbox 1891 4371 3485 4448">
     <span class='ocr_line' id='line_1_104' title="bbox 1891 4371 3485 4448; baseline 0.009 -25"><span class='ocrx_word' id='word_1_820' title='bbox 1891 4372 2052 4443; x_wconf 90' lang='lat' dir='ltr'><strong>fugite</strong></span> <span class='ocrx_word' id='word_1_821' title='bbox 2078 4372 2131 4426; x_wconf 86' lang='lat' dir='ltr'><strong>in</strong></span> <span class='ocrx_word' id='word_1_822' title='bbox 2159 4371 2317 4425; x_wconf 88' lang='lat' dir='ltr'><strong>aliam</strong></span> <span class='ocrx_word' id='word_1_823' title='bbox 2357 4372 2569 4447; x_wconf 77' lang='lat' dir='ltr'><strong>(Matth.</strong></span> <span class='ocrx_word' id='word_1_824' title='bbox 2608 4390 2664 4441; x_wconf 86' lang='lat' dir='ltr'><strong>x,</strong></span> <span class='ocrx_word' id='word_1_825' title='bbox 2693 4375 2808 4448; x_wconf 68' lang='grc'><strong>25).</strong></span> <span class='ocrx_word' id='word_1_826' title='bbox 2831 4376 2969 4443; x_wconf 86' lang='lat' dir='ltr'><strong>Quid</strong></span> <span class='ocrx_word' id='word_1_827' title='bbox 3006 4379 3196 4433; x_wconf 81' lang='lat' dir='ltr'><strong>statis?</strong></span> <span class='ocrx_word' id='word_1_828' title='bbox 3224 4380 3401 4436; x_wconf 78' lang='lat' dir='ltr'><strong>audite</strong></span> <span class='ocrx_word' id='word_1_829' title='bbox 3428 4391 3485 4437; x_wconf 81' lang='lat' dir='ltr'><strong>et</strong></span> 
     </span>
    </p>
   </div>
   <div class='ocr_carea' id='block_1_105' title="bbox 1891 4465 3483 4540">
    <p class='ocr_par' dir='ltr' id='par_1_105' title="bbox 1891 4465 3483 4540">
     <span class='ocr_line' id='line_1_105' title="bbox 1891 4465 3483 4540; baseline 0.006 -20"><span class='ocrx_word' id='word_1_830' title='bbox 1891 4465 2087 4537; x_wconf 86' lang='lat' dir='ltr'><strong>fugite;</strong></span> <span class='ocrx_word' id='word_1_831' title='bbox 2131 4467 2376 4523; x_wconf 90' lang='lat' dir='ltr'><strong>Christus</strong></span> <span class='ocrx_word' id='word_1_832' title='bbox 2419 4467 2521 4524; x_wconf 91' lang='lat' dir='ltr'><strong>hoc</strong></span> <span class='ocrx_word' id='word_1_833' title='bbox 2568 4470 2824 4540; x_wconf 87' lang='lat' dir='ltr'><strong>imperat,</strong></span> <span class='ocrx_word' id='word_1_834' title='bbox 2879 4487 2986 4527; x_wconf 90' lang='lat' dir='ltr'><strong>non</strong></span> <span class='ocrx_word' id='word_1_835' title='bbox 3035 4471 3320 4528; x_wconf 89' lang='lat' dir='ltr'><strong>Tribunus.</strong></span> <span class='ocrx_word' id='word_1_836' title='bbox 3369 4474 3483 4529; x_wconf 88' lang='lat' dir='ltr'><strong>Nisi</strong></span> 
     </span>
    </p>
   </div>
   <div class='ocr_carea' id='block_1_106' title="bbox 1892 4558 3485 4636">
    <p class='ocr_par' dir='ltr' id='par_1_106' title="bbox 1892 4558 3485 4636">
     <span class='ocr_line' id='line_1_106' title="bbox 1892 4558 3485 4636; baseline 0.007 -23"><span class='ocrx_word' id='word_1_837' title='bbox 1892 4558 2032 4617; x_wconf 89' lang='lat' dir='ltr'><strong>forte</strong></span> <span class='ocrx_word' id='word_1_838' title='bbox 2055 4562 2348 4633; x_wconf 87' lang='lat' dir='ltr'><strong>respondes</strong></span> <span class='ocrx_word' id='word_1_839' title='bbox 2376 4572 2431 4618; x_wconf 93' lang='lat' dir='ltr'><strong>et</strong></span> <span class='ocrx_word' id='word_1_840' title='bbox 2452 4564 2607 4632; x_wconf 92' lang='lat' dir='ltr'><strong>dicis,</strong></span> <span class='ocrx_word' id='word_1_841' title='bbox 2649 4565 2737 4619; x_wconf 89' lang='lat' dir='ltr'><strong>Ait</strong></span> <span class='ocrx_word' id='word_1_842' title='bbox 2762 4565 2977 4636; x_wconf 91' lang='lat' dir='ltr'><strong>quidem</strong></span> <span class='ocrx_word' id='word_1_843' title='bbox 3002 4566 3267 4632; x_wconf 88' lang='lat' dir='ltr'><strong>Christus,</strong></span> <span class='ocrx_word' id='word_1_844' title='bbox 3299 4567 3362 4623; x_wconf 81' lang='lat' dir='ltr'><strong>Si</strong></span> <span class='ocrx_word' id='word_1_845' title='bbox 3398 4585 3485 4624; x_wconf 85' lang='lat' dir='ltr'><strong>vos</strong></span> 
     </span>
    </p>
   </div>
   <div class='ocr_carea' id='block_1_107' title="bbox 1893 4656 3482 4729">
    <p class='ocr_par' dir='ltr' id='par_1_107' title="bbox 1893 4656 3482 4729">
     <span class='ocr_line' id='line_1_107' title="bbox 1893 4656 3482 4729; baseline 0.004 -21"><span class='ocrx_word' id='word_1_846' title='bbox 1893 4656 2141 4724; x_wconf 85' lang='lat' dir='ltr'><strong>persecuti</strong></span> <span class='ocrx_word' id='word_1_847' title='bbox 2167 4656 2356 4726; x_wconf 86' lang='lat' dir='ltr'><strong>fuerint</strong></span> <span class='ocrx_word' id='word_1_848' title='bbox 2379 4656 2434 4710; x_wconf 85' lang='lat' dir='ltr'><strong>in</strong></span> <span class='ocrx_word' id='word_1_849' title='bbox 2463 4657 2561 4711; x_wconf 87' lang='lat' dir='ltr'><strong>ista</strong></span> <span class='ocrx_word' id='word_1_850' title='bbox 2598 4657 2829 4725; x_wconf 83' lang='lat' dir='ltr'><strong>ciuitate,</strong></span> <span class='ocrx_word' id='word_1_851' title='bbox 2882 4659 3039 4729; x_wconf 87' lang='lat' dir='ltr'><strong>fugite</strong></span> <span class='ocrx_word' id='word_1_852' title='bbox 3067 4660 3120 4713; x_wconf 87' lang='lat' dir='ltr'><strong>in</strong></span> <span class='ocrx_word' id='word_1_853' title='bbox 3158 4660 3315 4714; x_wconf 89' lang='lat' dir='ltr'><strong>aliam</strong></span> <span class='ocrx_word' id='word_1_854' title='bbox 3340 4676 3359 4714; x_wconf 88' lang='lat'><strong><em>:</em></strong></span> <span class='ocrx_word' id='word_1_855' title='bbox 3387 4660 3482 4716; x_wconf 90' lang='lat' dir='ltr'><strong>sed</strong></span> 
     </span>
    </p>
   </div>
   <div class='ocr_carea' id='block_1_108' title="bbox 1891 4748 3484 4820">
    <p class='ocr_par' dir='ltr' id='par_1_108' title="bbox 1891 4748 3484 4820">
     <span class='ocr_line' id='line_1_108' title="bbox 1891 4748 3484 4820; baseline 0.002 -17"><span class='ocrx_word' id='word_1_856' title='bbox 1891 4763 2057 4818; x_wconf 90' lang='lat' dir='ltr'><strong>quare</strong></span> <span class='ocrx_word' id='word_1_857' title='bbox 2085 4748 2154 4803; x_wconf 92' lang='lat' dir='ltr'><strong>de</strong></span> <span class='ocrx_word' id='word_1_858' title='bbox 2184 4749 2285 4803; x_wconf 90' lang='lat' dir='ltr'><strong>ista</strong></span> <span class='ocrx_word' id='word_1_859' title='bbox 2310 4748 2522 4803; x_wconf 87' lang='lat' dir='ltr'><strong>civitate</strong></span> <span class='ocrx_word' id='word_1_860' title='bbox 2541 4748 2833 4815; x_wconf 85' lang='lat' dir='ltr'><strong>discedam,</strong></span> <span class='ocrx_word' id='word_1_861' title='bbox 2853 4750 3065 4820; x_wconf 88' lang='lat' dir='ltr'><strong>quando</strong></span> <span class='ocrx_word' id='word_1_862' title='bbox 3084 4767 3185 4807; x_wconf 88' lang='lat' dir='ltr'><strong>nec</strong></span> <span class='ocrx_word' id='word_1_863' title='bbox 3205 4753 3307 4807; x_wconf 89' lang='lat' dir='ltr'><strong>iste</strong></span> <span class='ocrx_word' id='word_1_864' title='bbox 3328 4766 3484 4806; x_wconf 88' lang='lat' dir='ltr'><strong>meus</strong></span> 
     </span>
    </p>
   </div>
   <div class='ocr_carea' id='block_1_109' title="bbox 1891 4839 3480 4911">
    <p class='ocr_par' dir='ltr' id='par_1_109' title="bbox 1891 4839 3480 4911">
     <span class='ocr_line' id='line_1_109' title="bbox 1891 4839 3480 4911; baseline 0.001 -17"><span class='ocrx_word' id='word_1_865' title='bbox 1891 4848 1973 4894; x_wconf 91' lang='lat' dir='ltr'><strong>est</strong></span> <span class='ocrx_word' id='word_1_866' title='bbox 1998 4848 2331 4909; x_wconf 90' lang='lat' dir='ltr'><strong>persecutor,</strong></span> <span class='ocrx_word' id='word_1_867' title='bbox 2360 4854 2461 4894; x_wconf 90' lang='lat' dir='ltr'><strong>nec</strong></span> <span class='ocrx_word' id='word_1_868' title='bbox 2489 4854 2588 4909; x_wconf 88' lang='lat' dir='ltr'><strong>ego</strong></span> <span class='ocrx_word' id='word_1_869' title='bbox 2610 4839 2809 4895; x_wconf 88' lang='lat' dir='ltr'><strong>Christi</strong></span> <span class='ocrx_word' id='word_1_870' title='bbox 2835 4855 2953 4895; x_wconf 92' lang='lat' dir='ltr'><strong>sum</strong></span> <span class='ocrx_word' id='word_1_871' title='bbox 2992 4842 3236 4897; x_wconf 80' lang='lat' dir='ltr'><strong>auditor?</strong></span> <span class='ocrx_word' id='word_1_872' title='bbox 3275 4844 3351 4895; x_wconf 88' lang='lat' dir='ltr'><strong>Ac</strong></span> <span class='ocrx_word' id='word_1_873' title='bbox 3381 4857 3480 4911; x_wconf 90' lang='lat' dir='ltr'><strong>per</strong></span> 
     </span>
    </p>
   </div>
   <div class='ocr_carea' id='block_1_110' title="bbox 1890 4930 3478 5004">
    <p class='ocr_par' dir='ltr' id='par_1_110' title="bbox 1890 4930 3478 5004">
     <span class='ocr_line' id='line_1_110' title="bbox 1890 4930 3478 5004; baseline 0.001 -19"><span class='ocrx_word' id='word_1_874' title='bbox 1890 4930 1994 4987; x_wconf 89' lang='lat' dir='ltr'><strong>hoc</strong></span> <span class='ocrx_word' id='word_1_875' title='bbox 2017 4932 2062 4987; x_wconf 92' lang='lat' dir='ltr'><strong>si</strong></span> <span class='ocrx_word' id='word_1_876' title='bbox 2086 4933 2366 4998; x_wconf 84' lang='lat' dir='ltr'><strong>manseris,</strong></span> <span class='ocrx_word' id='word_1_877' title='bbox 2395 4933 2554 5002; x_wconf 91' lang='lat' dir='ltr'><strong>lupus</strong></span> <span class='ocrx_word' id='word_1_878' title='bbox 2587 4947 2645 4987; x_wconf 92' lang='lat' dir='ltr'><strong>es</strong></span> <span class='ocrx_word' id='word_1_879' title='bbox 2674 4934 2934 5001; x_wconf 67' lang='lat' dir='ltr'><strong>saeviens;</strong></span> <span class='ocrx_word' id='word_1_880' title='bbox 2968 4935 3014 4993; x_wconf 89' lang='lat' dir='ltr'><strong>si</strong></span> <span class='ocrx_word' id='word_1_881' title='bbox 3047 4934 3279 5004; x_wconf 87' lang='lat' dir='ltr'><strong>fugeris,</strong></span> <span class='ocrx_word' id='word_1_882' title='bbox 3322 4933 3478 5002; x_wconf 91' lang='lat' dir='ltr'><strong>lupus</strong></span> 
     </span>
    </p>
   </div>
   <div class='ocr_carea' id='block_1_111' title="bbox 1890 5024 3478 5097">
    <p class='ocr_par' dir='ltr' id='par_1_111' title="bbox 1890 5024 3478 5097">
     <span class='ocr_line' id='line_1_111' title="bbox 1890 5024 3478 5097; baseline -0.001 -17"><span class='ocrx_word' id='word_1_883' title='bbox 1890 5039 1949 5080; x_wconf 91' lang='lat' dir='ltr'><strong>es</strong></span> <span class='ocrx_word' id='word_1_884' title='bbox 1976 5024 2189 5080; x_wconf 89' lang='lat' dir='ltr'><strong>timens.</strong></span> <span class='ocrx_word' id='word_1_885' title='bbox 2224 5025 2292 5080; x_wconf 88' lang='lat' dir='ltr'><strong>Et</strong></span> <span class='ocrx_word' id='word_1_886' title='bbox 2320 5026 2571 5095; x_wconf 91' lang='lat' dir='ltr'><strong>quoniam</strong></span> <span class='ocrx_word' id='word_1_887' title='bbox 2601 5040 2831 5096; x_wconf 90' lang='lat' dir='ltr'><strong>sponsus</strong></span> <span class='ocrx_word' id='word_1_888' title='bbox 2856 5027 3004 5095; x_wconf 89' lang='lat' dir='ltr'><strong>dicit,</strong></span> <span class='ocrx_word' id='word_1_889' title='bbox 3035 5025 3155 5080; x_wconf 85' lang='lat' dir='ltr'><strong>Nisi</strong></span> <span class='ocrx_word' id='word_1_890' title='bbox 3188 5026 3478 5097; x_wconf 81' lang='lat' dir='ltr'><strong>cognoveris</strong></span> 
     </span>
    </p>
   </div>
   <div class='ocr_carea' id='block_1_112' title="bbox 1891 5117 3480 5189">
    <p class='ocr_par' dir='ltr' id='par_1_112' title="bbox 1891 5117 3480 5189">
     <span class='ocr_line' id='line_1_112' title="bbox 1891 5117 3480 5189; baseline 0.003 -20"><span class='ocrx_word' id='word_1_891' title='bbox 1891 5117 2222 5187; x_wconf 81' lang='lat' dir='ltr'><strong>temetipsum,</strong></span> <span class='ocrx_word' id='word_1_892' title='bbox 2253 5133 2283 5171; x_wconf 91' lang='grc' dir='ltr'><strong><em>ο</em></strong></span> <span class='ocrx_word' id='word_1_893' title='bbox 2311 5118 2524 5188; x_wconf 83' lang='lat' dir='ltr'><strong>pulchra</strong></span> <span class='ocrx_word' id='word_1_894' title='bbox 2553 5119 2610 5173; x_wconf 91' lang='lat' dir='ltr'><strong>in</strong></span> <span class='ocrx_word' id='word_1_895' title='bbox 2640 5118 2954 5186; x_wconf 88' lang='lat' dir='ltr'><strong>mulieribus,</strong></span> <span class='ocrx_word' id='word_1_896' title='bbox 2988 5118 3068 5172; x_wconf 75' lang='lat' dir='ltr'><strong>exi</strong></span> <span class='ocrx_word' id='word_1_897' title='bbox 3100 5126 3154 5172; x_wconf 87' lang='lat' dir='ltr'><strong>tu</strong></span> <span class='ocrx_word' id='word_1_898' title='bbox 3179 5119 3231 5171; x_wconf 91' lang='lat' dir='ltr'><strong>in</strong></span> <span class='ocrx_word' id='word_1_899' title='bbox 3260 5118 3480 5189; x_wconf 83' lang='lat' dir='ltr'><strong>vestigiis</strong></span> 
     </span>
    </p>
   </div>
   <div class='ocr_carea' id='block_1_113' title="bbox 1889 5209 3479 5280">
    <p class='ocr_par' dir='ltr' id='par_1_113' title="bbox 1889 5209 3479 5280">
     <span class='ocr_line' id='line_1_113' title="bbox 1889 5209 3479 5280; baseline 0.002 -19"><span class='ocrx_word' id='word_1_900' title='bbox 1889 5224 2098 5280; x_wconf 88' lang='lat' dir='ltr'><strong>gregum</strong></span> <span class='ocrx_word' id='word_1_901' title='bbox 2127 5218 2348 5277; x_wconf 87' lang='lat' dir='ltr'><strong>tuorum,</strong></span> <span class='ocrx_word' id='word_1_902' title='bbox 2390 5219 2437 5264; x_wconf 92' lang='lat' dir='ltr'><strong>et</strong></span> <span class='ocrx_word' id='word_1_903' title='bbox 2472 5227 2621 5280; x_wconf 89' lang='lat' dir='ltr'><strong>pasce</strong></span> <span class='ocrx_word' id='word_1_904' title='bbox 2668 5211 2840 5266; x_wconf 65' lang='lat' dir='ltr'><strong>haedos</strong></span> <span class='ocrx_word' id='word_1_905' title='bbox 2884 5222 2996 5264; x_wconf 90' lang='lat' dir='ltr'><strong>tuos</strong></span> <span class='ocrx_word' id='word_1_906' title='bbox 3040 5210 3094 5263; x_wconf 90' lang='lat' dir='ltr'><strong>in</strong></span> <span class='ocrx_word' id='word_1_907' title='bbox 3142 5209 3479 5264; x_wconf 87' lang='lat' dir='ltr'><strong>tabernaculis</strong></span> 
     </span>
    </p>
   </div>
   <div class='ocr_carea' id='block_1_114' title="bbox 1890 5300 3477 5375">
    <p class='ocr_par' dir='ltr' id='par_1_114' title="bbox 1890 5300 3477 5375">
     <span class='ocr_line' id='line_1_114' title="bbox 1890 5300 3477 5375; baseline 0.002 -21"><span class='ocrx_word' id='word_1_908' title='bbox 1890 5310 2151 5372; x_wconf 87' lang='lat' dir='ltr'><strong>pastorum</strong></span> <span class='ocrx_word' id='word_1_909' title='bbox 2178 5300 2350 5372; x_wconf 85' lang='lat' dir='ltr'><strong>(Cant.</strong></span> <span class='ocrx_word' id='word_1_910' title='bbox 2377 5320 2417 5367; x_wconf 86' lang='grc' dir='ltr'><strong>ι,</strong></span> <span class='ocrx_word' id='word_1_911' title='bbox 2446 5304 2503 5375; x_wconf 88' lang='lat'><strong>7)</strong></span> <span class='ocrx_word' id='word_1_912' title='bbox 2537 5321 2550 5357; x_wconf 92' lang='lat'>:</span> <span class='ocrx_word' id='word_1_913' title='bbox 2584 5304 2791 5358; x_wconf 88' lang='lat' dir='ltr'><strong>etiamsi</strong></span> <span class='ocrx_word' id='word_1_914' title='bbox 2836 5311 2887 5357; x_wconf 92' lang='lat' dir='ltr'><strong>te</strong></span> <span class='ocrx_word' id='word_1_915' title='bbox 2913 5310 3181 5373; x_wconf 59' lang='lat' dir='ltr'><strong>pistorem</strong></span> <span class='ocrx_word' id='word_1_916' title='bbox 3210 5316 3329 5357; x_wconf 90' lang='lat' dir='ltr'><strong>esse</strong></span> <span class='ocrx_word' id='word_1_917' title='bbox 3356 5301 3477 5372; x_wconf 88' lang='lat' dir='ltr'><strong>glo-</strong></span> 
     </span>
    </p>
   </div>
   <div class='ocr_carea' id='block_1_115' title="bbox 1889 5391 3478 5466">
    <p class='ocr_par' dir='ltr' id='par_1_115' title="bbox 1889 5391 3478 5466">
     <span class='ocr_line' id='line_1_115' title="bbox 1889 5391 3478 5466; baseline 0 -18"><span class='ocrx_word' id='word_1_918' title='bbox 1889 5393 2073 5460; x_wconf 88' lang='lat' dir='ltr'><strong>riaris,</strong></span> <span class='ocrx_word' id='word_1_919' title='bbox 2116 5403 2294 5450; x_wconf 87' lang='lat' dir='ltr'><strong>tamen</strong></span> <span class='ocrx_word' id='word_1_920' title='bbox 2343 5396 2465 5466; x_wconf 89' lang='lat' dir='ltr'><strong>quia</strong></span> <span class='ocrx_word' id='word_1_921' title='bbox 2503 5396 2569 5451; x_wconf 89' lang='lat' dir='ltr'><strong>de</strong></span> <span class='ocrx_word' id='word_1_922' title='bbox 2605 5394 2731 5450; x_wconf 93' lang='lat' dir='ltr'><strong>ovili</strong></span> <span class='ocrx_word' id='word_1_923' title='bbox 2771 5393 3039 5451; x_wconf 87' lang='lat' dir='ltr'><strong>dominico</strong></span> <span class='ocrx_word' id='word_1_924' title='bbox 3070 5394 3262 5461; x_wconf 77' lang='lat' dir='ltr'><strong>existi,</strong></span> <span class='ocrx_word' id='word_1_925' title='bbox 3294 5391 3478 5450; x_wconf 68' lang='lat' dir='ltr'><strong>hazdos</strong></span> 
     </span>
    </p>
   </div>
   <div class='ocr_carea' id='block_1_116' title="bbox 1890 5485 2762 5556">
    <p class='ocr_par' dir='ltr' id='par_1_116' title="bbox 1890 5485 2762 5556">
     <span class='ocr_line' id='line_1_116' title="bbox 1890 5485 2762 5556; baseline 0 -16"><span class='ocrx_word' id='word_1_926' title='bbox 1890 5495 2009 5543; x_wconf 90' lang='lat' dir='ltr'><strong>tuos</strong></span> <span class='ocrx_word' id='word_1_927' title='bbox 2038 5488 2232 5556; x_wconf 85' lang='lat' dir='ltr'><strong>pascis;</strong></span> <span class='ocrx_word' id='word_1_928' title='bbox 2261 5503 2366 5543; x_wconf 90' lang='lat' dir='ltr'><strong>non</strong></span> <span class='ocrx_word' id='word_1_929' title='bbox 2391 5503 2523 5543; x_wconf 89' lang='lat' dir='ltr'><strong>oves</strong></span> <span class='ocrx_word' id='word_1_930' title='bbox 2544 5485 2762 5542; x_wconf 90' lang='lat' dir='ltr'><strong>Christi.</strong></span> 
     </span>
    </p>
   </div>
   <div class='ocr_carea' id='block_1_117' title="bbox 1961 5599 3475 5670">
    <p class='ocr_par' dir='ltr' id='par_1_117' title="bbox 1961 5599 3475 5670">
     <span class='ocr_line' id='line_1_117' title="bbox 1961 5599 3475 5670; baseline -0.001 -13"><span class='ocrx_word' id='word_1_931' title='bbox 1961 5601 2186 5657; x_wconf 88' lang='lat' dir='ltr'><strong>CAPUT</strong></span> <span class='ocrx_word' id='word_1_932' title='bbox 2230 5601 2415 5657; x_wconf 81' lang='lat' dir='ltr'><strong>XVIII.</strong></span> <span class='ocrx_word' id='word_1_933' title='bbox 2460 5631 2531 5642; x_wconf 92' lang='lat'><strong>—-</strong></span> <span class='ocrx_word' id='word_1_934' title='bbox 2560 5600 2649 5656; x_wconf 88' lang='grc'><strong>19.</strong></span> <span class='ocrx_word' id='word_1_935' title='bbox 2698 5599 2873 5655; x_wconf 86' lang='lat' dir='ltr'><strong>Verba</strong></span> <span class='ocrx_word' id='word_1_936' title='bbox 2906 5600 3158 5670; x_wconf 61' lang='lat' dir='ltr'><strong>Epistolas</strong></span> <span class='ocrx_word' id='word_1_937' title='bbox 3192 5617 3205 5653; x_wconf 88' lang='lat'><strong>:</strong></span> <span class='ocrx_word' id='word_1_938' title='bbox 3238 5599 3435 5655; x_wconf 87' lang='lat' dir='ltr'><strong>Deinde</strong></span> <span class='ocrx_word' id='word_1_939' title='bbox 3460 5640 3475 5665; x_wconf 91' lang='lat'><strong>,</strong></span> 
     </span>
    </p>
   </div>
   <div class='ocr_carea' id='block_1_118' title="bbox 1889 5693 3477 5765">
    <p class='ocr_par' dir='ltr' id='par_1_118' title="bbox 1889 5693 3477 5765">
     <span class='ocr_line' id='line_1_118' title="bbox 1889 5693 3477 5765; baseline -0.001 -16"><span class='ocrx_word' id='word_1_940' title='bbox 1889 5694 2080 5764; x_wconf 91' lang='lat' dir='ltr'><strong>inquit,</strong></span> <span class='ocrx_word' id='word_1_941' title='bbox 2108 5708 2222 5765; x_wconf 77' lang='lat' dir='ltr'><strong>qua:</strong></span> <span class='ocrx_word' id='word_1_942' title='bbox 2244 5694 2355 5747; x_wconf 86' lang='lat' dir='ltr'><strong>loc&#39;a</strong></span> <span class='ocrx_word' id='word_1_943' title='bbox 2379 5702 2542 5760; x_wconf 88' lang='lat' dir='ltr'><strong>erunt,</strong></span> <span class='ocrx_word' id='word_1_944' title='bbox 2573 5708 2688 5764; x_wconf 68' lang='lat' dir='ltr'><strong>quia</strong></span> <span class='ocrx_word' id='word_1_945' title='bbox 2713 5693 2764 5747; x_wconf 88' lang='lat' dir='ltr'><strong>in</strong></span> <span class='ocrx_word' id='word_1_946' title='bbox 2814 5693 2907 5746; x_wconf 84' lang='lat' dir='ltr'><strong>hac</strong></span> <span class='ocrx_word' id='word_1_947' title='bbox 2947 5693 3304 5763; x_wconf 85' lang='lat' dir='ltr'><strong>persecutionis</strong></span> <span class='ocrx_word' id='word_1_948' title='bbox 3356 5709 3477 5762; x_wconf 84' lang='lat' dir='ltr'><strong>pro-</strong></span> 
     </span>
    </p>
   </div>
   <div class='ocr_carea' id='block_1_119' title="bbox 1956 5830 3477 5895">
    <p class='ocr_par' dir='ltr' id='par_1_119' title="bbox 1956 5830 3477 5895">
     <span class='ocr_line' id='line_1_119' title="bbox 1956 5830 3477 5895; baseline -0.005 -10"><span class='ocrx_word' id='word_1_949' title='bbox 1956 5836 1973 5869; x_wconf 76' lang='grc'>¹</span> <span class='ocrx_word' id='word_1_950' title='bbox 2008 5836 2082 5887; x_wconf 85' lang='lat' dir='ltr'><strong>sic</strong></span> <span class='ocrx_word' id='word_1_951' title='bbox 2122 5831 2371 5887; x_wconf 85' lang='lat' dir='ltr'><strong>Parcensis</strong></span> <span class='ocrx_word' id='word_1_952' title='bbox 2403 5837 2548 5885; x_wconf 79' lang='lat' dir='ltr'><strong>vetus</strong></span> <span class='ocrx_word' id='word_1_953' title='bbox 2584 5832 2759 5882; x_wconf 81' lang='lat' dir='ltr'><strong>codex.</strong></span> <span class='ocrx_word' id='word_1_954' title='bbox 2798 5839 2855 5882; x_wconf 83' lang='lat' dir='ltr'><strong>Al.</strong></span> <span class='ocrx_word' id='word_1_955' title='bbox 2894 5831 3031 5891; x_wconf 88' lang='lat' dir='ltr'><strong>editi,</strong></span> <span class='ocrx_word' id='word_1_956' title='bbox 3072 5830 3207 5895; x_wconf 88' lang='lat' dir='ltr'><strong>prior</strong></span> <span class='ocrx_word' id='word_1_957' title='bbox 3251 5843 3269 5882; x_wconf 90' lang='lat'><strong><em>:</em></strong></span> <span class='ocrx_word' id='word_1_958' title='bbox 3318 5831 3477 5881; x_wconf 80' lang='lat' dir='ltr'><strong>minus</strong></span> 
     </span>
    </p>
   </div>
   <div class='ocr_carea' id='block_1_120' title="bbox 1887 5903 2039 5955">
    <p class='ocr_par' dir='ltr' id='par_1_120' title="bbox 1887 5903 2039 5955">
     <span class='ocr_line' id='line_1_120' title="bbox 1887 5903 2039 5955; baseline -0.039 0"><span class='ocrx_word' id='word_1_959' title='bbox 1887 5903 2039 5955; x_wconf 86' lang='lat' dir='ltr'><strong>bene.</strong></span> 
     </span>
    </p>
   </div>
   <div class='ocr_carea' id='block_1_121' title="bbox 2662 5979 3154 6060">
    <p class='ocr_par' dir='ltr' id='par_1_121' title="bbox 2662 5979 3154 6060">
     <span class='ocr_line' id='line_1_121' title="bbox 2662 5979 3154 6060; baseline -0.012 -16"><span class='ocrx_word' id='word_1_960' title='bbox 2662 5979 3097 6060; x_wconf 55' lang='grc' dir='ltr'><strong>(νέηαι-Ποίαν</strong></span> <span class='ocrx_word' id='word_1_961' title='bbox 3120 5981 3154 6059; x_wconf 63' lang='lat' dir='ltr'><strong>,l</strong></span> 
     </span>
    </p>
   </div>
  </div>
