4026 6472
466 369 571 428 715

401 457 406 463 ι
464 486 594 542 cella
613 525 629 552 ,
670 479 894 553 undique
932 475 1223 551 perturbata
1276 470 1638 543 tranquillitate
1688 470 1705 500 ¹
1724 509 1740 536 ,
1782 461 2053 520 servandos

471 592 713 650 tanquam
763 577 817 630 in
845 585 1042 646 portum
1083 569 1330 641 recipiant
1373 564 1675 632 sacerdotes,
1710 561 1910 631 quando
1946 557 2058 613 Do-

469 672 639 726 minus
686 667 901 733 dixerit,
956 683 976 718 ‹
1021 661 1148 718 Cum
1179 677 1266 716 vos
1319 657 1545 731 persequi
1594 655 1832 723 coeperint
1870 653 1925 706 in
1962 651 2056 704 hac

471 769 692 832 civitate,
735 764 894 836 fugite
919 761 974 816 in
1003 760 1201 816 aliam?
1236 778 1255 812 ι
1289 755 1418 812 Tute
1457 764 1574 810 tunc
1620 752 1872 826 fugiebant
1917 749 2057 820 Apo-

469 861 606 928 stoli,
637 859 755 930 quia
793 855 1042 910 neminem
1077 869 1170 924 pro
1200 852 1270 906 eis
1298 848 1543 922 proscribi
1565 849 1788 919 jusserat
1819 842 2054 913 Impera-

468 963 566 1007 tor.
616 947 772 1004 Nunc
809 964 925 1002 vero
968 944 1371 1001 Christianorum
1409 949 1683 1012 receptores
1730 935 2060 1010 proscriptio-

466 1042 614 1098 nibus
652 1039 811 1095 territi
856 1041 900 1107 ’,
949 1035 1176 1110 pericula
1224 1035 1569 1106 formidantes,
1615 1047 1714 1086 non
1760 1030 1922 1084 solum
1958 1044 2058 1082 non

470 1134 742 1204 recipiunt,
787 1147 960 1186 verum
989 1130 1141 1184 etiam
1179 1129 1346 1183 videre
1375 1128 1548 1181 timent
1577 1141 1701 1198 quos
1741 1122 1886 1176 tacite
1915 1137 2058 1174 vene-

469 1235 667 1280 rantur.
714 1224 795 1280 Ad
838 1223 953 1279 haec
980 1221 1262 1293 responsio
1292 1238 1305 1274 :
1339 1219 1450 1275 Hoc
1501 1219 1654 1289 plane
1697 1214 1874 1280 laudo,
1916 1211 2058 1284 quod

469 1319 757 1392 agnoscitis
786 1334 917 1383 vos;
947 1316 1041 1373 sed
1070 1313 1213 1388 quod
1257 1329 1363 1370 non
1410 1327 1507 1368 vos
1549 1309 1833 1382 eorrigitis,
1879 1308 2055 1362 doleo.

470 1413 610 1482 Quid
640 1411 783 1468 enim
810 1411 910 1466 hac
939 1418 1027 1465 tua
1057 1408 1390 1480 professione
1431 1403 1765 1460 manifestius
1790 1444 1804 1467 ,
1837 1415 1939 1471 qua
1965 1399 2060 1454 de-

467 1508 643 1562 claras
669 1505 818 1572 satis,
847 1519 953 1558 non
982 1517 1076 1558 vos
1106 1501 1172 1556 ad
1199 1516 1384 1556 eorum
1414 1499 1680 1569 pertinere
1708 1492 2056 1557 consortium,

470 1597 662 1669 quibus
693 1595 950 1652 Dominus
979 1594 1084 1660 ait,
1127 1591 1190 1648 Si
1232 1608 1318 1646 vos
1347 1589 1591 1662 persecuti
1624 1587 1810 1658 fuerint
1855 1585 1909 1640 in
1959 1601 2063 1639 una

473 1692 702 1755 civitate,
745 1688 904 1761 fugite
942 1687 995 1741 in
1037 1685 1241 1741 aliam?
1265 1682 1467 1753 Nempe
1495 1681 1596 1736 hoc
1620 1689 1701 1736 est
1727 1678 1867 1750 quod
1904 1677 2061 1748 paulo

470 1793 596 1839 ante
624 1782 762 1849 dixi,
795 1794 951 1851 posse
980 1789 1030 1835 te
1057 1777 1188 1833 mihi
1215 1776 1497 1832 verissime
1528 1771 1852 1844 rCSpondere
1891 1770 1935 1825 si
1976 1769 2060 1824 di-

471 1891 585 1943 cas,
615 1873 727 1930 Nec
751 1873 852 1929 iste
879 1887 1031 1929 meus
1056 1881 1139 1928 est
1170 1878 1482 1941 persecutor
1503 1911 1516 1935 ,
1567 1882 1669 1934 nec
1711 1880 1811 1936 ego
1855 1864 2064 1918 auditor

471 1984 591 2024 sum
640 1966 858 2022 Christi.
907 1967 1045 2021 Ecce
1088 1964 1190 2019 hoc
1219 1963 1555 2033 apertissime
1602 1959 1753 2014 dicis.
1783 1955 2063 2024 Quomodo

476 2063 620 2118 enim
645 2077 706 2118 es
728 2060 940 2116 auditor
961 2057 1182 2124 Christi,
1229 2072 1350 2113 cum
1395 2055 1483 2109 ille
1528 2054 1638 2108 suis
1687 2050 2017 2106 auditoribus
2045 2090 2061 2116 ,

473 2153 580 2210 hoc
603 2160 708 2219 est,
730 2149 1081 2207 sectatoribus
1112 2147 1405 2219 promittat,
1437 2161 1602 2215 usque
1623 2144 1678 2199 in
1706 2145 1866 2198 finem
1883 2140 2066 2197 saeculi

473 2261 584 2303 non
609 2245 883 2301 defuturas
912 2243 980 2298 ad
1013 2255 1147 2312 quas
1185 2238 1494 2310 confugiant
1518 2237 1760 2292 civitates
1780 2277 1794 2301 ,
1827 2233 2067 2306 quando-

475 2352 707 2408 cumque
756 2335 1182 2407 persecutionem
1224 2332 1365 2403 passi
1405 2330 1632 2396 fuerint,
1684 2329 1898 2396 dicens,
1941 2326 2068 2382 Cum

475 2439 644 2485 autem
664 2436 1026 2500 persequentur
1043 2442 1132 2481 vos
1154 2426 1219 2480 in-
1237 2424 1438 2478 civitate
1459 2424 1579 2491 ista,
1613 2423 1769 2493 fugite
1795 2423 1846 2475 in
1871 2420 2026 2474 aliam
2047 2433 2068 2472 :

476 2539 623 2578 amen
671 2522 786 2576 dico
822 2521 994 2586 vobis,
1035 2537 1136 2574 non
1176 2517 1587 2573 consummabitis
1635 2517 1854 2570 civitates
1904 2513 2069 2568 Israel

477 2613 836 2670 donec'veniat
871 2610 1042 2668 Filius
1082 2609 1342 2665 hominis?
1372 2609 1449 2664 Tu
1477 2618 1655 2662 autem
1687 2609 1738 2661 in
1767 2609 1866 2661 hac
1889 2621 2070 2677 perse-

477 2707 727 2773 cutione,
777 2719 936 2777 quam
981 2718 1078 2759 vos
1129 2703 1413 2774 querimini
1464 2701 1688 2772 perpeti,
1729 2700 1838 2770 jam
1879 2698 2070 2755 deesse

478 2799 633 2856 vobis
655 2798 790 2854 dicis
820 2798 958 2864 loca,
985 2811 1093 2868 quo
1123 2796 1326 2867 fugere,
1356 2804 1412 2850 et
1436 2795 1522 2850 ubi
1555 2803 1804 2864 tanquam
1837 2793 1889 2847 in
1912 2803 2071 2864 portu

477 2891 700 2963 possitis
755 2890 825 2945 ab
871 2891 971 2945 hac
1021 2897 1338 2958 tempestate
1403 2887 1774 2958 requiescere;
1847 2886 2074 2956 loquens

481 2993 669 3041 contra
709 2984 1122 3054 promissionem
1156 2980 1377 3047 Christi,
1404 2981 1495 3052 qui
1521 2980 1651 3036 dicit
1672 2995 1777 3034 non
1798 2979 2075 3035 defuturas

483 3077 726 3133 civitates
747 3091 852 3146 quo
873 3073 1074 3146 fugiant
1097 3077 1176 3129 sui
1206 3075 1296 3145 qui
1320 3074 1747 3143 persecutionem
1779 3074 2069 3143 patiuntur,

485 3170 659 3226 donec
685 3168 885 3237 veniat,
917 3167 971 3222 id
999 3175 1101 3234 est,
1133 3181 1302 3238 usque
1329 3165 1398 3221 ad
1426 3165 1942 3220 consummationem
1969 3181 2075 3220 sa:-

485 3261 612 3317 culi.
641 3260 776 3328 Quia
805 3274 932 3329 ergo
962 3258 1052 3313 ille
1077 3258 1177 3316 hoc
1204 3257 1448 3329 promisit
1489 3257 1620 3325 suis,
1649 3256 1792 3328 quod
1831 3272 1926 3312 vos
1969 3272 2077 3312 non

487 3351 776 3418 invenitis;
807 3349 1046 3422 profecto
1091 3351 1184 3405 ille
1228 3349 1517 3417 mentitur,
1561 3349 1606 3404 si
1633 3364 1730 3404 vos
1755 3349 1874 3420 ejus
1901 3350 2073 3405 estis:

485 3445 584 3501 sed
605 3445 728 3514 quia
757 3443 845 3498 ille
879 3459 986 3496 non
1021 3443 1294 3508 mentitur,
1341 3455 1436 3495 vos
1487 3441 1606 3510 ejus
1637 3455 1749 3496 non
1798 3442 1947 3497 estis.
1999 3441 2079 3496 Ac

488 3550 587 3608 per
613 3533 716 3589 hoc
744 3547 844 3590 nec
871 3532 1139 3588 Tribunus
1184 3532 1272 3586 cui
1316 3531 1570 3587 rescribis
1593 3573 1608 3599 ,
1644 3541 1956 3601 perseeutor
1994 3540 2079 3588 est

486 3638 699 3695 vester;
746 3626 841 3684 sed
887 3635 1198 3698 persecutor
1244 3625 1606 3696 persecutoris
1643 3627 1826 3693 vestri,
1862 3627 1964 3682 hoc
1994 3635 2079 3682 est

487 3723 688 3781 erroris
711 3723 893 3790 vestri,
927 3737 1034 3793 quo
1071 3721 1333 3792 compulsi
1371 3721 1494 3776 talia
1536 3720 1738 3788 facitis,
1769 3728 1829 3776 ut
1856 3720 1924 3776 de
1962 3721 2079 3775 illo-

486 3831 611 3873 rum
633 3829 829 3886 genere
847 3814 986 3882 sitis,
1015 3813 1084 3870 de
1100 3813 1294 3884 quibus
1316 3813 1576 3884 scriptum
1603 3822 1706 3881 est,
1731 3813 1873 3884 quod
1897 3828 2081 3883 perse-

487 3908 760 3964 cutionem
785 3906 928 3978 passi
953 3907 1061 3962 sint
1085 3907 1154 3962 ab
1197 3907 1326 3975 ipsis
1353 3904 1508 3961 factis
1535 3907 1646 3962 suis
1673 3905 1830 3976 (Sap.
1859 3921 1930 3971 x1,
1960 3905 2074 3976 2i).

487 3999 723 4058 Proinde
755 4001 799 4055 si
825 3999 1134 4072 intelligatis
1164 3999 1292 4069 quid
1322 3999 1376 4053 in
1406 3999 1558 4054 vobis
1582 3999 1672 4069 qui
1695 4012 1790 4053 vos
1811 3998 2035 4068 diligunt
2056 4039 2072 4065 ,

487 4102 912 4176 persequantur;
943 4093 1058 4165 ipsa
1075 4092 1201 4153 sine
1230 4091 1414 4159 dubio,
1442 4106 1473 4145 a
1515 4091 1709 4161 quibus
1753 4090 2080 4160 persecutio-

490 4186 918 4259 mvpatimini,
956 4185 1095 4244 facta
1132 4185 1274 4241 mala
1295 4194 1475 4240 vestra
1504 4183 1736 4255 fugietis,
1765 4193 1820 4238 et
1855 4182 2080 4253 conjun-

492 4279 695 4353 gelnini
717 4280 798 4336 eis
831 4279 926 4351 qui
956 4287 1020 4335 ut
1038 4293 1137 4334 vos
1163 4278 1413 4346 libarent,
1446 4285 1840 4347 persequuntur
1865 4285 2078 4331 vestros

489 4380 875 4449 persecutores.
902 4373 928 4429 ἐ
960 4385 1070 4428 non
1107 4371 1254 4428 enim
1295 4372 1400 4427 nisi
1439 4378 1649 4428 vestros
1692 4381 2081 4442 persequuntur

487 4480 726 4525 amores.
940 4505 942 4509 ν

561 4556 793 4616 CAPUT
830 4555 975 4613 XIX.
999 4555 1186 4611 —20.
1216 4554 1392 4612 Verba
1430 4554 1683 4624 Epistolis:
1729 4573 1744 4610 :
1781 4553 1886 4608 Per
1923 4554 2078 4624 opiﬁ-

490 4667 624 4717 cem,
644 4650 834 4722 inquit,
862 4665 1035 4704 rerum
1057 4649 1284 4703 omnium
1307 4646 1587 4701 Dominum
1617 4646 1874 4702 Christum
1910 4647 2076 4700 omni-

490 4753 672 4816 potens
696 4741 836 4798 Deus
862 4742 1164 4813 fabricatum
1184 4742 1436 4796 hominem
1457 4749 1515 4795 ut
1545 4741 1654 4796 Deo
1668 4742 1900 4810 similem,
1921 4740 2078 4795 libero

491 4835 687 4891 dimisit
707 4834 934 4891 arbitrio.
965 4835 1228 4908 Scriptum
1255 4845 1328 4890 est
1349 4837 1502 4901 enim,
1539 4854 1558 4888 ς
1583 4835 1728 4890 Fecit
1753 4835 1891 4890 Deus
1915 4835 2077 4890 hami.

492 4943 612 4983 netu
633 4968 649 4996 ,
680 4936 727 4982 et
751 4927 944 4983 dimisit
971 4943 1084 4982 eum
1109 4927 1166 4981 in
1187 4943 1344 4982 manu
1369 4927 1567 4982 arbitrii
1593 4928 1673 4982 sui
1704 4947 1724 4981 ι
1751 4926 1937 4999 (Eccli.
1964 4944 2030 4982 xv
2059 4970 2075 4996 ,

495 5019 614 5092 ﬂ).
658 5020 794 5086 Quid
831 5019 962 5074 mihi
1009 5035 1141 5074 nunc
1185 5019 1408 5074 humano
1435 5021 1647 5090 imperio
1675 5020 1916 5090 eripitur,
1945 5020 2078 5091 quod

495 5112 712 5182 largitus
727 5122 802 5167 est
821 5111 958 5167 Deus
977 5112 1003 5166 7
1031 5111 1264 5179 Advorte,
1288 5113 1366 5165 vir
1381 5129 1597 5178 summe,
1625 5123 1816 5184 quanta
1833 5113 1888 5166 in
1913 5111 2078 5166 Deum

492 5203 772 5275 sacrilegia.
789 5215 1158 5276 perpetrentur,
1187 5214 1246 5259 ut
1267 5206 1402 5277 quod
1425 5205 1516 5261 ille
1538 5205 1729 5271 tribuit,
1759 5210 1959 5276 auferat
1982 5205 2080 5260 hu-

491 5316 646 5354 mana
679 5301 1022 5372 prmumptio,
1070 5309 1117 5355 et
1161 5316 1253 5371 pro
1301 5298 1410 5354 Deo
1460 5317 1513 5355 se
1545 5298 1598 5352 id
1641 5302 1809 5370 facere
1861 5298 2079 5354 inaniter

489 5393 665 5460 iactet.
697 5391 888 5463 Magna
915 5391 1013 5446 Dei
1036 5392 1248 5463 injuria,
1277 5391 1323 5447 si
1349 5391 1416 5445 ab
1444 5390 1728 5444 hominibus
1754 5391 2074 5460 defendatur.

497 5483 634 5550 Quid
659 5484 724 5539 de
746 5483 852 5540 Deo
875 5485 1113 5554 wstimat,
1138 5486 1226 5555 qui
1244 5501 1358 5539 eum
1393 5484 1632 5538 violentia
1657 5485 1760 5538 vult
1782 5485 2075 5556 defendere,

490 5577 592 5632 nisi
617 5577 738 5648 quia
768 5593 873 5633 non
908 5578 1040 5633 valet
1072 5593 1194 5634 suas
1235 5579 1347 5648 ipse
1389 5577 1609 5651 injurias
1652 5577 1949 5632 vindicare?
1995 5577 2077 5632 Ad

486 5753 857 5873 omelias
879 5766 980 5818 Ms.,
1012 5757 1223 5823 avidique
1264 5757 1582 5825 perturbatos,
1605 5755 1945 5823 tranquillitati
1976 5769 2082 5810 ser-

555 5883 576 5916 ³
606 5889 710 5933 Am.
737 5888 788 5934 et
809 5889 908 5946 Er.,
930 5884 1090 5935 tracti.

1455 349 1734 410 CONTRA
1769 341 2243 410 GAUDENTIUM,
2282 340 2341 399 S.
2383 337 2749 398 AUGUSTINI

3643 339 3749 407 716

2165 459 2282 516 haec
2309 459 2586 529 reSponsio
2615 477 2630 515 :
2658 455 2960 515 Secundum
2995 454 3124 512 istas
3142 462 3352 512 vestras
3377 454 3750 515 fallacissimas
3795 443 3797 445 1

2161 550 2582 621 vanissimasque
2610 549 2876 616 rationes,
2907 548 3130 605 habenis
3159 548 3347 603 laxatis
3377 557 3538 619 atque
3565 547 3751 605 dimis-

2162 644 2237 700 sis
2281 643 2526 699 humanae
2561 643 2787 700 licentiae
2835 641 3092 713 impunita
3130 623 3350 713 peccata
3377 641 3557 696 omnia
3584 642 3752 698 relin-

2163 747 2419 809 quantur,
2464 737 2622 793 nullis
2668 737 2925 808 oppositis
2977 736 3246 807 repagulis
3295 736 3472 807 legum
3518 734 3752 791 nocendi

2169 830 2390 886 audacia
2414 840 2467 886 et
2489 831 2794 886 lasciviendi
2823 830 2986 886 libido
3007 829 3320 897 bacchatur;
3340 845 3444 885 non
3475 845 3574 886 rex
3597 846 3752 887 suum

2163 938 2406 993 regnum,
2439 938 2545 978 non
2575 923 2682 980 dux
2718 923 2962 988 militem,
3008 939 3115 977 non
3159 922 3536 992 provincialem
3561 921 3752 993 judex,

2164 1032 2270 1071 non
2298 1016 2544 1072 dominus
2569 1032 2804 1084 servum,
2837 1031 2941 1071 non
2965 1016 3186 1070 maritus
3207 1031 3452 1083 uxorem,
3477 1030 3577 1071 nec
3606 1026 3759 1086 pater

2165 1107 2333 1163 ﬁlium
2381 1125 2412 1164 a
2460 1109 2802 1166 libertate'et
2839 1110 3099 1165 suavitate
3138 1108 3391 1178 peccandi
3423 1108 3588 1162 minis
3633 1107 3760 1163 ullis

2164 1204 2405 1274 pmnisve
2433 1212 2758 1275 compescat.
2806 1201 3028 1258 Auferte
3054 1202 3196 1272 quod
3233 1217 3361 1257 sana
3390 1202 3632 1256 doctrina
3662 1217 3763 1271 pro

2165 1297 2389 1352 sanitate
2415 1297 2561 1351 orbis
2593 1306 2856 1352 terrarum
2895 1296 3167 1366 sapienter
3208 1311 3302 1366 per
3336 1295 3651 1364 Apostolum
3676 1295 3757 1348 di-

2165 1390 2257 1452 cit,
2285 1399 2339 1446 et
2365 1400 2420 1444 ut
2442 1389 2766 1446 confirmatis
2804 1391 2855 1444 in
2883 1390 3101 1445 arbitrio
3129 1400 3274 1445 tanto
3304 1389 3514 1460 pejore,
3561 1399 3758 1460 quanto

2167 1483 2438 1552 liberiore,
2472 1485 2610 1539 ﬁlios
2643 1485 2955 1556 perditionis
2979 1527 2994 1550 ,
3023 1485 3198 1540 delete
3225 1485 3366 1556 quod
3395 1485 3468 1539 ait
3503 1482 3608 1538 Vas
3647 1483 3762 1540 ele-

2165 1577 2358 1632 ctionis
2389 1593 2407 1632 :
2438 1576 2616 1632 Omnis
2663 1579 2833 1632 anima
2884 1579 3208 1649 potestatibus
3239 1577 3615 1633 sublimioribus
3642 1577 3764 1631 sub-

2168 1668 2275 1722 dita
2302 1669 2396 1733 sit;
2421 1686 2521 1724 non
2549 1680 2622 1725 est
2651 1672 2780 1724 enim
2808 1681 3026 1740 potestas
3065 1672 3164 1726 nisi
3193 1688 3226 1725 a
3265 1671 3395 1725 Deo.
3431 1671 3560 1736 Quae
3589 1682 3766 1724 autem

2167 1777 2199 1813 a
2226 1759 2332 1814 Deo
2360 1771 2497 1829 sunt,
2544 1762 2778 1816 ordinata
2805 1772 2940 1817 sunt.
2977 1762 3318 1834 Quapropter,
3350 1763 3438 1834 qui
3457 1763 3643 1816 resistit
3666 1779 3765 1831 po-

2170 1853 2352 1920 testati,
2385 1851 2480 1907 Dei
2517 1854 2822 1908 ordinationi
2856 1856 3059 1909 resistit.
3113 1855 3213 1922 Qui
3261 1864 3425 1908 autent
3469 1856 3714 1909 resistunt
3747 1901 3763 1923 ,

2168 1945 2268 2016 ipsi
2315 1946 2412 2000 sibi
2444 1947 2700 2016 judicium
2739 1948 3019 2018 acquirunt.
3064 1946 3329 2018 Principes
3357 1948 3487 2002 enim
3515 1966 3618 2002 non
3644 1958 3768 2003 sunt
3841 1970 3844 1974 '

2172 2039 2337 2092 timori
2360 2039 2475 2092 boni
2500 2040 2685 2110 operis,
2712 2041 2802 2094 sed
2825 2042 2965 2095 ntali.
3003 2037 3088 2094 Vis
3113 2049 3280 2095 autem
3309 2057 3410 2094 non
3450 2043 3626 2096 timere
3667 2060 3767 2112 po—

2171 2132 2429 2186 testatem?
2463 2130 2662 2186 Bonum
2714 2137 2797 2202 fac
2819 2174 2832 2195 ,
2882 2141 2928 2187 et
2970 2133 3171 2186 habebis
3207 2133 3408 2188 laudem
3434 2150 3495 2187 ex
3525 2133 3634 2188 illa.
3673 2134 3773 2189 Dei

2172 2224 2305 2277 enim
2333 2224 2556 2278 minister
2571 2231 2664 2291 est,
2684 2225 2866 2279 vindex
2891 2225 2944 2278 in
2971 2225 3098 2277 iram
3121 2224 3166 2278 ei
3192 2225 3279 2295 qui
3305 2224 3436 2279 male
3453 2224 3559 2296 agit
3586 2223 3767 2296 (Rom.

2171 2325 2285 2381 xm,
2313 2314 2451 2389 1-4).
2485 2316 2668 2371 Delete
2695 2316 2826 2384 ista,
2856 2316 2899 2372 si
2931 2316 3186 2386 potestis;
3216 2326 3304 2372 aut
3332 2318 3432 2371 ista
3453 2358 3468 2382 ,
3501 2318 3639 2372 sicut
3679 2316 3765 2373 fa-

2173 2405 2291 2461 citis
2311 2448 2326 2473 ,
2358 2406 2402 2460 si
2438 2421 2542 2461 non
2572 2409 2795 2477 potestis
2837 2406 3016 2463 delere
3037 2449 3051 2473 ,
3083 2407 3430 2462 contemnite.
3464 2407 3670 2464 Habete
3693 2408 3772 2465 de

2174 2499 2258 2554 bis
2281 2500 2526 2555 omnibus
2552 2501 2846 2570 pessimum
2867 2501 3164 2569 arbitrium,
3196 2515 3264 2554 ne
3292 2499 3524 2571 perdatis
3541 2499 3772 2556 liberum

2174 2590 2472 2647 arbitrium.
2525 2592 2630 2646 Aut
2669 2602 2832 2659 certe,
2867 2592 2990 2664 quia
3023 2592 3157 2647 sicut
3187 2591 3430 2646 homines
3459 2591 3775 2648 hominibus

2175 2684 2508 2752 erubescitis,
2539 2685 2784 2753 clamate,
2831 2685 2875 2741 si
2927 2685 3134 2741 audetis
3169 2685 3511 2741 :Puniantur
3539 2685 3775 2742 homici-

2175 2779 2283 2846 dia,
2311 2781 2599 2853 puniantur
2633 2781 2913 2850 adulteria,
2947 2781 3238 2852 puniantur
3277 2790 3470 2835 cmtera
3497 2779 3776 2851 quantali-

2176 2875 2267 2930 bet
2295 2875 2514 2931 sceleris
2553 2876 2664 2930 sive
2708 2874 2945 2929 libidinis
2988 2875 3218 2928 facinora
3259 2889 3351 2929 seu
3385 2874 3620 2945 flagitia;
3657 2873 3780 2927 sola

2178 2967 2454 3038 sacrilegia
2481 2967 2722 3022 volumus
2769 2983 2796 3019 a
2845 2967 3180 3038 regnantium
3228 2965 3436 3036 legibus
3485 2965 3775 3038 impunita.

2180 3061 2260 3114 An
2289 3075 2416 3115 vero
2438 3059 2579 3114 aliud
2602 3059 2800 3126 dicitis,
2833 3075 2952 3113 cum
2975 3058 3184 3124 dicitis;
3215 3057 3406 3131 Magna
3433 3057 3531 3112 Dei
3560 3058 3776 3130 injuria,

2179 3154 2224 3208 si
2252 3153 2314 3206 ab
2345 3152 2628 3208 hominibus
2654 3152 2974 3222 defendatur.
3011 3151 3146 3219 Quid
3172 3152 3231 3205 de
3267 3150 3370 3206 Deo
3401 3151 3622 3206 cestimat
3641 3192 3656 3217 ,
3688 3150 3780 3220 qui

2181 3261 2295 3300 eum
2341 3245 2576 3299 violentia
2620 3245 2724 3298 vult
2760 3245 3055 3314 defendere,
3087 3245 3187 3298 nisi
3213 3245 3331 3315 quia
3361 3261 3462 3300 non
3491 3245 3626 3299 valet
3654 3261 3778 3298 suas

2180 3338 2288 3410 ipse
2331 3336 2548 3409 injurias
2585 3337 2874 3391 vindicare?
2916 3337 3040 3392 Haec
3069 3337 3333 3403 dicentes,
3363 3336 3491 3407 quid
3521 3337 3664 3392 aliud
3693 3336 3781 3390 di-

2181 3431 2322 3498 citis,
2364 3431 2485 3497 nisi,
2535 3430 2689 3487 Nulla
2727 3431 2958 3486 hominis
2989 3441 3223 3501 potestas
3248 3431 3582 3487 contradicat
3618 3440 3781 3502 atque

2185 3528 2462 3599 obstrepat
2494 3535 2679 3582 nostro
2702 3527 2869 3582 libero
2899 3525 3149 3592 arbitrio,
3172 3525 3384 3598 quando
3415 3525 3664 3596 injuriam
3690 3524 3776 3580 fa-

2184 3621 2354 3675 cimus
2396 3621 2542 3676 Deo?
2569 3620 2614 3675 Ο
2643 3619 2831 3674 dolor!
2866 3617 3133 3674 Fraudata
3167 3627 3292 3673 sunt
3333 3617 3424 3672 tali
3468 3617 3778 3689 magisterio

2183 3723 2424 3785 tempora
2442 3713 2679 3784 antiqua,
2698 3712 2950 3783 quoniam
2972 3710 3208 3766 nondum
3228 3725 3348 3765 cras
3367 3719 3540 3777 natus,
3563 3708 3777 3780 quando

2183 3819 2396 3864 sanctus
2442 3807 2652 3879 Moyses
2692 3807 2915 3876 injurias
2957 3822 3080 3861 suas
3137 3805 3415 3861 lenissime
3445 3806 3460 3835 ¹
3513 3803 3771 3874 pertulit,

2184 3901 2280 3958 Dei
2324 3916 2455 3957 vero
2502 3900 2838 3956 severissime
2881 3899 3187 3954 vindicavit.
3216 3899 3296 3953 Tu
3324 3907 3501 3952 autem
3541 3897 3728 3951 doctor
3752 3897 3774 3927 ²

2185 3995 2432 4052 haeretica
2463 3995 2878 4078 mmsumptione
2909 3993 3320 4048 invidiosissime
3366 3993 3591 4058 clamas,
3623 4011 3642 4044 ‹
3673 3990 3777 4046 Fe-

2183 4088 2250 4141 cit
2283 4086 2419 4140 Deus
2440 4085 2713 4154 hominem,
2742 4098 2788 4140 et
2817 4085 3006 4140 dimisit
3032 4101 3144 4138 eum
3169 4085 3221 4137 in
3243 4101 3396 4137 manu
3417 4083 3617 4136 arbitrii
3637 4082 3768 4136 sui.»

2187 4180 2323 4247 Quid
2355 4180 2478 4234 mihi
2509 4195 2642 4233 nunc
2673 4179 2896 4232 humano
2925 4171 3140 4246 imperio
3181 4177 3395 4244 eripitur
3415 4217 3429 4243 ,
3453 4174 3594 4244 quod
3622 4174 3773 4244 largi-

2185 4283 2264 4329 tus
2286 4283 2355 4328 est
2380 4271 2564 4328 Deus?
2594 4271 2706 4327 Hoc
2730 4269 2974 4326 videlicet
3009 4269 3272 4338 ﬂagitans,
3300 4277 3356 4320 ut
3399 4265 3464 4320 ad
3504 4265 3773 4321 faciendas

2185 4367 2405 4438 injurias
2439 4366 2566 4431 Deo,
2597 4363 2687 4434 qui
2715 4378 2834 4418 cum
2861 4362 3030 4417 libero
3052 4359 3277 4414 arbitrio
3303 4356 3426 4413 fecit
3453 4357 3724 4412 hominem
3753 4397 3769 4424 ,

2185 4459 2411 4514 liberum
2449 4455 2728 4512 arbitrium
2781 4453 2874 4507 tibi
2920 4452 3252 4520 relinquatur
3297 4449 3364 4503 ab
3401 4446 3642 4503 homine.
3675 4444 3772 4502 Sed

2183 4550 2260 4607 illi
2288 4551 2448 4606 etiam
2477 4549 2565 4619 qui
2609 4547 2826 4602 decreto
2856 4543 3348 4598 Nabuchodonosor
3375 4541 3546 4610 regis,
3581 4555 3768 4610 propo-

2186 4646 2285 4700 sita
2314 4659 2472 4716 perna
2499 4639 2746 4697 interitus
2774 4638 2855 4693 sui
2889 4645 2944 4693 et
2972 4636 3319 4706 dispersiouis
3340 4634 3623 4688 domorum
3653 4647 3770 4686 sua-

2186 4755 2326 4809 rum,
2359 4755 2389 4793 a
2417 4733 2840 4808 blasphemando
2865 4733 2974 4788 Deo
2996 4729 3242 4795 Sidrach,
3271 4726 3492 4791 Misach,
3524 4737 3581 4783 et
3607 4726 3773 4782 Abdeo

2184 4848 2358 4905 nago,
2389 4831 2702 4888 terribiliter
2742 4826 3196 4898 prohibebantur,
3228 4831 3283 4878 et
3331 4820 3528 4876 acriter
3567 4821 3614 4875 si
3655 4835 3769 4875 conc

2184 4937 2484 4986 temnerent
2501 4928 2864 4998 plecterentur
2877 4921 3040 4995 (Dan.
3059 4937 3136 4988 Ill,
3155 4919 3272 4990 96),
3292 4918 3471 4974 dicere
3488 4920 3772 4987 potuerunt

2185 5024 2326 5096 quod
2355 5025 2468 5093 ipse
2496 5021 2677 5077 dixisti
2711 5036 2725 5075 :
2754 5017 2951 5090 Magna
2989 5015 3078 5070 Dei
3098 5015 3307 5086 injuria,
3331 5016 3376 5068 si
3404 5013 3465 5066 ab
3489 5011 3770 5064 hominibus

2185 5115 2508 5188 defendatur.
2542 5113 2679 5180 Quid
2708 5111 2772 5167 de
2800 5109 2908 5164 Deo
2934 5108 3148 5164 testimat
3172 5146 3187 5172 ,
3244 5104 3330 5176 qui
3377 5119 3492 5158 eum
3544 5101 3772 5156 violentia

2184 5209 2290 5263 vult
2315 5206 2610 5277 defendere,
2648 5203 2747 5258 nisi
2783 5201 2900 5274 quia
2931 5217 3032 5253 non
3075 5196 3207 5252 valet
3252 5212 3370 5250 suas
3406 5194 3516 5265 ipse
3563 5192 3770 5264 injurias

2185 5300 2483 5356 vindicare?
2523 5299 2649 5354 Hinc
2694 5296 2853 5350 verba
2892 5305 2978 5348 tua
3017 5304 3239 5363 prorsus
3267 5289 3425 5344 etiam
3470 5286 3548 5341 illi
3600 5286 3768 5340 dicere

2185 5401 2506 5468 potuerunt,
2556 5399 2611 5447 et
2645 5378 2871 5444 fortasse
2918 5385 3206 5449 dixerunt;
3258 5389 3313 5438 et
3362 5379 3407 5435 si
3451 5393 3558 5434 non
3591 5377 3768 5434 eadem

2187 5489 2450 5553 libertate,
2482 5499 2590 5540 non
2616 5479 2859 5538 dissimili
2881 5477 3136 5532 vanitate.

2255 5583 2345 5638 21.
2383 5582 2571 5636 Datum
2599 5587 2682 5633 est
2710 5589 2838 5645 ergo
2865 5570 3071 5628 homini
3101 5566 3313 5640 quando
3342 5574 3556 5622 creatus
3588 5574 3686 5623 est,
3706 5561 3765 5615 li-
3817 5633 3820 5646 1

2187 5679 2372 5734 herum
2399 5673 2711 5738 arbitrium;
2739 5667 2839 5726 sed
2864 5676 2944 5736 ut,
2971 5665 3018 5722 si
3045 5669 3189 5720 esset
3219 5658 3593 5726 malefaciens,
3627 5656 3769 5712 ﬁeret
