4026 6460
278 362 380 435 71⁵1

273 492 504 565 patiens.
535 492 773 567 Denique
806 492 881 551 illi
906 494 1062 568 primi
1095 494 1338 553 homines
1367 509 1487 552 cum
1517 510 1852 568 peccassent,

272 597 447 643 morte
474 585 708 643 damnati
742 598 892 655 sunt;
922 598 977 646 et
1007 589 1311 661 priusquam
1340 606 1486 646 mors
1511 591 1592 647 eis
1618 600 1855 647 extrema

272 681 431 737 etiam
459 681 701 752 corporis
729 681 1064 754 suppleretur
1082 725 1098 751 ,
1143 683 1193 739 in
1237 683 1483 739 exsilium
1512 683 1580 741 de
1609 683 1855 755 paradiso

272 772 423 829 missi
447 782 592 828 sunt.
621 771 827 830 Mitiora
857 774 911 830 in
936 790 1032 831 vos
1066 776 1343 832 constituit
1384 776 1696 847 Imperator,
1728 792 1852 848 pro-

270 875 390 938 pter
414 866 878 924 mansuetudinem
907 867 1280 938 christianam;
1313 870 1564 927 exsilium
1588 870 1739 927 vobis
1768 887 1855 927 vo-

266 961 364 1019 luit
410 960 638 1029 inferre,
684 977 793 1018 non
839 971 1105 1032 mortem:
1136 964 1229 1020 sed
1272 980 1367 1020 vos
1414 965 1661 1022 homines
1709 965 1851 1022 docti

264 1054 670 1113 considerantes
709 1055 834 1127 quid
877 1055 1134 1121 debeatur
1170 1059 1383 1127 merito,
1414 1066 1469 1114 et
1512 1058 1639 1130 quid
1676 1058 1851 1115 minus

262 1146 334 1203 sit
378 1147 433 1204 in
475 1147 758 1220 supplicio,
794 1165 898 1204 non
929 1150 996 1206 de
1025 1149 1229 1221 judicio
1258 1150 1422 1221 illius,
1455 1151 1551 1208 sed
1577 1150 1643 1207 de
1672 1160 1849 1208 vestro

260 1238 456 1295 additis
484 1249 731 1296 mortem.
756 1240 926 1296 Nolite
955 1242 1131 1312 perire
1158 1243 1211 1297 in
1241 1252 1521 1311 :eternum,
1546 1244 1674 1299 dum
1698 1243 1847 1299 vobis

258 1329 363 1387 hoc
390 1339 630 1403 tempore
658 1332 725 1388 ad
750 1331 1130 1388 offendendum
1156 1334 1324 1389 Deum
1342 1334 1564 1390 concedi
1588 1334 1655 1390 ab
1676 1333 1847 1390 homi-

256 1426 416 1483 nibus
446 1426 603 1483 vultis
638 1427 862 1483 liberum
905 1427 1201 1484 arbitrium.
1244 1427 1381 1484 Audi
1426 1429 1759 1500 Apostolum,
1793 1440 1847 1484 et

254 1519 479 1576 habebis
517 1536 765 1592 magnum
808 1521 1204 1590 compendium,
1235 1537 1341 1592 quo
1381 1522 1472 1577 tibi
1516 1523 1659 1594 regia
1689 1531 1842 1593 pote-

252 1622 365 1683 stas
386 1627 579 1673 nocere
606 1628 712 1679 non
743 1612 910 1686 possit
941 1632 954 1668 :
985 1611 1186 1668 Bonum
1206 1613 1309 1684 fac,
1332 1623 1377 1668 et
1407 1612 1609 1668 habebis
1639 1613 1843 1668 laudent

252 1720 314 1759 at
349 1702 460 1758 illa.
505 1703 585 1758 Ex
626 1703 719 1759 illa
754 1713 807 1759 et
841 1712 964 1759 ante
999 1702 1247 1774 nosjusti
1276 1702 1576 1759 habuerunt
1600 1702 1836 1772 laudem,

251 1812 361 1865 non
389 1796 565 1865 solum
598 1795 688 1868 qui
730 1795 944 1867 regibus
974 1795 1235 1866 religiosis
1271 1794 1498 1850 ﬁdeliter
1524 1803 1836 1865 paruerunt,

249 1904 434 1945 verum
463 1888 621 1943 etiam
644 1888 731 1960 qui
759 1904 911 1959 reges
939 1889 1129 1959 impios
1153 1870 1252 1960 pro
1282 1887 1376 1944 Dei
1398 1888 1621 1943 veritate
1642 1887 1837 1942 adver-

246 1981 418 2037 sarios
440 1964 772 2052 pertulerunt
797 1998 811 2035 :
834 1978 909 2035 illi
939 1978 1147 2035 laudem
1169 1977 1524 2034 obauditionis
1544 1979 1560 2009 ί
1585 2020 1601 2046 ,
1630 1977 1839 2048 utrique

251 2082 426 2130 tamen
453 2089 525 2141 ex,
548 2072 661 2138 illa,
692 2071 786 2129 sed
813 2071 1010 2128 bonum
1038 2070 1286 2126 faciendo
1306 2114 1321 2140 ,
1353 2086 1462 2126 non
1487 2070 1836 2141 potestatibus

246 2165 565 2222 resistendo.
594 2165 746 2234 Quod
767 2175 943 2221 autem
968 2179 1065 2221 vos
1085 2164 1280 2239 facitis,
1303 2180 1408 2220 non
1438 2164 1611 2219 solum
1636 2164 1833 2220 bonum

242 2273 349 2315 non
385 2266 487 2326 est,
516 2257 608 2314 sed
638 2258 840 2330 grande
865 2258 1066 2314 malum
1095 2267 1196 2326 est,
1230 2258 1485 2314 unitatem
1513 2256 1707 2313 Christi
1738 2274 1832 2328 pa-

242 2367 468 2423 cemque
497 2350 869 2423 conscindere,
902 2361 1091 2419 contra
1124 2351 1387 2423 promissa
1416 2350 1718 2422 evangelica
1742 2366 1829 2405 re-

239 2443 465 2511 bellare,
492 2452 548 2500 et
584 2443 841 2502 adversus
868 2460 990 2501 eum
1015 2443 1083 2500 de
1109 2460 1216 2517 quo
1245 2443 1446 2502 dictum
1477 2455 1560 2501 est
1584 2485 1599 2510 ,
1646 2442 1830 2498 Domi-

237 2537 443 2611 nabitur
477 2555 509 2591 a
546 2537 676 2592 mari
705 2553 860 2609 usque
896 2538 964 2592 ad
1003 2554 1173 2609 mare,
1205 2546 1252 2593 et
1278 2556 1309 2593 a
1332 2538 1542 2610 ﬂumine
1571 2555 1726 2610 usque
1762 2538 1831 2593 ad

236 2630 480 2687 terminos
507 2630 641 2686 orbis
668 2641 815 2686 terra:
837 2628 1008 2703 (Psal.
1034 2646 1177 2700 Lxxl,
1206 2629 1285 2703 8);
1314 2629 1419 2689 hoc
1442 2640 1544 2699 est,
1572 2630 1828 2687 adversus

233 2738 423 2779 verum
466 2731 828 2795 et‘sumtnum
874 2738 1054 2795 regem
1099 2722 1544 2791 Christianorum,
1578 2734 1826 2794 tauquam

230 2813 375 2870 civili
420 2812 566 2870 bello
607 2813 1089 2893 christianasigna
1128 2824 1364 2887 portare.
1418 2813 1660 2869 Sufﬁciat
1698 2831 1824 2886 ergo

230 2905 386 2977 vobis
408 2904 837 2977 ad‘occasionem
867 2905 1250 2974 correctionis,
1282 2904 1423 2977 quod
1448 2922 1546 2978 pro
1572 2914 1679 2961 tam
1713 2922 1827 2965 ma-

227 2988 349 3075 gnis
373 2998 531 3055 malis
557 2999 747 3055 vestris
775 2999 932 3071 longe
961 2998 1175 3055 mitiora
1205 3009 1261 3056 et
1290 2999 1497 3055 minora
1523 3001 1819 3072 recepistis,

225 3094 274 3152 si
300 3108 408 3149 non
428 3093 581 3149 vobis
610 3094 750 3150 ultro
780 3092 923 3165 quod
958 3109 1065 3150 non
1100 3092 1397 3164 Imperator
1425 3094 1701 3151 constituit
1736 3096 1821 3150 in-

223 3172 428 3258 geratis
448 3205 461 3261 ς
484 3193 540 3242 et
568 3187 729 3242 nolite
755 3186 825 3259 ad
840 3186 1219 3259 impunitatem
1240 3187 1569 3244 licentiosam
1593 3189 1821 3246 liberum

223 3280 509 3336 arbitrium
550 3280 705 3351 vobis
739 3280 808 3337 ab
848 3281 1152 3337 hominibus
1190 3281 1328 3337 velle
1361 3282 1611 3347 concedi,
1653 3299 1723 3341 ne
1764 3284 1820 3341 in

222 3372 398 3443 ipsius
426 3372 519 3429 Dei
550 3387 739 3427 manus
760 3371 1025 3428 infelicius
1054 3371 1322 3427 incidatis.
1351 3372 1483 3427 Nam
1507 3383 1561 3429 et
1588 3375 1819 3444 majores

221 3465 393 3522 vestri
418 3465 791 3537 judicaverunt
812 3465 865 3520 in
895 3463 1197 3534 hujusmodi
1227 3464 1436 3535 injuriis
1466 3465 1558 3520 Dei
1590 3465 1817 3522 liberum

220 3555 457 3613 hominis
498 3556 775 3612 arbitrium
812 3570 919 3611 non
968 3554 1446 3626 relinquendum‘a
1481 3556 1692 3627 regibus
1718 3559 1818 3611 im-

220 3647 497 3719 punitum;
546 3636 668 3719 quia
696 3648 820 3703 licet
849 3646 1108 3702 haberent
1134 3661 1350 3702 causam
1388 3647 1605 3712 malam,
1648 3646 1817 3704 Caeci-

218 3739 425 3797 lianum
466 3747 643 3795 tamen
680 3724 989 3811 episcopum
1018 3738 1390 3811 persequendo
1423 3755 1587 3811 usque
1614 3738 1682 3795 ad
1709 3740 1814 3796 im-

215 3834 485 3905 peratoris
513 3831 851 3889 Constantini
876 3831 1132 3903 judicium
1161 3831 1538 3901 perduxerunt.

291 3925 519 3985 CAPUT
545 3925 666 3983 XX.
689 3956 761 3967 -—
778 3924 870 3980 22.
902 3923 1078 3981 Verba
1106 3924 1359 3993 Epistola‘.
1388 3942 1399 3978 :
1427 3922 1672 3979 Nostram
1695 3941 1813 3982 vero

211 4019 396 4092 fidem,
427 4021 614 4090 inquit,
647 4035 799 4090 quam
829 4016 1080 4071 Dominus
1116 4015 1345 4072 Christus
1378 4016 1633 4089 Apostolis
1664 4018 1811 4073 dere-

210 4115 386 4183 liquit,
427 4114 553 4169 sola:
580 4112 722 4166 nobis
758 4112 871 4165 ista:
906 4110 1273 4181 persecutiones
1310 4111 1658 4183 gravissimam
1695 4113 1814 4167 red-

206 4207 370 4271 dunt,
420 4202 704 4271 «Felices,
765 4201 955 4272 inquit,
1016 4201 1193 4269 eritis,
1234 4220 1350 4257 cum
1414 4219 1498 4258 vos
1561 4205 1808 4273 persecuti

201 4300 406 4372 fuerint
444 4296 689 4361 homines,
720 4303 767 4349 et
817 4293 1191 4363 maledixerint,
1225 4304 1273 4350 et
1325 4296 1544 4352 dixerint
1569 4296 1809 4354 adversus

196 4407 303 4447 vas
357 4402 504 4442 omne
549 4403 763 4458 nequam
799 4396 1003 4460 propter
1036 4384 1229 4442 Filium
1274 4387 1490 4441 hominis
1514 4404 1533 4442 :
1561 4388 1807 4459 gaudete,

201 4493 250 4540 et
314 4479 583 4550 exsultate,
626 4481 745 4553 quia
773 4496 963 4535 merces
986 4489 1147 4535 vestra
1180 4481 1340 4535 multa
1360 4490 1431 4535 est
1456 4481 1508 4534 in
1534 4481 1688 4537 caelis.
1717 4481 1808 4539 Sic

210 4579 351 4633 enim
402 4575 648 4647 persecuti
673 4585 789 4630 sunt
842 4584 889 4630 et
915 4574 1198 4646 Prophetas
1222 4576 1307 4648 qui
1334 4586 1450 4630 ante
1470 4593 1552 4632 vos
1573 4581 1799 4648 fuerunt,

212 4682 387 4745 patres
431 4686 647 4725 eorum:
710 4668 933 4741 (Matth.
979 4686 1030 4736 v,
1062 4669 1151 4735 II,
1200 4667 1325 4741 12).
1371 4668 1435 4725 Si
1461 4678 1655 4725 tantum
1684 4671 1806 4727 solis

213 4761 473 4833 Apostolis
497 4760 687 4815 dictum
706 4770 798 4831 est,
817 4778 971 4832 usque
987 4761 1054 4815 ad
1073 4762 1209 4833 ipsos
1229 4763 1354 4832 fides
1371 4763 1543 4818 habuit
1562 4766 1807 4836 praemia;

212 4866 260 4912 et
291 4854 416 4926 quid
442 4853 677 4924 proderat
701 4864 874 4924 postea
898 4855 1161 4910 credituris
1178 4855 1204 4908 ?
1247 4854 1394 4910 Unde
1420 4865 1613 4911 constat
1644 4859 1807 4912 omni-

213 4950 307 5005 bus
329 4948 539 5003 dictum.
572 4947 769 5004 Deinde
791 4948 911 5003 dicit
934 4948 1195 5020 apostolus
1221 4946 1422 5003 Paulus
1441 4966 1459 5003 :
1481 4969 1498 5001 ι
1515 4948 1613 5017 Qui
1633 4951 1806 5006 volunt

210 5042 266 5096 in
321 5040 521 5098 Christo
571 5040 743 5097 sancte
789 5041 970 5111 vivere,
999 5043 1391 5111 persecutionem
1427 5043 1683 5114 patiantur
1710 5059 1803 5099 ne-

213 5149 351 5193 cesse
401 5142 474 5189 est
503 5153 523 5189 »
578 5132 662 5207 (II
685 5133 819 5189 Tim.
847 5149 926 5199 ιιι,
952 5130 1080 5205 12).
1115 5130 1230 5188 Hoc
1258 5143 1424 5187 autem
1443 5134 1497 5188 in
1530 5133 1802 5206 Evangelia

214 5224 467 5281 Dominus
500 5225 632 5280 dixit
662 5240 681 5281 :
717 5243 737 5278 ι
770 5222 941 5280 Veniet
978 5224 1106 5287 hora
1140 5233 1196 5283 ut
1233 5225 1394 5281 omnis
1435 5225 1523 5297 qui
1568 5226 1805 5296 interﬁcit

212 5331 322 5397 vos,
352 5325 489 5388 putet
525 5334 579 5374 se
635 5316 889 5373 victimam
951 5316 1074 5371 dare
1120 5316 1267 5383 Deo;
1310 5317 1398 5373 sed
1436 5317 1544 5373 hwc
1585 5319 1797 5391 facient,

209 5408 333 5482 quia
387 5426 489 5466 non
534 5418 871 5482 cognoverunt
894 5407 1105 5464 Patrem
1122 5425 1280 5481 neque
1302 5427 1381 5465 me
1406 5429 1427 5463 ι
1462 5410 1640 5484 (Joan.
1688 5426 1798 5480 xvr,

210 5499 268 5567 2,
296 5498 391 5575 ὅ).
438 5501 521 5558 Ad
566 5501 685 5558 haec
729 5502 1008 5574 responsio
1040 5520 1055 5558 :
1092 5501 1257 5559 Recte
1300 5503 1399 5559 ista
1439 5502 1741 5558 dicerentur
1767 5517 1799 5559 a

212 5594 370 5652 vobis
411 5596 772 5668 quaerentibus
815 5605 1106 5669 martyrum
1153 5595 1399 5668 gloriam,
1442 5596 1487 5650 si
1536 5594 1799 5651 haberetis

220 5697 515 5761 martyrum
541 5703 777 5753 causam.
803 5687 920 5747 Non
949 5689 1092 5745 enim
1123 5688 1303 5761 felices
1326 5688 1400 5744 ait
1425 5688 1680 5744 Dominus
1707 5688 1799 5759 qui

214 5780 357 5837 mala
398 5781 495 5835 ista
525 5780 794 5851 patiuntur
816 5823 831 5846 ,
864 5782 957 5838 sed
987 5781 1077 5852 qui
1105 5790 1321 5852 propter
1344 5780 1539 5837 Filium
1565 5778 1797 5836 hominis

280 5872 1328 5945 Iucmmwmmm.

1664 376 1865 438 LIBER
1901 380 2177 445 PRIMUS.

3452 416 3554 475 718

1962 504 2253 605 patiuntur,
2276 511 2367 583 qui
2391 522 2471 570 est
2488 513 2731 576 Christus
2754 519 2927 579 Jesus.
2959 524 3067 582 Vos
3091 536 3267 583 autem
3292 546 3396 587 non
3422 550 3519 605 pro
3536 569 3551 575 -

1964 606 2084 667 pter
2125 601 2297 672 ipsum
2345 608 2617 677 patimini,
2675 613 2767 672 sed
2813 626 2997 673 contra
3047 620 3240 691 ipsum.
3301 601 3547 682 Patimini

1962 692 2329 766 quippeideo,
2360 701 2481 772 quia
2511 719 2619 761 non
2660 706 2710 763 ei
2748 710 2996 778 creditis;
3041 723 3095 769 et
3134 716 3375 774 toleratis
3405 721 3543 789 ideo,

1961 799 2032 841 ne
2058 788 2307 885 credatis.
2340 792 2617 863 Quomodo
2643 815 2768 874 ergo
2794 818 2890 859 vos
2918 821 3036 862 eam
3068 806 3229 865 ﬁdem
3258 821 3439 869 tenere
3463 816 3547 885 ja-

1960 879 2116 979 ctatis
2143 923 2157 948 ,
2192 900 2348 979 quam
2376 888 2631 949 Dominus
2656 893 2898 955 Christus
2927 901 3199 971 Apostolis
3222 879 3552 979 dereliquit?

1958 970 2040 1026 An
2080 988 2244 1069 usque
2278 976 2414 1035 adeo
2441 998 2612 1042 czecos
2638 997 2693 1043 et
2720 990 2912 1047 surdos
2935 970 3090 1051 vultis
3130 1012 3249 1055 esse
3277 970 3544 1069 homines,

1957 1072 2015 1118 ut
2042 1080 2149 1120 non
2180 1067 2376 1140 legant,
2404 1090 2509 1130 non
2539 1079 2755 1137 audiant
2780 1083 3148 1157 Evangelium.
3179 1090 3269 1145 ubi
3300 1067 3549 1149 noverint

1955 1169 2114 1259 quam
2150 1158 2308 1259 ﬁdem
2344 1164 2410 1221 de
2444 1183 2536 1223 sua
2576 1171 2813 1232 Ecclesia
2851 1178 3105 1235 Dominus
3130 1179 3374 1241 Christus
3397 1186 3543 1259 Apo—

1953 1250 2106 1347 stolis
2129 1253 2412 1347 dereliquit
2445 1280 2457 1314 :
2490 1279 2555 1319 ex
2601 1282 2701 1338 qua
2736 1268 2891 1326 divisi
2931 1283 3090 1343 atque
3128 1279 3379 1347 separati,
3412 1250 3543 1338 nihil

1953 1342 2096 1438 aliud
2120 1344 2291 1438 facitis
2313 1368 2469 1421 quam
2495 1367 2678 1412 contra
2703 1360 2859 1416 verba
2890 1342 3079 1435 capitis
3106 1375 3159 1422 et
3189 1342 3431 1438 corporis
3452 1388 3542 1429 re-

1951 1432 2189 1503 bellatis;
2224 1447 2276 1495 et
2306 1450 2480 1499 tamen
2510 1458 2726 1518 propter
2765 1432 2972 1508 Filium
3003 1454 3231 1515 hominis
3284 1432 3348 1517 ac
3378 1461 3539 1519 ﬁdem

1949 1529 2352 1625 quamreliquit
2379 1535 2671 1609 Apostolis,
2701 1558 2795 1601 vos
2822 1549 3245 1614 persecutionem
3273 1553 3541 1611 sustinere

1943 1619 2192 1684 jactatis?
2218 1622 2536 1684 Omittamus
2562 1630 2664 1686 alia
2693 1675 2708 1701 ,
2747 1641 2801 1690 et
2833 1638 3121 1694 novissima
3146 1642 3303 1698 verba
3335 1644 3451 1715 ejus
3483 1643 3537 1700 in

1948 1711 2103 1767 terris
2127 1714 2433 1791 audiamus,
2459 1722 2547 1779 ubi
2576 1724 2848 1784 videamus
2878 1744 3035 1800 quam
3061 1731 3219 1790 ﬁdem
3247 1734 3316 1792 de
3345 1711 3537 1795 Eccle-

1945 1800 2021 1856 sia
2053 1806 2284 1901 reliquit
2334 1812 2625 1886 Apostolis,
2676 1821 2832 1890 quale
2881 1830 3256 1884 testamentum
3303 1830 3535 1901 quodam

1943 1897 2105 1954 modo
2131 1900 2339 1973 fecerit,
2362 1923 2470 1964 non
2499 1910 2658 1968 vitam
2685 1914 2948 1986 ﬁniturus,
2973 1918 3066 1975 sed
3093 1920 3207 1977 sine
3236 1897 3341 1978 ﬁne
3362 1924 3535 1980 victu-

1942 2005 2064 2057 rus;
2105 2009 2210 2049 non
2245 1996 2532 2057 mittendus
2565 2004 2616 2059 in
2646 2006 2971 2079 sepulcrum,
3005 2011 3098 2067 sed
3130 2028 3449 2070 ascensurus
3478 2016 3535 2072 in

1940 2083 2158 2177 coelum.
2188 2085 2421 2161 Surgens
2441 2094 2582 2149 enim
2608 2112 2639 2151 a
2667 2102 2891 2155 mortuis
2922 2112 3263 2175 posteaquam
3285 2108 3534 2177 apparuit

1938 2174 2214 2268 discipulis
2242 2184 2351 2238 suis
2380 2186 2667 2245 intuendus
2703 2193 2871 2247 oculis
2906 2195 3259 2268 manibusque
3292 2174 3529 2257 tractan-

1938 2265 2037 2360 dus
2067 2286 2080 2322 :
2114 2267 2422 2344 Oportebat,
2465 2277 2654 2349 inquit,
2700 2281 2903 2353 impleri
2941 2302 3056 2355 qua:
3091 2265 3281 2360 scripta
3316 2298 3434 2345 sunt
3476 2290 3532 2345 in

1935 2355 2089 2429 Lege,
2113 2370 2160 2415 et
2185 2361 2475 2435 PrOphetis,
2508 2378 2555 2422 et
2581 2369 2802 2428 Psalmis
2830 2374 2892 2429 de
2918 2393 3011 2431 me.
3040 2355 3408 2451 Tunc-aperuit
3424 2381 3531 2437 illis

1932 2467 2133 2507 sensum
2159 2462 2215 2508 ut
2243 2457 2575 2531 intelligerent
2598 2461 2892 2534 Scripturas
2911 2476 2959 2521 et
2979 2468 3107 2523 dixit
3126 2471 3198 2524 eis
3225 2486 3246 2525 :
3272 2470 3527 2540 Quoniam
3616 2474 3623 2479 κ

1932 2544 2006 2597 sic
2037 2548 2282 2619 scriptum
2320 2560 2423 2619 est,
2468 2565 2515 2607 et
2542 2555 2615 2609 sic
2641 2558 2899 2626 oportebat
2931 2561 3040 2631 pati
3067 2559 3343 2632 Christum,
3372 2572 3419 2617 et
3439 2581 3523 2619 re-

1931 2650 2137 2707 surgere
2161 2642 2305 2695 tertio
2336 2642 2435 2709 die,
2463 2653 2512 2700 et
2540 2648 2806 2716 praedicari
2834 2652 2885 2704 in
2916 2653 3117 2707 nomine
3136 2655 3245 2726 ejus
3274 2656 3522 2725 paeniten-

1931 2727 2053 2784 tiam
2078 2740 2126 2785 et
2148 2733 2489 2791 remissionem
2516 2751 2834 2809 peccatorum
2864 2761 2955 2812 per
2976 2761 3150 2801 omnes
3178 2756 3365 2819 gentes,
3392 2749 3521 2803 inci-

1928 2822 2180 2893 pientibus
2217 2828 2279 2881 ab
2306 2827 2591 2887 Jerusalem
2630 2833 2795 2906 (Luc.
2826 2853 2970 2905 xxrv,
3002 2839 3170 2895 4447
3193 2840 3233 2913 ).
3284 2841 3520 2914 Itemque

1928 2916 1984 2973 in
2022 2928 2203 2975 monte
2236 2919 2429 2979 Oliveti
2453 2967 2468 2990 ,
2507 2938 2783 2998 postquam
2825 2929 2957 2987 nihil
3002 2932 3226 2990 ulterius
3263 2936 3317 2991 in
3361 2936 3520 2993 terris

1926 3010 2132 3080 positus
2158 3011 2311 3082 dixit,
2348 3016 2441 3071 sed
2475 3018 2616 3087 quod
2648 3020 2878 3077 maxime
2916 3022 3088 3079 fuerat
3118 3026 3477 3083 necessarium
3499 3070 3516 3096 ,

1924 3101 2028 3159 hoc
2053 3106 2445 3163 commendavit
2472 3118 2790 3166 extremum.
2829 3111 2979 3168 Multi
3019 3117 3216 3186 quippe
3243 3126 3397 3173 erant
3431 3116 3519 3175 fu-

1923 3195 2028 3250 turi
2056 3211 2154 3266 per
2181 3198 2457 3254 universas
2489 3211 2664 3269 partes
2703 3211 2893 3270 terrae,
2924 3205 3240 3263 vindicaturi
3279 3208 3381 3265 sibi
3416 3224 3519 3265 no-

1923 3303 2045 3344 men
2077 3289 2351 3359 Ecclcsize,
2381 3303 2436 3348 et
2459 3303 2644 3348 contra
2684 3296 2986 3351 universam
3031 3297 3247 3353 domum
3277 3314 3397 3370 quae
3423 3314 3518 3371 per

1923 3379 2227 3436 universam
2271 3390 2467 3439 terram
2512 3393 2691 3440 cantat
2730 3388 2994 3445 canticum
3039 3405 3259 3461 novum,
3300 3391 3369 3449 de
3409 3407 3517 3464 quo

1920 3472 2178 3543 scriptum
2206 3483 2309 3543 est,
2333 3473 2545 3532 Cantate
2564 3476 2785 3535 Domino
2806 3480 3059 3537 canticum
3078 3499 3260 3539 novum
3273 3502 3294 3553 ;
3317 3495 3519 3541 cantate

1919 3562 2162 3635 Domino,
2186 3570 2349 3625 omnis
2371 3580 2505 3625 terra
2530 3572 2549 3641 (
2573 3570 2722 3630 Psal.
2747 3590 2865 3642 xcv,
2890 3576 2916 3630 1
2942 3571 2995 3649 );
3027 3574 3095 3631 de
3122 3592 3338 3632 suarum
3364 3579 3513 3649 quis-

1919 3670 2023 3726 que
2060 3659 2331 3715 ruinarum
2377 3662 2586 3732 angulis
2611 3664 2888 3733 .latraturi.
2921 3665 3078 3723 Aliud
3107 3682 3338 3738 namque
3365 3668 3515 3739 Apo-

1919 3749 2040 3805 stoli
2080 3751 2265 3807 audire
2301 3753 2614 3822 cupiebant,
2660 3762 2716 3809 et
2755 3756 2894 3827 quod
2936 3756 3037 3811 illis
3077 3758 3308 3814 maxime
3341 3758 3514 3817 fuerat

1917 3843 2300 3911 necessarium,
2332 3859 2437 3899 non
2477 3846 2806 3916 quazrebant.
2848 3846 2948 3902 Dic
2984 3848 3148 3919 nobis,
3175 3850 3439 3922 inquiunt,
3467 3855 3515 3911 si

1916 3932 1970 3987 in
1997 3942 2221 4005 tempore
2245 3934 2340 3990 hoc
2361 3938 2760 4008 prwsentaberis,
2785 3947 2833 3993 et
2851 3940 3054 4011 quando
3074 3958 3284 4014 regnum
3306 3942 3475 4000 Israel
3484 3945 3514 4001 .’

1916 4027 1989 4081 At
2012 4027 2099 4081 ille
2123 4044 2136 4079 :
2167 4025 2288 4081 Non
2318 4037 2407 4091 est,
2434 4028 2623 4099 inquit,
2650 4040 2869 4086 vestrum
2894 4048 3039 4088 nosse
3057 4042 3284 4104 tempora
3303 4035 3382 4091 vel
3400 4053 3511 4092 mo-

1917 4130 2104 4189 menta,
2135 4138 2248 4193 qua:
2276 4122 2434 4177 Pater
2454 4124 2620 4195 posuit
2647 4124 2701 4179 in
2724 4141 2818 4180 sua
2832 4134 3110 4197 potestate;
3138 4128 3228 4183 sed
3250 4129 3509 4201 accipietis

1915 4214 2147 4267 virtutem
2176 4214 2567 4285 supervenientis
2612 4215 2837 4287 Spiritus
2872 4219 3032 4272 sancti
3060 4218 3115 4273 in
3141 4236 3231 4276 vos
3249 4260 3265 4287 ,
3297 4229 3345 4275 et
3369 4222 3509 4277 eritis

1915 4305 2040 4359 mihi
2069 4314 2212 4360 testes
2244 4306 2296 4361 in
2324 4305 2630 4372 Jerusalem,
2654 4317 2700 4361 et
2723 4309 2777 4363 in
2803 4319 2959 4365 totam
2983 4310 3219 4367 Judteam
3245 4322 3292 4367 et
3321 4313 3509 4371 Sama-

1913 4399 2063 4466 riam,
2085 4408 2133 4453 et
2158 4416 2313 4472 usque
2339 4398 2408 4454 ad
2436 4400 2673 4475 terminos
2697 4410 2861 4457 terrae.
2882 4402 2976 4458 llis
3004 4403 3159 4459 dictis
3184 4406 3354 4461 nubes
3381 4422 3502 4463 sus-

1915 4490 2059 4562 cepit
2101 4505 2225 4546 eum
2252 4491 2389 4564 (Act.
2414 4508 2453 4557 ι,
2480 4490 2625 4565 6-9).
2659 4490 2801 4549 Nihil
2825 4494 3043 4549 ulterius
3064 4496 3239 4552 verbis
3258 4497 3498 4555 addidit:

1912 4580 2015 4638 hoc
2060 4591 2206 4639 tanto
2253 4584 2529 4651 tenacius,
2577 4594 2778 4656 quanto
2827 4588 3130 4657 posterius,
3171 4589 3502 4647 audientium

1912 4674 2177 4730 mentibus
2223 4674 2355 4731 ﬁxit.
2400 4676 2566 4731 Hanc.
2593 4692 2844 4747 sponsam
2888 4679 3000 4734 suis
3043 4681 3229 4737 amicis
3272 4697 3503 4756 sponsus

1911 4767 2097 4823 abiens
2138 4768 2551 4824 commendavit.
2588 4769 2736 4825 Hanc
2776 4784 2905 4841 ergo
2942 4769 3009 4827 de
3042 4782 3221 4828 sancta
3258 4773 3501 4830 Ecclesia

1912 4860 2187 4930 discipulis
2218 4860 2557 4931 dercliquit‘.
2598 4860 2733 4916 Huic
2774 4860 2919 4931 ﬁdei,
2959 4863 3265 4929 Donatistae,
3296 4865 3501 4919 resisti-

1912 4951 1999 5018 tis,
2032 4960 2087 5007 et
2113 4966 2209 5023 pro
2236 4951 2342 5007 ﬁde
2367 4966 2526 5022 quam
2554 4950 2814 5010 Dominus
2836 4952 3079 5011 Christus
3105 4955 3318 5025 reliquit
3349 4957 3497 5027 Apo-

1911 5045 2095 5113 stolis,
2122 5061 2217 5101 vos
2255 5046 2680 5115 persecutionem
2707 5047 2845 5104 ferre
2869 5047 3209 5105 contenditis.
3238 5048 3373 5104 Iluic
3399 5048 3499 5104 ho-

1909 5138 2069 5194 minis
2093 5138 2251 5208 Filio,
2274 5140 2363 5211 qui
2392 5139 2687 5197 Ecclesiam
2713 5155 2864 5197 suam
2886 5141 3228 5212 incipientem
3248 5141 3316 5196 ab
3340 5140 3526 5197 Jeru-'

1908 5232 2109 5298 salem,
2163 5239 2217 5286 et
2264 5246 2361 5302 per
2410 5246 2596 5290 omnes
2646 5243 2833 5305 gentes
2862 5230 3288 5309 fructiﬁcantem
3334 5244 3494 5305 atque

1907 5335 2258 5391 crescentem,
2282 5333 2425 5381 tanta
2451 5326 2719 5399 diligentia
2746 5324 3156 5391 commendavit,
3180 5326 3313 5383 mira
3339 5328 3496 5383 caeci-

1907 5418 2029 5474 tatis
2054 5417 2381 5489 impudentia
2407 5418 2799 5488 contradicitis,
2828 5427 2881 5475 et
2910 5428 3127 5490 propter
3163 5418 3356 5475 Filium
3388 5419 3491 5475 ho-

1904 5510 2066 5566 minis
2105 5525 2200 5567 vos
2237 5511 2379 5571 mala
2415 5512 2680 5567 sustinere
2720 5509 2981 5567 clamatis.
3010 5511 3091 5566 An
3118 5509 3221 5567 hoc
3248 5509 3494 5568 fortassis

1904 5601 2026 5659 ideo
2049 5603 2246 5673 dicitis,
2274 5604 2398 5677 quia
2427 5603 2577 5659 vobis
2605 5602 2767 5658 alium
2803 5602 2969 5659 lilium
3007 5602 3240 5659 hominis
3278 5601 3488 5660 inveni-

1902 5697 2024 5767 stis,
2061 5698 2214 5770 cujus
2255 5697 2470 5754 nomine
2498 5695 2824 5767 vocitemini,
2849 5695 2919 5754 de
2956 5697 3105 5770 cujus
3145 5704 3297 5770 parte
3338 5695 3489 5755 dica-

1971 5881 1990 5913 ί
2022 5881 2106 5930 Hic
2124 5876 2305 5929 deesse
2325 5872 2537 5937 videtur,
2556 5869 2723 5938 ﬁdem.
