4026 6458
443 364 550 422 ’119

447 476 616 536 mini?
656 472 882 541 Erratis,
908 483 1017 526 non
1049 474 1131 523 est
1163 466 1278 536 ipse
1307 480 1321 518 :
1353 461 1567 533 quando
1593 465 1810 532 propter
1836 456 2025 512 Filium

448 568 684 627 hominis
728 565 837 639 pati
876 559 1296 635 persecutionem
1345 554 1610 610 fclicitatis
1644 565 1763 607 esse
1803 548 2030 615 dicebat,

451 678 512 722 se
536 664 710 735 ipsum
736 661 824 716 ille
845 668 1092 728 sponsus,
1124 668 1230 708 non
1252 649 1551 705 adulterum
1577 644 1918 718 praedicabat.

521 758 614 815 25.
638 756 707 811 Et
725 767 825 810 nos
843 749 1178 814 conﬁtemur,
1197 755 1256 802 ut
1276 743 1470 810 dicitis,
1491 756 1600 798 non
1619 739 1748 795 solis
1768 735 2037 808 Apostolis

451 867 574 911 esse
599 850 817 912 dictum,
849 843 996 900 Beati
1024 842 1184 906 eritis,
1210 855 1322 895 cum
1343 855 1429 894 uos
1456 833 1699 906 persecuti
1730 831 1916 902 fuerint
1944 830 2038 883 ho-

451 945 631 999 mines.
678 938 762 994 Ad
801 949 990 991 omnes
1029 933 1174 990 enim
1214 931 1318 985 hoc
1352 928 1603 1000 pertinet,
1644 939 1750 980 non
1789 922 1877 994 qui
1917 927 2038 991 post

448 1035 572 1090 illos
616 1027 906 1102 quamlibet
945 1021 1372 1095 persecutionem
1416 1017 1561 1088 passi
1602 1023 1766 1080 sunt,
1797 1013 1909 1067 sive
1938 1025 2035 1080 pa-

447 1101 674 1186 tiuntur,
703 1123 815 1178 sive
852 1120 942 1191 qui
978 1115 1186 1189 passuri
1213 1121 1362 1177 sunt;
1393 1109 1488 1166 sed
1516 1109 1606 1180 qui
1638 1115 1853 1178 propter
1877 1101 2036 1172 justi-

452 1219 605 1282 tiam,
639 1217 776 1271 sicut
810 1221 864 1269 et
903 1211 1022 1282 ipsi.
1053 1207 1186 1264 Nam
1209 1207 1309 1262 hoc
1333 1203 1492 1274 paulo
1513 1199 1758 1272 superius
1785 1196 1992 1251 dixerat
2020 1210 2034 1247 :

360 1320 370 1382 ζ
449 1311 598 1367 Beati
649 1309 734 1379 qui
776 1307 1167 1376 persecutionem
1215 1300 1479 1371 patiuntur
1517 1302 1722 1366 prapter
1757 1289 2034 1362 justitiam,

350 1378 368 1395 ε
450 1405 572 1476 quia
593 1378 820 1472 ipsorum
839 1407 911 1453 est
935 1410 1147 1467 regnum
1171 1393 1408 1446 caelorum
1445 1385 1671 1458 (Matth.
1703 1399 1756 1450 v,
1791 1382 1879 1447 11,
1914 1378 2035 1447 10).

452 1473 658 1553 Deinde
684 1495 782 1548 ista
812 1489 1101 1560 subjunxit,
1137 1501 1255 1557 qua:
1294 1492 1713 1538 commemorare
1749 1485 1805 1529 et
1844 1473 2039 1527 frustra

449 1589 604 1646 vobis
632 1601 887 1657 usurpare
918 1581 1178 1637 voluistis.
1225 1578 1444 1633 Frustra
1484 1573 1626 1629 enim
1659 1566 2039 1624 beatitudinem

450 1684 610 1739 istam
641 1680 909 1750 pertinere
938 1675 1003 1730 ad
1031 1689 1126 1729 vos
1153 1671 1370 1742 putatis,
1401 1665 1612 1738 quando
1635 1664 1688 1718 in
1715 1661 1868 1716 vobis
1887 1659 2041 1730 justi-

451 1779 584 1831 tiam
608 1773 693 1828 cui
720 1769 999 1842 praemium
1025 1767 1303 1827 debeatur,
1327 1776 1434 1815 non
1460 1753 1836 1812 demonstratis
1868 1769 1880 1803 :
1914 1750 2041 1820 quin

448 1869 561 1924 imo
589 1882 622 1922 e
646 1862 915 1920 contrario
943 1860 1105 1915 etiam
1139 1871 1238 1926 pro
1273 1851 1547 1923 iniquitate
1575 1844 1837 1918 patimini,
1867 1844 2042 1897 minus

450 1960 520 2016 ab
543 1958 682 2024 aliis,
714 1956 832 2026 plus
857 1969 886 2007 a
915 1951 1101 2016 vobis,
1138 1957 1197 2004 ut
1234 1954 1358 2000 ante
1392 1944 1486 1998 Dei
1509 1939 1764 2011 judicium
1797 1934 1937 2006 quod
1966 1932 2046 1988 fu-

450 2061 631 2107 turum
657 2055 763 2114 est,
792 2045 975 2109 etiam,
1004 2042 1106 2110 ipsi
1130 2039 1285 2093 vobis
1309 2033 1452 2106 quod
1474 2028 1753 2087 moremini
1777 2044 1841 2083 ex
1869 2027 2044 2095 aliqua

450 2153 606 2216 parte
652 2139 906 2197 reddatis.
956 2135 1110 2191 Unde
1147 2132 1267 2202 quia
1314 2137 1373 2184 tu
1415 2128 1530 2198 ipse
1567 2123 1768 2190 dixisti,
1801 2135 1908 2176 non
1944 2120 2046 2174 hoc

452 2210 586 2292 solis
626 2230 916 2303 Apostolis,
964 2225 1059 2282 sed
1105 2221 1352 2279 omnibus
1394 2219 1615 2283 dictum,
1660 2229 1728 2270 ne
1771 2227 1935 2282 usque
1977 2210 2046 2265 ad

451 2327 581 2384 illos
605 2325 738 2380 ﬁdes
769 2321 984 2394 praemia
1015 2315 1263 2373 habuisse
1287 2312 1555 2368 videretur
1584 2327 1598 2363 :
1627 2309 1765 2363 sicut
1791 2307 1892 2362 hoc
1919 2319 2046 2376 ergo

451 2437 563 2478 non
607 2418 738 2474 solis
781 2413 1083 2485 Apostolis,
1131 2410 1224 2465 sed
1267 2407 1515 2463 omnibus
1555 2403 1756 2459 dictum
1795 2409 1910 2466 est,
1954 2399 2046 2470 qui

454 2513 614 2569 etiam
651 2517 772 2581 post
805 2507 926 2562 illos
954 2511 1174 2576 propter
1195 2499 1455 2572 justitiam
1493 2496 1704 2552 fuerant
1729 2495 1867 2550 mala
1898 2507 2044 2563 qua:—

453 2619 684 2676 cumque
709 2600 950 2674 passuri;
981 2599 1058 2654 sic
1086 2597 1246 2652 etiam
1275 2592 1521 2649 omnibus
1550 2589 1681 2644 illud
1707 2587 1905 2644 dictum
1933 2592 2044 2651 est,

453 2697 519 2754 Si
545 2675 628 2752 vos
651 2693 897 2767 persecuti
925 2690 1110 2763 fuerint
1139 2689 1194 2741 in
1229 2687 1326 2741 ista
1359 2684 1577 2746 ciuitate,
1607 2681 1768 2752 fugite
1802 2678 1858 2732 in
1893 2675 2049 2730 aliam

455 2787 668 2861 (Matth.
692 2803 745 2851 x,
771 2782 900 2856 25).
947 2782 1121 2849 Quare
1168 2779 1270 2832 hoc
1307 2791 1412 2831 non
1459 2773 1664 2836 facitis,
1695 2771 1741 2825 si
1768 2768 1834 2823 ad
1862 2781 2047 2823 eorum

456 2857 768 2935 societatem
807 2873 999 2946 quibus
1042 2872 1157 2926 haec
1199 2869 1340 2924 dicta
1383 2874 1506 2921 sunt
1547 2859 1856 2934 pertinctis?
1896 2857 2048 2926 Quod

455 2971 673 3041 quidem
705 2978 758 3024 et
786 2967 832 3020 si
878 2965 1128 3030 feceritis,
1153 2978 1258 3017 non
1294 2960 1415 3016 ideo
1450 2955 1778 3028 pertinebitis
1807 2971 1820 3006 :
1851 2952 1971 3023 quia
1996 2957 2052 3006 et

455 3061 696 3116 latrones
731 3059 836 3113 hoc
875 3057 1050 3112 facere
1087 3062 1330 3125 possunt,
1370 3066 1505 3122 quos
1548 3049 1740 3119 inquiri
1778 3048 1920 3117 leges
1955 3061 2053 3116 pu-

455 3154 610 3209 blica:
646 3153 938 3223 jusserunt.
989 3145 1369 3203 Verumtamen
1412 3142 1533 3213 quia
1583 3141 1685 3196 hoc
1729 3140 1905 3195 facere
1944 3153 2051 3193 non

457 3245 651 3312 vultis,
686 3243 755 3299 de
791 3239 1107 3311 compendio
1141 3252 1236 3292 vos
1277 3235 1344 3291 ad
1386 3236 1516 3290 istos
1550 3233 1742 3304 quibus
1773 3232 1887 3286 baac
1911 3230 2050 3286 dicta

457 3349 604 3408 sunt,
633 3353 738 3393 non
771 3337 1044 3408 pertinere
1079 3329 1409 3388 monstratis.
1443 3327 1514 3383 Et
1538 3334 1597 3382 ut
1619 3341 1714 3382 vos
1739 3324 1904 3379 multo
1933 3339 2048 3379 ma-

457 3421 724 3488 nifestius
747 3431 861 3499 ipsa
899 3426 1173 3484 excusatio
1202 3433 1376 3479 vestra
1411 3422 1480 3476 ab
1518 3421 1611 3475 illo
1643 3434 1866 3475 numero
1891 3432 2050 3473 vero-

460 3541 582 3583 rum
603 3521 1028 3578 Christianorum
1057 3516 1306 3574 ostendat
1328 3515 1552 3579 alienos,
1584 3513 1701 3566 loca
1725 3528 1831 3582 quo
1858 3509 2050 3566 confu-

458 3618 648 3689 giatis,
687 3631 806 3688 qua“:
847 3615 935 3669 ille
974 3626 1143 3683 usque
1180 3611 1235 3665 in
1275 3608 1436 3662 ﬁnem
1464 3605 1645 3661 saeculi
1674 3621 1779 3659 non
1805 3603 2049 3659 defutura

457 3709 737 3782 promisit,
761 3705 911 3762 vobis
939 3703 1130 3760 deesse
1155 3701 1262 3772 jam
1297 3698 1502 3765 dicitis;
1542 3695 1686 3752 nullo
1711 3694 1872 3750 modo
1901 3695 2047 3749 illum

459 3805 605 3876 quod
632 3802 760 3857 falsa
781 3797 1087 3870 promiserit
1110 3793 1509 3858 convincentes,
1535 3789 1628 3846 sed
1649 3805 1745 3845 vos
1769 3788 1836 3844 ad
1862 3803 2048 3844 eorum

461 3893 790 3953 consortium
815 3890 1010 3962 quibus
1047 3876 1163 3942 hoc
1182 3884 1426 3956 promisit
1458 3897 1564 3938 non
1600 3881 1867 3952 pertinere
1896 3895 2051 3935 mon-

460 3993 717 4052 strantes,
741 3989 796 4039 et
815 3981 934 4037 ideo
959 3995 1067 4035 non
1091 3991 1309 4034 veraces
1334 3983 1618 4046 martyres,
1646 3971 1743 4029 sed
1769 3970 2050 4026 haereticos

459 4090 564 4134 vos
584 4089 704 4132 esse
726 4072 963 4128 fallaces.
991 4068 1127 4137 Quid
1145 4067 1296 4124 vobis
1315 4064 1537 4121 ulterius
1557 4063 1812 4130 dicamus,
1837 4061 2050 4133 quando

457 4169 635 4240 lingua
660 4175 838 4222 vestra
857 4179 954 4219 vos
979 4160 1184 4217 vincit?

533 4257 760 4313 CAPUT
789 4253 934 4310 XXI.
961 4252 1141 4308 —24.
1171 4251 1304 4308 Nam
1356 4256 1411 4306 et
1450 4248 1576 4304 illud
1617 4247 1760 4318 quod
1802 4245 2051 4302 addidisti

462 4351 665 4407 dixisse
706 4348 1054 4419 Apostolum,
1108 4345 1296 4400 Omnes
1340 4343 1426 4414 qui
1452 4343 1508 4397 in
1547 4341 1745 4397 Christo
1775 4342 1856 4414 pie
1891 4341 2053 4396 vivere

465 4443 661 4510 nolunt,
686 4426 1051 4515 persecutiones
1075 4438 1333 4509 patiantur
1361 4453 1557 4491 necesse
1575 4447 1646 4491 est
1670 4450 1810 4491 :non
1838 4435 2051 4506 quidem

461 4538 554 4592 ille
579 4535 714 4592 dixit
736 4576 752 4603 ,
784 4549 982 4588 necesse
1007 4540 1116 4596 est;
1147 4527 1260 4594 sed,
1293 4527 1480 4582 Omnes
1499 4569 1516 4596 ,
1535 4529 1646 4594 ait,
1675 4529 1764 4599 qui
1793 4528 1966 4581 volunt
1999 4527 2054 4582 in

464 4627 665 4684 Christo
704 4626 784 4697 pie
809 4625 988 4690 vivere,
1015 4620 1412 4695 persecutionem
1443 4619 1694 4690 patientur
1720 4618 1798 4692 (ll
1841 4618 1972 4672 Tim.
1993 4635 2047 4686 v,

463 4717 578 4789 12).
609 4716 716 4772 Sed
741 4730 839 4772 vos
867 4714 933 4770 ad
970 4715 1102 4770 istos
1130 4727 1235 4768 non
1266 4712 1535 4782 pertinere
1574 4712 1694 4782 quis
1723 4710 1971 4765 dubitat?
1997 4710 2054 4767 Si

465 4811 609 4868 enim
633 4817 690 4867 et
727 4823 824 4865 vos
867 4807 1026 4876 estis,
1074 4805 1142 4862 de
1185 4805 1375 4878 quibus
1416 4804 1520 4861 hoc
1565 4803 1699 4859 dixit
1728 4803 2049 4873 Apostolus,

464 4917 630 4974 quare
663 4915 769 4957 non
811 4899 983 4954 facitis
1010 4897 1150 4969 quod
1180 4897 1294 4967 ipse
1319 4897 1444 4953 fecit
1480 4896 1808 4967 Apostolus?
1838 4895 1967 4950 Nam
2007 4897 2053 4952 si

466 5004 635 5066 portae
659 4992 914 5049 adversus
953 5005 1050 5046 vos
1073 4989 1483 5056 clauderentur,
1529 5005 1625 5059 per
1671 5005 1882 5044 murum
1923 4990 2052 5046 sub-

467 5086 607 5142 mitti
645 5085 938 5152 debuistis,
967 5091 1026 5138 ut
1071 5097 1260 5137 manus
1303 5081 1732 5151 persequentium
1777 5080 2052 5152 fugeretis.

469 5177 660 5233 Patent
684 5185 851 5248 portae
869 5217 884 5242 ,
913 5183 966 5230 et
991 5174 1142 5230 exire
1182 5187 1292 5226 non
1315 5172 1496 5227 vultis.
1525 5173 1694 5239 Quam
1723 5175 2054 5244 persecutio-

469 5285 598 5326 nem
627 5268 898 5341 patimini,
945 5266 1045 5322 nisi
1071 5280 1102 5319 a
1143 5263 1337 5320 vobis?
1386 5263 1563 5333 Diligit
1607 5279 1700 5318 vos
1743 5274 2056 5334 persecutor

466 5371 647 5418 vester
669 5401 686 5427 ,
715 5368 770 5417 et
793 5357 1129 5430 persequitur
1154 5371 1246 5410 vos
1276 5354 1426 5409 furor
1449 5363 1643 5430 vester.
1665 5353 1759 5411 llle
1788 5365 1845 5411 ut
1881 5355 2056 5427 fugia-

469 5455 538 5510 tis
581 5455 761 5525 cupit,
792 5429 893 5508 iste
922 5460 978 5506 ut
1005 5450 1233 5521 pereatis
1256 5429 1496 5520 impellit;
1524 5446 1612 5503 Sic
1637 5457 1813 5504 autem
1859 5450 2058 5505 intelli-

470 5547 595 5618 gitis
619 5546 762 5618 quod
788 5546 863 5600 ait
888 5544 1172 5616 Apostolus
1196 5585 1211 5610 ,
1242 5541 1427 5597 Omnes
1455 5541 1540 5612 qui
1567 5541 1738 5596 volunt
1764 5543 1817 5596 in
1856 5543 2057 5599 Christo

469 5637 555 5710 pie
599 5638 798 5705 uiuere,
846 5635 1238 5708 persecutionem
1287 5634 1573 5704 patientur,
1621 5642 1678 5689 ut
1705 5633 1933 5704 majores
1963 5651 2056 5692 ve-

470 5738 616 5789 stros
638 5729 739 5786 sub
763 5738 1000 5802 apostata
1031 5728 1354 5798 imperatore
1379 5726 1591 5782 Juliano
1618 5743 1722 5784 non
1751 5729 1835 5799 pic
1862 5728 2060 5786 vixisse

470 5823 626 5889 vobis
653 5837 876 5882 necesse
897 5824 968 5880 sit
991 5821 1250 5879 conﬁteri.
1281 5821 1413 5878 Nam
1441 5823 1678 5894 quisquis
1704 5822 1793 5878 illo
1820 5829 2060 5894 tempore

1461 344 1732 404 CONTRA
1773 337 2242 401 GAUDENTIUM.
2273 337 2331 394 S.
2363 330 2730 392 AUGUSTINI

3622 322 3729 382 ’ΒΘ

2144 450 2408 507 donatista
2436 449 2604 504 factus
2627 455 2743 513 est,
2783 443 2955 499 donec
2982 439 3238 496 adversus
3261 445 3500 494 vestrum
3540 451 3731 494 rursus

2142 560 2377 601 errorem
2427 543 2513 614 pia
2556 539 2964 597 christianorum
3013 534 3395 606 lmpcratorum
3424 547 3554 588 cura
3600 547 3731 588 con-

2141 643 2415 707 surgeret,
2445 634 2490 688 si
2533 641 2656 688 ante
2689 630 2970 686 defunctus
2998 635 3115 692 est,
3144 641 3247 680 non
3289 625 3375 696 pie
3413 625 3587 690 vixit,
3608 625 3735 696 quia

2141 745 2248 786 non
2273 737 2357 784 est
2384 742 2572 799 passus
2601 723 3046 797 persecutionem.
3076 719 3132 776 Si
3153 729 3330 774 autem
3355 718 3459 773 hoc
3483 728 3734 789 propter-

2142 835 2206 876 ea
2257 820 2392 875 dixit
2433 819 2722 890 Apostolus
2746 858 2763 885 ,
2795 816 2918 886 quia
2960 814 3098 869 sicut
3136 811 3262 868 alibi
3306 811 3561 880 scriptum
3619 818 3734 877 est,

2141 914 2375 969 Tentatio
2416 921 2490 968 est
2531 913 2633 967 vita
2663 910 2878 965 hominis
2913 924 3064 979 super
3103 915 3288 961 terram
3315 903 3444 977 (Job
3471 919 3578 970 vn,
3625 903 3652 958 1
3677 904 3736 973 );

2143 1020 2242 1062 nec
2285 1012 2460 1061 cessat
2499 1004 2614 1075 pios
2642 1015 2905 1072 verosque
2927 998 3261 1054 Christianos
3286 1011 3392 1052 non
3433 994 3606 1050 solum
3637 992 3739 1048 ad-

2141 1097 2408 1153 versitatis
2437 1092 2772 1149 infestatione
2795 1133 2810 1158 ,
2845 1105 3031 1146 verum
3063 1089 3221 1144 etiam
3256 1085 3627 1158 prOSperitatis
3655 1099 3715 1139 se

2143 1191 2392 1246 ductione
2418 1196 2623 1244 tentare
2645 1229 2660 1255 ,
2709 1194 2769 1240 ut
2803 1184 3011 1239 animus
3041 1182 3302 1237 humanus
3331 1189 3423 1235 aut
3448 1179 3742 1234 afflictione

2143 1283 2488 1350 succumbat,
2520 1290 2611 1338 aut
2635 1281 2865 1336 elatione
2892 1287 3144 1333 vanescat
3171 1294 3184 1329 :
3216 1274 3452 1345 profecto
3481 1270 3738 1342 quamdiu

2143 1377 2231 1431 hic
2249 1376 2444 1430 vivitur
2461 1417 2476 1442 ,
2509 1389 2680 1428 omnes
2700 1372 2788 1440 qui
2811 1371 2982 1425 uolunt
3008 1369 3060 1422 in
3082 1368 3280 1423 Christo
3305 1367 3387 1437 pie
3412 1367 3597 1428 vivere,
3625 1379 3737 1434 per-

2143 1469 2446 1525 secutionem
2472 1467 2726 1540 patientur
2749 1506 2765 1533 ,
2791 1473 2851 1518 ut
2878 1473 2970 1518 aut
2995 1461 3120 1515 victi
3157 1457 3683 1529 comprehendantur
3709 1469 3740 1508 a

2144 1562 2386 1628 diabolo,
2419 1569 2510 1614 aut
2536 1557 2742 1630 probati
2780 1555 3050 1611 diabolum
3095 1553 3351 1608 vincant:
3379 1564 3515 1621 quos
3556 1556 3743 1602 autem

2145 1656 2560 1727 comprehensos
2598 1637 2941 1723 captivosque
2972 1650 3080 1720 jam
3111 1647 3381 1719 possidet,
3427 1660 3535 1701 non
3565 1653 3625 1698 ιιι
3648 1643 3746 1699 ob-

2146 1749 2315 1803 tineat
2337 1745 2676 1818 persequitur
2698 1787 2713 1811 ,
2741 1743 2834 1798 sed
2863 1743 2984 1812 quia
3010 1741 3212 1796 obtinet
3241 1739 3430 1793 utitur.

2216 1839 2309 1894 25.
2358 1838 2557 1901 Porro,
2604 1836 2647 1891 si
2682 1834 2928 1906 persequi
2973 1829 3341 1887 tantummodo
3370 1829 3459 1884 ille
3486 1826 3747 1883 dicendus

2147 1939 2263 1999 est,
2314 1929 2406 2000 qui
2435 1928 2619 1984 dolore
2651 1929 2828 1998 aliquo
2864 1925 3166 1990 excruciat,
3211 1939 3310 1979 seu
3336 1922 3446 1977 vult
3471 1930 3660 1978 tenere
3687 1929 3749 1975 ut

2147 2022 2451 2089 excruciet;
2479 2037 2584 2076 non
2619 2020 2714 2075 tibi
2739 2017 2980 2073 videatur
3007 2016 3341 2072 excruciator
3367 2013 3544 2070 cordis
3577 2014 3747 2068 levior

2149 2127 2269 2169 esse
2292 2129 2450 2184 quam
2481 2110 2753 2183 corporis,
2782 2119 2835 2165 et
2860 2108 3142 2165 considera
3175 2108 3383 2179 qualem
3410 2106 3746 2178 persecutio-

2150 2223 2272 2263 nem
2300 2206 2600 2279 patiebatur
2619 2247 2634 2272 ,
2657 2205 2747 2277 qui
2772 2203 2982 2259 dicebat
3001 2202 3057 2257 in
3086 2202 3326 2267 Psalmo,
3365 2201 3484 2256 Vidi
3506 2201 3745 2256 insensa-

2151 2309 2228 2354 tos
2251 2339 2266 2366 ,
2298 2308 2344 2352 et
2359 2297 2665 2352 tabescebam
2694 2297 2713 2370 (
2728 2295 2872 2351 Psat.
2895 2310 3058 2351 cxvut
3077 2337 3093 2363 ,
3121 2295 3288 2364 158).
3314 2293 3464 2350 Hanc
3487 2308 3749 2364 persecu-

2150 2392 2350 2446 tionem
2404 2390 2507 2446 Lot
2542 2389 2722 2460 justus
2781 2388 3081 2460 patiebatur
3129 2388 3182 2442 in
3236 2385 3522 2452 Sodomis,
3587 2386 3752 2441 etiam

2151 2481 2463 2552 priusquam
2489 2481 2542 2535 in
2571 2481 2732 2536 domo
2770 2479 2886 2550 ejus
2931 2479 3107 2550 angeli
3151 2477 3389 2549 hospites
3433 2477 3592 2547 ejus,
3625 2491 3751 2532 cum

2151 2572 2397 2628 homines
2445 2580 2798 2642 putarentur,
2843 2586 2874 2626 a
2919 2569 3212 2626 Sodomitis
3253 2576 3639 2640 appeterentur
3679 2567 3752 2624 ad

2151 2675 2395 2736 stuprum
2421 2666 2440 2736 (
2467 2664 2593 2720 Gen.
2627 2665 2780 2734 χιχ).
2830 2664 3011 2720 Justus
3056 2664 3198 2720 enim
3243 2678 3340 2720 eos
3391 2670 3498 2718 tam
3539 2661 3754 2733 publice

2154 2767 2360 2828 turpes,
2393 2766 2448 2813 et
2473 2766 2596 2813 ante
2614 2772 2722 2812 suae
2738 2756 2928 2812 domus
2955 2757 3203 2828 injuriam
3232 2758 3249 2789 ί
3270 2756 3386 2813 sine
3408 2771 3604 2827 magno
3631 2770 3754 2812 cor-

2154 2852 2238 2907 dis
2267 2852 2506 2906 cruciatu
2531 2851 2717 2907 videre
2740 2867 2848 2906 non
2880 2859 3106 2923 poterat.

2223 2942 2448 3000 CAPUT
2495 2943 2664 2999 XXII.
2693 2943 2941 2999 -—Unde
2990 2944 3130 2999 inter
3174 2957 3298 2999 suas
3353 2943 3756 3014 persecutiones

2154 3036 2319 3115 etiam
2345 3036 2468 3091 talia
2512 3045 2896 3092 commemorat
2933 3036 3208 3108 apostolus
3237 3035 3465 3103 Paulus,
3516 3035 3709 3093 dicens
3736 3055 3754 3092 :

2160 3129 2288 3194 Quis
2314 3129 2604 3198 inﬁrmatur
2621 3169 2637 3194 ,
2679 3137 2725 3182 et
2745 3145 2835 3199 ego
2861 3145 2960 3182 non
2989 3129 3268 3197 inﬁrmor?
3294 3130 3406 3199 quis
3428 3128 3757 3184 scandaliza-

2154 3233 2256 3292 tur,
2273 3231 2318 3278 ει
2333 3240 2422 3293 ego
2442 3240 2543 3278 non
2558 3239 2680 3277 uror
2700 3222 2765 3294 (ll
2785 3221 2902 3278 Cor.
2918 3239 2997 3290 xt,
3009 3222 3104 3294 29)
3117 3223 3141 3277 ’ἲ
3153 3222 3403 3290 Proinde,
3419 3230 3621 3294 quanto
3639 3237 3758 3277 ma-

2147 3317 2238 3386 jor
2264 3325 2345 3371 est
2375 3316 2430 3371 in
2473 3315 2627 3371 nobis
2651 3314 2882 3370 charitas
2921 3315 3156 3383 Christi,
3204 3324 3351 3369 tanto
3395 3315 3604 3385 majore
3628 3329 3754 3369 cum

2153 3410 2338 3465 dolore
2363 3410 2526 3465 animi
2550 3424 2645 3465 vos
2665 3409 2907 3464 videmus
2932 3408 3134 3465 [rabere
3156 3409 3500 3464 Sacramenta
3529 3408 3753 3477 Christi,

2153 3513 2208 3559 et
2251 3504 2488 3572 separari
2527 3519 2558 3558 a
2600 3502 2858 3559 membris
2900 3501 3134 3569 Christi,
3181 3511 3237 3558 et
3263 3503 3527 3557 rebellare
3566 3510 3756 3558 contra

2155 3611 2338 3668 pacem
2362 3597 2582 3652 Christi.
2615 3596 2724 3652 Sed
2752 3597 3003 3667 quamdiu
3045 3597 3101 3651 in
3145 3599 3246 3652 hoc
3275 3613 3502 3668 corpore
3526 3597 3704 3654 vivitis
3730 3637 3749 3665 ,

2155 3703 2279 3759 spes
2322 3689 2477 3744 nobis
2523 3689 2701 3760 aliqua
2729 3688 2797 3743 de
2826 3688 2976 3744 vobis
3015 3689 3170 3743 datur
3197 3707 3212 3742 :
3236 3705 3358 3744 cum
3401 3705 3531 3746 vero
3553 3690 3665 3761 jam
3691 3690 3750 3746 in

2154 3780 2245 3835 illa
2289 3781 2622 3836 dissensione
2647 3781 2913 3836 morimini
2935 3822 2951 3848 ,
2983 3782 3150 3836 multo
3197 3783 3434 3839 amarius
3473 3799 3571 3840 vos
3599 3783 3750 3840 dole-

2156 3888 2295 3929 mus.
2335 3873 2452 3930 Jam
2494 3890 2656 3945 porro
2685 3873 2899 3945 quando
2939 3889 3033 3928 vos
3081 3875 3224 3945 ipsos
3262 3876 3497 3941 necatis,
3543 3877 3631 3932 vel
3674 3877 3750 3932 ir-

2154 3966 2360 4023 ruendo
2387 3967 2551 4022 armis
2576 3967 2764 4022 alienis
2783 4009 2797 4034 ,
2829 3967 2911 4022 vel
2944 3966 3249 4036 prmcipitiis
3279 3975 3333 4021 et
3360 3966 3749 4023 submersioni-

2153 4059 2254 4116 bus
2283 4068 2338 4116 et
2365 4059 2573 4131 ignibus
2617 4059 2810 4115 vestris
2834 4100 2850 4127 ,
2880 4060 3010 4114 satis
3048 4059 3154 4114 dici
3195 4075 3302 4115 non
3331 4069 3507 4130 potest
3551 4070 3747 4133 quanto

2155 4166 2256 4206 nos
2293 4166 2525 4207 maerore
2551 4151 2820 4206 crucietis.
2865 4150 2992 4206 Plus
3034 4151 3229 4221 quippe
3276 4151 3473 4222 impius
3516 4153 3745 4209 Absalon

2158 4253 2365 4315 patrem
2394 4252 2636 4300 sanctum
2664 4243 2832 4300 David
2860 4243 3156 4299 exstinctus
3175 4286 3191 4311 ,
3237 4260 3396 4316 quam
3427 4247 3648 4303 rebellis
3671 4245 3748 4302 af-

2156 4335 2398 4408 ﬂixit(ll
2428 4335 2558 4408 Reg.
2604 4335 2788 4408 xvm).
2833 4335 3021 4391 Vivum
3065 4351 3294 4408 namque
3332 4353 3457 4392 eum
3503 4353 3745 4408 compre-

2158 4428 2318 4484 hendi
2343 4429 2627 4498 cupiebat,
2656 4438 2715 4484 ut
2740 4429 2831 4500 qui
2858 4429 3056 4484 malitia
3081 4429 3424 4500 grassabatur
3444 4473 3460 4499 ,
3486 4431 3747 4502 paeniten-

2161 4520 2232 4574 tia
2277 4530 2576 4574 sanaretur.
2619 4520 2749 4575 Erat
2791 4535 2918 4591 ergo
2951 4521 3041 4576 ille
3067 4530 3378 4591 persecutor
3403 4523 3608 4592 patris,
3647 4536 3747 4577 non

2159 4612 2329 4665 solum
2354 4610 2611 4681 populum
2657 4611 2748 4666 Dei
2780 4611 3093 4680 dividendo,
3123 4627 3222 4668 nec
3246 4613 3418 4669 solum
3445 4623 3633 4670 contra
3659 4614 3749 4670 Dei

2160 4706 2330 4777 legem
2359 4714 2411 4760 ct
2435 4715 2618 4760 contra
2659 4705 2950 4776 legitimum
2983 4708 3147 4776 patris
3181 4723 3408 4778 regnum
3436 4723 3590 4764 arma
3630 4724 3748 4778 por-

2160 4799 2323 4854 tando
2351 4807 2508 4869 atque
2537 4798 2784 4854 bellando
2808 4817 2820 4851 :
2848 4799 2946 4855 sed
2972 4799 3140 4854 multo
3180 4801 3411 4870 amplius
3437 4812 3749 4871 persecutus

2161 4899 2245 4947 est
2270 4906 2365 4946 cor
2394 4897 2670 4961 paternum
2695 4931 2710 4956 ,
2744 4890 2795 4944 in
2824 4889 2911 4945 illa
2951 4890 3223 4960 impietate
3261 4891 3564 4947 moriendo.
3597 4893 3750 4947 Deni-

2161 5001 2264 5058 que
2289 4986 2435 5041 illum
2464 4995 2613 5056 pater
2641 4985 2872 5055 Optimus
2898 4985 3190 5056 pessimum
3215 4985 3384 5041 filium
3408 5027 3425 5055 ,
3456 5001 3620 5057 quem
3647 5001 3749 5041 non

2162 5077 2496 5149 desperando
2541 5092 2647 5132 non
2692 5075 2982 5132 deﬂeverat
3026 5077 3243 5144 vivum,
3275 5093 3372 5148 spe
3417 5076 3571 5133 ﬁnita
3611 5076 3752 5132 ﬂevit

2163 5171 2418 5226 occisum.
2455 5170 2620 5225 Discit
2663 5184 2790 5240 ergo
2829 5169 2956 5239 quid
3000 5169 3069 5224 sit
3117 5168 3258 5240 quod
3305 5169 3598 5240 Apostolus
3641 5169 3747 5236 ait,

2167 5261 2352 5316 Omnes
2391 5261 2478 5333 qui
2507 5261 2678 5315 volunt
2703 5261 2756 5314 in
2785 5259 2983 5316 Christo
3012 5262 3095 5331 pie
3117 5261 3278 5316 vivere
3298 5302 3313 5328 ,
3359 5263 3748 5332 persecutionem

2165 5355 2436 5424 patientur.
2465 5353 2524 5408 Si
2550 5352 2945 5408 Catholicorum
2974 5351 3164 5408 domus
3213 5352 3506 5407 Donatista:
3537 5369 3644 5407 non
3674 5351 3745 5406 dio

2165 5443 2456 5516 ripuissent
2479 5485 2493 5511 ,
2526 5443 2570 5500 si
2597 5441 2886 5500 catholicas
2912 5441 3166 5498 ecclesias
3217 5457 3324 5498 non
3353 5442 3743 5508 incendissent,

2167 5542 2212 5594 si
2239 5538 2632 5596 Catholicorum
2661 5538 2872 5593 codices
2895 5544 3107 5592 sanctos
3134 5535 3188 5590 in
3217 5535 3332 5606 ipsa
3373 5535 3618 5591 incendia
3645 5549 3743 5591 non

2169 5633 2480 5697 misissent,
2509 5631 2555 5685 si
2582 5629 2976 5686 Catholicorum
3011 5643 3236 5700 corpora
3279 5641 3387 5684 non
3431 5627 3741 5685 immanissi-

2169 5725 2271 5782 mis
2313 5723 2546 5779 caedibus
2591 5721 2934 5791 afﬂixissent,
2983 5724 3028 5780 si
3069 5720 3471 5781 Catholicorum
3515 5721 3739 5782 membra

2233 5833 2250 5864 ¹
2287 5837 2446 5896 Forte,
2461 5831 2684 5895 januam.
