4026 6466
290 435 391 494 ἠι

299 568 400 610 non
427 548 822 624 praecidissent,
854 547 901 606 si
925 547 1111 605 oculos
1136 560 1245 605 non
1270 545 1677 613 exstinxissent,
1705 542 1753 600 si
1777 541 1875 599 de-

298 646 455 716 nique
498 641 800 699 Catliolicos
845 656 952 696 non
1006 638 1292 696 crudeliter
1346 636 1666 694 occidissent
1696 653 1709 691 :
1739 634 1879 691 hanc

297 737 465 795 solam
500 749 599 790 nos
623 749 652 789 a
683 732 832 790 vobis
874 732 1242 804 gravissimam
1287 729 1712 803 persecutionem
1760 742 1879 798 per-

296 829 404 902 peti
430 827 710 884 verissime
735 826 1066 894 diceremus,
1092 824 1217 897 quia
1243 821 1488 880 videmus
1514 835 1609 877 vos
1638 821 1879 876 insensa-

296 929 412 987 tos,
445 929 501 976 et
541 918 892 987 tabescimus;
920 918 1045 991 quia
1089 917 1405 985 inﬁrmatos,
1437 924 1490 973 et
1514 915 1879 983 inﬁrmamur;

295 1012 417 1084 quia
442 1010 865 1081 scandalizatus,
909 1021 964 1067 et
990 1009 1227 1079 urimur;
1258 1010 1382 1082 quia
1410 1009 1676 1080 perditos,
1709 1016 1763 1064 et
1804 1008 1882 1063 lu-

296 1118 502 1174 gemus.
535 1103 662 1161 Haec
685 1103 824 1160 mala
850 1112 1051 1173 vestra,
1077 1119 1196 1176 quae
1220 1118 1315 1159 vos
1344 1104 1397 1159 in
1428 1112 1686 1159 aeternum
1711 1102 1882 1158 inter-

297 1196 431 1251 itum
486 1196 705 1251 mittunt
723 1237 738 1263 ,
767 1196 1000 1252 amarius
1026 1210 1126 1251 nos
1153 1206 1544 1269 persequuntur
1562 1238 1577 1265 ,
1608 1210 1767 1266 quam
1794 1195 1883 1252 illa

293 1303 415 1358 qua:
444 1300 473 1341 a
512 1286 664 1343 vobis
692 1287 894 1343 nostris
922 1287 1266 1357 corporibus,
1316 1288 1400 1343 vel
1428 1289 1587 1343 rebus
1609 1330 1623 1356 ,
1669 1287 1753 1342 vel
1782 1287 1883 1343 do-

293 1383 471 1439 mibus
498 1391 590 1438 aut
624 1381 857 1439 basilicis
895 1382 1217 1440 inferuntur.
1265 1382 1436 1439 Minus
1464 1381 1881 1454 persequimini,

292 1493 417 1534 cum
449 1478 502 1533 in
536 1492 633 1533 nos
667 1478 894 1545 saevitis,
942 1494 1102 1550 quam
1140 1493 1262 1533 cum
1290 1494 1385 1534 vos
1414 1479 1617 1549 peritis.
1648 1478 1887 1549 Denique

291 1571 348 1626 in
395 1569 484 1624 illa
529 1570 898 1640 persecutione
938 1586 1042 1641 qua
1084 1572 1137 1627 in
1176 1586 1274 1626 nos
1304 1570 1539 1639 stevitis,
1580 1586 1701 1626 cum
1730 1570 1886 1627 laude

289 1663 588 1736 gaudemus
618 1680 630 1716 :
663 1663 718 1719 in
745 1662 845 1718 hac
882 1672 1059 1719 autem
1100 1680 1203 1735 qua
1246 1680 1342 1721 vos
1370 1664 1585 1735 peritis,
1632 1666 1678 1719 si
1721 1664 1888 1735 gavisi

292 1757 593 1824 fuerimus,
627 1756 903 1812 vobiscum
952 1757 1207 1828 perimus.
1256 1757 1362 1813 Sed
1412 1755 1663 1828 quamdiu
1706 1757 1758 1811 in
1786 1756 1888 1813 hac

290 1867 456 1908 carne
500 1850 707 1915 vivitis,
749 1850 817 1905 de
866 1850 1018 1905 vobis
1066 1850 1353 1919 desperare
1400 1865 1504 1904 non
1558 1864 1883 1919 possumus:

290 1960 417 2000 cum
449 1958 576 1998 vero
621 1943 673 1997 in
702 1942 802 1997 hac
846 1943 1116 2012 impietate
1144 1943 1444 2005 morimini,
1492 1943 1721 1998 maxime
1765 1957 1887 1997 cum

291 2050 392 2089 vos
439 2035 582 2104 ipsos
624 2033 888 2089 horrenda
918 2034 1155 2089 czecitate
1194 2033 1390 2089 furoris
1420 2034 1693 2099 occiditis,
1742 2049 1888 2089 ama-

291 2128 566 2184 rissimam
612 2127 877 2181 tristitiam
905 2136 1139 2181 nostram
1185 2126 1313 2181 illud
1359 2127 1723 2181 tantummodo
1762 2141 1889 2181 con-

290 2220 544 2287 solatur,
595 2218 738 2291 quod
794 2220 1127 2273 consulatum
1176 2228 1255 2275 cst
1307 2230 1547 2275 sanctum
1601 2220 1799 2286 David,
1835 2221 1888 2274 in

291 2314 502 2368 unitate
552 2312 757 2366 scilicet
809 2312 901 2366 Dei
956 2311 1183 2383 pupulus
1222 2321 1609 2383 congregatus,
1650 2312 1739 2383 qui
1790 2311 1891 2367 Iuit

290 2403 545 2460 scelerati
595 2403 689 2457 ﬁlii
743 2404 1027 2475 tyrannide
1075 2402 1295 2459 divisus.
1346 2403 1699 2460 Tolerabilius
1746 2406 1889 2461 enim

290 2496 456 2567 longe
499 2494 779 2566 pauciores
807 2494 1216 2565 pertinacissimi
1247 2496 1412 2551 vestri
1442 2497 1553 2551 suis
1583 2496 1891 2567 praccipitiis

289 2590 380 2645 vel
422 2588 884 2644 submersionibus
912 2588 995 2644 vel
1026 2588 1236 2667 ignibus
1278 2598 1505 2659 pereunt
1533 2605 1689 2659 quam
1738 2590 1892 2645 inuu-

291 2683 586 2741 merabiles
618 2683 797 2753 papuli
830 2682 933 2737 illis
972 2697 1156 2738 eorum
1188 2682 1416 2737 salutem
1445 2683 1888 2754 impedientibus,

291 2777 547 2834 incendio
586 2792 708 2831 cum
749 2777 853 2832 illis
880 2778 1067 2831 aeterni
1110 2777 1245 2847 ignis
1282 2776 1566 2831 ardebunt.
1611 2776 1890 2847 Nunquam

292 2870 461 2941 igitur
504 2868 758 2925 Ecclesiae
808 2867 1003 2923 Christi
1044 2868 1211 2923 defuit
1241 2877 1332 2923 aut
1360 2868 1569 2936 deerit,
1602 2868 1774 2936 unde,
1804 2884 1891 2925 se-

290 2962 532 3021 cundum
559 2962 895 3033 Apostolum,
924 2962 1014 3035 qui
1040 2962 1225 3018 volunt
1252 2963 1305 3017 in
1335 2962 1550 3018 Christo
1578 2964 1663 3033 pie
1688 2964 1888 3032 vivere,

291 3060 725 3133 persecutionem
754 3058 1021 3129 patiantur
1042 3100 1057 3126 ,
1090 3069 1180 3113 aut
1207 3058 1491 3129 impiorum
1523 3059 1777 3114 malitiam
1804 3075 1889 3115 su-

291 3156 582 3217 stinendo,
633 3169 753 3208 cum
800 3152 1015 3209 innoxie
1066 3154 1283 3221 vivunt;
1338 3162 1430 3209 aut
1480 3167 1573 3210 eos
1620 3152 1888 3223 dolendo,

292 3265 422 3307 cum
462 3258 707 3319 pereunt.

372 3339 598 3395 CAPUT
628 3338 818 3394 XXIII.
844 3338 1018 3394 —26.
1061 3338 1237 3394 Nolite
1262 3340 1440 3410 itaque
1462 3338 1601 3407 falli,
1630 3339 1773 3410 quod
1799 3353 1894 3395 vo-

298 3435 388 3489 bis
415 3434 614 3489 diclum
643 3434 743 3498 sit,
785 3431 960 3485 Veniet
980 3434 1105 3485 hora
1130 3432 1334 3501 quando
1363 3433 1449 3502 qui
1472 3448 1558 3487 vos
1593 3434 1888 3503 occiderint,

297 3535 478 3598 putent
498 3543 550 3580 se
572 3525 787 3595 ofﬁcium
809 3526 975 3593 facere
1002 3522 1112 3577 Deo
1136 3539 1155 3577 :
1175 3532 1267 3577 aut
1294 3524 1433 3578 sicut
1459 3532 1513 3577 tu
1541 3522 1629 3578 hic
1653 3524 1891 3579 testimo-

294 3621 449 3675 nium
472 3618 693 3689 posuisti
718 3660 733 3685 ,
766 3626 940 3686 putent
959 3632 1013 3671 se
1035 3616 1287 3670 victimam
1315 3616 1439 3669 dare
1469 3616 1597 3669 Deo.
1628 3615 1745 3670 Non
1772 3616 1891 3686 qui-

291 3713 425 3770 dem
453 3714 554 3767 hoc
583 3727 703 3767 esse
722 3710 921 3765 dictum
942 3709 1010 3764 de
1038 3708 1499 3779 persecutionibus
1536 3724 1667 3778 quas
1694 3709 1893 3764 Gentes

292 3808 559 3864 Ecclesizn
604 3806 871 3870 fecerunt,
913 3802 1251 3859 manifestum
1294 3811 1394 3856 est.
1438 3802 1549 3857 Diis
1594 3802 1735 3857 enim
1782 3801 1893 3857 suis

289 3902 549 3973 plurimis
569 3941 583 3965 ,
616 3898 704 3969 qui
726 3898 910 3968 utique
940 3910 1046 3950 non
1074 3903 1216 3961 sunt,
1245 3894 1639 3965 deputaverunt
1662 3910 1720 3949 se
1745 3893 1890 3949 Gen-

298 3995 427 4049 tiles
448 3990 677 4045 ofﬁcium
710 3988 903 4054 facere,
932 4001 1054 4041 cum
1081 3984 1181 4040 hoc
1203 3983 1441 4039 lacerent
1461 3984 1551 4039 uni
1582 3984 1710 4040 Deo.
1741 3983 1895 4041 Unde

302 4088 407 4142 hoc
434 4085 573 4141 idem
622 4082 761 4153 quod
803 4082 1057 4136 Dominus
1085 4077 1327 4149 przedixit
1372 4076 1517 4142 suis,
1547 4086 1639 4133 aut
1680 4093 1777 4148 per
1802 4077 1895 4133 Ju-

301 4179 453 4235 d:eos
482 4176 754 4245 impletum
784 4182 903 4238 est,
931 4173 1020 4243 qui
1051 4180 1289 4226 sanctum
1317 4169 1644 4241 Stephanum
1672 4178 1727 4225 et
1754 4170 1893 4225 mul-

303 4281 391 4326 tos
433 4268 564 4321 alios
590 4264 931 4330 occiderunt,
973 4263 1098 4317 dum
1138 4261 1394 4332 putabant
1420 4277 1478 4316 se
1507 4261 1741 4316 ofﬁcium
1783 4263 1894 4319 Deo

304 4362 502 4418 facere,
522 4356 769 4424 quoniam
789 4370 948 4409 unum
969 4369 1153 4409 verum
1172 4354 1335 4407 Deum
1353 4353 1531 4408 colere
1549 4353 1891 4409 videbantur:

303 4462 400 4508 aut
420 4450 578 4505 etiam
601 4449 772 4515 nobis,
795 4448 846 4503 id
868 4457 949 4504 est
968 4447 1257 4503 Catholicis
1277 4447 1475 4502 dictum
1493 4456 1576 4503 est
1590 4447 1655 4501 de
1670 4446 1896 4503 diversis

303 4543 578 4600 hmreticis
606 4558 982 4613 usquequaque
1005 4540 1317 4607 furentibus,
1336 4540 1426 4611 qui
1457 4540 1542 4594 ubi
1570 4548 1817 4610 possunt,
1841 4548 1899 4595 et

303 4635 522 4708 quando
580 4643 830 4705 possunt,
862 4644 915 4689 et
934 4633 1199 4705 quomodo
1222 4632 1771 4704 possunt,occidendo
1795 4630 1897 4687 Ca-

307 4728 557 4793 tholieos,
585 4737 769 4798 putant
790 4744 849 4782 se
867 4727 1102 4782 ofﬁcium
1124 4727 1233 4782 Deo
1251 4729 1423 4782 facere
1442 4744 1457 4793 ;
1477 4728 1812 4796 maximeque
1831 4725 1898 4781 de

306 4821 463 4876 vobis
482 4860 497 4885 ,
528 4820 617 4889 qui
652 4820 976 4889 praecipuum
998 4820 1149 4874 vobis
1174 4834 1368 4873 nomen
1396 4816 1600 4873 fecistis
1626 4818 1679 4874 in
1718 4816 1897 4873 Africa

306 4913 374 4969 de
402 4911 595 4966 talibus
623 4911 871 4966 victimis.
902 4910 1033 4964 Nam
1060 4911 1104 4964 si
1144 4908 1295 4964 vobis
1336 4908 1535 4963 dictum
1575 4917 1758 4975 esset,
1791 4922 1899 4963 non

306 5006 492 5076 utique
517 5018 612 5059 vos
636 5005 735 5074 ipsi
763 5003 1078 5059 occideretis
1100 5044 1114 5068 ,
1156 5001 1251 5056 sed
1279 5000 1659 5071 exspectaretis
1685 5016 1715 5055 a
1745 5000 1900 5057 nobis

308 5099 489 5169 potius
513 5095 713 5163 occidi,
746 5096 833 5167 qui
878 5106 1125 5167 putamus
1170 5107 1268 5149 nos
1288 5135 1303 5160 ,
1334 5102 1392 5149 ut
1430 5094 1605 5150 dicitis
1629 5135 1644 5160 ,
1675 5109 1795 5149 cum
1844 5094 1900 5150 id

308 5191 520 5258 facitis,
551 5189 785 5245 ofﬁcium
824 5190 935 5245 Deo
977 5188 1169 5244 facere.
1214 5188 1365 5243 Nunc
1416 5204 1545 5244 vero
1583 5204 1703 5244 cum
1747 5188 1900 5245 festi-

310 5284 450 5339 natis
477 5282 545 5338 ad
571 5294 797 5339 mortem
814 5325 830 5349 ,
857 5299 925 5338 ne
951 5298 982 5336 a
1010 5283 1208 5337 nostris
1236 5283 1551 5349 teneamini;
1584 5284 1761 5340 vivere
1786 5299 1902 5341 me-

312 5376 513 5430 tuimus
534 5416 548 5441 ,
580 5390 687 5430 non
730 5374 934 5442 occidi;
976 5375 1098 5446 quia
1125 5374 1438 5430 erubescitis
1466 5376 1687 5447 corrigi,
1713 5386 1805 5433 aut
1832 5376 1901 5434 de

309 5478 492 5524 vestro
520 5468 764 5524 convinci
789 5470 807 5500 ί
842 5508 856 5522 .
890 5469 972 5524 An
1000 5467 1135 5523 forte
1160 5482 1256 5529 vos
1283 5468 1413 5524 estis
1438 5469 1505 5524 ad
1533 5484 1667 5539 quos
1694 5478 1903 5526 utrum-

310 5577 417 5631 que
457 5562 752 5631 pertineat,
784 5562 905 5634 quia
948 5577 1066 5617 cum
1097 5560 1396 5616 occidimiui
1440 5572 1494 5617 et
1522 5577 1617 5617 vos
1649 5578 1680 5618 a
1709 5564 1859 5620 vobis
1882 5605 1899 5633 ,

312 5656 513 5726 putatis
538 5672 633 5713 vos
655 5656 889 5713 oflicium
920 5658 1029 5713 Deo
1056 5658 1227 5711 facere
1246 5698 1260 5722 ,
1286 5665 1340 5711 et
1370 5656 1466 5711 has
1487 5657 1535 5712 ei
1566 5658 1809 5713 victimas
1833 5658 1902 5715 de

310 5750 465 5808 vobis
490 5750 654 5808 dare?
680 5752 763 5808 Ad
792 5767 886 5808 vos
916 5767 1043 5823 ergo
1074 5751 1307 5822 pertinet
1334 5750 1477 5823 quod
1503 5752 1743 5823 sequitur
1768 5794 1785 5821 ,
1815 5760 1900 5808 at-

378 5905 398 5939 ¹
430 5908 504 5979 sic
524 5908 574 5957 in
612 5908 777 5979 primis
800 5907 1110 5979 editionibus.
1135 5914 1191 5959 At
1212 5909 1267 5979 in.
1284 5909 1635 5979 posterioribus
1656 5907 1790 5963 nulla
1809 5920 1901 5962 ne-

314 5970 546 6023 cessitate
574 5970 903 6036 emendatum,
926 5972 987 6024 de
1005 5970 1116 6025 vitio
1131 5970 1361 6025 convinci.

1686 423 1887 483 LIBER
1921 424 2189 485 PRIMUS.

3470 442 3580 502 728

1984 559 2089 616 que
2130 545 2224 603 abs
2270 555 2324 605 te
2374 557 2851 607 commemoratum
2904 561 3004 609 est.
3054 552 3171 613 Mox
3206 554 3352 613 enim
3391 557 3579 616 Domi-

1985 655 2087 696 nus
2109 639 2350 711 adjunxit
2371 684 2387 712 ,
2414 652 2469 699 et
2496 644 2605 712 ait,
2635 642 2742 701 Sed
2765 645 2873 702 [rrec
2907 648 3096 719 facient
3124 649 3291 718 vobis,
3320 652 3439 724 quia
3469 670 3573 710 non

1985 744 2319 805 cognoverunt
2362 733 2570 792 Patrem
2618 754 2777 809 neque
2818 756 2899 795 me
2955 740 3141 812 (Joan.
3196 759 3320 811 xvr,
3352 743 3425 812 2,
3470 746 3571 819 5).

1985 826 2117 885 Cum
2146 829 2324 900 itaque
2347 844 2443 887 vos
2469 831 2613 902 ipsos
2642 832 2904 901 occiditis,
2936 843 3184 905 putantes
3212 850 3309 893 vos
3337 835 3578 894 ofﬁcium

1988 920 2099 977 Deo
2126 922 2299 979 facere
2321 965 2336 992 ,
2369 939 2467 979 nec
2492 924 2704 981 Patrem
2733 926 3060 999 cognovistis
3079 968 3095 996 ,
3140 944 3300 1001 quem
3342 944 3452 987 non
3480 945 3577 987 au-

1986 1014 2139 1070 distis
2160 1015 2423 1071 dicentem
2443 1056 2459 1083 ,
2490 1015 2675 1089 Fugite
2701 1018 2719 1049 ¹
2753 1058 2768 1073 .

2058 1107 2283 1164 CAPUT
2312 1107 2499 1163 XXIV.
2527 1139 2599 1150 —
2620 1110 2709 1165 27.
2744 1109 2919 1167 Verba
2960 1111 3212 1182 Epistolas
3241 1128 3254 1167 :
3290 1112 3398 1170 Sed
3430 1113 3581 1170 belli-

1990 1202 2143 1273 feras,
2180 1200 2374 1272 inquit,
2404 1202 2545 1273 pacis
2576 1214 2889 1275 cruentaque
2916 1206 3122 1260 unitatis
3164 1222 3218 1260 se
3262 1206 3459 1262 incolas
3488 1209 3582 1278 ja-

1989 1304 2142 1350 ctant.
2174 1295 2397 1351 Audiant
2424 1294 2701 1352 Dominum
2724 1298 3000 1367 dicentem,
3036 1319 3054 1352 ι
3080 1298 3269 1355 Pacem
3314 1319 3478 1356 meam
3512 1301 3581 1357 do

1988 1386 2125 1442 vobis
2148 1430 2161 1453 ,
2208 1406 2381 1459 pacem
2418 1389 2645 1462 relinquo
2688 1391 2825 1447 vobis
2853 1409 2873 1447 :
2902 1410 3003 1448 non
3028 1394 3157 1448 sicut
3184 1394 3427 1449 sarculum
3453 1395 3583 1464 dat,

1990 1498 2079 1552 ego
2120 1483 2185 1535 do
2219 1484 2353 1539 vobis
2400 1504 2419 1537 ι
2462 1483 2586 1554 (1d.
2619 1501 2745 1553 xiv,
2775 1486 2909 1558 27).
2944 1488 3136 1543 διεσαιί
3161 1490 3293 1544 enim
3323 1506 3428 1561 pax
3447 1490 3579 1545 inter

1990 1575 2187 1628 animos
2213 1576 2435 1646 gentium
2463 1577 2759 1631 dissidentes
2784 1579 2939 1633 armis
2967 1587 3013 1633 et
3040 1578 3155 1634 belli
3182 1580 3319 1634 exitu
3362 1581 3585 1653 foedera-

1992 1676 2109 1720 tur:
2134 1666 2336 1721 Domini
2375 1667 2565 1723 Christi
2589 1686 2693 1740 pax
2718 1670 2910 1724 salubri
2937 1670 3142 1725 lenitate
3171 1672 3465 1742 tranquilla,
3490 1688 3583 1728 vo-

1992 1762 2145 1816 lentes
2173 1762 2381 1830 invitat,
2411 1779 2511 1816 non
2555 1764 2688 1835 cogit
2727 1764 2926 1818 invitos.
2977 1763 3058 1817 Ad
3104 1762 3221 1819 lucc
3261 1764 3583 1835 responsio:

1994 1856 2101 1911 V'os
2126 1856 2339 1927 quidem
2370 1856 2660 1911 belliferam
2702 1870 2888 1926 pacem
2916 1865 2970 1911 et
3006 1864 3283 1912 cruentam
3324 1858 3584 1914 unitatem

1994 1953 2169 2006 facere
2190 1951 2379 2021 cupitis
2396 1994 2408 2016 ,
2432 1961 2519 2005 aut
2547 1951 2792 2007 violentis
2812 1951 3073 2005 mortibus
3105 1952 3299 2007 nostris
3325 1994 3339 2019 ,
3372 1962 3466 2007 aut
3488 1967 3586 2009 vo-

1995 2046 2237 2101 luntariis
2258 2046 2519 2100 mortibus
2544 2044 2765 2111 vestris;
2790 2060 2895 2099 non
2922 2046 3246 2114 imputantes
3267 2045 3420 2100 vobis
3437 2044 3582 2115 quod

1995 2138 2165 2193 facitis
2178 2137 2349 2204 nobis,
2380 2146 2433 2192 et
2448 2137 2769 2206 imputantes
2785 2136 2939 2190 nobis
2949 2136 3090 2206 quod
3108 2136 3278 2191 facitis
3290 2137 3461 2191 vobis.
3478 2134 3587 2193 Sed

1993 2238 2092 2279 nos
2116 2233 2168 2279 et
2194 2222 2335 2293 quod
2372 2222 2542 2277 facitis
2569 2221 2723 2276 nobis
2764 2220 3008 2292 cogimur
3036 2222 3332 2289 sustinere,
3365 2229 3419 2277 et
3446 2219 3587 2293 quod

1993 2318 2145 2372 vobis
2168 2316 2366 2393 facitis,
2387 2315 2515 2369 nihil
2535 2330 2817 2383 possumus
2838 2330 2995 2385 quam
3021 2313 3237 2379 dolere;
3261 2314 3387 2369 dum
3412 2323 3588 2370 tamen

1995 2413 2087 2467 ﬁat
2102 2426 2199 2482 pax
2214 2420 2267 2465 et
2289 2409 2461 2463 unitas
2473 2408 2669 2464 Christi
2691 2416 2910 2479 propter
2932 2408 3155 2464 salutem
3177 2408 3463 2463 multorum
3485 2409 3589 2464 εἰο-

1995 2514 2053 2559 ιιι
2080 2505 2138 2558 ﬁt
2192 2503 2244 2557 in
2272 2501 2538 2573 plurimis,
2570 2501 2779 2556 etiamsi
2808 2511 3024 2571 propter
3046 2501 3277 2555 furorem
3296 2515 3589 2571 paucorum

1996 2611 2103 2652 non
2146 2595 2203 2649 fit
2244 2595 2297 2649 in
2329 2594 2596 2649 omnibus.
2639 2592 2777 2648 Nam
2818 2592 2865 2648 si
2905 2609 3011 2647 non
3059 2592 3273 2659 invido,
3318 2592 3413 2648 sed
3445 2592 3589 2651 fideII

1996 2688 2153 2744 oculo
2182 2686 2387 2742 velletis
2433 2685 2712 2742 attendere
2737 2728 2752 2754 ,
2784 2685 3039 2741 videretis
3083 2701 3243 2756 quam
3282 2701 3404 2741 vera
3455 2699 3590 2755 pace

1996 2791 2156 2853 atque
2182 2781 2382 2835 unitate
2414 2780 2611 2835 Christi
2637 2778 2943 2848 gaudeant,
2974 2778 3065 2848 qui
3086 2793 3151 2833 ex
3180 2778 3332 2833 vobis
3376 2777 3443 2832 ad
3489 2792 3590 2834 nos

1996 2883 2295 2940 venerunt,
2340 2880 2420 2928 tot
2463 2879 2835 2942 tantorumque
2880 2870 3194 2941 p0pulorum
3241 2869 3483 2941 agmina,
3536 2870 3591 2925 in

1997 2969 2190 3040 quibus
2219 2967 2431 3023 etiamsi
2455 2966 2627 3021 adhuc
2650 2974 2773 3021 sunt
2802 2965 3043 3019 nonnulli
3070 2966 3181 3034 ipsa
3223 2964 3458 3019 novitate
3480 2972 3593 3019 tur-

1996 3062 2105 3118 bati
2125 3102 2141 3128 ,
2171 3071 2225 3117 et
2253 3061 2353 3131 ipsi
2386 3061 2635 3131 paulatim
2668 3059 2735 3113 ab
2762 3058 2861 3112 hac
2886 3058 3194 3112 inﬁrmitate
3221 3065 3494 3111 sanantur.
3529 3057 3593 3117 Et

1996 3154 2043 3207 si
2088 3152 2193 3207 ficti
2221 3152 2383 3221 aliqui
2414 3159 2786 3222 perseverant,
2820 3165 2928 3205 non
2982 3150 3162 3220 utique
3202 3158 3419 3219 propter
3448 3151 3594 3220 ipsos

1998 3262 2106 3301 non
2136 3245 2346 3300 fuerant
2375 3244 2659 3314 colligendi
2701 3258 2835 3314 quos
2880 3242 3121 3297 videmus
3148 3258 3367 3300 veraces
3390 3286 3406 3310 ,
3450 3259 3591 3314 quo-

1996 3354 2115 3395 rum
2157 3338 2372 3408 quidam
2405 3338 2455 3391 in
2487 3336 2791 3409 regionibus
2820 3336 3045 3401 vestris,
3074 3335 3232 3389 etiam
3276 3334 3594 3406 quihusdam

1998 3431 2195 3486 nostris
2222 3430 2451 3501 majores
2477 3436 2869 3498 apparuerunt,
2917 3426 3128 3499 quando
3151 3426 3307 3503 vobis
3346 3426 3436 3481 illa
3468 3440 3596 3496 per-

1998 3526 2216 3582 ditionis
2242 3526 2489 3580 libertate
2511 3538 2766 3579 concessa
2789 3563 2803 3588 ,
2838 3522 2903 3576 ad
2931 3537 3029 3576 vos
3056 3521 3232 3577 redire
3278 3520 3590 3576 noluerunt.

2000 3618 2334 3674 Debebamus
2377 3632 2504 3686 ergo
2556 3631 2625 3672 ne
2668 3614 3015 3685 perderemus
3043 3614 3203 3680 istos,
3250 3612 3503 3681 colligere
3540 3620 3597 3669 et

1998 3710 2151 3765 ﬁctos
2171 3751 2185 3775 ,
2216 3710 2338 3778 quia
2380 3709 2432 3760 in
2460 3705 2745 3775 Evangelia
2775 3706 2966 3775 legitur
2985 3744 3000 3770 ,
3033 3717 3218 3757 servos
3262 3703 3329 3756 ad
3376 3702 3593 3771 nuptias

2000 3800 2212 3856 Domini
2253 3800 2333 3853 sui
2362 3811 2716 3868 congregasse
2760 3796 3010 3849 convivas
3058 3793 3229 3849 bonos
3271 3802 3327 3848 et
3372 3793 3588 3847 malos:

1998 3894 2231 3949 maxime
2256 3892 2376 3963 quia
2406 3905 2502 3945 vos
2528 3890 2594 3944 de
2622 3903 2747 3943 area
2777 3886 3043 3942 dominica
3068 3883 3333 3955 superbiae
3371 3884 3594 3954 spiritus

1999 3997 2251 4057 tanquam
2284 3983 2559 4054 improbus
2588 3989 2778 4037 ventus
2796 4022 2811 4048 ,
2838 3990 2962 4034 ante
2993 3987 3201 4047 tempus
3229 3976 3592 4032 ventilationis

2000 4079 2266 4144 excussit,
2301 4076 2441 4131 unde
2468 4089 2563 4130 vos
2586 4074 2652 4130 ad
2678 4074 2844 4137 illam,
2876 4080 3131 4142 quantum
3160 4070 3453 4139 opitulante
3479 4069 3591 4123 Deo

1999 4186 2301 4243 possumus,
2336 4184 2589 4225 revocare
2608 4182 2884 4223 conamur.
2917 4164 2985 4219 Et
3011 4164 3191 4232 utique
3212 4163 3380 4217 nostis
3405 4175 3593 4231 quem-

2000 4264 2287 4320 admodum
2331 4262 2507 4332 scopis
2536 4260 2827 4332 diligentia:
2869 4258 3194 4313 frumentum
3240 4255 3399 4310 simul
3427 4254 3593 4309 etiam

2001 4374 2122 4415 cum
2164 4366 2305 4412 terra
2335 4354 2561 4410 trahitur
2580 4396 2595 4422 ,
2626 4352 2839 4425 quando
2862 4352 2913 4406 in
2943 4365 3122 4405 aream
3152 4357 3458 4405 revocatur.

2072 4450 2297 4507 CAPUT
2336 4448 2505 4504 XXV.
2534 4478 2607 4488 —
2630 4447 2720 4503 28.
2754 4446 2906 4515 Quod
2935 4455 3113 4500 autem
3143 4444 3296 4499 vobis
3339 4441 3549 4497 videtur
3571 4481 3589 4509 ,

2003 4546 2195 4601 invitos
2234 4544 2299 4599 ad
2342 4544 2618 4599 veritatem
2664 4555 2769 4596 non
2797 4555 2917 4596 esse
2955 4539 3243 4609 cogendos,
3272 4536 3465 4592 erratis
3494 4550 3595 4590 ne-

2004 4641 2234 4697 scientes
2286 4638 2606 4707 Scripturas,
2661 4648 2833 4703 neque
2888 4632 3139 4686 virtutem
3190 4630 3305 4695 Dei,
3361 4627 3451 4697 qui
3498 4639 3595 4681 eos

2004 4734 2247 4789 volentes
2296 4730 2418 4784 facit
2457 4728 2583 4782 dum
2630 4732 2891 4795 coguntur
2932 4723 3102 4777 inviti.
3146 4719 3412 4791 Numquid
3449 4717 3595 4773 enim

2006 4823 2371 4896 paenitentiam
2412 4819 2656 4874 Ninivitae
2699 4816 2849 4872 inviti
2894 4823 3136 4887 egerunt,
3165 4814 3290 4884 quia
3321 4812 3424 4866 hoc
3466 4824 3594 4879 rege

2005 4931 2104 4971 suo
2146 4914 2502 4984 compellente
2526 4908 2807 4967 fecerunt?
2848 4908 2966 4963 Jam
2996 4908 3140 4963 enim
3169 4902 3427 4976 prapheta
3457 4901 3593 4956 iram

2007 5010 2099 5065 Dei
2118 5010 2379 5064 universae
2397 5004 2594 5062 civitati
2617 5019 2735 5061 eam
2760 5002 2934 5057 triduo
2955 4997 3331 5072 perambulans
3346 5007 3596 5064 praenun-

2007 5106 2230 5159 tiaverat
2248 5101 2419 5175 (Jonw
2464 5098 2563 5172 ιιι).
2584 5097 2721 5166 Quid
2737 5096 2894 5168 igitur
2909 5108 3043 5165 opus
3058 5097 3172 5148 erat
3188 5088 3329 5158 regis
3342 5085 3593 5156 imperio,

2007 5206 2064 5252 ut
2090 5195 2362 5250 humiliter
2388 5192 2774 5264 supplicaretur
2803 5190 2932 5256 Deo,
2956 5185 3047 5256 qui
3070 5198 3178 5239 non
3208 5182 3444 5237 intuetur
3478 5193 3597 5245 ora,

2007 5291 2104 5348 sed
2132 5290 2333 5356 corda;
2378 5290 2479 5343 nisi
2519 5288 2641 5360 quia
2686 5292 2837 5341 erant
2884 5284 2936 5337 in
2975 5281 3055 5336 eis
3102 5276 3317 5348 quidam
3359 5273 3449 5345 qui
3498 5285 3599 5329 nec

2008 5393 2275 5453 curarent,
2308 5398 2407 5440 nec
2434 5383 2714 5439 crederent
2755 5376 3009 5448 praedicta
3046 5373 3246 5439 divina,
3293 5368 3397 5426 nisi
3426 5366 3599 5424 territi

2007 5488 2271 5555 potestate
2296 5477 2546 5535 terrena?
2575 5476 2677 5531 Ista
2709 5471 2865 5543 igitur
2890 5468 3130 5541 jussione
3161 5465 3321 5536 regiae
3364 5469 3601 5555 potesta-

2008 5553 2095 5641 tis,
2124 5580 2312 5629 contra
2339 5586 2499 5644 quam
2529 5564 2856 5623 voluntarius
2887 5562 2946 5617 ﬁt
2969 5569 3149 5618 vester
3176 5570 3420 5625 occasus,
3449 5553 3596 5611 mul-

2074 5781 2092 5812 ι
2125 5783 2277 5829 Deest
2335 5776 2415 5825 hic
2476 5773 2686 5838 alterum
2745 5767 3034 5819 membrum.
3098 5762 3420 5838 legendum”

2009 5850 2103 5893 Nec
2126 5822 2673 5907 mnam,
2714 5845 2856 5897 quem
2888 5822 3222 5907 names

2011 5883 2111 5954 ὶίῶἷι
2136 5883 2359 5967 occides;
2378 5883 3046 5970 vnzc'i‘iliibn'cogiwtistis,
3081 5904 3227 5956 quem
3255 5883 3352 5941 'non
3390 5883 3594 5936 audistis

2016 5966 2272 6026 dicentem,
2292 5968 2476 6025 rugae.
