4026 6458
446 417 548 474 725

445 531 513 583 tis
537 526 602 583 ad
630 524 853 581 salutem
884 535 1001 594 quze
1022 519 1075 575 in
1095 516 1329 584 Christo,
1357 520 1642 586 prmstatur
1663 510 1913 578 occasio;
1940 510 2033 582 qui

448 630 502 675 et
530 619 573 674 si
619 615 880 671 violenter
908 610 1241 667 adducuntur
1285 604 1351 663 ad
1394 618 1605 663 orenam
1632 602 1764 659 tanti
1792 601 2036 673 patrisfa-

447 712 643 776 milias,
672 717 725 765 et
743 704 1131 777 compelluntur
1152 701 1374 767 intrare,
1396 696 1537 753 intus
1557 704 1735 755 tamen
1759 693 2038 750 inveniunt

448 804 593 858 unde
620 816 677 856 se
712 801 957 855 laetentur
996 797 1243 850 intrasse.
1292 790 1587 863 Utrumque
1617 788 1759 845 enim
1798 786 2037 843 futurum

452 894 707 951 Dominus
736 893 848 962 ipse
876 889 1137 961 prmdixit,
1170 897 1223 944 et
1253 894 1537 956 utrumque
1566 882 1869 953 complevit.
1903 880 2036 936 Nam

449 985 751 1058 reprobatis
775 984 1112 1056 quibusdam,
1132 982 1221 1054 qui
1252 982 1432 1051 utique
1454 979 1821 1049 intelliguntur
1841 976 2033 1041 Judmi,

447 1079 571 1152 quia
614 1078 715 1151 ipsi
744 1093 838 1149 per
880 1076 1171 1146 Prophetas
1198 1083 1352 1128 antea
1385 1071 1592 1127 fuerant
1632 1068 1857 1136 invitati,
1890 1076 1943 1123 et
1972 1065 2040 1121 ad

447 1171 637 1226 horam
684 1185 941 1226 excusare
970 1167 1306 1231 maluerunt;
1339 1164 1411 1218 ait
1452 1163 1686 1218 dominus
1722 1178 1863 1215 servo
1899 1175 1992 1215 suo
2020 1174 2040 1213 :

451 1262 554 1319 Exi
581 1266 633 1319 in
650 1264 845 1337 plateas
862 1272 907 1318 et
930 1262 1062 1316 vicos
1089 1260 1322 1325 civitatis,
1340 1267 1390 1312 et
1419 1273 1663 1327 pauperes
1689 1271 1748 1308 ac
1776 1252 2044 1318 debilcs,et

451 1372 609 1412 cwcos
632 1364 679 1411 et
717 1354 927 1410 claudos
952 1354 1186 1408 introduc
1224 1352 1339 1405 huc.
1373 1348 1440 1402 Et
1466 1349 1536 1402 ait
1576 1364 1747 1402 servus
1788 1346 1993 1399 domino
2025 1360 2044 1399 :

453 1451 674 1527 Factum
702 1456 774 1503 est
798 1445 1159 1519 ut'imperasti,
1183 1454 1230 1501 et
1255 1444 1422 1498 adhuc
1454 1442 1593 1497 locus
1618 1449 1709 1495 est.
1743 1439 1809 1494 Et
1839 1439 1909 1493 ait
1949 1437 2045 1493 do-

452 1543 620 1595 minus
642 1556 784 1596 servo
818 1556 837 1595 :
866 1537 971 1593 Exi
1013 1539 1067 1593 in
1094 1538 1200 1591 vias
1226 1544 1273 1591 ct
1297 1552 1455 1606 sepes,
1493 1542 1539 1589 et
1563 1530 1807 1603 compelle
1833 1531 2043 1598 intrare,

454 1644 511 1689 ut
534 1635 807 1706 impleatur
835 1633 1013 1687 domus
1041 1648 1151 1686 mea
1197 1630 1407 1701 (Matth.
1454 1644 1582 1693 χιιι,
1616 1626 1670 1693 9,
1717 1625 1805 1693 10,
1838 1633 1884 1679 et
1914 1624 2042 1680 Luc.

456 1744 567 1797 xw,
610 1726 828 1798 21-25).
858 1725 1204 1797 intelligimus
1248 1724 1373 1789 vias,
1407 1722 1682 1784 haereses;
1716 1720 2005 1775 schismata
2026 1758 2043 1786 ,

455 1837 617 1891 sepes.
644 1818 759 1875 'Vize
805 1819 1000 1892 quippe
1030 1819 1131 1874 hoc
1173 1818 1292 1872 loco
1317 1815 1618 1887 signiﬁcant
1659 1813 1899 1870 diversas
1929 1811 2049 1882 opi-

458 1912 667 1980 niones,
700 1928 855 1984 sepes
883 1919 1060 1967 autem
1093 1925 1370 1981 perversas
1413 1908 1714 1977 opiniones.
1746 1903 1881 1973 Quid
1923 1917 2051 1973 ergo

459 2006 749 2073 miramini,
777 2005 821 2060 si
849 2020 953 2060 non
978 2002 1272 2073 corporalis
1302 2000 1425 2063 cibi,
1459 1998 1551 2054 sed
1595 1995 1886 2067 spirituaiis
1912 1994 2053 2049 fame

460 2098 704 2163 moritur,
736 2098 974 2168 quisquis
1000 2096 1065 2150 ad
1089 2096 1241 2149 istam
1271 2107 1478 2148 coenam
1505 2106 1606 2145 nec
1630 2089 1859 2144 libenter
1884 2088 2053 2142 intro-

461 2190 671 2254 ductus,
705 2205 804 2244 nec
833 2188 1094 2243 violenter
1121 2187 1379 2256 impulsus
1411 2181 1743 2254 ingreditur?

532 2283 760 2340 CAPUT
798 2282 987 2338 XXVI.
1020 2312 1088 2321 —
1112 2282 1201 2335 29.
1252 2278 1424 2333 Verba
1452 2275 1707 2347 Epistolas
1741 2292 1753 2329 :
1790 2272 1941 2339 Odia,
1970 2274 2054 2328 in-

461 2377 595 2448 quit,
625 2376 799 2431 sazculi
841 2374 1137 2445 gaudemus,
1180 2372 1231 2425 in
1268 2372 1377 2443 ejus
1407 2368 1655 2439 pressaris
1685 2384 1786 2421 non
1827 2383 2058 2421 succum-

462 2467 645 2533 bimus,
701 2468 789 2522 sed
837 2467 1088 2521 lwtamur.
1143 2462 1372 2518 Mundus
1417 2462 1499 2516 hic
1548 2477 1649 2516 non
1691 2468 1850 2532 potest
1889 2475 2059 2515 servos

465 2560 650 2616 Christi
679 2558 909 2632 diligere,
950 2559 1037 2628 qui
1066 2556 1321 2610 Christum
1351 2553 1671 2625 cognoscitur
1697 2569 1798 2606 non
1837 2567 2057 2617 amasse,

467 2650 687 2706 Domino
726 2651 838 2721 ipso
864 2648 1085 2714 dicente,
1109 2647 1170 2702 Si
1197 2647 1438 2701 swculum
1463 2661 1549 2700 vos
1587 2643 1713 2711 odit,
1739 2644 1914 2698 scitote
1943 2643 2062 2714 quia

465 2762 545 2800 nte
574 2746 794 2816 primum
809 2742 926 2797 odio
956 2741 1129 2796 habuit
1155 2757 1306 2812 quam
1331 2756 1419 2794 vos
1442 2755 1460 2793 :
1480 2739 1524 2794 si
1552 2755 1629 2792 me
1648 2738 1890 2809 persecuti
1920 2746 2059 2804 siml,

467 2846 514 2893 et
544 2852 627 2892 vos
646 2844 1019 2910 persequentur.
1039 2834 1118 2888 Ad
1148 2834 1261 2888 lliBC
1291 2832 1605 2903 responsio:
1628 2830 1745 2898 Quo
1768 2829 2062 2902 gaudentes

468 2929 592 2985 odio
607 2929 811 2997 saeculi,
832 2928 1093 2998 pressuris
1122 2928 1238 2997 ejus
1271 2942 1377 2980 non
1411 2923 1779 2991 succumbitis,
1806 2923 1899 2978 sed
1919 2923 2065 2977 lacta-

469 3022 750 3089 mini,cum
760 3036 856 3076 vos
871 3021 1015 3091 ipsos
1025 3020 1199 3076 velitis
1209 3018 1547 3086 occidere,ne
1561 3017 1831 3072 molestias
1850 3016 2064 3087 quales-

469 3130 700 3186 cumque
718 3114 1019 3185 patiamini;
1044 3123 1098 3169 et
1122 3113 1255 3167 mori
1274 3111 1500 3182 eiigitis;
1536 3126 1639 3165 non
1662 3110 1730 3165 ab
1762 3111 1879 3165 aliis
1900 3110 2064 3164 occisi

469 3222 571 3280 pro
602 3208 827 3283 veritate
842 3205 1167 3274 Christi,sed
1195 3220 1224 3259 a
1241 3204 1391 3259 vobis
1408 3202 1535 3275 ipsis
1562 3218 1657 3273 pro
1684 3211 1831 3274 parte
1845 3201 2064 3257 Donati?

469 3303 571 3360 ista
590 3303 1090 3360 Circumcellionum
1102 3309 1183 3358 est
1199 3300 1424 3367 insania,
1440 3315 1543 3353 non
1563 3308 1851 3370 martyrum
1877 3297 2063 3368 gloria.

470 3400 601 3456 Cum
615 3401 791 3469 itaque
801 3415 830 3451 a
840 3404 1093 3467 ppareant
1106 3396 1238 3450 facta
1255 3410 1342 3450 ves
1350 3392 1579 3464 tra,quid
1587 3392 1738 3448 vobis
1750 3390 1909 3446 verba
1922 3405 2069 3445 usur-

471 3506 535 3561 pa
544 3490 608 3545 tis
620 3490 790 3545 aliena
803 3491 825 3542 ?
840 3488 1063 3543 Mundus
1080 3488 1191 3554 iste,
1210 3485 1400 3556 inquit,
1416 3501 1514 3538 non
1533 3492 1691 3554 potest
1702 3500 1867 3538 servos
1885 3482 2069 3537 Christi

474 3580 684 3652 diligere
695 3598 715 3647 ;
749 3582 832 3652 qui
847 3579 1102 3635 Christum
1114 3579 1433 3650 cognoscitur
1452 3594 1553 3631 non
1568 3594 1782 3630 amasse.
1808 3576 1921 3631 Non
1940 3591 2065 3647 ergo

475 3672 542 3728 ad
567 3672 822 3727 mundum
855 3672 1015 3728 istum
1038 3672 1363 3743 pertinemus
1387 3684 1503 3734 nos,
1521 3669 1643 3741 quia
1662 3669 1929 3741 diligimus
1950 3685 2063 3724 vos.

474 3759 577 3817 Sed
609 3763 747 3818 servi
776 3762 975 3818 Christi
1016 3777 1112 3817 vos
1137 3778 1242 3817 non
1273 3763 1423 3827 estis,
1452 3760 1543 3832 qui
1571 3761 1773 3817 malum
1808 3776 1901 3831 pro
1926 3760 2066 3816 bono

473 3857 845 3926 retribuentes,
896 3866 949 3912 et
999 3858 1254 3913 malitiam
1309 3864 1541 3912 vestram
1592 3856 1807 3928 quando
1856 3855 1909 3911 in
1966 3869 2066 3909 nos

476 3966 723 4006 exercere
766 3966 870 4006 non
918 3951 1173 4021 potestis,
1208 3952 1259 4004 in
1289 3965 1384 4005 vos
1415 3958 1803 4019 retorquentes,
1837 3964 1935 4003 nec
1965 3962 2064 4003 nos

476 4043 713 4113 diligitis,
767 4050 820 4098 et
868 4058 962 4097 vos
1006 4042 1266 4097 occiditis.
1316 4043 1575 4097 Dominus
1626 4051 1803 4097 autem
1855 4041 2065 4112 quando

475 4131 626 4199 dixit,
675 4134 736 4190 Si
764 4136 1007 4189 sa'culum
1048 4151 1132 4190 vos
1160 4136 1296 4199 odit,
1346 4135 1521 4189 scitote
1560 4135 1678 4205 quia
1721 4150 1799 4187 me
1848 4134 2065 4205 priorem

477 4226 613 4278 vobis
653 4227 768 4279 odio
796 4227 967 4282 habuit
999 4230 1083 4283 :si
1113 4245 1191 4281 me
1221 4228 1468 4299 persecuti
1505 4236 1640 4293 sunt,
1688 4237 1733 4280 et
1770 4243 1856 4283 vos
1894 4244 2065 4298 persc-

479 4326 691 4388 quentur
717 4316 893 4389 (Joan.
926 4334 1017 4383 xv,
1051 4320 1137 4384 18,
1167 4320 1257 4389 20)
1288 4337 1301 4386 ;
1338 4334 1443 4373 non
1471 4318 1639 4383 vobis,
1671 4318 1764 4374 sed
1803 4318 1906 4372 illis
1934 4318 2069 4373 dixit

480 4409 673 4479 quibus
714 4410 982 4479 praecepit,
1016 4420 1073 4463 ut
1113 4411 1157 4463 si
1181 4426 1274 4465 eos
1304 4420 1755 4480 persequerentur
1786 4413 1837 4465 in
1868 4410 1965 4465 ista
1993 4411 2069 4464 ci-

477 4503 661 4570 vitate,
713 4502 954 4573 fugerent
985 4503 1037 4557 in
1081 4503 1237 4557 aliam
1270 4520 1282 4556 :
1312 4503 1455 4574 quod
1482 4519 1575 4558 vos
1601 4518 1704 4558 non
1733 4503 1924 4558 facitis.
1958 4504 2067 4559 Illis

478 4593 631 4659 dixit,
672 4596 737 4649 ad
780 4612 910 4665 quas
953 4596 1193 4651 civitates
1233 4595 1581 4667 confugerent
1609 4612 1777 4667 usque
1806 4597 1859 4652 in
1905 4596 2066 4652 linem

478 4686 658 4741 szcculi
690 4703 794 4741 non
822 4686 1093 4743 defuturas
1123 4686 1335 4757 (.llatth.
1366 4706 1418 4754 x,
1442 4687 1557 4759 25),
1590 4702 1724 4759 quas
1753 4703 1847 4743 vos
1890 4688 2068 4758 queri-

478 4778 607 4832 mini
635 4778 785 4834 vobis
822 4778 930 4851 jam
979 4777 1187 4843 deesse,
1222 4796 1321 4836 nec
1349 4780 1505 4836 vultis
1538 4779 1691 4837 fateri
1738 4796 1831 4836 eos
1876 4780 2066 4852 quibus

482 4869 595 4924 inec
622 4869 758 4925 dicta
788 4881 911 4925 sunt
939 4886 1033 4926 vos
1060 4887 1164 4925 non
1190 4886 1329 4927 esse.

550 4950 778 5020 CA'PUT
816 4962 1029 5019 XXVII.
1059 4995 1131 5005 —
1160 4965 1248 5020 '50.
1281 4964 1452 5020 Verba
1484 4965 1731 5035 Epistulae
1761 4984 1774 5020 :
1804 4964 1911 5022 Sed
1948 4975 1995 5020 et
2024 4967 2067 5021 si

481 5056 758 5126 persecutia
784 5056 1117 5127 conquiescat,
1166 5055 1356 5127 inquit,
1388 5056 1523 5110 unde
1565 5067 1845 5129 martyrum
1890 5074 2063 5111 nume-

477 5163 565 5202 rus
605 5148 930 5219 adimpletur,
957 5148 1158 5204 Joanne
1196 5150 1411 5216 dicente,
1456 5147 1591 5211 Vidi,
1636 5151 1824 5220 inquit,
1873 5151 2069 5205 animas

483 5230 760 5297 occisorum
804 5242 895 5299 sub
942 5260 1034 5297 ara
1081 5242 1176 5297 Dei
1214 5242 1607 5297 exciamantium
1653 5253 1701 5297 et
1755 5243 2064 5312 dicentium,

484 5333 760 5403 Quamdiu,
797 5334 1028 5401 Domine,
1062 5352 1164 5390 non
1197 5335 1399 5406 jndicas
1430 5345 1474 5388 et
1512 5335 1735 5390 vindicas
1774 5337 2067 5407 sanguinem

480 5439 704 5481 nostrum
734 5429 795 5482 de
821 5426 883 5482 iis
908 5428 994 5499 qui
1020 5428 1242 5482 habitant
1263 5445 1413 5499 super
1434 5428 1654 5482 terram?
1677 5426 1745 5482 Et
1770 5438 2067 5500 acceperunt

480 5519 666 5589 singuli
694 5520 850 5573 stolas
876 5518 1037 5584 albas,
1084 5530 1130 5573 ct
1159 5520 1343 5573 dictum
1383 5530 1454 5574 cst
1480 5521 1550 5573 eis
1570 5562 1584 5582 ,
1628 5527 1680 5573 ut
1710 5521 2068 5589 requiescerent

482 5612 646 5664 adhuc
676 5630 893 5680 paucum
923 5622 1142 5682 tempus,
1177 5614 1334 5666 donec
1371 5613 1639 5684 impleatur
1677 5629 1913 5667 numerus
1962 5613 2070 5682 fra—

482 5712 613 5755 trum
643 5716 911 5758 vestrorum
943 5708 981 5772 ‘,
1030 5707 1115 5775 qui
1164 5706 1403 5775 incipient
1446 5705 1679 5773 interﬁci,
1731 5706 1855 5758 sicut
1883 5716 1929 5758 et
1974 5705 2070 5775 ipsi

451 5795 667 5877 r(Apoc.
695 5809 768 5859 vt,
793 5794 965 5866 9-H).
1002 5795 1078 5851 Ad
1098 5796 1221 5867 inec
1245 5795 1524 5865 responsio
1555 5813 1564 5849 :
1598 5795 1652 5852 Si
1678 5796 1776 5849 sub
1797 5811 1888 5851 ara
1916 5796 2070 5851 (ibri-

457 5888 469 5907 ⁸
546 5910 560 5940 ι
599 5904 1575 5971 t.ugd.,ipsorum.Graeeeetiamdieitur,
1616 5908 1777 5962 auten.
1842 5916 1899 5962 tl.
1992 5912 1997 5931 ⁴

1412 399 1684 457 CONTRA
1723 394 2191 463 GAUDENTIUM,
2232 394 2292 452 S.
2330 391 2699 451 AUGUSTINI

3622 396 3730 453 726

2141 510 2210 568 sti
2235 519 2500 583 martyres
2522 522 2645 566 esse
2668 506 2901 578 velletis,
2929 521 3040 565 non
3079 521 3176 565 vos
3217 507 3362 580 ipsos
3393 507 3730 567 incendendo

2141 601 2459 660 sacriﬁcium
2479 601 2692 659 diabolo
2713 600 2979 659 faceretis.
3010 600 3139 670 Quis
3156 601 3298 657 enim
3323 601 3517 673 gaudet
3537 602 3606 659 de
3627 604 3732 661 isto

2143 694 2325 752 furore
2351 703 2549 761 vestro,
2581 693 2688 752 nisi
2712 694 2978 764 diabolus,
3005 695 3097 765 qui
3121 709 3243 750 eum
3273 694 3426 751 vobis
3464 696 3690 766 inspirat
3713 740 3729 763 ,

2144 796 2200 845 et
2226 788 2312 859 qui
2341 796 2466 844 sunt
2485 804 2554 846 es
2579 798 2727 859 parte
2753 788 2935 844 illius?
2966 787 3082 858 Ipse
3107 795 3193 843 est
3204 787 3303 866 μοι
3328 786 3477 842 illum
3501 802 3731 857 puerum

2145 878 2213 936 de
2241 895 2347 952 quo
2391 880 2443 936 in
2470 881 2759 951 Evangeiio
2787 879 3031 949 legimus,
3082 879 3324 936 mittebat
3364 880 3650 952 aliquando
3678 882 3733 936 in

2146 988 2361 1044 aquam,
2404 974 2688 1044 aliquando
2718 974 2771 1030 in
2803 975 2976 1044 ignem
3028 972 3240 1045 (Matth.
3285 990 3416 1039 xvn,
3447 974 3542 1045 14)
3574 993 3588 1029 :
3619 976 3737 1045 ipse

2147 1073 2202 1121 et
2231 1066 2380 1121 illum
2407 1081 2621 1138 gregem
2642 1081 2926 1138 porcorum
2957 1068 3289 1137 praecipitem
3313 1066 3568 1123 ﬂuctibus
3597 1083 3744 1124 mer-

2149 1161 2219 1217 sit
2243 1159 2355 1231 (Id.
2382 1176 2499 1231 vnt,
2531 1160 2643 1235 52).
2691 1161 2830 1233 Ipse,
2874 1170 2933 1217 ut
2956 1175 3015 1217 se
3049 1161 3118 1216 de
3146 1161 3306 1232 pinna
3334 1162 3517 1232 templi
3547 1162 3765 1242 prensi-1

2150 1255 2365 1326 pitaret,
2414 1256 2574 1312 etiam
2618 1256 2717 1327 ipsi
2764 1255 2991 1311 Domino
3037 1255 3391 1312 audacissima
3440 1256 3739 1312 tentatione

2152 1349 2413 1420 suggessit
2437 1347 2548 1420 (Id.
2577 1365 2649 1416 IV,
2680 1350 2734 1416 5,
2763 1348 2840 1420 6).
2873 1349 2953 1405 Ad
2979 1348 3248 1404 diabolum
3279 1350 3397 1405 sine
3424 1348 3592 1405 dubio
3621 1365 3741 1420 per-

2152 1441 2351 1509 tinctis,
2376 1458 2497 1499 cum
2525 1442 2624 1498 tria
2649 1458 2844 1515 genera
2871 1443 3078 1511 mortis,
3108 1458 3319 1514 aquam,
3346 1444 3523 1513 ignem
3544 1444 3744 1514 praeci-

2154 1536 2343 1607 pitium
2394 1535 2446 1590 in
2505 1536 2698 1591 vestris
2746 1536 3005 1592 mortibus
3052 1534 3424 1606 frequentatis.
3479 1533 3539 1589 Si
3600 1535 3747 1590 enim

2152 1637 2366 1686 mentes
2390 1643 2495 1684 non
2526 1627 2790 1683 dementia
2819 1628 3135 1700 perderetis,
3170 1629 3269 1683 ista
3296 1629 3407 1699 ipsa
3437 1628 3601 1683 verba
3625 1644 3748 1699 qua:

2155 1720 2225 1778 de
2248 1730 2434 1778 sancto
2457 1721 2595 1778 libro
2619 1721 2862 1792 posuisti,
2906 1722 2979 1777 ab
3004 1721 3115 1777 isto
3131 1721 3353 1778 interitu
3393 1738 3553 1793 quem
3597 1722 3751 1779 vobis

2158 1812 2418 1884 ingeritis,
2458 1828 2552 1868 vos
2593 1828 2849 1870 revocare
2890 1812 3168 1869 deberent.
3198 1814 3336 1881 Quid
3363 1815 3507 1870 enim
3555 1815 3751 1871 anima

2158 1914 2455 1978 martyrum
2501 1905 2600 1961 sub
2643 1920 2737 1961 ara
2776 1904 2872 1960 Dei
2902 1904 3121 1961 dicunt?
3167 1905 3443 1973 Quamdiu,
3495 1904 3752 1975 Domine,

2160 2013 2263 2051 non
2291 1996 2498 2067 judicas
2526 2005 2574 2052 et
2617 1998 2844 2053 vindicas
2886 1999 3186 2070 sanguinem
3227 2007 3453 2052 nostrum
3491 1998 3559 2051 de
3582 1999 3645 2053 iis
3669 1999 3756 2070 qui

2160 2088 2389 2144 habitant
2415 2106 2565 2160 super
2609 2091 2837 2147 terram?
2867 2090 3136 2146 Vindicari
3177 2100 3403 2160 poscunt
3431 2090 3752 2161 sanguinem

2163 2196 2338 2246 suum,
2369 2182 2422 2237 in
2451 2182 2530 2238 eis
2557 2183 2738 2253 utique
2776 2199 2808 2239 a
2837 2183 3030 2253 quibus
3058 2179 3207 2237 fusus
3245 2189 3331 2237 est
3355 2200 3371 2236 τ
3416 2181 3675 2253 numquid
3704 2182 3761 2237 in

2164 2276 2324 2332 aliis?
2359 2277 2439 2333 Ac
2464 2292 2562 2347 per
2580 2277 2683 2333 hoc
2708 2277 3059 2333 vindieabitur
3081 2282 3256 2333 vester
3283 2276 3335 2331 in
3362 2276 3563 2330 vobis.”

2236 2371 2328 2427 5i.
2374 2370 2511 2440 Quid
2553 2378 2637 2427 est
2674 2379 2850 2426 autem
2888 2369 3122 2433 stultius,
3164 2383 3327 2440 quam
3374 2368 3519 2439 quod
3562 2368 3763 2439 putatis

2165 2463 2500 2536 prophetiam
2542 2464 2699 2522 istan
2722 2462 2790 2519 de
2816 2462 3158 2533 martyribus,
3199 2461 3291 2533 qui
3327 2461 3493 2517 futuri
3517 2460 3763 2532 praedicti

2167 2567 2307 2624 sunt,
2356 2558 2566 2613 nonnisi
2614 2558 2681 2612 in.
2712 2557 3005 2613 Donatistis
3032 2569 3169 2612 Iesse
3206 2555 3539 2627 completam
3566 2572 3581 2621 ;
3610 2555 3764 2626 quasi

2171 2661 2513 2723 posteaquam
2540 2651 2643 2707 hoe
2670 2651 2881 2722 scripsit
2903 2651 3092 2707 beatus
3108 2649 3366 2717 Joannes,
3392 2649 3524 2705 nulli
3557 2659 3765 2722 marty-

2170 2760 2256 2799 res
2283 2746 2382 2798 sint
2411 2743 2593 2809 occisi,
2621 2758 2901 2815 quousque
2925 2750 3236 2814 exsurgeret
3264 2758 3387 2813 pars
3405 2743 3634 2807 Donati;
3666 2744 3764 2812 qui

2171 2839 2215 2893 si
2246 2837 2459 2907 quando
2488 2838 2755 2894 alios'non
2785 2845 3027 2908 possunt,
3060 2852 3119 2892 se
3144 2856 3147 2863 ·
3168 2838 3312 2906 ipsos
3351 2834 3641 2899 occidunt;
3670 2835 3767 2906 qui

2171 2930 2371 2986 faciunt
2397 2946 2557 3001 opera
2581 2930 2847 2985 latronum
2871 2938 2926 2985 et
2951 2929 3277 2995 dumorum,
3323 2937 3378 2984 et
3402 2927 3631 2999 gloriam
3654 2926 3761 2983 sibi

2172 3024 2440 3080 vindicant
2478 3023 2814 3097 martyrum?
2854 3022 3005 3091 Quod
3031 3023 3076 3078 si
3105 3030 3254 3078 tanta
3297 3022 3559 3093 temporis
3599 3023 3766 3077 inter-

2172 3115 2332 3182 vallo,
2382 3114 2434 3169 id
2476 3123 2577 3179 est,
2621 3130 2651 3168 a
2695 3114 2901 3173 Joanne
2944 3128 3111 3184 usque
3155 3114 3222 3169 ad
3252 3113 3385 3169 istos
3421 3112 3554 3168 nulli
3601 3111 3769 3168 occisi

2174 3216 2355 3263 essent
2397 3216 2657 3279 martyres
2682 3207 2829 3275 veri;
2861 3216 2918 3262 ut
2960 3206 3092 3261 nihil
3118 3206 3281 3275 aliud,
3313 3206 3398 3261 vel
3430 3205 3766 3277 temporibus

2174 3300 2487 3357 Antichristi
2516 3301 2821 3358 diceremus
2862 3300 3090 3366 futuros,
3126 3301 3180 3354 in
3224 3301 3415 3371 quibus
3443 3301 3769 3373 ille'marty-

2173 3411 2291 3452 rum
2317 3410 2573 3450 numerus
2596 3395 2973 3465 compleretur,
3002 3409 3100 3450 nec
3126 3400 3301 3449 tardet)
3329 3393 3462 3449 istos
3489 3393 3579 3449 vel
3605 3393 3767 3449 aliud

2173 3489 2254 3543 vel
2272 3488 2353 3544 sui
2368 3487 2640 3558 sanguinis
2656 3502 2776 3542 reos
2794 3496 3100 3542 accrescere
3117 3500 3343 3541 numero
3361 3500 3613 3541 verorum
3628 3500 3771 3543 mar-

2176 3580 2752 3652 tyrum'crederemus,
2782 3579 2975 3649 quibus
3001 3577 3202 3634 dictum
3242 3586 3325 3633 est
3361 3588 3419 3632 ut
3457 3578 3770 3649 requiesce-

2175 3683 2295 3730 rent
2348 3690 2569 3745 parvum
2625 3682 2868 3743 tempus,
2922 3671 3095 3728 donec
3149 3672 3463 3742 impleretur
3511 3687 3768 3730 nul-erus

2175 3766 2395 3822 fratrum
2425 3766 2682 3837 ipsorum,
2705 3766 2796 3836 qui
2821 3764 3117 3833 inciperent
3143 3764 3394 3832 interlici,
3416 3764 3558 3819 sicut
3577 3764 3765 3835 etipsi,

2174 3860 2242 3914 ab
2267 3859 2385 3914 aliis
2428 3859 2631 3928 utique,
2660 3873 2779 3914 non-
2798 3873 2829 3911 a
2852 3871 2914 3912 se
2957 3856 3093 3927 ipsis
3114 3856 3255 3911 sicut
3296 3856 3406 3924 isti,
3448 3865 3505 3911 et
3530 3855 3661 3912 ideo
3680 3855 3768 3911 isti

2175 3970 2280 4010 non
2324 3954 2463 4009 sicut
2510 3953 2629 4023 ipsis
2672 3952 2965 4007 Possumus
3010 3948 3500 4006 etiam-verissime
3544 3947 3763 4016 dicere,

2176 4047 2335 4116 ipsos
2369 4059 2582 4115 quoque
2632 4043 3043 4103 Donatistarum
3084 4041 3414 4112 temporibus
3457 4040 3763 4097 Cathoiieos

2175 4155 2309 4210 quos
2331 4138 2598 4204 occidunt,
2641 4137 2708 4193 ad
2733 4137 3159 4207 supplementum
3180 4135 3328 4191 illius
3357 4136 3567 4191 numeri
3598 4133 3758 4206 perti-

2176 4250 2324 4291 nere.
2374 4233 2476 4290 Sed
2508 4250 2627 4290 cum
2674 4242 2797 4301 post
2823 4231 3123 4302 apostolum
3161 4231 3446 4298 Joannem,
3476 4232 3572 4302 qui
3600 4231 3763 4287 futura

2176 4330 2262 4384 illa
2278 4327 2616 4399 conscripsit,
2630 4334 2775 4381 tanta
2795 4334 2999 4396 strages
3016 4335 3308 4398 martyrum
3325 4324 3765 4381 interiicientibus

2175 4421 2351 4491 impiis
2381 4432 2756 4489 usquequaque
2782 4419 2833 4472 in
2864 4424 2973 4473 um
3001 4416 3178 4472 multis
3215 4416 3464 4487 gentibus
3490 4417 3633 4472 facta
3663 4418 3761 4482 sit;

2173 4513 2300 4584 quid
2329 4512 2430 4568 sibi
2463 4512 2648 4567 volunt
2664 4511 2756 4566 isti
2783 4520 2999 4566 suarum
3021 4509 3321 4566 animarum
3349 4518 3679 4579 extortores,
3711 4520 3762 4567 et

2173 4607 2465 4662 alienarum
2483 4615 2711 4661 tortores
2726 4614 2782 4659 ut
2798 4602 2939 4675 quod
2951 4603 3023 4660 de
3033 4602 3356 4676 martyribus
3370 4604 3577 4659 sanctis
3593 4605 3767 4675 legunt

2174 4714 2293 4755 esse
2319 4699 2647 4769 praedictum,
2675 4697 2745 4753 de
2762 4711 2825 4752 se
2847 4696 3050 4768 iactent.
3081 4709 3205 4752 esse
3236 4696 3566 4766 completum
3584 4698 3611 4752 ιι
3632 4697 3769 4753 Prte-

2177 4802 2358 4863 parate
2402 4807 2500 4848 vos
2528 4791 2725 4861 potius,
2756 4799 2815 4846 ut
2856 4800 3031 4846 vester
3049 4790 3284 4861 sanguis,
3326 4791 3510 4845 nonin
3562 4792 3643 4847 eis
3672 4790 3768 4861 qui

2173 4901 2271 4941 vos
2286 4886 2366 4939 vel
2383 4882 2840 4954 comprehendere
2853 4883 2935 4937 vel
2953 4882 3135 4953 fugere
3153 4882 3375 4952 cupiunt
3390 4891 3449 4936 ut
3464 4881 3770 4949 vivatis,sed

2175 4980 2230 5034 in
2260 4976 2410 5033 vobis
2453 4977 2628 5046 potius
2656 4974 2975 5030 vindicetur.
3006 4976 3087 5029 An
3119 4972 3256 5029 ferte
3277 4987 3351 5028 ne
3374 4972 3479 5029 hoc
3508 4974 3627 5039 ﬁat,
3657 4973 3770 5028 ideo

2175 5083 2283 5123 non
2325 5083 2449 5124 eum
2502 5066 2741 5141 funditis,
2789 5065 2884 5121 sed
2909 5074 3003 5120 aut
3045 5065 3337 5136 praecipitio
3378 5065 3655 5129 colliditis,
3686 5073 3772 5119 aut

2177 5160 2317 5216 unda
2364 5158 2663 5222 suﬂocatis,
2716 5167 2808 5212 aut
2859 5157 2914 5213 in
2958 5157 3197 5212 cinerem
3246 5156 3616 5212 convenitis?
3667 5154 3767 5212 Sed

2176 5254 2404 5317 erratis;
2432 5250 2790 5307 vindicabitur
2815 5251 2867 5306 in
2893 5250 3061 5316 vobis,
3094 5265 3434 5321 quocumque
3479 5249 3645 5305 modo
3674 5262 3764 5319 pe-

2176 5346 2398 5400 rimatur
2423 5359 2453 5398 a
2483 5342 2653 5398 vobis.
2699 5342 2759 5397 In
2801 5342 2952 5397 vobis
2999 5341 3142 5396 enim
3172 5339 3560 5404 vindicaretur,
3590 5340 3636 5395 si
3667 5354 3765 5394 non

2177 5437 2230 5491 in
2262 5435 2498 5491 Ecclesia
2523 5433 2740 5500 Christi,
2782 5434 2876 5489 sed
2908 5434 2959 5488 in
2987 5442 3139 5503 parte
3170 5432 3362 5487 Donati
3403 5432 3475 5487 ab
3501 5432 3626 5487 aliis
3651 5431 3765 5487 fun-

2177 5528 2413 5585 deretur.
2461 5527 2611 5584 itane
2636 5542 2732 5583 vos
2760 5527 3058 5583 clamabitis
3101 5525 3173 5581 ad
3192 5527 3380 5591 Deum,
3433 5534 3494 5581 ut
3533 5524 3766 5581 vindicet

2176 5624 2487 5693 sanguinem
2513 5629 2771 5686 vestrum,
2799 5628 2853 5675 et
2876 5619 3125 5676 exaudiet
3152 5633 3268 5685 vos,
3299 5618 3401 5674 nisi
3434 5616 3766 5674 damnaverit

2178 5717 2311 5773 vos?
2337 5713 2614 5784 Quomodo
2643 5714 2786 5771 enim
2814 5713 3129 5778 vindicetur,
3162 5712 3264 5767 nisi
3306 5713 3397 5782 qui
3436 5727 3564 5769 eum
3605 5722 3759 5767 ausus

2178 5819 2260 5866 est
2303 5808 2566 5864 trucidare
2596 5807 2917 5864 damnetur?
2948 5806 3004 5861 In
3035 5806 3133 5861 hac
3160 5820 3287 5877 ergo
3317 5820 3451 5862 voce
3496 5821 3604 5862 non
3642 5804 3761 5859 estis

2172 5901 2283 5958 nisi
2309 5907 2648 5957 accusatores
2675 5898 2861 5969 vestri;
2902 5897 3024 5971 quia
3064 5910 3162 5955 vos
3199 5898 3330 5955 estis
3371 5897 3451 5954 rei
3492 5893 3755 5969 sanguinis
