4026 6464
312 437 416 496 725

302 645 386 700 vel
415 643 680 718 collisum,
732 644 812 710 vel
861 645 1196 714 sull‘ocatum,
1228 649 1310 704 vel
1336 657 1604 714 exustum,
1638 650 1720 704 vel
1749 665 1884 719 quo-

300 751 528 809 cumque
541 746 694 807 pacto
713 736 1046 805 trucidatum,
1067 740 1147 795 vel
1165 739 1209 794 si
1230 739 1332 798 hoc
1352 741 1640 812 elegeritis,
1658 742 1885 802 eli‘usum

297 830 610 901 sanguinem
641 840 874 886 vestrum
899 831 1208 892 vindicabit.

367 920 594 976 CAPUT
641 920 876 976 XXVIII.
923 953 993 962 --
1030 924 1117 979 52.
1154 923 1327 980 Verba
1377 924 1626 995 Epistolas
1657 944 1670 981 :
1701 927 1882 982 Annon

293 1013 414 1077 ista,
445 1013 633 1084 inquit,
663 1016 940 1083 persecutio
982 1025 1074 1081 est,
1105 1033 1219 1087 qua:
1261 1025 1330 1072 tot
1357 1018 1518 1072 millia
1560 1020 1883 1075 innocentum

291 1117 572 1179 martyrum
613 1109 824 1161 arctavit
849 1109 916 1161 ad
945 1119 1152 1163 mortem
1176 1110 1201 1163 ἱ)
1243 1109 1516 1166 Christiani
1541 1113 1671 1166 enim
1699 1130 1878 1169 secun-

290 1198 414 1251 dum
445 1197 778 1271 Evangelium
822 1201 1003 1270 spiritu
1054 1202 1311 1274 prompti,
1360 1204 1447 1259 sed
1490 1221 1639 1258 carne
1689 1206 1878 1275 inﬁrmi

289 1289 502 1360 (Matth.
525 1305 667 1358 xxvr,
691 1292 806 1361 41),
823 1310 853 1345 a
869 1293 1113 1366 sacrilega
1131 1296 1550 1350 contaminatione
1566 1298 1877 1352 caminorum

287 1392 487 1453 reperto
550 1384 847 1455 compendio
907 1403 1024 1439 suas
1074 1388 1270 1442 animas
1322 1398 1640 1456 rapuerunt,
1697 1391 1879 1442 imitati

286 1477 563 1548 presbyteri
611 1476 786 1534 Rosia:
814 1479 829 1509 ¹
866 1479 918 1532 in
968 1478 1378 1533 Macltaba’orum
1408 1479 1545 1535 libris
1593 1481 1877 1552 exemplum

287 1569 372 1640 (II
414 1569 651 1624 Hac/tab.
681 1587 789 1637 xlv,
822 1572 914 1644 41)
940 1588 954 1637 ;
1002 1589 1091 1626 nec
1116 1572 1309 1642 frustra
1337 1573 1585 1628 timentes.
1638 1574 1876 1645 Quisquis

283 1665 418 1717 enim
443 1664 495 1718 in
536 1681 707 1718 eorum
734 1681 913 1718 manus
942 1664 1194 1734 inciderit,
1237 1683 1339 1720 non
1365 1667 1538 1722 evasit.
1582 1666 1687 1722 Sed
1713 1684 1874 1740 quan-

285 1767 393 1810 tum
425 1758 576 1811 velint
602 1758 830 1829 faciant;
872 1759 1007 1829 quod
1036 1771 1224 1813 certum
1249 1768 1343 1826 est,
1374 1758 1469 1813 Dei
1494 1776 1600 1814 esse
1627 1777 1726 1814 non
1755 1777 1873 1831 pos-

280 1860 398 1903 sunt
446 1850 531 1919 qui
577 1851 769 1922 faciunt
811 1859 985 1904 contra
1025 1850 1205 1904 Deum.
1254 1851 1334 1904 Ad
1381 1851 1495 1906 haec
1542 1853 1868 1922 responsio:

280 1947 630 2018 Apertissime
657 1949 891 2013 omnino,
925 1963 1082 2019 quam
1115 1948 1537 2018 persecutionem
1565 1949 1865 2018 patiamini,

277 2051 330 2097 et
379 2042 654 2097 verissime
697 2041 988 2096 conﬁteris.
1027 2041 1138 2111 ipsa
1189 2049 1272 2098 est
1315 2042 1457 2097 enim
1503 2041 1570 2097 de
1617 2058 1717 2112 qua
1758 2042 1868 2112 jam

276 2135 405 2201 dixi,
436 2150 553 2207 qua:
583 2135 636 2188 in
681 2133 878 2188 sanctis
916 2132 1207 2204 Scripturis
1237 2133 1304 2188 de
1330 2132 1646 2204 quibusdam
1693 2134 1868 2204 impiis

276 2227 404 2282 satis
447 2225 724 2281 evidenter
754 2240 1010 2298 expressa
1054 2232 1158 2291 est,
1205 2224 1271 2279 de
1312 2225 1504 2298 quibus
1535 2225 1734 2280 dictum
1785 2234 1866 2281 est

273 2319 395 2389 quia
440 2317 863 2388 persecutionem
926 2316 1201 2390 patiuntur
1259 2315 1326 2369 ab
1370 2314 1498 2384 ipsis
1547 2313 1697 2370 factis
1755 2316 1865 2372 suis

272 2410 425 2481 (Sap.
460 2427 533 2478 χι,
563 2409 657 2479 21)
692 2427 703 2462 :
737 2407 877 2479 quod
901 2407 1112 2478 quidem
1141 2407 1243 2462 dici
1271 2407 1336 2462 de
1368 2406 1519 2461 vobis
1540 2407 1865 2470 convenien-

269 2503 475 2557 tissimc
506 2509 700 2572 potest,
756 2501 964 2555 etiamsi
995 2515 1089 2554 vos
1138 2500 1364 2554 aliorqu
1414 2514 1603 2553 manus
1646 2509 1864 2570 propter

269 2605 443 2649 vestra
481 2594 758 2664 sacrilegia
791 2592 1139 2648 trucidarent.
1165 2591 1294 2646 Nam
1325 2601 1378 2648 et
1404 2592 1635 2646 latrones
1659 2601 1713 2646 et
1740 2593 1860 2660 qui-

265 2690 395 2745 libet
447 2689 690 2744 homines
739 2687 815 2743 rei
843 2687 1127 2743 criminum
1159 2686 1484 2755 Capitalium,
1536 2699 1657 2738 cum
1700 2685 1860 2755 justis

262 2787 472 2858 legibus
519 2786 827 2856 puniuntur,
877 2799 980 2838 non
1009 2783 1222 2839 dicendi
1264 2791 1387 2836 sunt
1431 2781 1859 2853 persecutionem

265 2879 398 2950 pati,
433 2878 536 2932 nisi
580 2877 647 2931 ab
689 2878 818 2946 ipsis
851 2874 1003 2930 lactis
1032 2874 1165 2932 suis.
1209 2874 1311 2930 Sed
1354 2889 1494 2930 nunc
1541 2873 1696 2944 plane
1739 2888 1859 2928 cum

262 2982 517 3046 parcente
563 2971 714 3027 vobis
761 2969 1170 3032 mansuetudine
1199 2968 1505 3032 christiana,
1553 2968 1626 3022 ita
1669 2968 1721 3021 in
1763 2981 1861 3022 vos

261 3067 422 3122 saevit
450 3074 628 3121 vestra
673 3063 960 3130 dementia,
992 3072 1050 3117 ut
1095 3060 1540 3134 quemadmodum
1571 3059 1725 3126 dicis,
1775 3077 1860 3114 ca-

256 3159 515 3212 minorum
555 3165 748 3228 reperto
786 3156 1084 3226 compendio
1133 3162 1320 3208 vestras
1363 3153 1559 3206 animas
1603 3152 1855 3222 rapiatis,

259 3253 408 3308 omni
437 3250 595 3306 modo
626 3267 718 3306 vos
749 3265 778 3304 a
810 3249 961 3305 vobis
993 3249 1120 3319 ipsis
1140 3248 1250 3320 pali
1293 3247 1742 3318 persecutionem,
1771 3247 1858 3302 ni-

262 3346 371 3400 mia
402 3353 486 3401 est
506 3342 850 3414 impudentia,
883 3342 926 3397 si
951 3340 1153 3410 negatis
1179 3356 1194 3404 ;
1223 3338 1435 3409 quando
1457 3353 1550 3392 vos
1573 3348 1859 3406 utrumque

260 3438 561 3510 completis,
592 3445 645 3494 et
673 3435 812 3492 unde
833 3435 977 3506 juste
1001 3433 1250 3504 pereatis,
1277 3442 1330 3487 et
1359 3431 1499 3504 quod
1532 3432 1732 3500 peritis.
1767 3429 1855 3486 Sic

257 3540 440 3586 autem
465 3529 599 3586 dicis
625 3537 702 3590 tot
731 3527 1009 3588 hominum
1040 3525 1204 3580 millia
1234 3539 1353 3579 esse
1379 3523 1468 3594 qui
1499 3523 1598 3578 hoc
1631 3523 1850 3589 faciunt,

253 3624 413 3696 quasi
442 3639 550 3680 non
601 3624 762 3679 etiam
811 3620 912 3675 ista
952 3618 1022 3674 sit
1071 3632 1176 3673 non
1224 3631 1389 3690 parva
1438 3630 1618 3683 causa,
1665 3631 1762 3670 cur
1789 3616 1856 3670 ab

254 3717 566 3791 huiusmodi
598 3715 904 3787 magisterio
932 3721 1113 3768 vestro
1145 3711 1321 3766 Africa
1347 3710 1625 3766 liberetur.
1654 3710 1853 3764 Eorum

254 3822 343 3868 est
370 3811 512 3866 enim
545 3808 818 3863 hominum
845 3821 1031 3877 genus,
1063 3804 1147 3858 cui
1177 3803 1280 3858 hoc
1305 3802 1500 3858 malum
1529 3801 1854 3872 persuadere

253 3903 528 3976 potuistis,
556 3901 641 3980 qui
667 3901 843 3956 solent
871 3899 984 3951 lucc
1006 3905 1054 3952 et
1076 3904 1232 3952 antea
1252 3894 1448 3957 facere,
1473 3893 1706 3948 maxime
1728 3910 1852 3948 cum

253 3994 575 4052 idololatriae
598 3993 810 4047 licentia
841 4003 1220 4059 usquequaque
1246 3986 1498 4054 ferveret,
1527 3985 1740 4055 quando
1767 3985 1851 4040 isti

251 4090 594 4161 Paganorum
622 4085 783 4139 armis
803 4083 936 4138 festa
958 4098 1050 4138 sua
1075 4080 1534 4152 frequentantibus
1557 4080 1850 4136 irruebant.

250 4181 538 4239 Vovebant
567 4190 745 4235 autem
774 4179 966 4247 Pagani
991 4178 1213 4250 juvenes
1240 4177 1394 4232 idolis
1425 4176 1535 4238 suis
1580 4176 1699 4246 quis
1724 4184 1854 4245 quot

249 4273 528 4331 occideret
555 4289 568 4325 :
595 4281 649 4325 at
670 4271 756 4325 isti
787 4270 1040 4341 gregatim
1070 4269 1194 4324 hinc
1230 4278 1391 4338 atque
1431 4267 1552 4324 inde
1577 4265 1851 4322 conﬂuen-

249 4378 362 4434 tes,
408 4372 659 4433 tanquam
709 4364 760 4418 in
809 4363 1199 4436 amphitheatro
1245 4378 1275 4416 a
1321 4362 1659 4418 venatoribus
1700 4377 1852 4418 more

250 4456 572 4516 immanium
617 4455 905 4511 bestiarum
935 4455 1208 4511 venabulis
1238 4470 1297 4510 se
1341 4455 1597 4526 oppositis
1643 4453 1851 4525 ingere-

249 4550 456 4615 bant”,
488 4546 724 4605 furentes
769 4550 1154 4620 moriebantur,
1203 4557 1570 4620 putrescentes
1619 4549 1848 4620 sepelie-

250 4645 471 4710 bantur,
496 4641 822 4714 decipientes
849 4644 1180 4706 colebantur.
1210 4643 1416 4700 Prteter
1436 4643 1553 4700 haec
1572 4655 1696 4700 sunt
1716 4658 1846 4699 saxa

252 4735 509 4801 immania
538 4743 592 4790 et
631 4737 887 4792 montium
929 4737 1145 4802 horrida
1190 4746 1476 4808 prazrupta,
1506 4738 1842 4794 voluntario-

251 4844 374 4884 rum
407 4826 750 4894 creberrimis
767 4827 1028 4884 mortibus
1054 4827 1327 4884 nobilitata
1351 4836 1674 4884 vestrorum:
1693 4832 1846 4899 aquis

253 4930 309 4977 et
340 4921 546 4992 ignibus
573 4920 742 4978 rarius
770 4920 823 4976 id
851 4922 1113 4993 agebant;
1160 4921 1466 4992 prazcipitiis
1495 4937 1683 4992 greges
1711 4938 1844 4978 con-

252 5012 602 5069 sumebantur
629 5011 891 5088 ingentes.
944 5011 1139 5068 }Etatis
1166 5023 1361 5066 nostra:
1406 5010 1709 5068 hominibus
1759 5030 1845 5071 res

254 5103 564 5162 notissimas
590 5105 798 5175 loquor.
832 5103 961 5173 Quis
987 5103 1130 5159 enim
1160 5103 1332 5158 nescit
1354 5102 1456 5158 hoc
1471 5119 1638 5174 genus
1669 5105 1844 5158 homi-

253 5211 381 5252 num
417 5196 468 5251 in
498 5195 780 5250 horrendis
810 5195 1133 5250 facinoribus
1161 5195 1454 5267 inquietum
1487 5237 1500 5262 ,
1532 5195 1600 5252 ab
1630 5196 1844 5252 utilibus

253 5291 508 5362 operibus
539 5290 787 5358 otiosum,
811 5289 1237 5346 crudelissimum
1265 5291 1317 5345 in
1349 5289 1608 5345 mortibus
1633 5291 1842 5359 alienis,

255 5385 570 5456 vilissimum
599 5385 650 5440 in
677 5384 809 5453 suis,
834 5385 1062 5440 maxime
1086 5386 1137 5440 in
1161 5385 1302 5456 agris
1321 5386 1594 5451 territans,
1617 5387 1686 5442 ab
1701 5387 1844 5457 agris

252 5485 538 5544 vacans,et
553 5477 722 5534 victus
734 5477 813 5532 sui
832 5491 991 5542 causa
1010 5477 1172 5533 cellas
1191 5477 1512 5542 circumiens
1526 5477 1842 5547 rusticanas,

255 5567 395 5624 unde
407 5577 462 5624 et
475 5568 973 5634 Circumcelliouum
993 5583 1185 5627 nomen
1201 5571 1679 5641 accepit,universo
1691 5587 1846 5628 mun-

258 5659 324 5722 do
352 5675 488 5732 pene
512 5660 926 5734 famosissimum
955 5661 1184 5720 Africani
1215 5664 1410 5719 erroris
1456 5664 1845 5737 opprobrium?

332 5751 558 5808 CAPUT
601 5752 797 5808 XXIX.
828 5784 898 5794 —-
926 5755 1014 5811 55.
1057 5755 1136 5810 Ex
1185 5754 1287 5810 hoc
1315 5755 1472 5826 igitur
1504 5771 1698 5826 genere
1727 5757 1844 5827 quis

321 5861 341 5936 ξ
375 5863 545 5936 nazius
559 5872 845 5936 constanter.
858 5865 1127 5936 appellatur
1144 5868 1194 5920 in
1221 5866 1427 5932 epistola
1449 5866 1558 5931 ﬁll,
1577 5881 1661 5920 nn.
1687 5868 1736 5933 6,
1759 5871 1808 5921 7.

320 5926 341 5957 ³
375 5925 506 5993 Apud
528 5935 649 5989 Am.,
671 5925 956 5979 inserebani.

1692 411 1894 497 Lmen
1933 442 2201 502 PRIMUS.

305 552 487 609 vestri.
522 550 630 609 Nec
660 550 800 608 Deus
827 551 928 608 nisi
972 567 1066 614 vos
1095 552 1390 634 damnabit,
1417 554 1630 628 quando
1674 571 1704 610 a
1733 556 1887 612 vobis

3479 461 3582 520 ἠδ

1993 559 2200 630 ignorat
2225 576 2382 633 quam
2428 565 2577 620 multi
2610 575 2763 624 antea
2803 583 2899 639 per
2920 568 3162 628 diversas
3191 581 3390 628 mortes
3429 575 3578 634 ibant

1994 664 2046 708 et
2087 655 2328 730 peribant
2348 699 2364 725 ,
2392 667 2445 713 et
2475 675 2612 716 nunc
2651 661 2703 717 in
2735 662 2944 718 illorum
2985 667 3386 738 comparatione
3411 686 3571 742 quam

1993 748 2144 817 pauci
2181 749 2292 809 suis
2322 751 2527 822 ignibus
2552 753 2810 810 ardeant?
2833 755 2939 813 Sed
2980 758 3024 813 si
3052 768 3206 830 putas
3229 764 3438 819 moveri
3476 781 3578 822 nos

1991 852 2257 911 oportere,
2287 846 2410 916 quia
2439 845 2540 902 isto
2563 849 2724 903 modo
2755 857 2832 906 tot
2852 851 3016 908 millia
3042 855 3372 923 moriuntur;
3401 873 3573 929 quan-

1992 940 2102 986 tum
2124 936 2394 994 existimas
2424 955 2518 993 nos
2545 939 2741 997 habere
2769 945 3168 1012 consolationis,
3201 950 3341 1020 quod
3368 965 3399 1005 a
3422 959 3570 1008 tanta

1988 1025 2254 1086 dementia
2287 1032 2446 1099 partis
2474 1032 2694 1099 Donati,
2729 1035 2816 1091 ubi
2843 1053 2951 1092 non
2987 1039 3158 1094 solum
3189 1042 3402 1099 nefarirc
3429 1044 3574 1101 divi-

1987 1119 2152 1174 sionis
2195 1136 2378 1189 error,
2410 1139 2592 1179 verum
2639 1129 2797 1183 etiam
2838 1128 2986 1185 furor
3013 1131 3114 1187 iste
3146 1133 3229 1188 lex
3261 1134 3394 1190 facta
3441 1149 3564 1206 est,

1985 1209 2141 1278 longe
2167 1221 2326 1282 atque
2345 1213 2832 1287 incomparabiliter
2855 1222 3004 1290 plura
3040 1224 3202 1280 millia
3233 1226 3525 1284 liberantur
3543 1232 3569 1286 ?

1984 1301 2166 1373 Neque
2191 1306 2332 1360 enim
2367 1308 2452 1362 isti
2483 1313 2570 1380 qui
2603 1321 2860 1381 pereunt,
2889 1316 3098 1372 illorum
3127 1319 3312 1375 saltem
3343 1337 3568 1378 numero

1983 1407 2278 1466 arquantur,
2309 1400 2397 1470 qui
2424 1416 2491 1458 ex
2519 1404 2633 1472 ipso
2658 1421 2854 1475 genere
2884 1424 3025 1464 nunc
3060 1410 3168 1480 jam
3194 1419 3448 1469 tenentur
3471 1431 3562 1470 or-

1982 1487 2105 1543 dine
2129 1489 2439 1560 disciplinte,
2477 1494 2820 1568 colendisque
2842 1501 2982 1570 agris
3009 1504 3208 1559 amisso
3235 1505 3564 1562 Circumcel-

1981 1579 2179 1635 lionum
2204 1592 2255 1638 et.
2282 1600 2441 1653 opere
2481 1595 2534 1641 et
2563 1591 2777 1646 nomine
2807 1593 3136 1664 inserviunt,
3164 1607 3380 1653 servant
3404 1600 3566 1655 casti-

1981 1679 2161 1740 tatem,
2207 1683 2386 1731 tenent
2428 1679 2726 1737 unitatem:
2767 1693 2967 1753 quanto
3009 1687 3184 1744 minus
3223 1700 3564 1760 com-quantul-

1977 1765 2062 1820 isti
2085 1768 2273 1836 perditi
2297 1787 2520 1829 numero
2541 1776 2815 1848 utriusque
2837 1795 3016 1848 sexus,
3041 1797 3145 1836 non
3168 1785 3336 1839 solum
3357 1801 3558 1856 puero-

1977 1873 2092 1912 rum
2125 1869 2178 1915 et
2201 1862 2514 1932 puellarum,
2534 1867 2787 1936 juvenum
2809 1880 2862 1925 et
2888 1873 3167 1943 virginum,
3193 1891 3376 1931 verum
3398 1879 3562 1933 etiam

1975 1952 2376 2022 conjugatorum
2419 1966 2472 2013 et
2510 1974 2730 2028 senum,
2780 1979 3004 2034 quorum
3045 1967 3458 2025 innumerabiles
3494 1986 3560 2026 ex

1977 2046 2371 2104 Donatistarum
2415 2051 2616 2108 nefaria
2661 2054 2995 2114 dissensione
3042 2061 3091 2114 iu
3135 2076 3318 2131 pacem
3363 2061 3561 2117 Christi

1974 2153 2152 2194 veram
2177 2154 2232 2196 et
2257 2142 2572 2198 catholicam
2598 2150 2908 2203 transeunt?
2937 2150 3023 2204 Isti
3050 2152 3245 2222 quippe
3273 2155 3362 2223 qui
3391 2168 3448 2208 se
3479 2154 3563 2207 in-

1972 2232 2224 2301 cendunt,
2251 2251 2349 2290 nec
2370 2245 2446 2291 tot
2471 2238 2716 2296 homines
2741 2252 2866 2298 sunt
2887 2253 3018 2315 quot
3054 2245 3166 2301 loca
3197 2256 3320 2302 sunt
3351 2249 3560 2319 populis

1972 2322 2126 2392 plena
2147 2365 2160 2389 ,
2195 2341 2312 2394 qua:
2339 2326 2406 2382 ab
2432 2329 2630 2384 exitiali
2673 2345 2819 2401 peste
2846 2337 3046 2392 erroris
3081 2337 3222 2393 illius
3247 2348 3299 2393 et
3327 2339 3519 2395 I'uroris
3537 2381 3555 2409 ,

1971 2429 2065 2484 per
2108 2414 2246 2472 hanc
2290 2417 2592 2475 instantiam
2638 2424 2974 2492 perﬁcienda:
3013 2429 3228 2484 unitatis
3270 2442 3552 2488 eruuntur.

1970 2505 2356 2577 Numquidnam
2386 2512 2608 2568 obsecro
2633 2529 2819 2570 sanum
2834 2519 3214 2574 misericordia:
3231 2533 3406 2592 potest
3435 2537 3554 2579 esse

1969 2600 2281 2668 consilium,
2313 2612 2367 2656 ut
2413 2604 2570 2658 simul
2601 2620 2719 2660 cum
2748 2608 2848 2662 illis
2887 2609 2972 2665 isti
3003 2627 3190 2666 omnes
3223 2615 3437 2668 aeternis
3461 2630 3556 2684 ge-

1969 2689 2261 2746 licnnarum
2281 2695 2551 2764 suppliciis
2573 2709 2874 2765 serventur,
2899 2718 2965 2757 ne
2987 2703 3058 2758 illi
3083 2704 3136 2758 in
3165 2705 3384 2760 istorum
3407 2720 3554 2762 com-

1967 2785 2243 2852 paratione
2284 2789 2531 2856 perpauci
2571 2805 2787 2846 suorum
2819 2795 3149 2850 caminorum
3177 2796 3388 2867 ignibus
3414 2813 3551 2852 exu-

1966 2878 2192 2932 rantur?
2222 2878 2287 2933 Ut
2321 2882 2460 2934 enim
2489 2897 2674 2938 omnes
2703 2900 2826 2939 cum
2859 2887 3070 2941 Christo
3109 2889 3314 2952 vivant,
3346 2891 3554 2960 magnis

1967 2969 2242 3025 conatibus
2279 2980 2334 3027 et
2372 2974 2508 3026 votis
2534 2975 2795 3043 agendum
2823 2987 2904 3032 est
2931 2996 2943 3032 :
2975 2980 3068 3033 sed
3097 2981 3140 3034 si
3171 2981 3270 3036 hoc
3301 2997 3394 3051 per
3418 2997 3552 3051 quo-

1963 3061 2204 3116 rumdam
2226 3062 2458 3140 furorem
2479 3065 2591 3120 ﬁeri
2616 3082 2718 3120 non
2744 3077 2937 3137 potest,
2957 3070 3143 3126 saltem
3166 3079 3223 3125 ut
3237 3087 3342 3126 non
3360 3087 3546 3129 onnies

1964 3166 2082 3206 cum
2116 3153 2325 3208 diabolo
2360 3168 2596 3224 pereant,
2625 3159 2969 3216 laborandqu
3001 3173 3101 3217 est.

2034 3247 2258 3304 CAPUT
2300 3250 2464 3305 XXX.
2497 3283 2568 3291 —
2597 3253 2684 3308 34.
2727 3254 2866 3310 Sane
2907 3255 2975 3310 de
3020 3255 3308 3326 Scripturis
3351 3260 3552 3315 sanetis

1965 3341 2303 3409 sagacissime
2326 3343 2613 3412 inquirens,
2645 3345 2686 3398 si
2711 3345 2835 3414 quid
2857 3345 3094 3416 proferre
3120 3363 3307 3419 posses
3329 3365 3423 3419 pro
3449 3351 3548 3405 ista

1962 3442 2268 3501 spontanca:
2295 3437 2481 3492 mortis
2509 3439 2770 3494 sententia
2801 3440 3016 3506 insana,
3063 3441 3333 3499 invenisse
3361 3453 3413 3498 te
3443 3444 3544 3499 ali-

1963 3525 2086 3594 quid
2119 3535 2291 3595 putas,
2319 3529 2440 3598 quia
2477 3530 2732 3600 scriptum
2771 3541 2851 3586 est
2881 3534 2933 3588 in
2969 3532 3292 3604 Evangelia:
3323 3535 3550 3607 Spiritus

1961 3617 2158 3686 quidem
2181 3632 2441 3690 promptus
2465 3631 2556 3684 est,
2583 3639 2700 3677 caro
2731 3634 2894 3678 autem
2921 3625 3128 3691 infirma
3154 3626 3366 3695 (Matth.
3398 3643 3541 3691 xxvr,

1963 3709 2052 3779 41)
2089 3729 2100 3762 :
2137 3720 2387 3782 tauquam
2419 3713 2537 3768 ideo
2564 3730 2622 3768 se
2655 3716 2878 3785 quisque
2902 3717 3150 3774 occidere
3176 3720 3387 3786 debeat,
3421 3723 3543 3791 quia

1962 3801 2204 3858 inﬁrmus
2225 3813 2326 3859 est.
2347 3804 2424 3860 Ad
2449 3807 2722 3874 passiones
2743 3809 2882 3864 inter
2901 3825 3088 3866 manus
3109 3815 3542 3884 persequentium

1960 3894 2296 3950 sustinendus
2322 3911 2426 3951 non
2463 3898 2680 3966 potuisti
2711 3899 2864 3954 citius
2889 3899 3068 3957 dicere
3097 3903 3257 3959 falsos
3280 3915 3544 3977 martyres

1962 3995 2165 4040 vestros
2191 4001 2258 4042 cx
2293 3987 2500 4044 illorum
2533 4004 2652 4046 esse
2676 4006 2896 4046 numero
2916 4033 2931 4058 ,
2959 3992 3026 4047 de
3055 3993 3248 4064 quibus
3285 3997 3542 4068 scriptum

1960 4086 2057 4142 est,
2102 4075 2189 4132 Va:
2223 4078 2282 4144 iis
2302 4082 2386 4149 qui
2414 4080 2739 4150 perdiderunt
2763 4084 3109 4139 sustinentium
3132 4086 3317 4158 (Eccli.
3339 4105 3394 4156 ιι,
3426 4089 3540 4162 16)Ξ

1959 4178 2013 4224 et
2034 4169 2100 4225 ad
2133 4171 2251 4226 illos
2278 4186 2496 4241 prorsus
2526 4190 2631 4240 non
2663 4176 2928 4245 pertinere
2952 4177 3144 4248 quibus
3175 4179 3432 4236 Dominus
3457 4181 3543 4236 di-

1959 4263 2049 4329 cit,
2078 4261 2144 4318 In
2168 4275 2330 4318 vestra
2352 4268 2590 4335 patientia
2614 4269 2929 4339 possidebitis
2953 4272 3150 4328 animas
3174 4282 3361 4329 vestras
3388 4275 3540 4347 (Luc.

1957 4372 2067 4423 xxI,
2101 4357 2212 4429 I9).
2246 4358 2322 4414 De
2351 4359 2540 4429 quibus
2572 4371 2744 4416 autem
2782 4362 2995 4433 legitur,
3028 4363 3254 4436 Spiritus
3282 4377 3544 4439 promptus

1957 4458 2061 4512 est,
2095 4465 2213 4504 caro
2253 4460 2419 4504 autem
2462 4453 2699 4520 inﬁrma;
2730 4468 2920 4510 somno
2948 4470 3054 4514 non
3084 4459 3384 4514 voluntario
3422 4476 3545 4527 pre-

1958 4541 2259 4608 mebantur,
2293 4557 2396 4598 non
2440 4543 2655 4606 interitu
2685 4545 2983 4606 voluntario
3025 4549 3369 4606 necabantur.
3415 4550 3545 4606 Dili-

1954 4642 2141 4704 genter
2167 4634 2312 4706 lege,
2342 4644 2396 4690 et
2439 4637 2562 4705 quid
2602 4637 2838 4706 loquaris
2878 4639 3111 4696 attende.
3145 4640 3247 4698 Ubi
3287 4650 3367 4698 est
3399 4642 3541 4713 quod

1956 4725 2241 4796 Apostolus
2270 4727 2361 4788 ait,
2405 4726 2601 4784 Fidelis
2632 4727 2766 4782 Deus
2791 4731 2877 4800 qui
2909 4748 3009 4786 non
3045 4734 3291 4803 permittet
3318 4750 3402 4788 vos
3429 4744 3540 4788 ten-

1956 4821 2050 4874 tari
2087 4837 2235 4890 super
2271 4821 2325 4874 id
2353 4823 2486 4892 quod
2527 4823 2762 4892 potestis;
2789 4825 2878 4880 sed
2920 4827 3067 4898 faciet
3108 4843 3222 4882 cum
3269 4829 3542 4882 tentatione

1954 4915 2103 4968 etiam
2130 4915 2334 4981 exitum,
2359 4925 2413 4968 ut
2434 4917 2632 4985 possitis
2657 4919 2899 4973 sustinere
2923 4919 2962 4992 (I
2992 4920 3108 4975 Cor.
3139 4937 3192 4986 x,
3233 4920 3366 4988 £3)?
3392 4919 3540 4974 Itane

1956 5005 2281 5060 crcdcmlum
2308 5021 2410 5060 non
2431 5014 2514 5068 est
2537 5007 2660 5066 huic
2688 5011 2993 5078 apostolicae
3023 5009 3251 5076 veritati,
3274 5022 3328 5066 et
3358 5011 3538 5065 inimi-

1955 5110 2047 5150 cos
2069 5095 2324 5150 debemus
2341 5111 2437 5149 nos
2464 5097 2608 5166 ipsos
2635 5097 2851 5164 habere,
2877 5101 2994 5171 quia
3018 5099 3263 5155 inimicos
3289 5115 3392 5155 nan
3415 5117 3538 5170 pos-

1954 5201 2138 5240 sumus
2167 5186 2298 5241 alios
2325 5187 2623 5244 sustinere?
2649 5189 2802 5246 Absit
2830 5191 2932 5246 hoc
2955 5207 2982 5244 a
3010 5191 3259 5248 cordibus
3284 5191 3533 5248 christia-

1954 5277 2055 5331 nis.
2087 5277 2246 5332 Plane
2276 5277 2413 5332 ﬁdeli
2441 5280 2717 5350 Apostolo,
2741 5283 2848 5336 imo
2869 5282 2965 5351 ipsi
2992 5282 3131 5337 ﬁdeli
3157 5283 3288 5350 Deo,
3311 5285 3401 5355 qui
3428 5301 3534 5340 non

1954 5369 2079 5424 sinit
2108 5384 2233 5423 suos
2257 5371 2447 5425 tentari
2476 5387 2632 5443 supra
2655 5389 2810 5443 quam
2839 5371 2982 5430 ferre
3010 5384 3253 5444 possunt,
3284 5376 3377 5432 sed
3405 5375 3535 5434 facit

1953 5475 2074 5516 cum
2116 5461 2405 5520 tentatione
2433 5463 2591 5520 etiam
2631 5463 2866 5530 exitum,
2906 5473 2960 5520 ut
2990 5466 3194 5536 possint
3232 5468 3532 5536 sustinere,

1953 5553 2171 5609 credant
2197 5552 2476 5623 Catholici,
2507 5570 2614 5610 non
2639 5556 2858 5614 credant
2876 5557 3196 5626 Donatistae;
3221 5569 3275 5615 et
3306 5576 3374 5616 ne
3389 5575 3537 5618 sem-

1954 5662 2049 5716 per
2088 5647 2187 5702 ista
2232 5662 2337 5703 non
2368 5647 2624 5715 credant,
2669 5662 2773 5703 non
2816 5649 2923 5706 sint
2968 5651 3275 5708 Donatistae.
3308 5653 3534 5719 Quando

1954 5739 2095 5792 enim
2125 5739 2436 5808 desperatur
2472 5740 2522 5793 in
2561 5739 2859 5812 quibusque
2884 5744 3216 5813 passionibus
3243 5760 3273 5799 a
3306 5746 3534 5801 Domino

1955 5828 2285 5900 impetranda
2329 5830 2619 5900 sapientia,
2653 5841 2707 5892 et
2733 5832 2852 5894 ideo
2875 5834 3133 5906 quaeritur
3156 5838 3532 5908 compendium

1957 5923 2309 5988 caminorum,
2339 5922 2425 5978 ubi
2457 5939 2515 5980 se
2555 5924 2639 5980 isti
2668 5938 2777 5980 non
2801 5926 3017 5998 quidem
3048 5927 3193 5996 feris,
3229 5938 3283 5984 ut
3308 5929 3381 5983 ait
3407 5929 3537 5984 bea-
