4026 6514
465 381 570 438 ἹΞἸ

474 495 711 551 tissimus
728 491 1026 566 Cyprianus
1046 489 1180 562 (Lib.
1200 489 1264 544 de
1287 488 1463 544 Laude
1483 487 1741 558 Martyrii,
1755 488 1823 542 ad
1843 486 2058 559 Moysen

473 597 523 642 et
550 584 885 656 Maximum),
913 582 1008 638 sed
1035 590 1212 636 tamen
1237 579 1468 636 ﬂammis
1493 579 1769 650 objiciunt,
1795 593 1934 650 quos
1958 594 2054 634 ne-

473 694 566 736 mo
594 678 864 736 damnavit
889 694 904 731 :
937 691 1042 732 non
1061 684 1144 731 est
1171 675 1275 731 hoc
1301 672 1603 740 consilium,
1621 673 1716 729 sed
1745 674 1892 738 furor
1910 715 1925 740 ,
1953 688 2059 729 non

471 782 558 828 est
585 771 861 845 sapientia,
887 768 980 824 sed
1008 769 1262 824 amentia.
1293 767 1534 822 Habeant
1562 767 1646 821 isti
1675 765 1918 822 incendia
1941 780 2057 834 sua,

472 865 564 937 qui
593 879 700 920 non
726 864 910 920 dicunt
928 862 996 918 de
1021 861 1288 932 adjutorio
1316 859 1549 929 Domini,
1585 857 1838 926 Quoniam
1863 859 1925 914 ab
1949 859 2060 930 ipso

471 960 714 1029 patientia
739 973 850 1012 mea
876 953 1046 1029 (Psal.
1071 970 1180 1023 ut,
1203 953 1282 1026 6).

543 1053 634 1109 55.
662 1050 822 1108 Certe
869 1059 1085 1106 sanctus
1133 1049 1234 1105 Job
1277 1046 1490 1120 quando
1517 1061 1548 1102 a
1573 1047 1746 1118 capite
1788 1059 1956 1118 usque
1992 1044 2062 1102 ad

470 1137 637 1216 pEdes
688 1144 1005 1201 intolerabili
1053 1143 1276 1199 vulnere
1323 1140 1698 1212 putrescebat,
1752 1147 1806 1195 et
1858 1137 2060 1194 dolori-

471 1237 570 1293 bus
624 1236 1032 1294 excruciabatur
1081 1233 1437 1302 immanibus,
1484 1232 1586 1289 hoc
1633 1239 1868 1288 vestrum
1912 1245 2062 1286 com-

471 1329 725 1402 pendium
762 1327 992 1384 habebat
1024 1326 1078 1382 in
1111 1335 1396 1399 promptu,
1437 1340 1542 1397 quo
1575 1339 1636 1381 se
1661 1324 1728 1380 ab
1759 1321 2061 1394 hujusmodi

429 1424 573 1504 .vita
641 1422 926 1480 horrendis
974 1421 1366 1478 calamitatibus
1421 1419 1613 1491 plena,
1667 1419 1724 1473 in
1768 1433 1872 1489 qua
1931 1432 2060 1488 pro-

470 1517 557 1570 eul
613 1514 777 1571 dubio
822 1515 1105 1580 manebat,
1142 1512 1359 1571 nolebat
1391 1513 1620 1583 eripere.
1667 1511 1912 1566 Potestas
1959 1510 2062 1565 titi-

472 1621 573 1675 que
612 1605 818 1674 aderat,
847 1606 943 1662 sed
967 1605 1171 1677 justitia
1208 1619 1313 1660 non
1339 1604 1598 1660 sinebat‘.
1630 1600 1935 1660 Secundum
1958 1600 2061 1657 hoc

436 1693 450 1764 ἒ
472 1700 615 1754 enim
640 1699 806 1767 dicit,
837 1699 998 1770 Atque
1023 1699 1216 1753 utinam
1243 1713 1438 1768 possem
1469 1712 1548 1750 me
1572 1693 1827 1762 occidere,
1855 1704 1944 1748 aut
1972 1711 2060 1748 ro-

442 1787 594 1862 ‘gare
622 1791 780 1846 alium
806 1800 862 1845 ut
885 1792 1072 1862 faceret
1109 1791 1233 1845 mihi
1263 1790 1357 1844 hoc
1384 1788 1403 1861 (
1421 1788 1521 1844 Job
1552 1805 1680 1856 xxx,
1712 1804 1812 1843 sec.
1840 1785 2057 1857 LXX)!

472 1883 698 1954 Negavit
718 1899 777 1939 se
801 1899 957 1954 posse
981 1883 1188 1953 justus,
1219 1881 1360 1953 quod
1391 1897 1485 1953 per
1507 1881 1768 1951 justitiam
1807 1879 1922 1934 ﬁeri
1955 1894 2060 1934 non

470 1987 699 2049 poterat.
733 1977 812 2032 Eo
848 1975 1097 2047 loquendi
1138 1974 1300 2032 modo
1334 1983 1390 2030 et
1428 1974 1714 2045 Apostolus
1743 1973 1808 2028 ad
1847 1973 2061 2029 Galatas

471 2069 621 2138 dicit,
656 2069 1017 2125 Testimonium
1043 2068 1181 2124 vobis
1207 2068 1462 2140 perhibeo,
1493 2068 1634 2138 quia,
1663 2067 1707 2120 si
1733 2067 1846 2136 ﬁeri
1873 2076 2057 2137 posset,

470 2164 644 2218 oculos
673 2164 927 2218 eruissetis
952 2172 1000 2217 et
1028 2163 1289 2218 dedissetis
1324 2162 1448 2216 mihi
1482 2160 1680 2232 (Gatat.
1708 2177 1779 2226 tv,
1811 2163 1924 2232 15).
1955 2161 2061 2216 Cur

468 2257 614 2312 enim
643 2257 820 2312 ethoc
836 2256 952 2311 ﬁeri
979 2271 1087 2312 non
1114 2263 1315 2326 posset,
1337 2255 1438 2309 nisi
1463 2254 1586 2324 quia
1610 2254 1754 2325 juste
1777 2254 1890 2308 fieri
1913 2254 2060 2310 nullo

467 2350 633 2406 modo
653 2350 868 2420 posset?
896 2348 985 2404 Sic
1012 2356 1067 2404 et
1101 2347 1357 2403 Dominus
1385 2362 1507 2402 cum
1537 2361 1632 2416 per
1666 2347 1901 2417 Angelos
1935 2361 2059 2402 suos

466 2440 669 2513 justum
690 2441 791 2496 Lot
815 2440 882 2498 de
902 2439 1148 2497 Sodomis
1175 2449 1458 2495 exeuntem
1483 2447 1700 2510 urgeret
1726 2447 1782 2493 ut
1808 2454 2062 2509 propera-

466 2544 551 2592 ret
577 2536 631 2590 itt
657 2535 826 2606 Segor
857 2551 872 2590 :
904 2533 1026 2589 Non
1053 2534 1204 2601 enim,
1223 2532 1414 2602 inqttit,
1437 2541 1607 2604 potero
1635 2534 1801 2603 facere
1823 2547 1947 2596 rem,
1971 2531 2060 2584 do-

466 2644 560 2683 nec
584 2637 637 2682 tu
663 2629 754 2682 illo
782 2628 1003 2682 introeas
1027 2624 1178 2699 (Gen.
1211 2640 1322 2691 xu,
1351 2623 1464 2694 22).
1493 2622 1608 2678 Non
1638 2637 1796 2693 posse
1825 2637 1883 2678 se
1904 2622 2056 2686 dixit,

467 2720 611 2794 quod
639 2721 754 2777 sine
775 2720 936 2777 dubio
963 2728 1171 2792 poterat
1191 2734 1285 2789 per
1310 2718 1623 2789 potentiam,
1654 2716 1749 2772 sed
1776 2731 1881 2771 non
1911 2725 2061 2785 pote-

467 2826 555 2871 rat
576 2832 676 2887 per
695 2815 974 2887 justitiam.
1002 2815 1191 2870 Posset
1220 2813 1362 2869 enim
1401 2810 1824 2883 patientissimus
1850 2809 1971 2876 Job,
2002 2817 2060 2864 ut

402 2897 410 2900 ”
468 2908 603 2963 nihil
633 2907 774 2964 aliud
795 2950 810 2974 ,
843 2907 926 2963 vel
967 2906 1142 2962 cibum
1169 2909 1251 2961 vel
1280 2914 1464 2977 potum
1491 2919 1598 2960 non
1637 2917 1875 2970 sumere,
1900 2911 2058 2973 atque

467 3001 547 3057 ita
572 3000 718 3056 illam
746 3000 910 3055 vitam
933 3013 1288 3055 aerumnosam
1312 2997 1742 3068 horrendamque
1770 3009 2059 3051 consume-

467 3109 570 3151 re:
609 3093 702 3148 sed
731 3092 831 3147 hoc
867 3092 1009 3162 juste
1044 3091 1220 3146 facere
1250 3106 1358 3146 non
1386 3099 1597 3160 posset,
1644 3089 1895 3160 quoniam
1925 3087 2058 3143 nulli

466 3187 552 3244 fas
580 3198 665 3242 est
686 3201 743 3242 se
765 3187 938 3258 ipsum
963 3185 1246 3250 occidere;
1279 3184 1510 3238 maxime
1533 3196 1678 3248 cum,
1710 3189 1769 3235 ut
1793 3181 1962 3250 possit
1980 3181 2064 3235 vi-

466 3296 618 3348 vere,
648 3280 814 3350 possit
839 3279 1039 3351 fugere.
1073 3279 1156 3335 An
1188 3277 1291 3334 hoc
1315 3276 1506 3348 aliquis
1539 3275 1881 3340 dubitaverit,
1916 3273 2059 3345 quod

465 3373 561 3430 ille
597 3373 680 3427 vir
703 3383 920 3428 sanctus
939 3413 954 3439 ,
985 3373 1074 3442 qui
1118 3380 1226 3426 tam
1256 3370 1420 3425 multa
1445 3368 1498 3423 in
1529 3369 1639 3424 suis
1667 3367 1943 3423 doloribus
1973 3367 2059 3422 lo-

468 3463 762 3535 quebatur,
801 3478 991 3533 rogare
1019 3471 1076 3518 ut
1103 3462 1207 3517 hoc
1232 3461 1332 3518 sibi
1362 3460 1534 3528 ﬁeret,
1562 3460 1794 3530 aliquem
1832 3459 2058 3530 posset?

467 3553 654 3627 Neque
674 3556 816 3611 enim
843 3570 970 3620 non,
1002 3554 1202 3610 dolenti
1229 3564 1284 3610 et
1313 3553 1642 3625 putrescenti
1668 3566 1860 3607 manus
1890 3551 2059 3607 defuit

466 3648 540 3704 ad
568 3647 958 3719 perimendum,
987 3655 1042 3703 et
1069 3647 1245 3719 lingua
1271 3645 1439 3701 defuit
1460 3644 1528 3700 ad
1560 3643 1876 3716 rogandum.
1899 3641 2058 3700 Certe

466 3743 550 3799 vel
577 3743 748 3813 ipsam
788 3741 1069 3814 conjugem
1111 3756 1259 3796 suam
1294 3746 1503 3810 poterat
1542 3737 1646 3793 hoc
1682 3751 1873 3809 nogare
1897 3753 1912 3790 :
1939 3752 2059 3806 quae

465 3841 646 3891 tamen
673 3841 732 3889 ut
758 3834 862 3889 hoc
886 3833 1038 3889 ﬁeret
1070 3847 1170 3887 nec
1208 3833 1320 3901 ipsa
1347 3829 1697 3900 suggessisset
1716 3869 1732 3894 ,
1758 3843 1879 3900 qua:
1908 3828 2057 3883 illum

466 3927 606 3985 mori
633 3943 728 3999 per
752 3928 870 3998 ejus
907 3925 1292 3996 blasphemiam
1337 3925 1448 3980 Deo
1488 3925 1751 3980 irascente
1774 3923 2055 3994 cupiebat;

467 4019 700 4092 ideoque
723 4019 923 4091 aliquid
948 4020 1001 4074 in
1025 4019 1192 4075 Deum
1219 4016 1444 4073 consilio
1470 4015 1699 4071 nefando
1724 4015 1847 4086 (Job
1893 4032 1951 4081 Il,
1975 4014 2056 4086 9),

467 4122 648 4171 tamen
687 4121 748 4170 ut
772 4114 886 4188 ipse
927 4127 986 4168 sc
1024 4111 1324 4177 occideret,
1370 4109 1420 4165 ei
1449 4108 1630 4164 dicere
1672 4122 1780 4163 non
1809 4107 2056 4162 audebat.

466 4205 595 4262 Plus
611 4206 747 4277 juris
773 4206 825 4260 in
846 4219 943 4260 vos
969 4202 1211 4259 diabolus
1249 4200 1429 4270 habet,
1463 4200 1555 4271 qui
1578 4199 1728 4255 vobis
1755 4207 1863 4253 tam
1905 4197 2059 4254 facile

471 4300 781 4372 persuadet,
829 4299 968 4369 quod
1018 4297 1288 4368 insipienti
1333 4295 1550 4351 mulieri
1597 4293 1924 4366 persuadere
1949 4307 2058 4348 non

472 4399 741 4464 potuerat,
769 4406 926 4461 quam
943 4389 1046 4445 sibi
1071 4390 1366 4444 ministram
1385 4389 1448 4443 ad
1467 4387 1841 4458 decipiendum
1859 4386 2053 4452 virum,

472 4485 585 4540 suis
611 4483 690 4539 illi
715 4481 905 4538 ablatis
942 4481 1192 4536 omnibus
1216 4519 1231 4546 ,
1263 4479 1576 4535 reservavit.
1618 4479 1760 4534 Dixit
1798 4479 1976 4548 itaque
2000 4493 2058 4534 se

469 4577 643 4649 justus
673 4575 762 4631 ille
789 4589 896 4630 non
935 4589 1096 4646 posse
1133 4571 1368 4643 aliquem
1394 4586 1585 4643 rogare
1609 4579 1668 4627 ut
1692 4586 1815 4627 eum
1853 4570 2060 4627 interﬁ-

470 4677 652 4735 ceret,
681 4667 841 4723 etiam
886 4665 939 4721 id
981 4664 1272 4722 ostendens
1297 4663 1479 4736 utique
1525 4677 1634 4720 non
1677 4664 1861 4720 licere.
1905 4663 2058 4732 Quod

469 4761 612 4818 enim
642 4775 749 4816 non
779 4767 955 4830 potest
992 4758 1168 4830 juste,
1210 4773 1317 4813 non
1350 4765 1524 4827 potest
1556 4757 1730 4826 justus
1760 4773 1773 4810 :
1807 4756 2057 4827 quoniam

471 4853 575 4909 hoc
605 4851 944 4908 decernendo
985 4851 1132 4921 prius
1160 4849 1354 4905 amittit
1376 4849 1656 4920 justitiam,
1697 4856 1757 4904 ut
1780 4847 1920 4920 quod
1951 4864 2055 4904 non

473 4954 650 5016 potest
673 4944 867 5016 justus,
901 4945 1070 5016 possit
1104 4943 1351 5013 injustus.
1399 4941 1489 4997 Sic
1524 4957 1652 5013 ergo
1690 4941 1846 5010 dixit,
1894 4940 2060 5013 Atque

471 5041 668 5094 utinam
693 5056 890 5112 possem
913 5055 993 5094 me
1015 5039 1183 5110 ipsum
1206 5035 1524 5107 interﬁcere!
1545 5045 1794 5107 tanquam
1816 5035 2016 5091 diceret
2039 5077 2056 5104 ,

473 5133 648 5204 Atque
678 5133 879 5187 utinam
906 5131 1108 5201 justum
1145 5138 1322 5196 esset;
1366 5139 1490 5185 tunc
1517 5130 1657 5186 enim
1687 5145 1716 5184 a
1754 5129 1902 5200 justo
1944 5130 2060 5185 fieri

472 5233 676 5296 posset.
705 5223 886 5294 Neque
914 5223 1058 5279 enim
1098 5231 1158 5277 ut
1196 5221 1298 5276 hoc
1328 5230 1509 5292 posset
1547 5221 1690 5293 quod
1731 5235 1838 5276 non
1885 5205 2062 5292 petest

477 5317 577 5373 nisi
606 5317 852 5386 injustus,
882 5315 1190 5385 injustitiam
1217 5312 1320 5368 sibi
1346 5320 1574 5384 optaret.
1599 5312 1702 5368 Sed
1725 5313 1770 5366 si
1794 5313 1905 5368 lieri
1937 5327 2063 5383 pos-

478 5420 580 5477 set,
613 5410 752 5466 hanc
791 5409 954 5466 vellet
992 5423 1111 5464 esse
1135 5407 1395 5486 justitiam
1430 5423 1443 5460 :
1471 5405 1614 5477 quod
1643 5405 1758 5460 ﬁeri
1787 5407 1907 5476 quia
1953 5421 2061 5461 non

479 5506 671 5577 potuit,
700 5511 758 5559 ut
783 5502 900 5558 haec
923 5511 1070 5558 esset
1089 5500 1292 5572 justitia
1315 5540 1332 5570 ,
1375 5514 1480 5555 non
1523 5499 1695 5569 potuit
1717 5498 1894 5569 justus
1918 5496 2063 5569 quod

481 5595 594 5652 sola
636 5595 836 5653 faceret
863 5593 1138 5665 injustitia.
1168 5592 1248 5650 Ae
1282 5607 1377 5664 per
1414 5592 1516 5647 hoc
1545 5606 1652 5647 non
1689 5598 1772 5646 est
1808 5590 2063 5660 injustum

484 5687 691 5746 homini
722 5689 868 5760 justo
895 5694 1083 5759 optare
1112 5694 1355 5752 mortem,
1391 5683 1603 5756 quando
1623 5682 1956 5740 amarissima
1982 5691 2067 5740 est

547 5889 563 5922 ι
609 5894 722 5941 tm..
744 5895 836 5961 non
857 5878 1119 5936 desinebat.
1158 5884 1260 5944 In,
1295 5892 1390 5933 non
1412 5881 1674 5936 deserebat.

1460 373 1731 432 CONTRA
1770 373 2240 441 GAUDENTIUM,
2281 375 2339 432 S.
2379 375 2746 435 AUGUSTINI

3647 390 3758 448 79.8

2169 489 2274 545 vita
2305 507 2318 547 :
2350 491 2446 546 sed
2483 492 2528 547 si
2572 493 2715 548 Deus
2739 499 2973 564 optatam
3000 507 3105 550 non
3132 493 3359 564 dederit,
3396 512 3506 555 non
3529 501 3636 558 erit
3659 503 3754 574 ju-

2165 593 2305 638 stum
2344 584 2444 638 nisi
2483 585 2711 641 tolerare
2752 601 2871 642 eam
2899 587 3286 644 amarissimam
3315 590 3501 647 vitam.
3533 592 3687 652 Sicut
3716 612 3751 653 a

2161 675 2306 748 justo
2335 693 2434 732 nec
2459 678 2586 733 illud
2628 679 2860 734 alienum
2887 689 2998 747 est,
3029 690 3084 735 ut
3109 691 3259 752 optet
3287 683 3448 738 vitam
3473 727 3490 751 ,
3537 688 3761 756 quando

2166 785 2347 825 amara
2375 787 2520 826 mors
2547 772 2786 827 imminet
2815 789 2828 826 :
2863 773 2957 828 sed
2986 788 3106 828 cum
3141 789 3202 830 se
3241 775 3386 832 videt
3421 792 3542 832 eam
3582 780 3760 851 impe-

2165 869 2311 917 trare
2341 878 2446 918 non
2481 879 2672 934 posse,
2709 865 2836 921 dicit
2873 867 3011 938 quod
3053 882 3150 922 nos
3182 869 3233 923 in
3263 883 3323 924 se
3369 871 3761 943 transtigurans

2166 953 2424 1010 Dominus
2444 956 2536 1024 ait,
2577 955 2759 1012 Verum
2778 975 2878 1012 non
2901 961 3036 1030 quod
3059 978 3149 1031 ego
3167 963 3301 1028 volo,
3328 964 3417 1019 sed
3430 967 3567 1036 quod
3587 977 3641 1020 tu
3660 968 3761 1033 vis,

2167 1045 2326 1101 Pater
2342 1046 2553 1120 (Matth.
2579 1065 2726 1117 xxvi,
2757 1050 2870 1123 39).
2892 1051 3014 1106 Hmc
3033 1061 3208 1108 autem
3233 1054 3338 1108 illis
3354 1056 3579 1111 dicenda
3607 1069 3757 1126 sunt,

2167 1155 2302 1210 quos
2329 1140 2396 1195 ad
2418 1141 2552 1195 mala
2573 1143 2802 1213 gerenda
2829 1157 3074 1215 quaerunt
3092 1148 3181 1218 qui
3207 1160 3622 1220 persequuntur,
3648 1167 3760 1208 non

2165 1246 2301 1302 quos
2320 1232 2388 1288 ad
2416 1233 2558 1290 bona
2587 1237 2948 1306 participanda
2974 1239 3061 1308 qui
3089 1238 3352 1311 diligunt:
3379 1243 3478 1309 eis,
3513 1244 3758 1315 inquam,

2169 1325 2394 1382 dicenda
2420 1337 2544 1383 sunt
2569 1329 2700 1397 ista,
2742 1331 2833 1401 qui
2863 1333 3289 1402 persecutionem
3318 1337 3594 1406 patiuntur
3626 1355 3760 1410 pro-

2167 1429 2288 1488 pter
2312 1419 2590 1491 justitiam,
2625 1437 2729 1479 non
2748 1424 2838 1496 qui
2865 1439 2984 1481 eam
3019 1426 3121 1482 sibi
3146 1426 3344 1484 faciunt
3363 1439 3587 1502 propter
3617 1433 3762 1504 inju-

2167 1511 2386 1567 sittiam.

2237 1602 2466 1662 CAPUT
2503 1605 2697 1664 XXXI.
2735 1639 2809 1649 —
2847 1609 2936 1665 36.
2979 1610 3208 1670 Proinde
3249 1615 3409 1671 etiam
3454 1617 3640 1674 senior
3667 1619 3762 1676 ille

2168 1695 2357 1751 Razias
2375 1739 2390 1766 ,
2426 1713 2584 1769 quem
2611 1699 2711 1755 sibi
2738 1701 2824 1756 isti
2849 1705 3108 1774 exemplis
3136 1705 3218 1760 sui
3245 1709 3464 1764 sceleris
3491 1709 3760 1780 destituti,

2167 1789 2234 1845 de
2255 1790 2673 1848 Machabtcorum
2697 1794 2846 1850 libris
2869 1796 2934 1866 (ΙΙ
2962 1797 3198 1853 Machab.
3231 1817 3347 1868 xu,
3376 1803 3468 1875 41)
3497 1813 3759 1876 tanquam

2167 1881 2480 1938 imitandum
2504 1899 2562 1940 se
2583 1884 2853 1942 invenisse
2877 1890 3191 1960 gloriantur,
3217 1892 3317 1949 hoc
3341 1893 3522 1950 facere
3547 1896 3757 1966 debuit,

2167 1973 2308 2044 quod
2337 1973 2390 2028 in
2421 1975 2620 2031 eisdem
2651 1976 2868 2034 Litteris
2915 1980 3166 2051 leguntur
3203 1995 3407 2054 septem
3453 1987 3531 2042 illi
3562 1987 3763 2045 fratres

2165 2068 2326 2123 etiam
2357 2067 2673 2126 exhortante
2714 2081 2884 2128 matre
2913 2072 3104 2130 fecisse
3133 2074 3242 2150 (Id.
3269 2075 3386 2152 vn),
3419 2088 3476 2135 ut
3502 2095 3760 2152 compre-

2166 2160 2384 2227 hensus,
2410 2172 2463 2217 et
2493 2179 2522 2217 a
2549 2164 2666 2235 lege
2693 2165 2900 2221 Domini
2923 2169 3004 2222 sui
3033 2185 3138 2224 non
3164 2186 3402 2238 aversus,
3427 2190 3589 2230 omne
3611 2177 3762 2248 quod

2164 2253 2214 2308 ei
2243 2253 2550 2324 applicitum
2579 2267 2722 2313 esset
2749 2260 3034 2330 acciperet,
3063 2271 3116 2318 et
3146 2263 3198 2318 in
3228 2265 3411 2322 dolore
3440 2269 3756 2336 sustineret,

2166 2353 2220 2400 et
2246 2345 2298 2399 in
2325 2345 2625 2404 humilitate
2651 2365 2745 2404 sua
2776 2353 3084 2421 patientiam
3111 2355 3352 2412 haberet.
3375 2359 3637 2428 Quocirca
3659 2361 3763 2417 hu-

2164 2437 2447 2494 militatem
2477 2439 2617 2496 inter
2648 2457 2837 2499 manus
2869 2444 3205 2503 inimicorum
3238 2465 3344 2505 non
3375 2453 3565 2507 valens
3594 2453 3759 2523 ferre,

2165 2544 2270 2583 non
2300 2530 2456 2600 plane
2481 2532 2778 2602 sapientiae,
2805 2535 2900 2591 sed
2922 2537 3238 2608 insipientia:
3259 2541 3404 2597 dedit
3424 2547 3756 2616 exemplum,

2165 2635 2270 2675 non
2299 2623 2495 2679 Christi
2517 2628 2863 2699 martyribus,
2894 2631 2986 2686 sed
3011 2632 3198 2688 Donati
3220 2635 3761 2698 Circutncellionibus

2165 2712 2478 2770 imitandum
2506 2715 2604 2790 (a).
2634 2717 3016 2778 Verumtamen
3047 2725 3091 2778 si
3117 2724 3421 2797 diligentius
3447 2731 3761 2789 considere-

2165 2819 2305 2872 mus,
2335 2815 2390 2861 et
2417 2807 2484 2862 ab
2513 2809 2616 2864 isto
2641 2815 2912 2882 apparetis
2936 2814 3116 2870 alieni.
3148 2815 3252 2872 Iste
3273 2820 3470 2891 quippe
3497 2838 3619 2878 cum
3644 2823 3761 2895 jam

2163 2900 2710 2968 comprehenderetur
2743 2903 2811 2958 ab
2847 2904 3089 2963 hostibus
3112 2951 3128 2976 ,
3169 2925 3274 2966 non
3303 2911 3489 2969 habuit
3534 2916 3760 2974 liberam

2162 2988 2369 3060 fugam;
2399 2991 2518 3047 ideo
2545 3007 2603 3048 sc
2622 2995 2800 3065 gladio
2827 3001 3110 3068 percussit,
3139 3011 3332 3058 etcum
3356 3007 3626 3075 perimere
3648 3023 3759 3066 non

2163 3082 2442 3151 potuisset,
2474 3083 2544 3139 de
2570 3100 2725 3142 muro
2750 3103 2808 3143 se
2838 3091 3205 3161 praecipitavit.
3231 3095 3431 3152 Deinde
3468 3099 3758 3171 abruptam

2164 3180 2390 3242 petram,
2421 3191 2542 3230 cum
2583 3176 2696 3246 jam
2735 3179 2915 3236 vivere
2961 3197 3068 3237 non
3113 3196 3329 3255 posset,
3359 3188 3535 3245 adhuc
3577 3202 3757 3250 tamen

2163 3265 2374 3335 spirans
2394 3307 2408 3333 ,
2442 3275 2496 3322 et
2537 3283 2733 3339 corpus
2763 3271 2963 3342 impetu
3006 3291 3262 3342 movens,
3306 3282 3606 3349 currendo,
3637 3285 3758 3341 licet

2164 3357 2466 3427 exsanguis,
2487 3359 2713 3416 obtinuit
2748 3381 2764 3419 :
2793 3364 2880 3420 ubi
2917 3374 3140 3438 utraque
3167 3385 3328 3426 manu
3372 3375 3634 3443 producta
3662 3392 3754 3433 sua

2165 3447 2414 3506 intestina
2439 3450 2745 3524 discerpsit,
2764 3457 3036 3528 dispersit,
3059 3463 3313 3518 occubuit
3338 3482 3352 3518 :
3383 3466 3536 3522 turba
3565 3469 3636 3524 ita
3653 3471 3754 3526 eir-

2163 3546 2444 3602 cumdatus
2468 3556 2526 3602 ut
2551 3549 2782 3606 evadere
2811 3568 2916 3607 non
2948 3565 3147 3623 posset,
3179 3565 3234 3612 et
3261 3557 3307 3612 si
3337 3558 3520 3616 vivere
3544 3573 3743 3632 posset.

2165 3642 2272 3696 Vos
2292 3642 2454 3713 igitur
2477 3643 2568 3712 qui
2587 3659 2685 3699 nec
2712 3645 2992 3702 Dominum
3009 3649 3202 3706 auditis
3227 3651 3517 3723 dicentem,
3549 3655 3746 3729 Fugite,

2164 3750 2264 3790 nec
2290 3736 2569 3791 imitamini
2601 3737 2839 3807 Raziam,
2873 3741 2965 3811 qui
2989 3743 3176 3812 voluit,
3201 3761 3300 3802 nec
3323 3749 3496 3817 potuit
3524 3750 3747 3823 fugere:

2164 3827 2403 3897 profecto
2423 3828 2546 3899 quia
2582 3845 2688 3885 non
2720 3830 2926 3888 habetis
2957 3834 3103 3891 illum
3145 3837 3196 3892 in
3225 3850 3517 3911 praecepto,
3541 3859 3643 3900 nec
3663 3844 3753 3900 ha-

2163 3922 2302 3979 betis
2322 3922 2481 3978 istum
2503 3924 2555 3978 in
2579 3926 2845 3996 exemplo.
2871 3926 3030 3996 Quid,
3057 3931 3197 4001 quod
3225 3931 3327 3988 iste
3347 3933 3544 3992 Razias
3564 3953 3754 3995 secun-

2164 4016 2288 4072 dum
2338 4025 2569 4073 vestram
2620 4020 2879 4075 rationem
2922 4021 3042 4079 sine
3085 4023 3416 4083 dubitatione
3457 4030 3754 4102 culpandus

2163 4110 2286 4165 est?
2331 4109 2515 4165 Dixisti
2563 4110 2706 4166 enim
2750 4121 2967 4183 propter
3006 4117 3366 4187 evangelicam
3392 4124 3751 4192 sententiam,

2163 4201 2252 4256 ubi
2289 4201 2544 4258 Dominus
2574 4204 2681 4271 ait,
2717 4202 2944 4275 Spiritus
2974 4206 3176 4276 quidem
3212 4220 3476 4282 promptus
3514 4223 3608 4279 est,
3638 4232 3753 4271 caro

2163 4307 2330 4348 autem
2359 4296 2597 4366 inﬁrma;
2639 4311 2734 4351 vos
2775 4297 2841 4352 ad
2884 4299 3213 4356 caminorum
3260 4301 3458 4375 fugisse
3499 4322 3753 4378 compen-

2163 4385 2330 4452 dium,
2353 4388 2476 4457 quia
2502 4387 2748 4443 videlicet
2775 4388 2970 4444 infirmi
2995 4392 3124 4446 estis
3149 4392 3390 4463 perferre
3427 4413 3622 4453 manus
3651 4400 3751 4455 ini-

2163 4478 2447 4543 micorum,
2478 4479 2522 4534 si
2549 4479 2616 4534 ab
2645 4479 2724 4535 eis
2763 4481 3135 4550 comprehensi
3168 4483 3396 4540 fueritis.
3440 4489 3583 4560 Ergo
3616 4491 3752 4546 illius

2163 4570 2256 4642 qui
2284 4586 2342 4626 se
2365 4570 2542 4642 gladio
2563 4573 2800 4642 graviter
2826 4575 3143 4642 vulneravit,
3177 4577 3265 4647 qui
3293 4579 3610 4637 vulneratus
3636 4598 3752 4638 mu-
3788 4565 3790 4570 ’

2163 4679 2282 4720 rum
2307 4665 2478 4734 petiit,
2505 4666 2596 4736 qui
2617 4679 2675 4720 se
2697 4666 2821 4722 inde
2847 4667 2902 4722 in
2928 4669 3191 4725 cervicem
3216 4672 3550 4742 praecipitem
3582 4675 3749 4743 dedit,

2163 4756 2251 4828 qui
2272 4764 2328 4811 et
2345 4764 2527 4826 postea
2556 4757 2725 4828 potuit
2749 4758 2815 4814 ad
2842 4768 3048 4831 petram
3070 4776 3307 4830 currere,
3333 4763 3383 4818 in
3407 4775 3562 4835 petra
3587 4776 3751 4834 stare,

2163 4849 2414 4904 intestina
2458 4849 2705 4917 educere,
2737 4867 2978 4922 carpere,
3025 4869 3296 4924 spargere,
3339 4859 3601 4928 numquid
3649 4861 3754 4917 dici

2162 4949 2340 5011 potest
2368 4941 2586 5010 spiritus
2628 4953 2922 5013 promptus,
2951 4959 3076 5001 caro
3102 4955 3280 5002 autem
3325 4949 3574 5018 inﬁrma;
3603 4953 3756 5024 cujus

2163 5046 2269 5086 non
2298 5031 2468 5086 solum
2496 5033 2711 5102 spiritus
2738 5042 2845 5088 tam
2875 5045 3152 5106 promptus
3177 5041 3443 5110 apparuit,
3471 5041 3568 5098 sed
3592 5045 3754 5099 etiam

2164 5138 2292 5179 caro
2319 5133 2423 5179 tam
2447 5124 2618 5191 firma,
2647 5135 2705 5181 ut
2725 5126 2812 5181 vix
2836 5127 3094 5183 credibile
3117 5129 3186 5184 sit
3207 5146 3328 5186 eum
3351 5131 3530 5190 facere
3557 5135 3758 5192 voluis-

2166 5231 2225 5271 se
2252 5231 2315 5271 ac
2351 5216 2580 5272 valuisse
2621 5234 2740 5289 quae
2781 5218 2947 5274 fecit?
2989 5219 3167 5291 Itaque
3211 5223 3361 5279 vobis
3392 5235 3611 5295 oportet
3660 5229 3756 5284 iste

2167 5307 2470 5377 displiceat,
2507 5309 2596 5379 qui
2625 5309 2887 5364 rationem
2919 5320 3111 5366 vestrae
3147 5313 3470 5372 inﬁrmitatis
3517 5332 3618 5373 sua
3670 5318 3760 5374 fir-

2169 5399 2354 5455 mitate
2373 5401 2665 5470 perturbat.
2697 5401 2866 5457 Porro
2895 5403 2939 5458 si
2967 5403 3151 5476 fugere
3174 5405 3390 5475 valens,
3419 5423 3522 5465 nec
3546 5410 3751 5476 volens,

2168 5492 2223 5548 in
2250 5492 2468 5548 domum
2496 5507 2648 5548 suam
2674 5493 2816 5566 ligna
2839 5498 3216 5568 congessisset,
3247 5508 3406 5572 atque
3431 5501 3753 5558 irruentibus

2170 5585 2400 5641 inimicis
2427 5593 2484 5640 ut
2509 5601 2631 5641 eum
2652 5587 3200 5659 comprehenderent,
3237 5591 3412 5664 ignem
3438 5595 3749 5666 supposuisv

2171 5686 2273 5747 set,
2299 5690 2466 5748 seque
2494 5692 2616 5734 cum
2642 5678 2756 5736 suis
2783 5674 2987 5738 aedibus
3013 5696 3434 5757 coneremasset,
3463 5687 3617 5747 vobis
3641 5686 3754 5760 qui-

2237 5881 2312 5947 (a)
2341 5881 2511 5937 Confer
2532 5886 2785 5950 Augustini
2809 5886 3060 5951 epistolam
3076 5889 3185 5954 204,
3209 5904 3294 5942 nn.
3317 5890 3370 5954 ϐ,
3390 5893 3443 5945 7,
