4026 6462
264 409 370 471 ’129

269 527 389 582 dem
421 518 737 593 prtebuisset
757 515 1080 587 exemplum,
1109 511 1205 570 sed
1228 511 1332 568 sibi
1359 506 1674 582 acquisisset
1695 522 1854 578 gran-

266 618 332 675 de
371 621 721 671 tormentum.
762 608 914 667 Nunc
948 607 1091 664 enim
1121 605 1372 679 quoniam
1412 603 1597 673 fugere
1626 616 1734 657 non
1760 617 1856 657 va-

266 710 383 774 luit,
412 707 685 777 aliquanto
708 703 885 757 minus
914 709 998 756 est
1027 700 1253 754 fortasse
1278 696 1361 753 sui
1391 694 1665 765 sanguinis
1694 707 1818 749 reus
1837 734 1852 759 ,

262 801 409 875 quod
434 799 537 857 sibi
574 796 752 852 intulit
785 804 1035 861 mortem,
1066 806 1226 864 quam
1251 788 1643 860 comprehenso
1683 784 1859 841 inimi—

266 909 359 951 cus
377 895 490 962 jam
518 890 691 946 fuerat
712 887 981 943 illaturus.

334 990 428 1045 37.
470 988 541 1041 At
584 983 727 1039 enim
773 990 1074 1037 sanctarum
1104 979 1499 1050 Scripturarum
1540 973 1857 1030 auctoritate

267 1082 514 1139 laudatus
563 1090 647 1136 est
687 1080 898 1135 Razias.
938 1076 1217 1145 Quomodo
1258 1072 1542 1129 laudatus?
1579 1069 1712 1137 Quia
1761 1067 1859 1122 fuit

263 1187 477 1230 amator
500 1172 752 1229 civitatis.
780 1172 890 1227 Hoc
914 1171 1085 1241 potuit
1108 1178 1163 1224 et
1190 1166 1496 1232 carnaliter,
1519 1161 1745 1219 civitatis
1772 1160 1856 1213 vi-

262 1267 461 1321 delicet
512 1266 653 1321 illius
704 1274 930 1321 terrena:
976 1260 1293 1328 Jerusalem,
1347 1273 1466 1329 quae
1518 1254 1683 1311 servit
1734 1267 1857 1308 eum

262 1359 391 1414 filiis
421 1358 568 1424 suis;
602 1372 707 1412 non
736 1363 916 1411 autem
948 1355 1090 1409 illius
1116 1367 1235 1423 quae
1265 1364 1499 1414 sursum,
1528 1347 1708 1401 libera:
1737 1359 1857 1399 ma-

261 1453 361 1505 tris
387 1460 605 1506 nostrat.
636 1448 905 1506 Laudatus
933 1455 1033 1514 est,
1064 1444 1188 1517 quia
1216 1440 1599 1498 continentiam
1628 1436 1859 1493 servavit

260 1542 314 1595 in
353 1541 630 1595 Judaismo
658 1558 672 1594 :
701 1548 755 1595 et
799 1538 912 1594 haec
953 1538 1053 1592 sibi
1098 1536 1151 1591 in
1198 1533 1595 1603 comparatione
1634 1529 1858 1600 justitire

260 1631 578 1686 Christiana:
608 1631 801 1685 damna
841 1640 895 1684 et
933 1639 1169 1683 stercora
1210 1626 1375 1681 fuisse
1401 1624 1531 1678 dicit
1565 1622 1856 1692 Apostolus

261 1723 279 1789 (
310 1721 548 1791 Philipp.
570 1738 649 1789 Ill,
673 1722 769 1791 8).
793 1719 1063 1776 Laudatus
1093 1727 1194 1783 est,
1224 1718 1346 1787 quia
1377 1724 1527 1786 pater
1551 1712 1856 1770 Judaeorum

256 1814 629 1885 appellabatur
662 1830 675 1867 :
704 1813 807 1869 hoc
848 1812 1016 1884 magis
1056 1822 1159 1879 est,
1202 1809 1342 1865 unde
1384 1817 1439 1863 et
1484 1807 1559 1862 illi
1607 1816 1857 1876 tanquam

256 1906 469 1962 homini
518 1905 786 1977 subrepsit
831 1904 1151 1959 humilitatis
1200 1901 1550 1973 impatientia,
1602 1908 1660 1953 ut
1709 1899 1857 1968 prius

254 1998 397 2054 mori
428 1998 589 2053 vellet
630 2013 789 2069 quam
832 1996 1074 2051 hostibus
1116 1994 1324 2064 subjici.
1373 1993 1579 2047 Dictum
1608 1998 1689 2044 est
1715 1988 1857 2059 quod

256 2091 489 2162 elegerit
525 2090 777 2145 nobiliter
818 2089 955 2144 mori
984 2106 997 2143 :
1027 2087 1221 2143 melius
1263 2085 1422 2139 vellet
1459 2082 1750 2148 humiliter,
1780 2079 1857 2134 sic

254 2184 403 2240 enim
433 2183 653 2239 utiliter.
685 2182 793 2237 lllis
824 2191 1003 2236 autem
1030 2177 1209 2234 verbis
1230 2175 1449 2230 historia
1479 2173 1716 2244 gentium
1740 2171 1856 2225 lau-

254 2277 391 2332 dare
435 2276 737 2342 consuevit,
779 2274 872 2329 sed
916 2272 1060 2327 viros
1106 2271 1271 2325 fortes
1315 2268 1472 2337 hujus
1513 2266 1714 2330 seaculi,
1748 2279 1855 2319 non

252 2377 525 2439 martyres
542 2366 761 2421 Christi.
783 2365 990 2419 Dictum
1014 2370 1094 2418 cst
1122 2360 1262 2432 quod
1290 2375 1349 2415 se
1368 2358 1593 2413 viriliter
1613 2356 1680 2411 de
1700 2370 1856 2411 muro

252 2460 613 2530 praecipitavit
660 2459 714 2513 in
761 2458 942 2512 turbas
972 2474 986 2510 :
1015 2470 1115 2511 nec
1163 2468 1261 2509 nos
1311 2452 1538 2507 dicimus
1582 2466 1704 2506 eum
1754 2450 1856 2504 hoc

248 2554 455 2611 fecisse
480 2551 832 2607 muliebriter.
857 2550 1171 2618 Quanquam
1198 2561 1292 2599 vos
1313 2544 1403 2615 qui
1430 2543 1653 2597 multum
1676 2556 1855 2596 exem-

252 2647 348 2717 plo
376 2646 478 2701 isto
505 2642 829 2717 profecistis,
859 2642 1020 2695 etiam
1061 2638 1288 2695 feminas
1318 2645 1523 2692 vestras
1552 2634 1653 2689 hoc
1681 2633 1856 2687 facere

250 2735 675 2795 docuistiszsed
720 2734 948 2790 fatemur
984 2731 1087 2787 hoc
1134 2730 1295 2787 etiam
1341 2731 1483 2799 ipsas
1523 2743 1627 2783 non
1680 2726 1856 2781 facere

249 2829 610 2893 muliebriter,
636 2826 729 2881 sed
756 2825 1019 2889 viriliter;
1049 2838 1159 2877 non
1190 2832 1368 2876 tamen
1399 2818 1703 2882 salubriter,
1730 2818 1855 2887 quia

250 2938 367 2981 non
399 2921 649 2977 fideliter.
675 2918 757 2973 Ad
786 2926 1085 2973 extremum
1110 2913 1250 2985 quod
1274 2914 1551 2967 invocasse
1576 2910 1749 2965 dictus
1773 2916 1856 2963 est

249 3014 646 3071 dominatorem
668 3010 791 3065 vita:
816 3023 879 3065 ac
906 3008 1144 3079 spiritus,
1173 3013 1231 3060 ut
1258 3004 1375 3058 haec
1400 3003 1475 3057 illi
1508 3003 1699 3056 iterum
1733 2999 1856 3055 red-

250 3108 433 3176 deret,
458 3106 510 3161 id
541 3114 642 3173 est,
665 3105 828 3159 vitam
853 3109 911 3159 et
934 3101 1218 3173 spiritum;
1244 3114 1343 3155 nec
1373 3106 1500 3153 tunc
1528 3095 1725 3166 aliquid
1753 3112 1854 3167 p0-

248 3201 453 3275 poscit,
494 3214 600 3270 quo
639 3196 765 3253 boni
810 3196 1189 3251 discernuntur
1214 3207 1243 3246 a
1273 3191 1447 3247 malis.
1472 3189 1684 3245 Reddet
1711 3188 1853 3242 enim

248 3293 375 3349 haec
414 3291 557 3347 Deus
600 3297 654 3344 et
696 3287 779 3343 his
815 3288 906 3357 qui
945 3286 1085 3341 male
1122 3292 1367 3356 egerunt,
1398 3298 1504 3337 non
1532 3282 1584 3336 in
1614 3296 1856 3335 resurre-

251 3384 439 3439 ctione
458 3382 580 3436 vitze
610 3388 845 3444 aeternae,
873 3376 967 3432 sed
998 3377 1049 3429 in
1081 3373 1477 3430 resurrectione
1496 3372 1679 3441 jutlicii
1700 3383 1855 3426 teter-

254 3475 338 3529 ni.
368 3472 636 3527 Laudatus
665 3477 751 3525 est
779 3470 957 3538 itaque
994 3466 1095 3521 iste
1130 3465 1321 3519 Razias
1358 3472 1563 3517 amator
1601 3461 1852 3528 civitatis,

242 3566 315 3620 ut
346 3562 500 3619 valde
525 3563 665 3618 bene
693 3559 936 3627 audiens,
967 3557 1020 3612 id
1044 3564 1147 3623 est,
1174 3557 1329 3611 bonae
1362 3555 1531 3619 famas,
1556 3551 1675 3621 quia
1705 3560 1856 3622 pater

252 3657 563 3714 Judaeorum
594 3652 889 3725 appellatus
921 3658 1023 3718 est,
1063 3657 1118 3704 et
1153 3646 1297 3718 quod
1342 3644 1721 3701 continentiam
1770 3651 1851 3698 te-

258 3750 443 3806 nuerit
472 3749 525 3803 in
549 3745 846 3803 Judaismo.
874 3744 1033 3797 Istam
1060 3755 1188 3796 vero
1224 3740 1338 3809 ejus
1376 3747 1601 3791 mortem
1638 3734 1856 3789 mirabi-

255 3844 451 3898 liorem
499 3854 659 3911 quam
699 3836 1101 3909 prudentiorem
1146 3830 1380 3885 narravit
1409 3824 1858 3897 quemadmodum

252 3933 398 3990 facta
415 3942 580 3998 esset,
600 3946 704 3985 non
726 3938 973 3999 tanquam
1002 3922 1238 3978 facienda
1270 3928 1412 3976 esset
1439 3919 1712 3986 Scriptura
1742 3914 1860 3969 lau-

253 4026 425 4082 davit.
455 4024 705 4079 Nostrum
748 4028 831 4075 est
873 4026 1074 4082 autem,
1104 4016 1244 4068 sicut
1270 4011 1557 4081 Apostolus
1582 4008 1854 4074 admonet,

253 4116 443 4174 omnia
471 4113 716 4185 probare,
740 4125 859 4179 qua:
886 4108 1024 4162 bona
1047 4114 1170 4160 sunt
1195 4112 1396 4167 tenere,
1420 4101 1488 4155 ab
1512 4099 1660 4155 omni
1679 4097 1859 4169 specie

252 4211 406 4267 mala
436 4223 534 4263 nos
562 4205 833 4260 abstinere
860 4200 904 4273 (l
923 4199 1102 4254 Thess.
1131 4213 1183 4261 v,
1207 4196 1298 4261 ﬁt,
1326 4194 1442 4265 2‘2).

332 4300 423 4356 38.
468 4297 536 4351 Et
578 4295 719 4350 hanc
767 4292 983 4364 quidem
1028 4290 1357 4358 Scripturam
1400 4298 1520 4356 quas
1565 4282 1860 4353 appellatur

250 4389 712 4452 Machabteorum,
755 4401 862 4440 non
913 4383 1112 4437 habent
1155 4380 1323 4436 Judaei
1374 4380 1511 4433 sicut
1551 4376 1767 4447 Legem,
1805 4384 1863 4431 et

250 4482 582 4553 Prophetas,
611 4487 665 4534 et
689 4478 951 4538 Psolmos,
990 4474 1182 4546 quibus
1211 4472 1468 4527 Dominus
1496 4468 1860 4525 testimonium

253 4576 510 4652 perhibet
534 4584 783 4644 tanquam
814 4571 1038 4626 testibus
1068 4568 1196 4633 suis,
1225 4565 1433 4632 dicens,
1461 4562 1734 4634 Oportebat
1764 4562 1861 4616 im-

255 4671 394 4743 pleri
423 4668 594 4722 omnia
622 4682 734 4735 qua
773 4665 959 4735 scripta
988 4671 1104 4717 sunt
1148 4661 1199 4713 in
1232 4657 1385 4730 Lege,
1418 4666 1463 4711 et
1494 4655 1786 4727 Prop/telis,
1815 4663 1861 4709 et

253 4766 314 4817 in
346 4760 567 4816 Psalmis
595 4757 659 4811 de
684 4774 761 4811 me
789 4755 939 4827 (Luc.
969 4769 1122 4819 xxxv,
1147 4752 1237 4820 44)
1263 4769 1277 4806 :
1302 4749 1395 4805 sed
1424 4756 1635 4816 recepta
1672 4756 1755 4801 est
1792 4745 1860 4801 ab

258 4854 506 4913 Ecclesia
532 4868 638 4907 non
667 4849 942 4911 inutiliter,
965 4846 1009 4900 si
1038 4845 1217 4899 sobrie
1245 4843 1449 4912 legatur
1475 4841 1560 4894 vel
1590 4839 1854 4903 audiatur,

258 4948 497 5004 maxime
535 4952 755 5016 propter
802 4941 921 4995 illos
963 4937 1297 4992 Machabaeos
1342 4937 1433 5005 qui
1478 4949 1575 5003 pro
1614 4934 1704 4987 Dei
1743 4932 1862 5001 lege

259 5041 402 5095 sicut
427 5038 540 5093 veri
571 5045 835 5106 martyres
868 5047 900 5085 a
932 5028 1364 5102 persecutoribus
1402 5036 1507 5079 tam
1536 5023 1750 5095 indigna
1780 5031 1861 5077 at-

258 5149 369 5206 que
394 5130 659 5187 horrenda
691 5125 929 5200 perpessi
972 5134 1095 5179 sunt
1120 5122 1227 5193 (a);
1265 5129 1322 5174 ut
1348 5117 1505 5174 etiam
1536 5117 1659 5171 hinc
1688 5131 1859 5187 popu-

260 5226 349 5282 lus
380 5223 703 5279 christianus
740 5219 1062 5281 adverteret,
1092 5212 1339 5284 quoniam
1378 5226 1484 5265 non
1516 5219 1639 5263 sunt
1676 5208 1862 5263 condi-

258 5333 384 5390 gna:
426 5316 703 5389 passiones
748 5311 906 5382 hujus
951 5308 1206 5379 temporis
1251 5305 1318 5360 ad
1367 5304 1597 5359 futuram
1635 5300 1860 5372 gloriam

261 5425 387 5482 qua:
413 5406 739 5464 revelabitur
767 5404 819 5459 in
848 5401 1024 5467 nobis,
1050 5414 1145 5470 pro
1175 5398 1365 5468 quibus
1388 5411 1575 5467 passus
1607 5404 1687 5448 est
1707 5392 1861 5447 Chri-

261 5513 415 5568 stus;
441 5503 485 5556 si
508 5509 651 5555 tanta
676 5494 1061 5570 patientissime
1082 5492 1413 5563 pertulerunt
1439 5506 1533 5559 pro
1563 5488 1680 5558 lege
1701 5499 1860 5555 quam

264 5596 417 5653 dedit
444 5596 584 5650 Deus
621 5609 716 5665 per
760 5590 1014 5647 famulum
1056 5586 1359 5641 hominibus
1390 5583 1514 5650 illis,
1544 5597 1640 5652 pro
1666 5580 1860 5651 quibus

265 5689 507 5746 nondum
546 5686 837 5744 tradiderat
872 5683 1086 5739 Filium.
1116 5680 1427 5749 Quanquam
1456 5684 1510 5730 et
1548 5675 1648 5730 iste
1670 5671 1860 5727 Razias

332 5847 404 5911 (α)
440 5845 558 5911 vide
590 5844 674 5911 lib.
700 5842 760 5893 18
793 5840 1093 5911 de__Civltate
1114 5839 1220 5900 Dei,
1243 5849 1347 5911 cap.
1372 5831 1645 5911 736.;lib.”2
1665 5832 1741 5911 nde
1764 5839 1858 5885 Do-

266 5896 423 5962 ctrina
438 5908 717 5971 christiana,
741 5918 846 5971 up.
871 5907 933 5971 ὅς
955 5904 1021 5959 de
1042 5910 1163 5957 cura
1184 5896 1273 5967 pro
1292 5896 1505 5961 Mortuis,
1529 5909 1631 5960 cap.
1660 5896 1706 5946 1.

1650 385 1851 451 LIBER
1888 392 2163 452 PRIMUS.

3447 409 3555 469 730

1970 508 2161 564 habeat
2202 508 2345 581 quod
2390 510 2688 584 legentibus
2728 514 2919 585 prosit,
2958 529 3067 572 non
3107 517 3279 574 solum
3314 527 3373 576 ut
3400 537 3553 581 mens

1967 611 2283 657 exerceatur
2316 614 2463 659 recte
2500 604 2789 674 judicando
2813 608 2954 680 quod
2988 606 3135 681 legh,
3173 626 3356 667 verum
3391 615 3553 672 etiam

1968 703 2027 750 ut
2052 697 2263 752 animus
2288 697 2571 765 humanus,
2598 700 2706 755 imo
2735 702 2943 758 animus
2966 702 3289 759 christianus
3315 705 3557 764 adverte-

1968 799 2071 855 ret,
2101 800 2297 861 quanta
2328 790 2544 847 ferenda
2572 794 2677 849 sint
2702 794 2769 849 ab
2797 794 3024 851 inimicis
3060 797 3251 853 ardore
3280 796 3557 855 charitatis

1968 896 2087 936 cum
2115 897 2143 935 a
2170 897 2229 937 se
2260 883 2373 952 ipso
2401 884 2500 938 iste
2523 885 2711 941 timore
2742 885 3056 943 humilitatis
3084 896 3227 944 tanta
3254 890 3551 959 pertulerit.

1967 974 2073 1031 Sed
2102 976 2263 1031 ardor
2288 975 2560 1033 charitatis
2595 978 2661 1033 de
2699 980 3022 1036 sublimitate
3061 981 3333 1037 descendit
3373 984 3558 1053 gratia:

1967 1068 2183 1131 divinae,
2211 1071 2369 1126 timor
2396 1082 2574 1125 autem
2606 1071 2917 1140 humilitatis
2941 1089 3004 1127 ex
3032 1088 3212 1129 amore
3232 1074 3423 1129 accidit
3446 1075 3558 1129 lau-

1966 1159 2049 1215 dis
2076 1160 2359 1217 humanae:
2384 1171 2436 1217 et
2480 1163 2599 1218 ideo
2639 1164 2728 1219 ille
2765 1173 2933 1220 certat
2966 1180 3064 1236 per
3099 1165 3434 1234 patientiam,
3466 1165 3551 1222 hic

1966 1264 2142 1307 autem
2168 1263 2351 1324 peccat
2379 1270 2473 1324 per
2500 1255 2903 1325 impatientiam.
2929 1256 3045 1311 Non
3086 1258 3263 1326 itaque
3297 1257 3555 1313 debemus

1968 1346 2222 1417 quidquid
2259 1348 2312 1401 in
2339 1347 2630 1418 Scripturis
2657 1350 2815 1404 etiam
2848 1350 2937 1404 Dei
2981 1351 3285 1406 testimonio
3316 1352 3556 1407 laudatos

1968 1438 2212 1495 homines
2247 1439 2441 1496 fecisse
2484 1441 2790 1511 legerimus,
2823 1443 3208 1500 consentiendo
3235 1445 3553 1513 approbare.

1967 1530 2060 1585 sed
2083 1531 2471 1586 considerando
2492 1532 2822 1597 discernere,
2841 1533 3154 1588 adhibentes
3174 1534 3429 1605 judicium
3449 1550 3555 1591 non

1966 1637 2095 1678 sane
2122 1633 2319 1679 nostra:
2349 1626 2696 1689 auctoritatis,
2722 1626 2817 1680 sed
2842 1626 3232 1697 Scripturarum
3258 1626 3555 1683 divinarum

1967 1725 2124 1786 atque
2155 1724 2455 1771 sanctarum
2482 1735 2494 1769 :
2519 1733 2637 1788 quae
2661 1732 2758 1772 nos
2786 1734 2885 1774 nec
2912 1718 3124 1774 illorum
3153 1718 3423 1774 hominum
3446 1719 3557 1789 qui-

1967 1806 2065 1861 bus
2092 1808 2199 1863 illic
2221 1809 2416 1863 bonum
2447 1820 2603 1880 atque
2636 1806 2949 1881 praeclarum
2986 1812 3344 1866 testimonium
3376 1811 3555 1881 perhi-

1965 1899 2141 1966 betur,
2173 1902 2349 1956 omnia
2374 1904 2458 1957 vel
2498 1902 2690 1957 imitari
2726 1903 2811 1957 vel
2855 1903 3071 1958 laudare
3110 1903 3243 1958 facta
3273 1904 3551 1974 permittit,

1966 1994 2009 2047 si
2042 2008 2160 2063 quae
2190 2008 2292 2048 non
2325 2003 2467 2049 recte
2494 1995 2561 2048 ab
2586 1996 2664 2050 eis
2691 1995 2827 2051 facta
2857 2004 2999 2062 sunt,
3030 1996 3113 2051 vel
3140 1996 3261 2050 huic
3282 1996 3391 2065 jam
3417 2004 3554 2051 tem-

1967 2088 2082 2154 pori
2109 2102 2213 2141 non
2241 2088 2587 2143 conveniunt.
2615 2088 2720 2143 Sed
2747 2090 2811 2144 de
2842 2090 2907 2143 iis
2932 2105 3050 2159 quae
3087 2100 3211 2144 tunc
3240 2089 3447 2144 fuerant
3470 2105 3557 2145 re-

1965 2190 2070 2245 cta,
2095 2197 2237 2236 nunc
2262 2198 2367 2237 non
2398 2191 2542 2249 sunt,
2564 2182 2689 2253 quid
2716 2198 2848 2254 Opus
2868 2190 2951 2237 est
2974 2182 3173 2253 aliquid
3204 2183 3256 2237 in
3290 2184 3387 2238 hac
3409 2199 3557 2254 quae-

1965 2275 2138 2330 stione
2177 2276 2479 2340 discutere;
2513 2292 2633 2330 curn
2679 2274 2779 2330 hoc
2820 2276 2958 2331 unde
2996 2276 3189 2346 agitur,
3219 2285 3277 2332 ut
3304 2277 3405 2332 sibi
3436 2277 3557 2346 quis

1963 2365 2159 2420 inferat
2196 2376 2424 2421 mortem
2448 2408 2462 2432 ,
2504 2366 2735 2422 maxime
2778 2368 2862 2421 cui
2908 2367 3237 2434 conceditur,
3265 2368 3348 2423 vel
3378 2369 3556 2438 potius

1964 2459 2051 2528 qui
2083 2459 2422 2529 compellitur
2443 2458 2644 2523 vivere,
2671 2459 2724 2512 in
2754 2458 2834 2513 eis
2860 2459 2929 2513 sit
2953 2458 3125 2527 factis,
3148 2474 3268 2530 quae
3291 2474 3390 2515 nec
3415 2468 3556 2529 pote-

1963 2558 2085 2605 rant
2109 2552 2124 2583 ¹
2147 2567 2383 2622 unquam
2414 2560 2557 2606 recta
2597 2542 2737 2619 esse,
2776 2566 2874 2607 nec
2909 2560 3216 2623 potuerunt,
3249 2553 3387 2609 sicut
3424 2552 3555 2610 satis

1958 2644 2068 2713 jam
2098 2644 2622 2699 demonstravimus?
3038 2698 3043 2703 .

2036 2736 2123 2791 39.
2150 2736 2401 2800 Proinde,
2429 2736 2832 2807 quomodolibet
2860 2737 3151 2808 accipiatur
3169 2752 3198 2792 a
3224 2738 3376 2794 vobis
3395 2736 3555 2807 hujus

1964 2827 2141 2883 Raziaa
2167 2828 2274 2882 vita
2306 2828 2513 2884 laudata
2533 2871 2548 2894 ,
2578 2844 2683 2885 non
2714 2830 2872 2886 habet
2898 2846 3044 2885 mors
3069 2830 3186 2899 ejus
3206 2830 3554 2888 laudatricem

1964 2920 2304 2991 sapientiam,
2334 2921 2457 2992 quia
2499 2938 2605 2977 non
2632 2922 2796 2978 habet
2822 2923 3033 2994 dignam
3070 2923 3164 2978 Dei
3209 2924 3420 2979 famulis
3460 2940 3554 2995 pa-

1965 3014 2204 3068 tientiam
2233 3032 2246 3069 :
2272 3014 2556 3083 potiusque
2586 3014 2711 3069 huic
2737 3030 2839 3069 vox
2868 3015 2953 3069 illa
2975 3014 3280 3083 Sapientiae,
3302 3030 3423 3085 quae
3449 3031 3555 3071 non

1964 3105 2157 3171 laudis,
2184 3105 2278 3159 sed
2301 3105 2673 3160 detestationis
2701 3115 2803 3174 est,
2829 3106 3102 3175 competit,
3134 3104 3225 3160 Va:
3250 3106 3311 3159 iis
3338 3108 3422 3176 qui
3444 3124 3558 3175 per-

1964 3197 2204 3251 diderunt
2234 3198 2580 3251 sustinentium
2615 3196 2803 3265 (Eccli.
2838 3214 2893 3263 ll,
2925 3197 3045 3268 16)!
3074 3197 3207 3253 Nam
3236 3197 3281 3252 si
3310 3198 3555 3253 laudato-

1964 3304 2083 3343 rum
2126 3286 2263 3342 facta
2298 3288 2474 3341 omnia
2511 3287 2731 3342 creditis
2774 3288 3048 3353 imitanda,
3086 3287 3341 3358 numquid
3368 3288 3558 3344 melior

1964 3390 2047 3434 cst
2078 3380 2179 3434 iste
2206 3378 2394 3433 Razias
2422 3393 2577 3447 quam
2612 3377 2811 3432 David?
2831 3377 2940 3433 Cur
2964 3393 3092 3450 ergo
3120 3379 3237 3449 ejus
3263 3380 3461 3434 factum
3488 3379 3557 3435 de

1963 3475 2136 3529 aliena
2193 3491 2359 3531 uxore
2413 3475 2707 3546 appetenda
2731 3517 2747 3544 ,
2780 3476 3001 3547 ejusque
3040 3475 3333 3532 occidendo
3362 3475 3559 3532 marito

1965 3567 1986 3638 (
2014 3566 2057 3620 ll
2084 3566 2211 3639 Reg.
2238 3585 2288 3622 xi
2319 3566 2362 3640 ),
2397 3569 2572 3623 nullus
2612 3569 2786 3624 bonus
2830 3568 2931 3623 sibi
2959 3569 3228 3638 proponit,
3261 3568 3352 3624 sed
3384 3569 3560 3639 potius

1964 3659 2263 3713 cavendum
2290 3668 2449 3727 atque
2480 3660 2790 3713 vitandum?
2817 3660 3083 3728 Numquid
3112 3659 3302 3714 melior
3329 3670 3412 3713 est
3448 3658 3558 3714 Ra-

1966 3748 2075 3802 zias
2100 3763 2260 3817 quam
2285 3748 2572 3801 Salomon?
2597 3748 2845 3804 Placetne
2870 3763 2997 3818 ergo
3023 3747 3193 3813 vobis,
3219 3756 3275 3801 ut
3301 3747 3413 3816 ejus
3432 3761 3560 3818 erga

1966 3840 2221 3893 mulieres
2270 3839 2521 3900 lasciviae,
2564 3854 2789 3907 quarum
2836 3838 3235 3893 seductionibus
3284 3852 3449 3908 usque
3491 3838 3560 3893 ad

1966 3932 2163 4002 templa
2196 3932 2348 3986 idolis
2376 3931 2681 3987 fabricanda
2710 3931 3003 4002 perductus
3022 3938 3105 3987 est
3135 3932 3152 4002 (
3177 3929 3243 3986 Ill
3274 3930 3403 4002 Reg.
3434 3946 3490 3986 XI
3511 3930 3557 4003 ),

1966 4024 2281 4081 imitandum
2314 4040 2679 4095 proponamus
2709 4024 3337 4095 exemplum?Numquid
3370 4024 3562 4079 melior

1968 4118 2159 4173 Razias
2200 4134 2354 4188 quam
2396 4117 2587 4173 Petrus
2626 4117 2931 4187 apostolus,
2961 4118 3051 4187 qui
3090 4117 3178 4171 ubi
3218 4115 3370 4181 dixit,
3403 4115 3480 4170 Tu
3508 4132 3560 4171 es

1969 4208 2198 4265 Christus
2222 4209 2385 4265 Filius
2407 4208 2504 4263 Dei
2532 4209 2649 4275 vivi,
2679 4217 2786 4264 tam
2816 4208 3003 4263 beatus
3028 4224 3057 4263 a
3083 4208 3309 4264 Domino
3334 4207 3563 4279 appella-

1968 4312 2053 4358 tus
2078 4314 2180 4369 est,
2204 4312 2261 4358 ut
2286 4304 2465 4359 claves
2492 4303 2640 4373 regni
2670 4302 2927 4359 caelorum
2958 4300 3201 4371 accipere
3228 4308 3558 4357 mereretur:

1968 4412 2068 4454 nec
2100 4406 2275 4473 tamen
2308 4395 2425 4451 ideo
2448 4398 2467 4427 ³
2496 4395 2731 4450 creditur
2758 4394 3069 4460 imitandus,
3099 4392 3187 4448 ubi
3219 4408 3344 4448 mox
3372 4392 3560 4448 eodem

1970 4500 2241 4548 momento
2264 4488 2645 4562 reprehensus,
2668 4487 2895 4556 audivit,
2922 4486 3060 4543 Vade
3075 4496 3185 4559 post
3206 4503 3301 4551 me,
3319 4495 3561 4552 satanas;

1969 4602 2070 4640 non
2087 4584 2217 4638 enim
2238 4583 2377 4653 sapis
2402 4597 2514 4654 qua:
2533 4580 2630 4636 Dei
2655 4588 2790 4647 sunt,
2815 4579 2902 4634 sed
2928 4594 3041 4649 qua:
3066 4578 3323 4633 hominum
3346 4574 3559 4651 (Matth.

1968 4693 2078 4743 xvr,
2114 4675 2336 4745 l7-25)?
2364 4676 2535 4743 Atque
2565 4680 2624 4727 ut
2654 4672 2771 4726 haec
2800 4678 3005 4726 taceam
3033 4685 3153 4741 quae
3177 4684 3308 4725 voce
3337 4669 3563 4739 apertis-

1967 4772 2101 4825 sima
2142 4776 2322 4824 sancta
2351 4766 2605 4821 Ecclesiae
2632 4764 2904 4834 Scriptura
2933 4763 3187 4834 culpavit,
3215 4772 3267 4818 et
3291 4776 3353 4817 ea
3385 4761 3560 4817 dicam

1968 4878 2085 4933 qua:
2129 4859 2497 4916 tantummodo
2540 4858 2612 4912 ibi
2654 4864 2865 4912 narrata
2898 4865 3057 4926 atque
3084 4854 3384 4923 conscripta
3412 4861 3558 4916 sunt,

1968 4970 2067 5009 nec
2094 4954 2162 5009 de
2190 4953 2273 5007 his
2297 4959 2379 5006 est
2404 4952 2455 5005 in
2484 4950 2704 5005 alteram
2737 4958 2940 5019 partem
2971 4947 3144 5003 laudis
3168 4954 3261 5002 aut
3278 4943 3561 5014 reprehen-

1966 5045 2133 5101 sionis
2177 5043 2282 5098 lata
2326 5042 2612 5108 sententia,
2651 5040 2744 5096 sed
2785 5056 2904 5111 qua:
2935 5039 3089 5093 nobis
3126 5035 3410 5109 iudicanda
3437 5049 3560 5106 per-

1968 5137 2128 5194 missa
2157 5144 2315 5201 sunt;
2346 5132 2603 5204 numquid
2632 5132 2824 5189 melior
2852 5130 3042 5186 Razias
3067 5143 3223 5199 quam
3254 5125 3403 5183 Noe?
3429 5126 3560 5194 Quis

1967 5237 2144 5285 autem
2179 5228 2326 5282 illum
2360 5228 2552 5291 virum,
2584 5227 2724 5296 quod
2751 5224 2917 5294 jacuit
2944 5222 3124 5277 ebrius
3151 5220 3303 5293 (Gen.
3326 5236 3407 5283 Ix,
3436 5217 3555 5290 21),

1967 5321 2261 5377 laudaverit
2291 5320 2536 5375 sobrius?
2556 5317 2821 5387 Numquid
2853 5316 3041 5371 melior
3066 5323 3146 5370 est
3171 5314 3366 5370 Razias
3394 5328 3555 5385 quam

1966 5413 2132 5469 Judas
2158 5410 2501 5484 patriarcha?
2524 5410 2653 5477 Quis
2683 5418 2857 5464 tamen
2886 5422 3007 5462 eum
3035 5406 3315 5478 approbet,
3339 5405 3421 5460 cui
3444 5405 3558 5475 pla-

1967 5512 2105 5570 ceat,
2133 5520 2289 5575 quem
2312 5518 2416 5558 non
2435 5501 2731 5558 rectissime
2748 5498 2985 5554 offendat
3000 5499 3052 5553 in
3071 5496 3551 5567 illa'fornicatione,

1965 5597 2392 5671 quandoquidem
2427 5592 2622 5650 nonad
2646 5606 2795 5647 suam
2826 5606 3039 5657 nurum,
3066 5590 3188 5663 quia
3217 5587 3321 5645 hoc
3347 5587 3554 5659 ignora-

1967 5694 2061 5762 vit,
2100 5700 2467 5747 verumtamen
2508 5687 2575 5745 ad
2612 5702 2733 5745 eam
2766 5701 2924 5760 quam
2960 5684 3297 5745 meretricem
3326 5678 3552 5755 putavit,

2028 5827 2047 5860 ι
2082 5830 2238 5884 Forte,

2028 5892 2050 5923 ³
2080 5893 2237 5949 Forte,
2260 5892 2311 5938 in
2330 5895 2401 5935 eo.
