  <div class='ocr_page' id='page_1' title='image "/cluster/home/n/w/nwhite01/storage/ocr_20150623/43/hvd.32044012717385/371.png"; bbox 0 0 4026 6462; ppageno 0'>
   <div class='ocr_carea' id='block_1_1' title="bbox 486 385 583 444">
    <p class='ocr_par' dir='ltr' id='par_1_1' title="bbox 486 385 583 444">
     <span class='ocr_line' id='line_1_1' title="bbox 486 385 583 444; baseline -0.021 0"><span class='ocrx_word' id='word_1_1' title='bbox 486 385 583 444; x_wconf 67' lang='lat'><strong>731</strong></span> 
     </span>
    </p>
   </div>
   <div class='ocr_carea' id='block_1_2' title="bbox 489 498 2072 575">
    <p class='ocr_par' dir='ltr' id='par_1_2' title="bbox 489 498 2072 575">
     <span class='ocr_line' id='line_1_2' title="bbox 489 498 2072 575; baseline -0.004 -15"><span class='ocrx_word' id='word_1_2' title='bbox 489 504 760 575; x_wconf 84' lang='lat' dir='ltr'><strong>ingressus</strong></span> <span class='ocrx_word' id='word_1_3' title='bbox 783 508 867 558; x_wconf 91' lang='lat' dir='ltr'><strong>est</strong></span> <span class='ocrx_word' id='word_1_4' title='bbox 892 499 1042 573; x_wconf 84' lang='lat' dir='ltr'><strong>(Gen.</strong></span> <span class='ocrx_word' id='word_1_5' title='bbox 1073 500 1325 573; x_wconf 78' lang='lat' dir='ltr'><strong>xxxviii)?</strong></span> <span class='ocrx_word' id='word_1_6' title='bbox 1347 499 1614 571; x_wconf 83' lang='lat' dir='ltr'><strong>Numquid</strong></span> <span class='ocrx_word' id='word_1_7' title='bbox 1642 499 1830 555; x_wconf 84' lang='lat' dir='ltr'><strong>melior</strong></span> <span class='ocrx_word' id='word_1_8' title='bbox 1862 506 1950 554; x_wconf 90' lang='lat' dir='ltr'><strong>est</strong></span> <span class='ocrx_word' id='word_1_9' title='bbox 1965 498 2072 553; x_wconf 82' lang='lat' dir='ltr'><strong>Ra-</strong></span> 
     </span>
    </p>
   </div>
   <div class='ocr_carea' id='block_1_3' title="bbox 489 587 2073 667">
    <p class='ocr_par' dir='ltr' id='par_1_3' title="bbox 489 587 2073 667">
     <span class='ocr_line' id='line_1_3' title="bbox 489 587 2073 667; baseline -0.001 -16"><span class='ocrx_word' id='word_1_10' title='bbox 489 599 618 664; x_wconf 83' lang='lat' dir='ltr'><strong>zias,</strong></span> <span class='ocrx_word' id='word_1_11' title='bbox 643 611 800 667; x_wconf 89' lang='lat' dir='ltr'><strong>quam</strong></span> <span class='ocrx_word' id='word_1_12' title='bbox 821 587 1046 652; x_wconf 69' lang='lat' dir='ltr'><strong>Samson</strong></span> <span class='ocrx_word' id='word_1_13' title='bbox 1067 595 1091 649; x_wconf 90' lang='lat'><strong>?</strong></span> <span class='ocrx_word' id='word_1_14' title='bbox 1110 594 1316 651; x_wconf 90' lang='lat' dir='ltr'><strong>Audete</strong></span> <span class='ocrx_word' id='word_1_15' title='bbox 1337 594 1514 665; x_wconf 89' lang='lat' dir='ltr'><strong>itaque</strong></span> <span class='ocrx_word' id='word_1_16' title='bbox 1534 594 1734 660; x_wconf 88' lang='lat' dir='ltr'><strong>dicere,</strong></span> <span class='ocrx_word' id='word_1_17' title='bbox 1757 593 1803 648; x_wconf 88' lang='lat' dir='ltr'><strong>si</strong></span> <span class='ocrx_word' id='word_1_18' title='bbox 1824 593 2073 665; x_wconf 88' lang='lat' dir='ltr'><strong>potestis,</strong></span> 
     </span>
    </p>
   </div>
   <div class='ocr_carea' id='block_1_4' title="bbox 494 688 2080 763">
    <p class='ocr_par' dir='ltr' id='par_1_4' title="bbox 494 688 2080 763">
     <span class='ocr_line' id='line_1_4' title="bbox 494 688 2080 763; baseline -0.003 -16"><span class='ocrx_word' id='word_1_19' title='bbox 494 691 623 747; x_wconf 91' lang='lat' dir='ltr'><strong>illud</strong></span> <span class='ocrx_word' id='word_1_20' title='bbox 653 691 793 763; x_wconf 90' lang='lat' dir='ltr'><strong>quod</strong></span> <span class='ocrx_word' id='word_1_21' title='bbox 834 691 885 746; x_wconf 91' lang='lat' dir='ltr'><strong>in</strong></span> <span class='ocrx_word' id='word_1_22' title='bbox 924 689 1161 747; x_wconf 84' lang='lat' dir='ltr'><strong>crinibus</strong></span> <span class='ocrx_word' id='word_1_23' title='bbox 1199 690 1384 746; x_wconf 88' lang='lat' dir='ltr'><strong>habuit</strong></span> <span class='ocrx_word' id='word_1_24' title='bbox 1411 690 1624 746; x_wconf 89' lang='lat' dir='ltr'><strong>virtutis</strong></span> <span class='ocrx_word' id='word_1_25' title='bbox 1651 705 1901 762; x_wconf 87' lang='lat' dir='ltr'><strong>magnum</strong></span> <span class='ocrx_word' id='word_1_26' title='bbox 1941 688 2080 744; x_wconf 90' lang='lat' dir='ltr'><strong>divi-</strong></span> 
     </span>
    </p>
   </div>
   <div class='ocr_carea' id='block_1_5' title="bbox 489 782 2078 854">
    <p class='ocr_par' dir='ltr' id='par_1_5' title="bbox 489 782 2078 854">
     <span class='ocr_line' id='line_1_5' title="bbox 489 782 2078 854; baseline 0.001 -17"><span class='ocrx_word' id='word_1_27' title='bbox 489 799 721 854; x_wconf 85' lang='lat' dir='ltr'><strong>numque</strong></span> <span class='ocrx_word' id='word_1_28' title='bbox 748 791 1035 852; x_wconf 87' lang='lat' dir='ltr'><strong>secretum,</strong></span> <span class='ocrx_word' id='word_1_29' title='bbox 1065 784 1355 840; x_wconf 90' lang='lat' dir='ltr'><strong>blandienti</strong></span> <span class='ocrx_word' id='word_1_30' title='bbox 1385 783 1714 839; x_wconf 71' lang='lat' dir='ltr'><strong>muliercula:</strong></span> <span class='ocrx_word' id='word_1_31' title='bbox 1754 782 1916 840; x_wconf 84' lang='lat' dir='ltr'><strong>fuisse</strong></span> <span class='ocrx_word' id='word_1_32' title='bbox 1946 797 2078 854; x_wconf 88' lang='lat' dir='ltr'><strong>pro-</strong></span> 
     </span>
    </p>
   </div>
   <div class='ocr_carea' id='block_1_6' title="bbox 489 876 2078 950">
    <p class='ocr_par' dir='ltr' id='par_1_6' title="bbox 489 876 2078 950">
     <span class='ocr_line' id='line_1_6' title="bbox 489 876 2078 950; baseline -0.001 -17"><span class='ocrx_word' id='word_1_33' title='bbox 489 878 742 934; x_wconf 90' lang='lat' dir='ltr'><strong>dendum.</strong></span> <span class='ocrx_word' id='word_1_34' title='bbox 768 876 899 932; x_wconf 88' lang='lat' dir='ltr'><strong>Nam</strong></span> <span class='ocrx_word' id='word_1_35' title='bbox 944 877 1075 933; x_wconf 89' lang='lat' dir='ltr'><strong>illud</strong></span> <span class='ocrx_word' id='word_1_36' title='bbox 1117 877 1258 950; x_wconf 89' lang='lat' dir='ltr'><strong>quod</strong></span> <span class='ocrx_word' id='word_1_37' title='bbox 1293 893 1414 934; x_wconf 92' lang='lat' dir='ltr'><strong>cum</strong></span> <span class='ocrx_word' id='word_1_38' title='bbox 1456 877 1685 933; x_wconf 89' lang='lat' dir='ltr'><strong>inimicis</strong></span> <span class='ocrx_word' id='word_1_39' title='bbox 1714 877 1910 933; x_wconf 91' lang='lat' dir='ltr'><strong>occidit</strong></span> <span class='ocrx_word' id='word_1_40' title='bbox 1937 885 1993 933; x_wconf 91' lang='lat' dir='ltr'><strong>et</strong></span> <span class='ocrx_word' id='word_1_41' title='bbox 2017 891 2078 933; x_wconf 91' lang='lat' dir='ltr'><strong>se</strong></span> 
     </span>
    </p>
   </div>
   <div class='ocr_carea' id='block_1_7' title="bbox 488 969 2073 1043">
    <p class='ocr_par' dir='ltr' id='par_1_7' title="bbox 488 969 2073 1043">
     <span class='ocr_line' id='line_1_7' title="bbox 488 969 2073 1043; baseline 0.001 -19"><span class='ocrx_word' id='word_1_42' title='bbox 488 971 682 1039; x_wconf 89' lang='lat' dir='ltr'><strong>ipsum,</strong></span> <span class='ocrx_word' id='word_1_43' title='bbox 719 969 933 1042; x_wconf 84' lang='lat' dir='ltr'><strong>quando</strong></span> <span class='ocrx_word' id='word_1_44' title='bbox 972 987 1133 1042; x_wconf 88' lang='lat' dir='ltr'><strong>super</strong></span> <span class='ocrx_word' id='word_1_45' title='bbox 1169 987 1228 1028; x_wconf 89' lang='lat' dir='ltr'><strong>se</strong></span> <span class='ocrx_word' id='word_1_46' title='bbox 1265 980 1424 1043; x_wconf 87' lang='lat' dir='ltr'><strong>atque</strong></span> <span class='ocrx_word' id='word_1_47' title='bbox 1456 972 1574 1028; x_wconf 92' lang='lat' dir='ltr'><strong>illos</strong></span> <span class='ocrx_word' id='word_1_48' title='bbox 1600 971 1795 1043; x_wconf 91' lang='lat' dir='ltr'><strong>deiecit</strong></span> <span class='ocrx_word' id='word_1_49' title='bbox 1830 971 2073 1038; x_wconf 89' lang='lat' dir='ltr'><strong>domum,</strong></span> 
     </span>
    </p>
   </div>
   <div class='ocr_carea' id='block_1_8' title="bbox 487 1065 2077 1137">
    <p class='ocr_par' dir='ltr' id='par_1_8' title="bbox 487 1065 2077 1137">
     <span class='ocr_line' id='line_1_8' title="bbox 487 1065 2077 1137; baseline 0.001 -19"><span class='ocrx_word' id='word_1_50' title='bbox 487 1073 712 1118; x_wconf 92' lang='lat' dir='ltr'><strong>mortem</strong></span> <span class='ocrx_word' id='word_1_51' title='bbox 743 1079 901 1134; x_wconf 89' lang='lat' dir='ltr'><strong>quam</strong></span> <span class='ocrx_word' id='word_1_52' title='bbox 929 1080 1051 1120; x_wconf 85' lang='lat' dir='ltr'><strong>mox</strong></span> <span class='ocrx_word' id='word_1_53' title='bbox 1080 1065 1150 1121; x_wconf 88' lang='lat' dir='ltr'><strong>ab</strong></span> <span class='ocrx_word' id='word_1_54' title='bbox 1181 1065 1261 1121; x_wconf 75' lang='lat' dir='ltr'><strong>eis</strong></span> <span class='ocrx_word' id='word_1_55' title='bbox 1303 1065 1474 1121; x_wconf 81' lang='lat' dir='ltr'><strong>fuerat</strong></span> <span class='ocrx_word' id='word_1_56' title='bbox 1501 1079 1854 1137; x_wconf 89' lang='lat' dir='ltr'><strong>perpessurus</strong></span> <span class='ocrx_word' id='word_1_57' title='bbox 1878 1107 1892 1134; x_wconf 95' lang='lat'><strong>,</strong></span> <span class='ocrx_word' id='word_1_58' title='bbox 1929 1080 2077 1122; x_wconf 88' lang='lat' dir='ltr'><strong>com-</strong></span> 
     </span>
    </p>
   </div>
   <div class='ocr_carea' id='block_1_9' title="bbox 484 1160 2077 1232">
    <p class='ocr_par' dir='ltr' id='par_1_9' title="bbox 484 1160 2077 1232">
     <span class='ocr_line' id='line_1_9' title="bbox 484 1160 2077 1232; baseline 0.003 -20"><span class='ocrx_word' id='word_1_59' title='bbox 484 1173 701 1214; x_wconf 91' lang='lat' dir='ltr'><strong>munem</strong></span> <span class='ocrx_word' id='word_1_60' title='bbox 731 1160 901 1215; x_wconf 92' lang='lat' dir='ltr'><strong>voluit</strong></span> <span class='ocrx_word' id='word_1_61' title='bbox 923 1173 1044 1216; x_wconf 92' lang='lat' dir='ltr'><strong>cum</strong></span> <span class='ocrx_word' id='word_1_62' title='bbox 1077 1161 1179 1216; x_wconf 89' lang='lat' dir='ltr'><strong>illis</strong></span> <span class='ocrx_word' id='word_1_63' title='bbox 1207 1160 1424 1230; x_wconf 90' lang='lat' dir='ltr'><strong>habere,</strong></span> <span class='ocrx_word' id='word_1_64' title='bbox 1456 1161 1578 1232; x_wconf 91' lang='lat' dir='ltr'><strong>quia</strong></span> <span class='ocrx_word' id='word_1_65' title='bbox 1606 1177 1710 1216; x_wconf 93' lang='lat' dir='ltr'><strong>non</strong></span> <span class='ocrx_word' id='word_1_66' title='bbox 1743 1169 1925 1231; x_wconf 86' lang='lat' dir='ltr'><strong>posset</strong></span> <span class='ocrx_word' id='word_1_67' title='bbox 1949 1175 2077 1216; x_wconf 84' lang='lat' dir='ltr'><strong>eva-</strong></span> 
     </span>
    </p>
   </div>
   <div class='ocr_carea' id='block_1_10' title="bbox 484 1249 2072 1325">
    <p class='ocr_par' dir='ltr' id='par_1_10' title="bbox 484 1249 2072 1325">
     <span class='ocr_line' id='line_1_10' title="bbox 484 1249 2072 1325; baseline 0.003 -21"><span class='ocrx_word' id='word_1_68' title='bbox 484 1250 610 1306; x_wconf 87' lang='lat' dir='ltr'><strong>dere</strong></span> <span class='ocrx_word' id='word_1_69' title='bbox 641 1249 838 1324; x_wconf 83' lang='lat' dir='ltr'><strong>(Judic.</strong></span> <span class='ocrx_word' id='word_1_70' title='bbox 867 1252 1001 1325; x_wconf 79' lang='lat' dir='ltr'><strong>xvi).</strong></span> <span class='ocrx_word' id='word_1_71' title='bbox 1024 1253 1176 1322; x_wconf 86' lang='lat' dir='ltr'><strong>Quod</strong></span> <span class='ocrx_word' id='word_1_72' title='bbox 1201 1253 1415 1325; x_wconf 89' lang='lat' dir='ltr'><strong>quidem</strong></span> <span class='ocrx_word' id='word_1_73' title='bbox 1445 1269 1553 1309; x_wconf 90' lang='lat' dir='ltr'><strong>non</strong></span> <span class='ocrx_word' id='word_1_74' title='bbox 1581 1268 1675 1310; x_wconf 89' lang='lat' dir='ltr'><strong>sua</strong></span> <span class='ocrx_word' id='word_1_75' title='bbox 1702 1261 1896 1324; x_wconf 82' lang='lat' dir='ltr'><strong>Sponte</strong></span> <span class='ocrx_word' id='word_1_76' title='bbox 1923 1251 2072 1322; x_wconf 88' lang='lat' dir='ltr'><strong>fecit,</strong></span> 
     </span>
    </p>
   </div>
   <div class='ocr_carea' id='block_1_11' title="bbox 485 1342 2074 1418">
    <p class='ocr_par' dir='ltr' id='par_1_11' title="bbox 485 1342 2074 1418">
     <span class='ocr_line' id='line_1_11' title="bbox 485 1342 2074 1418; baseline 0.003 -20"><span class='ocrx_word' id='word_1_77' title='bbox 485 1342 580 1399; x_wconf 92' lang='lat' dir='ltr'><strong>sed</strong></span> <span class='ocrx_word' id='word_1_78' title='bbox 612 1344 718 1402; x_wconf 92' lang='lat' dir='ltr'><strong>hoc</strong></span> <span class='ocrx_word' id='word_1_79' title='bbox 744 1345 954 1416; x_wconf 84' lang='lat' dir='ltr'><strong>spiritui</strong></span> <span class='ocrx_word' id='word_1_80' title='bbox 989 1345 1082 1402; x_wconf 91' lang='lat' dir='ltr'><strong>Dei</strong></span> <span class='ocrx_word' id='word_1_81' title='bbox 1126 1345 1463 1402; x_wconf 89' lang='lat' dir='ltr'><strong>tribuendum</strong></span> <span class='ocrx_word' id='word_1_82' title='bbox 1491 1353 1592 1412; x_wconf 89' lang='lat' dir='ltr'><strong>est,</strong></span> <span class='ocrx_word' id='word_1_83' title='bbox 1621 1347 1711 1418; x_wconf 91' lang='lat' dir='ltr'><strong>qui</strong></span> <span class='ocrx_word' id='word_1_84' title='bbox 1743 1361 1868 1402; x_wconf 90' lang='lat' dir='ltr'><strong>usus</strong></span> <span class='ocrx_word' id='word_1_85' title='bbox 1903 1353 1987 1402; x_wconf 88' lang='lat' dir='ltr'><strong>est</strong></span> <span class='ocrx_word' id='word_1_86' title='bbox 2008 1360 2074 1402; x_wconf 91' lang='lat' dir='ltr'><strong>eo</strong></span> 
     </span>
    </p>
   </div>
   <div class='ocr_carea' id='block_1_12' title="bbox 485 1438 2076 1511">
    <p class='ocr_par' dir='ltr' id='par_1_12' title="bbox 485 1438 2076 1511">
     <span class='ocr_line' id='line_1_12' title="bbox 485 1438 2076 1511; baseline 0.001 -19"><span class='ocrx_word' id='word_1_87' title='bbox 485 1446 540 1492; x_wconf 94' lang='lat' dir='ltr'><strong>ut</strong></span> <span class='ocrx_word' id='word_1_88' title='bbox 577 1438 774 1494; x_wconf 80' lang='lat' dir='ltr'><strong>faceret</strong></span> <span class='ocrx_word' id='word_1_89' title='bbox 799 1438 1010 1510; x_wconf 86' lang='lat' dir='ltr'><strong>quando</strong></span> <span class='ocrx_word' id='word_1_90' title='bbox 1037 1439 1110 1494; x_wconf 92' lang='lat' dir='ltr'><strong>illi</strong></span> <span class='ocrx_word' id='word_1_91' title='bbox 1139 1439 1326 1505; x_wconf 86' lang='lat' dir='ltr'><strong>adfuit,</strong></span> <span class='ocrx_word' id='word_1_92' title='bbox 1350 1440 1491 1511; x_wconf 91' lang='lat' dir='ltr'><strong>quod</strong></span> <span class='ocrx_word' id='word_1_93' title='bbox 1521 1439 1703 1496; x_wconf 88' lang='lat' dir='ltr'><strong>facere</strong></span> <span class='ocrx_word' id='word_1_94' title='bbox 1729 1453 1835 1494; x_wconf 91' lang='lat' dir='ltr'><strong>non</strong></span> <span class='ocrx_word' id='word_1_95' title='bbox 1867 1445 2076 1510; x_wconf 88' lang='lat' dir='ltr'><strong>poterat</strong></span> 
     </span>
    </p>
   </div>
   <div class='ocr_carea' id='block_1_13' title="bbox 485 1529 2073 1600">
    <p class='ocr_par' dir='ltr' id='par_1_13' title="bbox 485 1529 2073 1600">
     <span class='ocr_line' id='line_1_13' title="bbox 485 1529 2073 1600; baseline 0.001 -18"><span class='ocrx_word' id='word_1_96' title='bbox 485 1529 699 1598; x_wconf 84' lang='lat' dir='ltr'><strong>quando</strong></span> <span class='ocrx_word' id='word_1_97' title='bbox 749 1530 888 1584; x_wconf 89' lang='lat' dir='ltr'><strong>idem</strong></span> <span class='ocrx_word' id='word_1_98' title='bbox 938 1531 1158 1600; x_wconf 90' lang='lat' dir='ltr'><strong>spiritus</strong></span> <span class='ocrx_word' id='word_1_99' title='bbox 1200 1530 1390 1586; x_wconf 87' lang='lat' dir='ltr'><strong>defuit.</strong></span> <span class='ocrx_word' id='word_1_100' title='bbox 1430 1530 1577 1587; x_wconf 87' lang='lat' dir='ltr'><strong>Sicut</strong></span> <span class='ocrx_word' id='word_1_101' title='bbox 1606 1531 1834 1586; x_wconf 75' lang='lat' dir='ltr'><strong>Abraha:</strong></span> <span class='ocrx_word' id='word_1_102' title='bbox 1877 1529 2073 1585; x_wconf 84' lang='lat' dir='ltr'><strong>factum</strong></span> 
     </span>
    </p>
   </div>
   <div class='ocr_carea' id='block_1_14' title="bbox 486 1622 2077 1696">
    <p class='ocr_par' dir='ltr' id='par_1_14' title="bbox 486 1622 2077 1696">
     <span class='ocr_line' id='line_1_14' title="bbox 486 1622 2077 1696; baseline 0.003 -21"><span class='ocrx_word' id='word_1_103' title='bbox 486 1622 698 1692; x_wconf 87' lang='lat' dir='ltr'><strong>quando</strong></span> <span class='ocrx_word' id='word_1_104' title='bbox 731 1624 894 1678; x_wconf 84' lang='lat' dir='ltr'><strong>lilium</strong></span> <span class='ocrx_word' id='word_1_105' title='bbox 918 1623 1087 1680; x_wconf 87' lang='lat' dir='ltr'><strong>voluit</strong></span> <span class='ocrx_word' id='word_1_106' title='bbox 1111 1625 1407 1693; x_wconf 91' lang='lat' dir='ltr'><strong>immolare,</strong></span> <span class='ocrx_word' id='word_1_107' title='bbox 1436 1624 1576 1696; x_wconf 90' lang='lat' dir='ltr'><strong>quod</strong></span> <span class='ocrx_word' id='word_1_108' title='bbox 1601 1625 1710 1680; x_wconf 92' lang='lat' dir='ltr'><strong>Deo</strong></span> <span class='ocrx_word' id='word_1_109' title='bbox 1733 1623 1956 1695; x_wconf 90' lang='lat' dir='ltr'><strong>iubente</strong></span> <span class='ocrx_word' id='word_1_110' title='bbox 1977 1624 2077 1680; x_wconf 84' lang='lat' dir='ltr'><strong>fuit;</strong></span> 
     </span>
    </p>
   </div>
   <div class='ocr_carea' id='block_1_15' title="bbox 484 1713 2074 1789">
    <p class='ocr_par' dir='ltr' id='par_1_15' title="bbox 484 1713 2074 1789">
     <span class='ocr_line' id='line_1_15' title="bbox 484 1713 2074 1789; baseline 0.003 -21"><span class='ocrx_word' id='word_1_111' title='bbox 484 1713 788 1770; x_wconf 88' lang='lat' dir='ltr'><strong>ohedientia</strong></span> <span class='ocrx_word' id='word_1_112' title='bbox 814 1713 964 1788; x_wconf 86' lang='lat' dir='ltr'><strong>(Gen.</strong></span> <span class='ocrx_word' id='word_1_113' title='bbox 989 1713 1145 1789; x_wconf 81' lang='lat' dir='ltr'><strong>xxn),</strong></span> <span class='ocrx_word' id='word_1_114' title='bbox 1169 1716 1280 1774; x_wconf 93' lang='lat' dir='ltr'><strong>Deo</strong></span> <span class='ocrx_word' id='word_1_115' title='bbox 1303 1732 1410 1772; x_wconf 91' lang='lat' dir='ltr'><strong>non</strong></span> <span class='ocrx_word' id='word_1_116' title='bbox 1433 1715 1654 1788; x_wconf 90' lang='lat' dir='ltr'><strong>iubente</strong></span> <span class='ocrx_word' id='word_1_117' title='bbox 1673 1715 1798 1788; x_wconf 92' lang='lat' dir='ltr'><strong>quid</strong></span> <span class='ocrx_word' id='word_1_118' title='bbox 1826 1713 1945 1784; x_wconf 85' lang='lat' dir='ltr'><strong>fuit,</strong></span> <span class='ocrx_word' id='word_1_119' title='bbox 1971 1716 2074 1772; x_wconf 87' lang='lat' dir='ltr'><strong>nisi</strong></span> 
     </span>
    </p>
   </div>
   <div class='ocr_carea' id='block_1_16' title="bbox 477 1804 784 1863">
    <p class='ocr_par' dir='ltr' id='par_1_16' title="bbox 477 1804 784 1863">
     <span class='ocr_line' id='line_1_16' title="bbox 477 1804 784 1863; baseline 0.01 -2"><span class='ocrx_word' id='word_1_120' title='bbox 477 1804 784 1863; x_wconf 89' lang='lat' dir='ltr'><strong>dementia?</strong></span> 
     </span>
    </p>
   </div>
   <div class='ocr_carea' id='block_1_17' title="bbox 549 1901 2070 1974">
    <p class='ocr_par' dir='ltr' id='par_1_17' title="bbox 549 1901 2070 1974">
     <span class='ocr_line' id='line_1_17' title="bbox 549 1901 2070 1974; baseline 0.002 -19"><span class='ocrx_word' id='word_1_121' title='bbox 549 1901 639 1957; x_wconf 72' lang='grc'><strong>40.</strong></span> <span class='ocrx_word' id='word_1_122' title='bbox 682 1901 776 1958; x_wconf 88' lang='lat' dir='ltr'><strong>His</strong></span> <span class='ocrx_word' id='word_1_123' title='bbox 814 1903 981 1960; x_wconf 90' lang='lat' dir='ltr'><strong>sacris</strong></span> <span class='ocrx_word' id='word_1_124' title='bbox 1007 1903 1222 1959; x_wconf 88' lang='lat' dir='ltr'><strong>Litteris</strong></span> <span class='ocrx_word' id='word_1_125' title='bbox 1263 1902 1503 1959; x_wconf 89' lang='lat' dir='ltr'><strong>eruditus</strong></span> <span class='ocrx_word' id='word_1_126' title='bbox 1534 1902 1721 1959; x_wconf 88' lang='lat' dir='ltr'><strong>beatus</strong></span> <span class='ocrx_word' id='word_1_127' title='bbox 1747 1901 2070 1974; x_wconf 83' lang='lat' dir='ltr'><strong>Cyprianus,</strong></span> 
     </span>
    </p>
   </div>
   <div class='ocr_carea' id='block_1_18' title="bbox 481 1993 2075 2068">
    <p class='ocr_par' dir='ltr' id='par_1_18' title="bbox 481 1993 2075 2068">
     <span class='ocr_line' id='line_1_18' title="bbox 481 1993 2075 2068; baseline 0.004 -21"><span class='ocrx_word' id='word_1_128' title='bbox 481 1993 534 2048; x_wconf 90' lang='lat' dir='ltr'><strong>in</strong></span> <span class='ocrx_word' id='word_1_129' title='bbox 561 1993 909 2051; x_wconf 87' lang='lat' dir='ltr'><strong>Confessione</strong></span> <span class='ocrx_word' id='word_1_130' title='bbox 935 2011 1028 2051; x_wconf 89' lang='lat' dir='ltr'><strong>sua</strong></span> <span class='ocrx_word' id='word_1_131' title='bbox 1050 1996 1201 2061; x_wconf 89' lang='lat' dir='ltr'><strong>dixit,</strong></span> <span class='ocrx_word' id='word_1_132' title='bbox 1228 1995 1566 2064; x_wconf 77' lang='lat' dir='ltr'><strong>Disciplinam</strong></span> <span class='ocrx_word' id='word_1_133' title='bbox 1593 1996 1855 2068; x_wconf 84' lang='lat' dir='ltr'><strong>prohibere</strong></span> <span class='ocrx_word' id='word_1_134' title='bbox 1877 2011 1940 2050; x_wconf 89' lang='lat' dir='ltr'><strong>ne</strong></span> <span class='ocrx_word' id='word_1_135' title='bbox 1961 1997 2075 2066; x_wconf 89' lang='lat' dir='ltr'><strong>quis</strong></span> 
     </span>
    </p>
   </div>
   <div class='ocr_carea' id='block_1_19' title="bbox 486 2086 2074 2161">
    <p class='ocr_par' dir='ltr' id='par_1_19' title="bbox 486 2086 2074 2161">
     <span class='ocr_line' id='line_1_19' title="bbox 486 2086 2074 2161; baseline 0.002 -20"><span class='ocrx_word' id='word_1_136' title='bbox 486 2103 540 2141; x_wconf 89' lang='lat' dir='ltr'><strong>se</strong></span> <span class='ocrx_word' id='word_1_137' title='bbox 569 2086 745 2155; x_wconf 75' lang='lat' dir='ltr'><strong>olferat</strong></span> <span class='ocrx_word' id='word_1_138' title='bbox 775 2087 865 2161; x_wconf 89' lang='lat' dir='ltr'><strong>(In</strong></span> <span class='ocrx_word' id='word_1_139' title='bbox 887 2090 1024 2145; x_wconf 83' lang='lat' dir='ltr'><strong>Actis</strong></span> <span class='ocrx_word' id='word_1_140' title='bbox 1051 2090 1300 2161; x_wconf 74' lang='lat' dir='ltr'><strong>passionis</strong></span> <span class='ocrx_word' id='word_1_141' title='bbox 1321 2089 1562 2161; x_wconf 84' lang='lat' dir='ltr'><strong>Cypriani</strong></span> <span class='ocrx_word' id='word_1_142' title='bbox 1583 2089 1840 2160; x_wconf 85' lang='lat' dir='ltr'><strong>martyris,</strong></span> <span class='ocrx_word' id='word_1_143' title='bbox 1859 2105 2074 2159; x_wconf 84' lang='lat' dir='ltr'><strong>quarunt</strong></span> 
     </span>
    </p>
   </div>
   <div class='ocr_carea' id='block_1_20' title="bbox 477 2179 2072 2256">
    <p class='ocr_par' dir='ltr' id='par_1_20' title="bbox 477 2179 2072 2256">
     <span class='ocr_line' id='line_1_20' title="bbox 477 2179 2072 2256; baseline 0.004 -24"><span class='ocrx_word' id='word_1_144' title='bbox 477 2179 700 2247; x_wconf 87' lang='lat' dir='ltr'><strong>initium,</strong></span> <span class='ocrx_word' id='word_1_145' title='bbox 749 2198 769 2234; x_wconf 82' lang='lat'><strong>(</strong></span> <span class='ocrx_word' id='word_1_146' title='bbox 804 2179 1120 2251; x_wconf 86' lang='lat' dir='ltr'><strong>Imperatore</strong></span> <span class='ocrx_word' id='word_1_147' title='bbox 1171 2181 1442 2237; x_wconf 84' lang='lat' dir='ltr'><strong>Valeriano</strong></span> <span class='ocrx_word' id='word_1_148' title='bbox 1466 2203 1485 2236; x_wconf 67' lang='grc' dir='ltr'><strong>ι</strong></span> <span class='ocrx_word' id='word_1_149' title='bbox 1582 2182 1771 2239; x_wconf 77' lang='lat' dir='ltr'><strong>Videte</strong></span> <span class='ocrx_word' id='word_1_150' title='bbox 1814 2188 2072 2254; x_wconf 77' lang='lat' dir='ltr'><strong>quantum</strong></span> 
     </span>
    </p>
   </div>
   <div class='ocr_carea' id='block_1_21' title="bbox 479 2269 2071 2344">
    <p class='ocr_par' dir='ltr' id='par_1_21' title="bbox 479 2269 2071 2344">
     <span class='ocr_line' id='line_1_21' title="bbox 479 2269 2071 2344; baseline 0.003 -19"><span class='ocrx_word' id='word_1_151' title='bbox 479 2269 606 2325; x_wconf 93' lang='lat' dir='ltr'><strong>mali</strong></span> <span class='ocrx_word' id='word_1_152' title='bbox 637 2269 846 2327; x_wconf 88' lang='lat' dir='ltr'><strong>faciatis</strong></span> <span class='ocrx_word' id='word_1_153' title='bbox 872 2288 995 2328; x_wconf 93' lang='lat' dir='ltr'><strong>cum</strong></span> <span class='ocrx_word' id='word_1_154' title='bbox 1034 2287 1130 2328; x_wconf 88' lang='lat' dir='ltr'><strong>vos</strong></span> <span class='ocrx_word' id='word_1_155' title='bbox 1163 2274 1327 2329; x_wconf 82' lang='lat' dir='ltr'><strong>vultis</strong></span> <span class='ocrx_word' id='word_1_156' title='bbox 1356 2273 1625 2342; x_wconf 90' lang='lat' dir='ltr'><strong>occidere,</strong></span> <span class='ocrx_word' id='word_1_157' title='bbox 1653 2275 1741 2344; x_wconf 87' lang='lat' dir='ltr'><strong>qui</strong></span> <span class='ocrx_word' id='word_1_158' title='bbox 1773 2273 1902 2330; x_wconf 89' lang='lat' dir='ltr'><strong>estis</strong></span> <span class='ocrx_word' id='word_1_159' title='bbox 1928 2273 2071 2330; x_wconf 83' lang='lat' dir='ltr'><strong>indi-</strong></span> 
     </span>
    </p>
   </div>
   <div class='ocr_carea' id='block_1_22' title="bbox 477 2360 2072 2436">
    <p class='ocr_par' dir='ltr' id='par_1_22' title="bbox 477 2360 2072 2436">
     <span class='ocr_line' id='line_1_22' title="bbox 477 2360 2072 2436; baseline 0.006 -22"><span class='ocrx_word' id='word_1_160' title='bbox 477 2360 743 2431; x_wconf 90' lang='lat' dir='ltr'><strong>sciplinati</strong></span> <span class='ocrx_word' id='word_1_161' title='bbox 778 2363 986 2419; x_wconf 89' lang='lat' dir='ltr'><strong>etiamsi</strong></span> <span class='ocrx_word' id='word_1_162' title='bbox 1013 2378 1109 2419; x_wconf 88' lang='lat' dir='ltr'><strong>vos</strong></span> <span class='ocrx_word' id='word_1_163' title='bbox 1138 2364 1256 2419; x_wconf 91' lang='lat' dir='ltr'><strong>aliis</strong></span> <span class='ocrx_word' id='word_1_164' title='bbox 1286 2364 1388 2420; x_wconf 90' lang='lat' dir='ltr'><strong>hoc</strong></span> <span class='ocrx_word' id='word_1_165' title='bbox 1414 2365 1566 2422; x_wconf 88' lang='lat' dir='ltr'><strong>vobis</strong></span> <span class='ocrx_word' id='word_1_166' title='bbox 1603 2365 1779 2421; x_wconf 82' lang='lat' dir='ltr'><strong>facere</strong></span> <span class='ocrx_word' id='word_1_167' title='bbox 1804 2366 2072 2436; x_wconf 83' lang='lat' dir='ltr'><strong>cupienti-</strong></span> 
     </span>
    </p>
   </div>
   <div class='ocr_carea' id='block_1_23' title="bbox 474 2452 2070 2531">
    <p class='ocr_par' dir='ltr' id='par_1_23' title="bbox 474 2452 2070 2531">
     <span class='ocr_line' id='line_1_23' title="bbox 474 2452 2070 2531; baseline 0.007 -24"><span class='ocrx_word' id='word_1_168' title='bbox 474 2452 575 2508; x_wconf 81' lang='lat' dir='ltr'><strong>bus</strong></span> <span class='ocrx_word' id='word_1_169' title='bbox 615 2455 828 2511; x_wconf 84' lang='lat' dir='ltr'><strong>velletis</strong></span> <span class='ocrx_word' id='word_1_170' title='bbox 871 2456 1085 2513; x_wconf 71' lang='lat' dir='ltr'><strong>offerre.</strong></span> <span class='ocrx_word' id='word_1_171' title='bbox 1131 2456 1331 2530; x_wconf 85' lang='lat' dir='ltr'><strong>Fugam</strong></span> <span class='ocrx_word' id='word_1_172' title='bbox 1375 2459 1617 2531; x_wconf 77' lang='lat' dir='ltr'><strong>praecipit</strong></span> <span class='ocrx_word' id='word_1_173' title='bbox 1663 2475 1821 2530; x_wconf 89' lang='lat' dir='ltr'><strong>quem</strong></span> <span class='ocrx_word' id='word_1_174' title='bbox 1869 2461 2070 2518; x_wconf 87' lang='lat' dir='ltr'><strong>vocatis</strong></span> 
     </span>
    </p>
   </div>
   <div class='ocr_carea' id='block_1_24' title="bbox 474 2544 2069 2624">
    <p class='ocr_par' dir='ltr' id='par_1_24' title="bbox 474 2544 2069 2624">
     <span class='ocr_line' id='line_1_24' title="bbox 474 2544 2069 2624; baseline 0.006 -24"><span class='ocrx_word' id='word_1_175' title='bbox 474 2544 839 2616; x_wconf 87' lang='lat' dir='ltr'><strong>Salvatorem,</strong></span> <span class='ocrx_word' id='word_1_176' title='bbox 887 2548 1062 2620; x_wconf 83' lang='lat' dir='ltr'><strong>fugam</strong></span> <span class='ocrx_word' id='word_1_177' title='bbox 1102 2551 1362 2622; x_wconf 87' lang='lat' dir='ltr'><strong>permittit</strong></span> <span class='ocrx_word' id='word_1_178' title='bbox 1406 2561 1714 2622; x_wconf 89' lang='lat' dir='ltr'><strong>persecutor</strong></span> <span class='ocrx_word' id='word_1_179' title='bbox 1744 2571 1756 2607; x_wconf 92' lang='lat'><strong><em>:</em></strong></span> <span class='ocrx_word' id='word_1_180' title='bbox 1785 2553 1910 2624; x_wconf 87' lang='lat' dir='ltr'><strong>quid</strong></span> <span class='ocrx_word' id='word_1_181' title='bbox 1940 2568 2069 2624; x_wconf 85' lang='lat' dir='ltr'><strong>ergo</strong></span> 
     </span>
    </p>
   </div>
   <div class='ocr_carea' id='block_1_25' title="bbox 475 2641 2066 2716">
    <p class='ocr_par' dir='ltr' id='par_1_25' title="bbox 475 2641 2066 2716">
     <span class='ocr_line' id='line_1_25' title="bbox 475 2641 2066 2716; baseline 0.007 -23"><span class='ocrx_word' id='word_1_182' title='bbox 475 2641 781 2710; x_wconf 90' lang='lat' dir='ltr'><strong>sequimini,</strong></span> <span class='ocrx_word' id='word_1_183' title='bbox 815 2650 873 2697; x_wconf 91' lang='lat' dir='ltr'><strong>ut</strong></span> <span class='ocrx_word' id='word_1_184' title='bbox 903 2644 1094 2699; x_wconf 87' lang='lat' dir='ltr'><strong>vestris</strong></span> <span class='ocrx_word' id='word_1_185' title='bbox 1139 2644 1350 2715; x_wconf 83' lang='lat' dir='ltr'><strong>ignibus</strong></span> <span class='ocrx_word' id='word_1_186' title='bbox 1391 2646 1642 2716; x_wconf 90' lang='lat' dir='ltr'><strong>pereatis,</strong></span> <span class='ocrx_word' id='word_1_187' title='bbox 1688 2648 1788 2703; x_wconf 90' lang='lat' dir='ltr'><strong>nisi</strong></span> <span class='ocrx_word' id='word_1_188' title='bbox 1829 2655 2066 2704; x_wconf 87' lang='lat' dir='ltr'><strong>vestrum</strong></span> 
     </span>
    </p>
   </div>
   <div class='ocr_carea' id='block_1_26' title="bbox 474 2731 2061 2812">
    <p class='ocr_par' dir='ltr' id='par_1_26' title="bbox 474 2731 2061 2812">
     <span class='ocr_line' id='line_1_26' title="bbox 474 2731 2061 2812; baseline 0.006 -25"><span class='ocrx_word' id='word_1_189' title='bbox 474 2731 758 2790; x_wconf 85' lang='lat' dir='ltr'><strong>furorem?</strong></span> <span class='ocrx_word' id='word_1_190' title='bbox 780 2735 850 2790; x_wconf 89' lang='lat' dir='ltr'><strong>Et</strong></span> <span class='ocrx_word' id='word_1_191' title='bbox 888 2743 1064 2792; x_wconf 90' lang='lat' dir='ltr'><strong>tamen</strong></span> <span class='ocrx_word' id='word_1_192' title='bbox 1096 2736 1251 2805; x_wconf 90' lang='lat' dir='ltr'><strong>dicis,</strong></span> <span class='ocrx_word' id='word_1_193' title='bbox 1289 2738 1472 2794; x_wconf 86' lang='lat' dir='ltr'><strong>Annon</strong></span> <span class='ocrx_word' id='word_1_194' title='bbox 1513 2750 1585 2795; x_wconf 84' lang='lat' dir='ltr'><strong>est</strong></span> <span class='ocrx_word' id='word_1_195' title='bbox 1627 2741 1723 2794; x_wconf 88' lang='lat' dir='ltr'><strong>ista</strong></span> <span class='ocrx_word' id='word_1_196' title='bbox 1767 2742 2061 2812; x_wconf 89' lang='lat' dir='ltr'><strong>persecutio,</strong></span> 
     </span>
    </p>
   </div>
   <div class='ocr_carea' id='block_1_27' title="bbox 469 2826 2064 2897">
    <p class='ocr_par' dir='ltr' id='par_1_27' title="bbox 469 2826 2064 2897">
     <span class='ocr_line' id='line_1_27' title="bbox 469 2826 2064 2897; baseline 0.006 -16"><span class='ocrx_word' id='word_1_197' title='bbox 469 2841 584 2897; x_wconf 78' lang='lat' dir='ltr'><strong>qua:</strong></span> <span class='ocrx_word' id='word_1_198' title='bbox 610 2834 681 2881; x_wconf 92' lang='lat' dir='ltr'><strong>tot</strong></span> <span class='ocrx_word' id='word_1_199' title='bbox 707 2826 869 2882; x_wconf 83' lang='lat' dir='ltr'><strong>millia</strong></span> <span class='ocrx_word' id='word_1_200' title='bbox 897 2828 1220 2884; x_wconf 83' lang='lat' dir='ltr'><strong>innocentum</strong></span> <span class='ocrx_word' id='word_1_201' title='bbox 1245 2832 1456 2886; x_wconf 89' lang='lat' dir='ltr'><strong>arctavit</strong></span> <span class='ocrx_word' id='word_1_202' title='bbox 1488 2832 1557 2886; x_wconf 87' lang='lat' dir='ltr'><strong>ad</strong></span> <span class='ocrx_word' id='word_1_203' title='bbox 1593 2833 1844 2888; x_wconf 82' lang='lat' dir='ltr'><strong>mortem?</strong></span> <span class='ocrx_word' id='word_1_204' title='bbox 1867 2832 2064 2890; x_wconf 92' lang='lat' dir='ltr'><strong>Osten-</strong></span> 
     </span>
    </p>
   </div>
   <div class='ocr_carea' id='block_1_28' title="bbox 472 2919 2065 2997">
    <p class='ocr_par' dir='ltr' id='par_1_28' title="bbox 472 2919 2065 2997">
     <span class='ocr_line' id='line_1_28' title="bbox 472 2919 2065 2997; baseline 0.007 -22"><span class='ocrx_word' id='word_1_205' title='bbox 472 2919 581 2975; x_wconf 91' lang='lat' dir='ltr'><strong>dite</strong></span> <span class='ocrx_word' id='word_1_206' title='bbox 606 2921 876 2990; x_wconf 90' lang='lat' dir='ltr'><strong>quomodo</strong></span> <span class='ocrx_word' id='word_1_207' title='bbox 906 2922 1022 2978; x_wconf 87' lang='lat' dir='ltr'><strong>sitis</strong></span> <span class='ocrx_word' id='word_1_208' title='bbox 1052 2923 1388 2993; x_wconf 89' lang='lat' dir='ltr'><strong>innocentes,</strong></span> <span class='ocrx_word' id='word_1_209' title='bbox 1411 2925 1504 2997; x_wconf 89' lang='lat' dir='ltr'><strong>qui</strong></span> <span class='ocrx_word' id='word_1_210' title='bbox 1531 2924 1802 2982; x_wconf 86' lang='lat' dir='ltr'><strong>Christum</strong></span> <span class='ocrx_word' id='word_1_211' title='bbox 1829 2927 2065 2986; x_wconf 89' lang='lat' dir='ltr'><strong>dividitis</strong></span> 
     </span>
    </p>
   </div>
   <div class='ocr_carea' id='block_1_29' title="bbox 471 3013 2062 3088">
    <p class='ocr_par' dir='ltr' id='par_1_29' title="bbox 471 3013 2062 3088">
     <span class='ocr_line' id='line_1_29' title="bbox 471 3013 2062 3088; baseline 0.007 -21"><span class='ocrx_word' id='word_1_212' title='bbox 471 3020 527 3067; x_wconf 92' lang='lat' dir='ltr'><strong>et</strong></span> <span class='ocrx_word' id='word_1_213' title='bbox 567 3025 664 3067; x_wconf 91' lang='lat' dir='ltr'><strong>vos</strong></span> <span class='ocrx_word' id='word_1_214' title='bbox 709 3013 968 3069; x_wconf 88' lang='lat' dir='ltr'><strong>occiditis.</strong></span> <span class='ocrx_word' id='word_1_215' title='bbox 1019 3014 1297 3073; x_wconf 90' lang='lat' dir='ltr'><strong>Ostendite</strong></span> <span class='ocrx_word' id='word_1_216' title='bbox 1349 3019 1616 3088; x_wconf 89' lang='lat' dir='ltr'><strong>quomodo</strong></span> <span class='ocrx_word' id='word_1_217' title='bbox 1668 3021 1947 3076; x_wconf 89' lang='lat' dir='ltr'><strong>arctemini</strong></span> <span class='ocrx_word' id='word_1_218' title='bbox 1994 3023 2062 3078; x_wconf 88' lang='lat' dir='ltr'><strong>ad</strong></span> 
     </span>
    </p>
   </div>
   <div class='ocr_carea' id='block_1_30' title="bbox 473 3102 2062 3181">
    <p class='ocr_par' dir='ltr' id='par_1_30' title="bbox 473 3102 2062 3181">
     <span class='ocr_line' id='line_1_30' title="bbox 473 3102 2062 3181; baseline 0.008 -24"><span class='ocrx_word' id='word_1_219' title='bbox 473 3111 724 3170; x_wconf 87' lang='lat' dir='ltr'><strong>mortem,</strong></span> <span class='ocrx_word' id='word_1_220' title='bbox 753 3102 944 3174; x_wconf 86' lang='lat' dir='ltr'><strong>quibus</strong></span> <span class='ocrx_word' id='word_1_221' title='bbox 969 3104 1089 3178; x_wconf 88' lang='lat' dir='ltr'><strong>fuga</strong></span> <span class='ocrx_word' id='word_1_222' title='bbox 1116 3116 1168 3163; x_wconf 93' lang='lat' dir='ltr'><strong>et</strong></span> <span class='ocrx_word' id='word_1_223' title='bbox 1193 3108 1447 3165; x_wconf 90' lang='lat' dir='ltr'><strong>divinitus</strong></span> <span class='ocrx_word' id='word_1_224' title='bbox 1469 3110 1704 3181; x_wconf 90' lang='lat' dir='ltr'><strong>iubetur,</strong></span> <span class='ocrx_word' id='word_1_225' title='bbox 1735 3122 1789 3168; x_wconf 91' lang='lat' dir='ltr'><strong>et</strong></span> <span class='ocrx_word' id='word_1_226' title='bbox 1813 3115 2062 3170; x_wconf 88' lang='lat' dir='ltr'><strong>humani-</strong></span> 
     </span>
    </p>
   </div>
   <div class='ocr_carea' id='block_1_31' title="bbox 468 3195 2061 3272">
    <p class='ocr_par' dir='ltr' id='par_1_31' title="bbox 468 3195 2061 3272">
     <span class='ocr_line' id='line_1_31' title="bbox 468 3195 2061 3272; baseline 0.008 -23"><span class='ocrx_word' id='word_1_227' title='bbox 468 3200 554 3250; x_wconf 86' lang='lat' dir='ltr'><strong>tus</strong></span> <span class='ocrx_word' id='word_1_228' title='bbox 597 3195 886 3252; x_wconf 79' lang='lat' dir='ltr'><strong>relaxatur.</strong></span> <span class='ocrx_word' id='word_1_229' title='bbox 928 3197 1206 3256; x_wconf 90' lang='lat' dir='ltr'><strong>Ostendite</strong></span> <span class='ocrx_word' id='word_1_230' title='bbox 1241 3201 1684 3272; x_wconf 89' lang='lat' dir='ltr'><strong>quemadmodum</strong></span> <span class='ocrx_word' id='word_1_231' title='bbox 1728 3205 2061 3263; x_wconf 91' lang='lat' dir='ltr'><strong>caminorum</strong></span> 
     </span>
    </p>
   </div>
   <div class='ocr_carea' id='block_1_32' title="bbox 465 3289 2056 3370">
    <p class='ocr_par' dir='ltr' id='par_1_32' title="bbox 465 3289 2056 3370">
     <span class='ocr_line' id='line_1_32' title="bbox 465 3289 2056 3370; baseline 0.009 -28"><span class='ocrx_word' id='word_1_232' title='bbox 465 3289 784 3358; x_wconf 90' lang='lat' dir='ltr'><strong>compendio</strong></span> <span class='ocrx_word' id='word_1_233' title='bbox 810 3290 1016 3347; x_wconf 90' lang='lat' dir='ltr'><strong>animas</strong></span> <span class='ocrx_word' id='word_1_234' title='bbox 1041 3301 1244 3350; x_wconf 90' lang='lat' dir='ltr'><strong>vestras</strong></span> <span class='ocrx_word' id='word_1_235' title='bbox 1274 3309 1304 3350; x_wconf 93' lang='lat' dir='ltr'><strong>a</strong></span> <span class='ocrx_word' id='word_1_236' title='bbox 1330 3296 1781 3354; x_wconf 90' lang='lat' dir='ltr'><strong>contaminatione</strong></span> <span class='ocrx_word' id='word_1_237' title='bbox 1816 3298 2056 3370; x_wconf 90' lang='lat' dir='ltr'><strong>rapiatis,</strong></span> 
     </span>
    </p>
   </div>
   <div class='ocr_carea' id='block_1_33' title="bbox 465 3384 2060 3461">
    <p class='ocr_par' dir='ltr' id='par_1_33' title="bbox 465 3384 2060 3461">
     <span class='ocr_line' id='line_1_33' title="bbox 465 3384 2060 3461; baseline 0.009 -26"><span class='ocrx_word' id='word_1_238' title='bbox 465 3395 602 3451; x_wconf 90' lang='lat' dir='ltr'><strong>quos</strong></span> <span class='ocrx_word' id='word_1_239' title='bbox 638 3384 817 3453; x_wconf 92' lang='lat' dir='ltr'><strong>potius</strong></span> <span class='ocrx_word' id='word_1_240' title='bbox 843 3386 1176 3441; x_wconf 90' lang='lat' dir='ltr'><strong>caminorum</strong></span> <span class='ocrx_word' id='word_1_241' title='bbox 1209 3388 1488 3459; x_wconf 87' lang='lat' dir='ltr'><strong>sacrilegio</strong></span> <span class='ocrx_word' id='word_1_242' title='bbox 1520 3399 1767 3461; x_wconf 91' lang='lat' dir='ltr'><strong>tanquam</strong></span> <span class='ocrx_word' id='word_1_243' title='bbox 1797 3392 2060 3450; x_wconf 81' lang='lat' dir='ltr'><strong>diabolica</strong></span> 
     </span>
    </p>
   </div>
   <div class='ocr_carea' id='block_1_34' title="bbox 463 3473 2059 3556">
    <p class='ocr_par' dir='ltr' id='par_1_34' title="bbox 463 3473 2059 3556">
     <span class='ocr_line' id='line_1_34' title="bbox 463 3473 2059 3556; baseline 0.008 -28"><span class='ocrx_word' id='word_1_244' title='bbox 463 3473 728 3530; x_wconf 80' lang='lat' dir='ltr'><strong>sacrificio</strong></span> <span class='ocrx_word' id='word_1_245' title='bbox 753 3478 1297 3535; x_wconf 89' lang='lat' dir='ltr'><strong>contaminatissimas</strong></span> <span class='ocrx_word' id='word_1_246' title='bbox 1333 3479 1524 3536; x_wconf 88' lang='lat' dir='ltr'><strong>facitis.</strong></span> <span class='ocrx_word' id='word_1_247' title='bbox 1557 3483 1882 3556; x_wconf 87' lang='lat' dir='ltr'><strong>lnterrogate</strong></span> <span class='ocrx_word' id='word_1_248' title='bbox 1904 3484 2059 3541; x_wconf 88' lang='lat' dir='ltr'><strong>Chri-</strong></span> 
     </span>
    </p>
   </div>
   <div class='ocr_carea' id='block_1_35' title="bbox 466 3568 2056 3649">
    <p class='ocr_par' dir='ltr' id='par_1_35' title="bbox 466 3568 2056 3649">
     <span class='ocr_line' id='line_1_35' title="bbox 466 3568 2056 3649; baseline 0.007 -27"><span class='ocrx_word' id='word_1_249' title='bbox 466 3576 630 3634; x_wconf 89' lang='lat' dir='ltr'><strong>stum,</strong></span> <span class='ocrx_word' id='word_1_250' title='bbox 665 3568 816 3639; x_wconf 84' lang='lat' dir='ltr'><strong>jubet</strong></span> <span class='ocrx_word' id='word_1_251' title='bbox 853 3586 947 3628; x_wconf 90' lang='lat' dir='ltr'><strong>vos</strong></span> <span class='ocrx_word' id='word_1_252' title='bbox 989 3570 1203 3644; x_wconf 83' lang='lat' dir='ltr'><strong>fugere;</strong></span> <span class='ocrx_word' id='word_1_253' title='bbox 1235 3573 1561 3646; x_wconf 83' lang='lat' dir='ltr'><strong>interrogate</strong></span> <span class='ocrx_word' id='word_1_254' title='bbox 1590 3576 1904 3644; x_wconf 85' lang='lat' dir='ltr'><strong>Tribunum,</strong></span> <span class='ocrx_word' id='word_1_255' title='bbox 1939 3593 2056 3649; x_wconf 83' lang='lat' dir='ltr'><strong>per-</strong></span> 
     </span>
    </p>
   </div>
   <div class='ocr_carea' id='block_1_36' title="bbox 465 3661 2057 3743">
    <p class='ocr_par' dir='ltr' id='par_1_36' title="bbox 465 3661 2057 3743">
     <span class='ocr_line' id='line_1_36' title="bbox 465 3661 2057 3743; baseline 0.008 -27"><span class='ocrx_word' id='word_1_256' title='bbox 465 3661 627 3717; x_wconf 91' lang='lat' dir='ltr'><strong>mittit</strong></span> <span class='ocrx_word' id='word_1_257' title='bbox 672 3679 766 3719; x_wconf 91' lang='lat' dir='ltr'><strong>vos</strong></span> <span class='ocrx_word' id='word_1_258' title='bbox 812 3665 1015 3737; x_wconf 81' lang='lat' dir='ltr'><strong>fugere.</strong></span> <span class='ocrx_word' id='word_1_259' title='bbox 1045 3667 1103 3724; x_wconf 89' lang='lat' dir='ltr'><strong>Si</strong></span> <span class='ocrx_word' id='word_1_260' title='bbox 1150 3677 1204 3723; x_wconf 90' lang='lat' dir='ltr'><strong>et</strong></span> <span class='ocrx_word' id='word_1_261' title='bbox 1247 3669 1420 3738; x_wconf 91' lang='lat' dir='ltr'><strong>ipsum</strong></span> <span class='ocrx_word' id='word_1_262' title='bbox 1464 3669 1682 3725; x_wconf 84' lang='lat' dir='ltr'><strong>Raziam</strong></span> <span class='ocrx_word' id='word_1_263' title='bbox 1727 3671 2057 3743; x_wconf 84' lang='lat' dir='ltr'><strong>interrogare</strong></span> 
     </span>
    </p>
   </div>
   <div class='ocr_carea' id='block_1_37' title="bbox 463 3754 2051 3836">
    <p class='ocr_par' dir='ltr' id='par_1_37' title="bbox 463 3754 2051 3836">
     <span class='ocr_line' id='line_1_37' title="bbox 463 3754 2051 3836; baseline 0.006 -27"><span class='ocrx_word' id='word_1_264' title='bbox 463 3754 724 3824; x_wconf 87' lang='lat' dir='ltr'><strong>possetis,</strong></span> <span class='ocrx_word' id='word_1_265' title='bbox 765 3756 1118 3828; x_wconf 89' lang='lat' dir='ltr'><strong>responderet</strong></span> <span class='ocrx_word' id='word_1_266' title='bbox 1154 3760 1324 3828; x_wconf 91' lang='lat' dir='ltr'><strong>vobis,</strong></span> <span class='ocrx_word' id='word_1_267' title='bbox 1357 3759 1468 3832; x_wconf 86' lang='lat' dir='ltr'><strong>Ego</strong></span> <span class='ocrx_word' id='word_1_268' title='bbox 1511 3776 1618 3817; x_wconf 89' lang='lat' dir='ltr'><strong>non</strong></span> <span class='ocrx_word' id='word_1_269' title='bbox 1660 3763 1807 3833; x_wconf 91' lang='lat' dir='ltr'><strong>potui</strong></span> <span class='ocrx_word' id='word_1_270' title='bbox 1851 3762 2051 3836; x_wconf 85' lang='lat' dir='ltr'><strong>fugere.</strong></span> 
     </span>
    </p>
   </div>
   <div class='ocr_carea' id='block_1_38' title="bbox 462 3845 2053 3921">
    <p class='ocr_par' dir='ltr' id='par_1_38' title="bbox 462 3845 2053 3921">
     <span class='ocr_line' id='line_1_38' title="bbox 462 3845 2053 3921; baseline 0.01 -22"><span class='ocrx_word' id='word_1_271' title='bbox 462 3845 570 3902; x_wconf 80' lang='lat' dir='ltr'><strong>Vos</strong></span> <span class='ocrx_word' id='word_1_272' title='bbox 617 3863 745 3920; x_wconf 86' lang='lat' dir='ltr'><strong>ergo</strong></span> <span class='ocrx_word' id='word_1_273' title='bbox 788 3865 889 3906; x_wconf 94' lang='lat' dir='ltr'><strong>nec</strong></span> <span class='ocrx_word' id='word_1_274' title='bbox 928 3850 1196 3906; x_wconf 83' lang='lat' dir='ltr'><strong>Christum</strong></span> <span class='ocrx_word' id='word_1_275' title='bbox 1241 3853 1580 3921; x_wconf 81' lang='lat' dir='ltr'><strong>salvatorem,</strong></span> <span class='ocrx_word' id='word_1_276' title='bbox 1619 3872 1719 3912; x_wconf 93' lang='lat' dir='ltr'><strong>nec</strong></span> <span class='ocrx_word' id='word_1_277' title='bbox 1758 3856 2053 3915; x_wconf 89' lang='lat' dir='ltr'><strong>Tribunum</strong></span> 
     </span>
    </p>
   </div>
   <div class='ocr_carea' id='block_1_39' title="bbox 461 3943 1798 4009">
    <p class='ocr_par' dir='ltr' id='par_1_39' title="bbox 461 3943 1798 4009">
     <span class='ocr_line' id='line_1_39' title="bbox 461 3943 1798 4009; baseline 0.008 -16"><span class='ocrx_word' id='word_1_278' title='bbox 461 3951 878 4009; x_wconf 86' lang='lat' dir='ltr'><strong>persecutorem,</strong></span> <span class='ocrx_word' id='word_1_279' title='bbox 904 3959 1006 4000; x_wconf 92' lang='lat' dir='ltr'><strong>nec</strong></span> <span class='ocrx_word' id='word_1_280' title='bbox 1029 3943 1246 4001; x_wconf 83' lang='lat' dir='ltr'><strong>Raziam</strong></span> <span class='ocrx_word' id='word_1_281' title='bbox 1270 3956 1541 4004; x_wconf 89' lang='lat' dir='ltr'><strong>auctorem</strong></span> <span class='ocrx_word' id='word_1_282' title='bbox 1570 3948 1798 4006; x_wconf 86' lang='lat' dir='ltr'><strong>habetis.</strong></span> 
     </span>
    </p>
   </div>
   <div class='ocr_carea' id='block_1_40' title="bbox 527 4031 2052 4112">
    <p class='ocr_par' dir='ltr' id='par_1_40' title="bbox 527 4031 2052 4112">
     <span class='ocr_line' id='line_1_40' title="bbox 527 4031 2052 4112; baseline 0.01 -23"><span class='ocrx_word' id='word_1_283' title='bbox 527 4031 755 4091; x_wconf 82' lang='lat' dir='ltr'><strong>CAPUT</strong></span> <span class='ocrx_word' id='word_1_284' title='bbox 786 4034 1000 4092; x_wconf 81' lang='lat' dir='ltr'><strong>XXXII.</strong></span> <span class='ocrx_word' id='word_1_285' title='bbox 1031 4070 1103 4080; x_wconf 89' lang='lat'><strong>—</strong></span> <span class='ocrx_word' id='word_1_286' title='bbox 1129 4039 1218 4095; x_wconf 73' lang='grc'><strong>41.</strong></span> <span class='ocrx_word' id='word_1_287' title='bbox 1250 4039 1404 4109; x_wconf 85' lang='lat' dir='ltr'><strong>Quod</strong></span> <span class='ocrx_word' id='word_1_288' title='bbox 1443 4051 1619 4099; x_wconf 89' lang='lat' dir='ltr'><strong>autem</strong></span> <span class='ocrx_word' id='word_1_289' title='bbox 1644 4045 1861 4112; x_wconf 79' lang='lat' dir='ltr'><strong>dixisti,</strong></span> <span class='ocrx_word' id='word_1_290' title='bbox 1892 4053 1951 4102; x_wconf 95' lang='lat' dir='ltr'><strong>ut</strong></span> <span class='ocrx_word' id='word_1_291' title='bbox 1992 4062 2052 4104; x_wconf 91' lang='lat' dir='ltr'><strong>se</strong></span> 
     </span>
    </p>
   </div>
   <div class='ocr_carea' id='block_1_41' title="bbox 457 4122 2052 4210">
    <p class='ocr_par' dir='ltr' id='par_1_41' title="bbox 457 4122 2052 4210">
     <span class='ocr_line' id='line_1_41' title="bbox 457 4122 2052 4210; baseline 0.011 -32"><span class='ocrx_word' id='word_1_292' title='bbox 457 4122 600 4196; x_wconf 91' lang='lat' dir='ltr'><strong>ipsos</strong></span> <span class='ocrx_word' id='word_1_293' title='bbox 629 4128 793 4182; x_wconf 91' lang='lat' dir='ltr'><strong>vestri</strong></span> <span class='ocrx_word' id='word_1_294' title='bbox 819 4129 1140 4198; x_wconf 89' lang='lat' dir='ltr'><strong>occiderent,</strong></span> <span class='ocrx_word' id='word_1_295' title='bbox 1162 4147 1266 4187; x_wconf 91' lang='lat' dir='ltr'><strong>non</strong></span> <span class='ocrx_word' id='word_1_296' title='bbox 1294 4148 1388 4190; x_wconf 91' lang='lat' dir='ltr'><strong>eos</strong></span> <span class='ocrx_word' id='word_1_297' title='bbox 1415 4133 1610 4192; x_wconf 87' lang='lat' dir='ltr'><strong>frustra</strong></span> <span class='ocrx_word' id='word_1_298' title='bbox 1638 4137 1895 4205; x_wconf 91' lang='lat' dir='ltr'><strong>timuisse,</strong></span> <span class='ocrx_word' id='word_1_299' title='bbox 1918 4155 2052 4210; x_wconf 83' lang='lat' dir='ltr'><strong>quo-</strong></span> 
     </span>
    </p>
   </div>
   <div class='ocr_carea' id='block_1_42' title="bbox 456 4216 2046 4300">
    <p class='ocr_par' dir='ltr' id='par_1_42' title="bbox 456 4216 2046 4300">
     <span class='ocr_line' id='line_1_42' title="bbox 456 4216 2046 4300; baseline 0.01 -30"><span class='ocrx_word' id='word_1_300' title='bbox 456 4216 597 4272; x_wconf 89' lang='lat' dir='ltr'><strong>niam</strong></span> <span class='ocrx_word' id='word_1_301' title='bbox 615 4219 852 4290; x_wconf 88' lang='lat' dir='ltr'><strong>quisquis</strong></span> <span class='ocrx_word' id='word_1_302' title='bbox 879 4221 930 4276; x_wconf 93' lang='lat' dir='ltr'><strong>in</strong></span> <span class='ocrx_word' id='word_1_303' title='bbox 956 4232 1166 4280; x_wconf 91' lang='lat' dir='ltr'><strong>nostras</strong></span> <span class='ocrx_word' id='word_1_304' title='bbox 1182 4226 1264 4281; x_wconf 89' lang='lat' dir='ltr'><strong>vel</strong></span> <span class='ocrx_word' id='word_1_305' title='bbox 1294 4235 1598 4282; x_wconf 87' lang='lat' dir='ltr'><strong>nostrorum</strong></span> <span class='ocrx_word' id='word_1_306' title='bbox 1625 4244 1813 4284; x_wconf 88' lang='lat' dir='ltr'><strong>manus</strong></span> <span class='ocrx_word' id='word_1_307' title='bbox 1840 4231 2046 4300; x_wconf 88' lang='lat' dir='ltr'><strong>incidit,</strong></span> 
     </span>
    </p>
   </div>
   <div class='ocr_carea' id='block_1_43' title="bbox 457 4310 2050 4390">
    <p class='ocr_par' dir='ltr' id='par_1_43' title="bbox 457 4310 2050 4390">
     <span class='ocr_line' id='line_1_43' title="bbox 457 4310 2050 4390; baseline 0.01 -26"><span class='ocrx_word' id='word_1_308' title='bbox 457 4323 563 4364; x_wconf 91' lang='lat' dir='ltr'><strong>non</strong></span> <span class='ocrx_word' id='word_1_309' title='bbox 607 4310 794 4366; x_wconf 90' lang='lat' dir='ltr'><strong>evasit.</strong></span> <span class='ocrx_word' id='word_1_310' title='bbox 824 4312 961 4381; x_wconf 84' lang='lat' dir='ltr'><strong>Quid</strong></span> <span class='ocrx_word' id='word_1_311' title='bbox 999 4317 1265 4384; x_wconf 81' lang='lat' dir='ltr'><strong>evaserit,</strong></span> <span class='ocrx_word' id='word_1_312' title='bbox 1298 4319 1518 4390; x_wconf 69' lang='lat' dir='ltr'><strong>qurere?</strong></span> <span class='ocrx_word' id='word_1_313' title='bbox 1549 4319 1607 4375; x_wconf 92' lang='lat' dir='ltr'><strong>Si</strong></span> <span class='ocrx_word' id='word_1_314' title='bbox 1652 4331 1879 4377; x_wconf 89' lang='lat' dir='ltr'><strong>mortem</strong></span> <span class='ocrx_word' id='word_1_315' title='bbox 1903 4363 1917 4390; x_wconf 91' lang='lat'><strong>,</strong></span> <span class='ocrx_word' id='word_1_316' title='bbox 1952 4339 2050 4380; x_wconf 85' lang='lat' dir='ltr'><strong>cur</strong></span> 
     </span>
    </p>
   </div>
   <div class='ocr_carea' id='block_1_44' title="bbox 455 4402 2047 4481">
    <p class='ocr_par' dir='ltr' id='par_1_44' title="bbox 455 4402 2047 4481">
     <span class='ocr_line' id='line_1_44' title="bbox 455 4402 2047 4481; baseline 0.009 -21"><span class='ocrx_word' id='word_1_317' title='bbox 455 4416 574 4460; x_wconf 87' lang='lat' dir='ltr'><strong>eam</strong></span> <span class='ocrx_word' id='word_1_318' title='bbox 605 4402 760 4459; x_wconf 89' lang='lat' dir='ltr'><strong>vobis</strong></span> <span class='ocrx_word' id='word_1_319' title='bbox 787 4405 990 4462; x_wconf 89' lang='lat' dir='ltr'><strong>infertis</strong></span> <span class='ocrx_word' id='word_1_320' title='bbox 1016 4410 1258 4476; x_wconf 87' lang='lat' dir='ltr'><strong>manibus</strong></span> <span class='ocrx_word' id='word_1_321' title='bbox 1287 4414 1512 4481; x_wconf 90' lang='lat' dir='ltr'><strong>vestris,</strong></span> <span class='ocrx_word' id='word_1_322' title='bbox 1541 4414 1587 4470; x_wconf 90' lang='lat' dir='ltr'><strong>si</strong></span> <span class='ocrx_word' id='word_1_323' title='bbox 1617 4415 1755 4471; x_wconf 91' lang='lat' dir='ltr'><strong>hanc</strong></span> <span class='ocrx_word' id='word_1_324' title='bbox 1788 4417 1986 4473; x_wconf 89' lang='lat' dir='ltr'><strong>timetis</strong></span> <span class='ocrx_word' id='word_1_325' title='bbox 2016 4433 2047 4474; x_wconf 87' lang='lat' dir='ltr'><strong>a</strong></span> 
     </span>
    </p>
   </div>
   <div class='ocr_carea' id='block_1_45' title="bbox 453 4497 2042 4568">
    <p class='ocr_par' dir='ltr' id='par_1_45' title="bbox 453 4497 2042 4568">
     <span class='ocr_line' id='line_1_45' title="bbox 453 4497 2042 4568; baseline 0.009 -17"><span class='ocrx_word' id='word_1_326' title='bbox 453 4497 685 4553; x_wconf 83' lang='lat' dir='ltr'><strong>nostris?</strong></span> <span class='ocrx_word' id='word_1_327' title='bbox 707 4498 814 4555; x_wconf 92' lang='lat' dir='ltr'><strong>Sed</strong></span> <span class='ocrx_word' id='word_1_328' title='bbox 841 4501 1178 4557; x_wconf 87' lang='lat' dir='ltr'><strong>manifestum</strong></span> <span class='ocrx_word' id='word_1_329' title='bbox 1204 4513 1285 4560; x_wconf 91' lang='lat' dir='ltr'><strong>est</strong></span> <span class='ocrx_word' id='word_1_330' title='bbox 1310 4520 1416 4561; x_wconf 92' lang='lat' dir='ltr'><strong>non</strong></span> <span class='ocrx_word' id='word_1_331' title='bbox 1442 4507 1509 4563; x_wconf 93' lang='lat' dir='ltr'><strong>de</strong></span> <span class='ocrx_word' id='word_1_332' title='bbox 1535 4518 1707 4564; x_wconf 91' lang='lat' dir='ltr'><strong>morte</strong></span> <span class='ocrx_word' id='word_1_333' title='bbox 1728 4525 1823 4565; x_wconf 90' lang='lat' dir='ltr'><strong>vos</strong></span> <span class='ocrx_word' id='word_1_334' title='bbox 1844 4511 2042 4568; x_wconf 88' lang='lat' dir='ltr'><strong>dicere.</strong></span> 
     </span>
    </p>
   </div>
   <div class='ocr_carea' id='block_1_46' title="bbox 453 4585 2041 4673">
    <p class='ocr_par' dir='ltr' id='par_1_46' title="bbox 453 4585 2041 4673">
     <span class='ocr_line' id='line_1_46' title="bbox 453 4585 2041 4673; baseline 0.012 -33"><span class='ocrx_word' id='word_1_335' title='bbox 453 4585 584 4642; x_wconf 75' lang='lat' dir='ltr'><strong>Nam</strong></span> <span class='ocrx_word' id='word_1_336' title='bbox 608 4598 862 4661; x_wconf 75' lang='lat' dir='ltr'><strong>quantum</strong></span> <span class='ocrx_word' id='word_1_337' title='bbox 887 4592 1160 4662; x_wconf 90' lang='lat' dir='ltr'><strong>cupiamus</strong></span> <span class='ocrx_word' id='word_1_338' title='bbox 1181 4610 1276 4651; x_wconf 92' lang='lat' dir='ltr'><strong>vos</strong></span> <span class='ocrx_word' id='word_1_339' title='bbox 1295 4597 1474 4654; x_wconf 88' lang='lat' dir='ltr'><strong>vivere</strong></span> <span class='ocrx_word' id='word_1_340' title='bbox 1496 4641 1510 4666; x_wconf 91' lang='lat'><strong>,</strong></span> <span class='ocrx_word' id='word_1_341' title='bbox 1543 4601 1703 4654; x_wconf 90' lang='lat' dir='ltr'><strong>etiam</strong></span> <span class='ocrx_word' id='word_1_342' title='bbox 1730 4601 1829 4673; x_wconf 88' lang='lat' dir='ltr'><strong>ipsi</strong></span> <span class='ocrx_word' id='word_1_343' title='bbox 1855 4603 2003 4667; x_wconf 84' lang='lat' dir='ltr'><strong>scitis</strong></span> <span class='ocrx_word' id='word_1_344' title='bbox 2026 4621 2041 4668; x_wconf 87' lang='lat'><strong>;</strong></span> 
     </span>
    </p>
   </div>
   <div class='ocr_carea' id='block_1_47' title="bbox 455 4676 2046 4750">
    <p class='ocr_par' dir='ltr' id='par_1_47' title="bbox 455 4676 2046 4750">
     <span class='ocr_line' id='line_1_47' title="bbox 455 4676 2046 4750; baseline 0.012 -19"><span class='ocrx_word' id='word_1_345' title='bbox 455 4676 576 4732; x_wconf 90' lang='lat' dir='ltr'><strong>ideo</strong></span> <span class='ocrx_word' id='word_1_346' title='bbox 606 4693 704 4736; x_wconf 90' lang='lat' dir='ltr'><strong>nos</strong></span> <span class='ocrx_word' id='word_1_347' title='bbox 724 4679 790 4736; x_wconf 91' lang='lat' dir='ltr'><strong>de</strong></span> <span class='ocrx_word' id='word_1_348' title='bbox 812 4677 988 4738; x_wconf 85' lang='lat' dir='ltr'><strong>vestra</strong></span> <span class='ocrx_word' id='word_1_349' title='bbox 1016 4695 1189 4742; x_wconf 90' lang='lat' dir='ltr'><strong>morte</strong></span> <span class='ocrx_word' id='word_1_350' title='bbox 1213 4687 1444 4744; x_wconf 91' lang='lat' dir='ltr'><strong>terretis.</strong></span> <span class='ocrx_word' id='word_1_351' title='bbox 1476 4688 1706 4747; x_wconf 84' lang='lat' dir='ltr'><strong>Proinde</strong></span> <span class='ocrx_word' id='word_1_352' title='bbox 1734 4693 1778 4746; x_wconf 90' lang='lat' dir='ltr'><strong>si</strong></span> <span class='ocrx_word' id='word_1_353' title='bbox 1807 4708 2046 4750; x_wconf 90' lang='lat' dir='ltr'><strong>commu-</strong></span> 
     </span>
    </p>
   </div>
   <div class='ocr_carea' id='block_1_48' title="bbox 452 4768 2043 4853">
    <p class='ocr_par' dir='ltr' id='par_1_48' title="bbox 452 4768 2043 4853">
     <span class='ocr_line' id='line_1_48' title="bbox 452 4768 2043 4853; baseline 0.012 -31"><span class='ocrx_word' id='word_1_354' title='bbox 452 4768 668 4824; x_wconf 88' lang='lat' dir='ltr'><strong>nionem</strong></span> <span class='ocrx_word' id='word_1_355' title='bbox 696 4782 932 4829; x_wconf 90' lang='lat' dir='ltr'><strong>nostram</strong></span> <span class='ocrx_word' id='word_1_356' title='bbox 953 4773 1104 4841; x_wconf 90' lang='lat' dir='ltr'><strong>dicis,</strong></span> <span class='ocrx_word' id='word_1_357' title='bbox 1125 4776 1393 4835; x_wconf 89' lang='lat' dir='ltr'><strong>neminem</strong></span> <span class='ocrx_word' id='word_1_358' title='bbox 1411 4789 1647 4836; x_wconf 92' lang='lat' dir='ltr'><strong>vestrum</strong></span> <span class='ocrx_word' id='word_1_359' title='bbox 1664 4783 1752 4853; x_wconf 88' lang='lat' dir='ltr'><strong>qui</strong></span> <span class='ocrx_word' id='word_1_360' title='bbox 1779 4783 1830 4838; x_wconf 91' lang='lat' dir='ltr'><strong>in</strong></span> <span class='ocrx_word' id='word_1_361' title='bbox 1853 4800 2043 4842; x_wconf 89' lang='lat' dir='ltr'><strong>manus</strong></span> 
     </span>
    </p>
   </div>
   <div class='ocr_carea' id='block_1_49' title="bbox 453 4867 2042 4937">
    <p class='ocr_par' dir='ltr' id='par_1_49' title="bbox 453 4867 2042 4937">
     <span class='ocr_line' id='line_1_49' title="bbox 453 4867 2042 4937; baseline 0.013 -20"><span class='ocrx_word' id='word_1_362' title='bbox 453 4873 665 4919; x_wconf 89' lang='lat' dir='ltr'><strong>nostras</strong></span> <span class='ocrx_word' id='word_1_363' title='bbox 694 4867 874 4923; x_wconf 92' lang='lat' dir='ltr'><strong>incidit</strong></span> <span class='ocrx_word' id='word_1_364' title='bbox 903 4870 1157 4935; x_wconf 88' lang='lat' dir='ltr'><strong>evasisse,</strong></span> <span class='ocrx_word' id='word_1_365' title='bbox 1181 4873 1383 4928; x_wconf 86' lang='lat' dir='ltr'><strong>utinam</strong></span> <span class='ocrx_word' id='word_1_366' title='bbox 1411 4891 1592 4931; x_wconf 90' lang='lat' dir='ltr'><strong>verum</strong></span> <span class='ocrx_word' id='word_1_367' title='bbox 1623 4877 1850 4934; x_wconf 87' lang='lat' dir='ltr'><strong>diceres.</strong></span> <span class='ocrx_word' id='word_1_368' title='bbox 1878 4879 2042 4937; x_wconf 83' lang='lat' dir='ltr'><strong>Valde</strong></span> 
     </span>
    </p>
   </div>
   <div class='ocr_carea' id='block_1_50' title="bbox 454 4955 2044 5042">
    <p class='ocr_par' dir='ltr' id='par_1_50' title="bbox 454 4955 2044 5042">
     <span class='ocr_line' id='line_1_50' title="bbox 454 4955 2044 5042; baseline 0.013 -35"><span class='ocrx_word' id='word_1_369' title='bbox 454 4955 648 5026; x_wconf 88' lang='lat' dir='ltr'><strong>quippe</strong></span> <span class='ocrx_word' id='word_1_370' title='bbox 675 4955 899 5016; x_wconf 84' lang='lat' dir='ltr'><strong>feliciter</strong></span> <span class='ocrx_word' id='word_1_371' title='bbox 925 4977 1028 5017; x_wconf 90' lang='lat' dir='ltr'><strong>non</strong></span> <span class='ocrx_word' id='word_1_372' title='bbox 1054 4963 1341 5021; x_wconf 87' lang='lat' dir='ltr'><strong>evaderent</strong></span> <span class='ocrx_word' id='word_1_373' title='bbox 1367 4969 1796 5026; x_wconf 88' lang='lat' dir='ltr'><strong>communionem</strong></span> <span class='ocrx_word' id='word_1_374' title='bbox 1819 4986 1939 5042; x_wconf 76' lang='lat' dir='ltr'><strong>quae</strong></span> <span class='ocrx_word' id='word_1_375' title='bbox 1964 4971 2044 5026; x_wconf 85' lang='lat' dir='ltr'><strong>of-</strong></span> 
     </span>
    </p>
   </div>
   <div class='ocr_carea' id='block_1_51' title="bbox 451 5045 2040 5135">
    <p class='ocr_par' dir='ltr' id='par_1_51' title="bbox 451 5045 2040 5135">
     <span class='ocr_line' id='line_1_51' title="bbox 451 5045 2040 5135; baseline 0.012 -34"><span class='ocrx_word' id='word_1_376' title='bbox 451 5045 619 5103; x_wconf 81' lang='lat' dir='ltr'><strong>fertur</strong></span> <span class='ocrx_word' id='word_1_377' title='bbox 647 5063 677 5104; x_wconf 89' lang='lat' dir='ltr'><strong>a</strong></span> <span class='ocrx_word' id='word_1_378' title='bbox 707 5047 1025 5120; x_wconf 89' lang='lat' dir='ltr'><strong>Catholicis,</strong></span> <span class='ocrx_word' id='word_1_379' title='bbox 1074 5065 1129 5110; x_wconf 92' lang='lat' dir='ltr'><strong>ut</strong></span> <span class='ocrx_word' id='word_1_380' title='bbox 1157 5055 1444 5114; x_wconf 86' lang='lat' dir='ltr'><strong>evaderent</strong></span> <span class='ocrx_word' id='word_1_381' title='bbox 1480 5059 1874 5118; x_wconf 81' lang='lat' dir='ltr'><strong>damnationem</strong></span> <span class='ocrx_word' id='word_1_382' title='bbox 1921 5079 2040 5135; x_wconf 83' lang='lat' dir='ltr'><strong>quae</strong></span> 
     </span>
    </p>
   </div>
   <div class='ocr_carea' id='block_1_52' title="bbox 455 5142 2037 5226">
    <p class='ocr_par' dir='ltr' id='par_1_52' title="bbox 455 5142 2037 5226">
     <span class='ocr_line' id='line_1_52' title="bbox 455 5142 2037 5226; baseline 0.013 -33"><span class='ocrx_word' id='word_1_383' title='bbox 455 5153 673 5217; x_wconf 83' lang='lat' dir='ltr'><strong>paratur</strong></span> <span class='ocrx_word' id='word_1_384' title='bbox 693 5142 975 5216; x_wconf 64' lang='lat' dir='ltr'><strong>hmreticis.</strong></span> <span class='ocrx_word' id='word_1_385' title='bbox 998 5147 1102 5204; x_wconf 92' lang='lat' dir='ltr'><strong>Sed</strong></span> <span class='ocrx_word' id='word_1_386' title='bbox 1131 5149 1318 5206; x_wconf 82' lang='lat' dir='ltr'><strong>falsum</strong></span> <span class='ocrx_word' id='word_1_387' title='bbox 1358 5167 1477 5210; x_wconf 90' lang='lat' dir='ltr'><strong>esse</strong></span> <span class='ocrx_word' id='word_1_388' title='bbox 1502 5155 1643 5226; x_wconf 89' lang='lat' dir='ltr'><strong>quod</strong></span> <span class='ocrx_word' id='word_1_389' title='bbox 1666 5156 1830 5223; x_wconf 90' lang='lat' dir='ltr'><strong>dicis,</strong></span> <span class='ocrx_word' id='word_1_390' title='bbox 1859 5159 1940 5213; x_wconf 86' lang='lat' dir='ltr'><strong>vel</strong></span> <span class='ocrx_word' id='word_1_391' title='bbox 1970 5175 2037 5215; x_wconf 82' lang='lat' dir='ltr'><strong>ex</strong></span> 
     </span>
    </p>
   </div>
   <div class='ocr_carea' id='block_1_53' title="bbox 447 5235 2035 5318">
    <p class='ocr_par' dir='ltr' id='par_1_53' title="bbox 447 5235 2035 5318">
     <span class='ocr_line' id='line_1_53' title="bbox 447 5235 2035 5318; baseline 0.013 -30"><span class='ocrx_word' id='word_1_392' title='bbox 447 5246 628 5291; x_wconf 87' lang='lat' dir='ltr'><strong>vestro</strong></span> <span class='ocrx_word' id='word_1_393' title='bbox 654 5235 892 5294; x_wconf 84' lang='lat' dir='ltr'><strong>Emerito</strong></span> <span class='ocrx_word' id='word_1_394' title='bbox 912 5242 1145 5312; x_wconf 88' lang='lat' dir='ltr'><strong>cogitare</strong></span> <span class='ocrx_word' id='word_1_395' title='bbox 1175 5245 1427 5315; x_wconf 91' lang='lat' dir='ltr'><strong>potuisti,</strong></span> <span class='ocrx_word' id='word_1_396' title='bbox 1456 5248 1543 5318; x_wconf 93' lang='lat' dir='ltr'><strong>qui</strong></span> <span class='ocrx_word' id='word_1_397' title='bbox 1571 5264 1690 5303; x_wconf 90' lang='lat' dir='ltr'><strong>cum</strong></span> <span class='ocrx_word' id='word_1_398' title='bbox 1717 5252 1947 5307; x_wconf 88' lang='lat' dir='ltr'><strong>venisset</strong></span> <span class='ocrx_word' id='word_1_399' title='bbox 1969 5253 2035 5309; x_wconf 90' lang='lat' dir='ltr'><strong>ad</strong></span> 
     </span>
    </p>
   </div>
   <div class='ocr_carea' id='block_1_54' title="bbox 448 5329 2036 5411">
    <p class='ocr_par' dir='ltr' id='par_1_54' title="bbox 448 5329 2036 5411">
     <span class='ocr_line' id='line_1_54' title="bbox 448 5329 2036 5411; baseline 0.011 -27"><span class='ocrx_word' id='word_1_400' title='bbox 448 5343 547 5406; x_wconf 83' lang='lat' dir='ltr'><strong>nos</strong></span> <span class='ocrx_word' id='word_1_401' title='bbox 566 5371 581 5395; x_wconf 91' lang='lat'><strong>,</strong></span> <span class='ocrx_word' id='word_1_402' title='bbox 612 5329 818 5387; x_wconf 86' lang='lat' dir='ltr'><strong>facilius</strong></span> <span class='ocrx_word' id='word_1_403' title='bbox 846 5343 926 5389; x_wconf 91' lang='lat' dir='ltr'><strong>est</strong></span> <span class='ocrx_word' id='word_1_404' title='bbox 955 5337 1176 5392; x_wconf 89' lang='lat' dir='ltr'><strong>veritate</strong></span> <span class='ocrx_word' id='word_1_405' title='bbox 1214 5339 1488 5395; x_wconf 85' lang='lat' dir='ltr'><strong>convictus</strong></span> <span class='ocrx_word' id='word_1_406' title='bbox 1508 5382 1522 5408; x_wconf 93' lang='lat'><strong>,</strong></span> <span class='ocrx_word' id='word_1_407' title='bbox 1555 5357 1711 5411; x_wconf 91' lang='lat' dir='ltr'><strong>quam</strong></span> <span class='ocrx_word' id='word_1_408' title='bbox 1739 5347 2036 5401; x_wconf 88' lang='lat' dir='ltr'><strong>communi-</strong></span> 
     </span>
    </p>
   </div>
   <div class='ocr_carea' id='block_1_55' title="bbox 449 5424 2032 5503">
    <p class='ocr_par' dir='ltr' id='par_1_55' title="bbox 449 5424 2032 5503">
     <span class='ocr_line' id='line_1_55' title="bbox 449 5424 2032 5503; baseline 0.011 -27"><span class='ocrx_word' id='word_1_409' title='bbox 449 5435 572 5478; x_wconf 84' lang='lat' dir='ltr'><strong>care</strong></span> <span class='ocrx_word' id='word_1_410' title='bbox 588 5424 912 5493; x_wconf 87' lang='lat' dir='ltr'><strong>compulsus.</strong></span> <span class='ocrx_word' id='word_1_411' title='bbox 931 5426 1064 5483; x_wconf 87' lang='lat' dir='ltr'><strong>Sunt</strong></span> <span class='ocrx_word' id='word_1_412' title='bbox 1091 5438 1142 5484; x_wconf 89' lang='lat' dir='ltr'><strong>ct</strong></span> <span class='ocrx_word' id='word_1_413' title='bbox 1166 5429 1252 5485; x_wconf 90' lang='lat' dir='ltr'><strong>alii</strong></span> <span class='ocrx_word' id='word_1_414' title='bbox 1277 5429 1412 5485; x_wconf 87' lang='lat' dir='ltr'><strong>fama</strong></span> <span class='ocrx_word' id='word_1_415' title='bbox 1430 5432 1642 5503; x_wconf 91' lang='lat' dir='ltr'><strong>quidem</strong></span> <span class='ocrx_word' id='word_1_416' title='bbox 1666 5435 1918 5500; x_wconf 89' lang='lat' dir='ltr'><strong>minores,</strong></span> <span class='ocrx_word' id='word_1_417' title='bbox 1937 5437 2032 5493; x_wconf 88' lang='lat' dir='ltr'><strong>sed</strong></span> 
     </span>
    </p>
   </div>
   <div class='ocr_carea' id='block_1_56' title="bbox 445 5514 2033 5596">
    <p class='ocr_par' dir='ltr' id='par_1_56' title="bbox 445 5514 2033 5596">
     <span class='ocr_line' id='line_1_56' title="bbox 445 5514 2033 5596; baseline 0.011 -29"><span class='ocrx_word' id='word_1_418' title='bbox 445 5514 667 5571; x_wconf 86' lang='lat' dir='ltr'><strong>stultitia</strong></span> <span class='ocrx_word' id='word_1_419' title='bbox 694 5531 871 5588; x_wconf 88' lang='lat' dir='ltr'><strong>pares.</strong></span> <span class='ocrx_word' id='word_1_420' title='bbox 900 5517 1147 5591; x_wconf 90' lang='lat' dir='ltr'><strong>Quisquis</strong></span> <span class='ocrx_word' id='word_1_421' title='bbox 1168 5523 1308 5577; x_wconf 86' lang='lat' dir='ltr'><strong>enim</strong></span> <span class='ocrx_word' id='word_1_422' title='bbox 1337 5523 1433 5577; x_wconf 82' lang='lat' dir='ltr'><strong>fuit</strong></span> <span class='ocrx_word' id='word_1_423' title='bbox 1454 5523 1641 5579; x_wconf 90' lang='lat' dir='ltr'><strong>similis</strong></span> <span class='ocrx_word' id='word_1_424' title='bbox 1672 5527 1950 5596; x_wconf 87' lang='lat' dir='ltr'><strong>vanitatis,</strong></span> <span class='ocrx_word' id='word_1_425' title='bbox 1976 5537 2033 5585; x_wconf 87' lang='lat' dir='ltr'><strong>ut</strong></span> 
     </span>
    </p>
   </div>
   <div class='ocr_carea' id='block_1_57' title="bbox 445 5601 2030 5686">
    <p class='ocr_par' dir='ltr' id='par_1_57' title="bbox 445 5601 2030 5686">
     <span class='ocr_line' id='line_1_57' title="bbox 445 5601 2030 5686; baseline 0.009 -26"><span class='ocrx_word' id='word_1_426' title='bbox 445 5617 630 5662; x_wconf 90' lang='lat' dir='ltr'><strong>contra</strong></span> <span class='ocrx_word' id='word_1_427' title='bbox 654 5608 1137 5668; x_wconf 89' lang='lat' dir='ltr'><strong>manifestissimam</strong></span> <span class='ocrx_word' id='word_1_428' title='bbox 1163 5601 1436 5670; x_wconf 78' lang='lat' dir='ltr'><strong>veritatem</strong></span> <span class='ocrx_word' id='word_1_429' title='bbox 1461 5617 1858 5686; x_wconf 82' lang='lat' dir='ltr'><strong>perversissima</strong></span> <span class='ocrx_word' id='word_1_430' title='bbox 1883 5635 2030 5674; x_wconf 81' lang='lat' dir='ltr'><strong>vere-</strong></span> 
     </span>
    </p>
   </div>
   <div class='ocr_carea' id='block_1_58' title="bbox 443 5701 2025 5781">
    <p class='ocr_par' dir='ltr' id='par_1_58' title="bbox 443 5701 2025 5781">
     <span class='ocr_line' id='line_1_58' title="bbox 443 5701 2025 5781; baseline 0.009 -25"><span class='ocrx_word' id='word_1_431' title='bbox 443 5701 634 5757; x_wconf 88' lang='lat' dir='ltr'><strong>cundia</strong></span> <span class='ocrx_word' id='word_1_432' title='bbox 671 5702 824 5760; x_wconf 79' lang='lat' dir='ltr'><strong>fieret</strong></span> <span class='ocrx_word' id='word_1_433' title='bbox 855 5705 1095 5778; x_wconf 82' lang='lat' dir='ltr'><strong>pertinax</strong></span> <span class='ocrx_word' id='word_1_434' title='bbox 1117 5749 1132 5775; x_wconf 93' lang='lat'><strong>,</strong></span> <span class='ocrx_word' id='word_1_435' title='bbox 1176 5725 1294 5765; x_wconf 87' lang='lat' dir='ltr'><strong>cum</strong></span> <span class='ocrx_word' id='word_1_436' title='bbox 1333 5711 1505 5781; x_wconf 88' lang='lat' dir='ltr'><strong>putari</strong></span> <span class='ocrx_word' id='word_1_437' title='bbox 1541 5711 1806 5768; x_wconf 89' lang='lat' dir='ltr'><strong>erubescit</strong></span> <span class='ocrx_word' id='word_1_438' title='bbox 1842 5714 2025 5770; x_wconf 89' lang='lat' dir='ltr'><strong>incon-</strong></span> 
     </span>
    </p>
   </div>
   <div class='ocr_carea' id='block_1_59' title="bbox 375 5800 2028 5868">
    <p class='ocr_par' dir='ltr' id='par_1_59' title="bbox 375 5800 2028 5868">
     <span class='ocr_line' id='line_1_59' title="bbox 375 5800 2028 5868; baseline 0.008 -20"><span class='ocrx_word' id='word_1_439' title='bbox 375 5865 379 5868; x_wconf 14' lang='grc' dir='ltr'>ν</span> <span class='ocrx_word' id='word_1_440' title='bbox 442 5801 589 5849; x_wconf 89' lang='lat' dir='ltr'><strong>stans</strong></span> <span class='ocrx_word' id='word_1_441' title='bbox 609 5836 622 5860; x_wconf 92' lang='lat'><strong>,</strong></span> <span class='ocrx_word' id='word_1_442' title='bbox 655 5811 846 5866; x_wconf 82' lang='lat' dir='ltr'><strong>expers</strong></span> <span class='ocrx_word' id='word_1_443' title='bbox 875 5813 905 5853; x_wconf 91' lang='lat' dir='ltr'><strong>a</strong></span> <span class='ocrx_word' id='word_1_444' title='bbox 935 5800 1088 5855; x_wconf 89' lang='lat' dir='ltr'><strong>nobis</strong></span> <span class='ocrx_word' id='word_1_445' title='bbox 1109 5802 1385 5858; x_wconf 77' lang='lat' dir='ltr'><strong>catholicae</strong></span> <span class='ocrx_word' id='word_1_446' title='bbox 1407 5806 1795 5868; x_wconf 84' lang='lat' dir='ltr'><strong>communionis</strong></span> <span class='ocrx_word' id='word_1_447' title='bbox 1814 5805 2028 5862; x_wconf 90' lang='lat' dir='ltr'><strong>absces-</strong></span> 
     </span>
    </p>
   </div>
   <div class='ocr_carea' id='block_1_60' title="bbox 440 5887 2022 5984">
    <p class='ocr_par' dir='ltr' id='par_1_60' title="bbox 440 5887 2022 5984">
     <span class='ocr_line' id='line_1_60' title="bbox 440 5887 2022 5984; baseline 0.009 -41"><span class='ocrx_word' id='word_1_448' title='bbox 440 5888 528 5944; x_wconf 86' lang='lat' dir='ltr'><strong>sit.</strong></span> <span class='ocrx_word' id='word_1_449' title='bbox 558 5887 665 5947; x_wconf 89' lang='lat' dir='ltr'><strong>Sed</strong></span> <span class='ocrx_word' id='word_1_450' title='bbox 689 5889 811 5949; x_wconf 90' lang='lat' dir='ltr'><strong>ideo</strong></span> <span class='ocrx_word' id='word_1_451' title='bbox 830 5891 1048 5960; x_wconf 81' lang='lat' dir='ltr'><strong>dixisti,</strong></span> <span class='ocrx_word' id='word_1_452' title='bbox 1083 5892 1319 5984; x_wconf 80' lang='lat' dir='ltr'><strong>Quisquis</strong></span> <span class='ocrx_word' id='word_1_453' title='bbox 1342 5897 1396 5953; x_wconf 88' lang='lat' dir='ltr'><strong>in</strong></span> <span class='ocrx_word' id='word_1_454' title='bbox 1413 5914 1586 5956; x_wconf 88' lang='lat' dir='ltr'><strong>eorum</strong></span> <span class='ocrx_word' id='word_1_455' title='bbox 1609 5916 1787 5956; x_wconf 84' lang='lat' dir='ltr'><strong>manus</strong></span> <span class='ocrx_word' id='word_1_456' title='bbox 1806 5900 1982 5956; x_wconf 80' lang='lat' dir='ltr'><strong>incidit</strong></span> <span class='ocrx_word' id='word_1_457' title='bbox 2005 5939 2022 5965; x_wconf 84' lang='lat'><strong>,</strong></span> 
     </span>
    </p>
   </div>
   <div class='ocr_carea' id='block_1_61' title="bbox 1499 381 2770 452">
    <p class='ocr_par' dir='ltr' id='par_1_61' title="bbox 1499 381 2770 452">
     <span class='ocr_line' id='line_1_61' title="bbox 1499 381 2770 452; baseline 0.004 -12"><span class='ocrx_word' id='word_1_458' title='bbox 1499 382 1771 440; x_wconf 86' lang='lat' dir='ltr'><strong>CONTRA</strong></span> <span class='ocrx_word' id='word_1_459' title='bbox 1810 381 2278 452; x_wconf 76' lang='lat' dir='ltr'><strong>GAUDENTIUM,</strong></span> <span class='ocrx_word' id='word_1_460' title='bbox 2311 383 2370 440; x_wconf 87' lang='lat' dir='ltr'><strong>S.</strong></span> <span class='ocrx_word' id='word_1_461' title='bbox 2399 383 2770 444; x_wconf 83' lang='lat' dir='ltr'><strong>AUGUSTINI</strong></span> 
     </span>
    </p>
   </div>
   <div class='ocr_carea' id='block_1_62' title="bbox 2187 499 3784 586">
    <p class='ocr_par' dir='ltr' id='par_1_62' title="bbox 2187 499 3784 586">
     <span class='ocr_line' id='line_1_62' title="bbox 2187 499 3784 586; baseline 0.02 -34"><span class='ocrx_word' id='word_1_462' title='bbox 2187 515 2290 554; x_wconf 87' lang='lat' dir='ltr'><strong>non</strong></span> <span class='ocrx_word' id='word_1_463' title='bbox 2315 499 2503 567; x_wconf 83' lang='lat' dir='ltr'><strong>evasit;</strong></span> <span class='ocrx_word' id='word_1_464' title='bbox 2529 504 2783 575; x_wconf 88' lang='lat' dir='ltr'><strong>quoniam</strong></span> <span class='ocrx_word' id='word_1_465' title='bbox 2815 507 3165 578; x_wconf 83' lang='lat' dir='ltr'><strong>paucissimos</strong></span> <span class='ocrx_word' id='word_1_466' title='bbox 3189 513 3544 586; x_wconf 78' lang='lat' dir='ltr'><strong>apertissime</strong></span> <span class='ocrx_word' id='word_1_467' title='bbox 3565 523 3784 585; x_wconf 78' lang='lat' dir='ltr'><strong>veritati</strong></span> 
     </span>
    </p>
   </div>
   <div class='ocr_carea' id='block_1_63' title="bbox 2185 597 3784 676">
    <p class='ocr_par' dir='ltr' id='par_1_63' title="bbox 2185 597 3784 676">
     <span class='ocr_line' id='line_1_63' title="bbox 2185 597 3784 676; baseline 0.018 -29"><span class='ocrx_word' id='word_1_468' title='bbox 2185 604 2591 664; x_wconf 86' lang='lat' dir='ltr'><strong>perseveranter</strong></span> <span class='ocrx_word' id='word_1_469' title='bbox 2608 597 2920 656; x_wconf 89' lang='lat' dir='ltr'><strong>resistentes</strong></span> <span class='ocrx_word' id='word_1_470' title='bbox 2939 610 2993 656; x_wconf 90' lang='lat' dir='ltr'><strong>et</strong></span> <span class='ocrx_word' id='word_1_471' title='bbox 3006 601 3345 665; x_wconf 86' lang='lat' dir='ltr'><strong>discedentes</strong></span> <span class='ocrx_word' id='word_1_472' title='bbox 3365 609 3537 669; x_wconf 80' lang='lat' dir='ltr'><strong>latere</strong></span> <span class='ocrx_word' id='word_1_473' title='bbox 3551 615 3784 676; x_wconf 84' lang='lat' dir='ltr'><strong>arbitra-</strong></span> 
     </span>
    </p>
   </div>
   <div class='ocr_carea' id='block_1_64' title="bbox 2185 687 3782 776">
    <p class='ocr_par' dir='ltr' id='par_1_64' title="bbox 2185 687 3782 776">
     <span class='ocr_line' id='line_1_64' title="bbox 2185 687 3782 776; baseline 0.018 -34"><span class='ocrx_word' id='word_1_474' title='bbox 2185 693 2272 742; x_wconf 90' lang='lat' dir='ltr'><strong>tus</strong></span> <span class='ocrx_word' id='word_1_475' title='bbox 2291 703 2370 745; x_wconf 85' lang='lat' dir='ltr'><strong>es.</strong></span> <span class='ocrx_word' id='word_1_476' title='bbox 2394 687 2503 746; x_wconf 91' lang='lat' dir='ltr'><strong>Sed</strong></span> <span class='ocrx_word' id='word_1_477' title='bbox 2526 689 2762 748; x_wconf 91' lang='lat' dir='ltr'><strong>Emerito</strong></span> <span class='ocrx_word' id='word_1_478' title='bbox 2783 693 2957 751; x_wconf 90' lang='lat' dir='ltr'><strong>fecisti</strong></span> <span class='ocrx_word' id='word_1_479' title='bbox 2977 699 3271 756; x_wconf 90' lang='lat' dir='ltr'><strong>secundum</strong></span> <span class='ocrx_word' id='word_1_480' title='bbox 3289 718 3386 759; x_wconf 90' lang='lat' dir='ltr'><strong>vos</strong></span> <span class='ocrx_word' id='word_1_481' title='bbox 3406 705 3782 776; x_wconf 79' lang='lat' dir='ltr'><strong>gravissimam</strong></span> 
     </span>
    </p>
   </div>
   <div class='ocr_carea' id='block_1_65' title="bbox 2183 779 3777 877">
    <p class='ocr_par' dir='ltr' id='par_1_65' title="bbox 2183 779 3777 877">
     <span class='ocr_line' id='line_1_65' title="bbox 2183 779 3777 877; baseline 0.018 -43"><span class='ocrx_word' id='word_1_482' title='bbox 2183 779 2432 850; x_wconf 88' lang='lat' dir='ltr'><strong>iniuriam</strong></span> <span class='ocrx_word' id='word_1_483' title='bbox 2453 824 2468 849; x_wconf 95' lang='lat'><strong>,</strong></span> <span class='ocrx_word' id='word_1_484' title='bbox 2501 783 2592 854; x_wconf 92' lang='lat' dir='ltr'><strong>qui</strong></span> <span class='ocrx_word' id='word_1_485' title='bbox 2617 785 2848 855; x_wconf 84' lang='lat' dir='ltr'><strong>perdidit</strong></span> <span class='ocrx_word' id='word_1_486' title='bbox 2886 789 3026 858; x_wconf 85' lang='lat' dir='ltr'><strong>apud</strong></span> <span class='ocrx_word' id='word_1_487' title='bbox 3057 799 3110 848; x_wconf 90' lang='lat' dir='ltr'><strong>te</strong></span> <span class='ocrx_word' id='word_1_488' title='bbox 3145 793 3358 853; x_wconf 72' lang='lat' dir='ltr'><strong>duritiae</strong></span> <span class='ocrx_word' id='word_1_489' title='bbox 3381 813 3495 856; x_wconf 72' lang='lat' dir='ltr'><strong>suae</strong></span> <span class='ocrx_word' id='word_1_490' title='bbox 3521 801 3737 863; x_wconf 88' lang='lat' dir='ltr'><strong>laudem</strong></span> <span class='ocrx_word' id='word_1_491' title='bbox 3759 852 3777 877; x_wconf 90' lang='lat'><strong>,</strong></span> 
     </span>
    </p>
   </div>
   <div class='ocr_carea' id='block_1_66' title="bbox 2185 875 3782 959">
    <p class='ocr_par' dir='ltr' id='par_1_66' title="bbox 2185 875 3782 959">
     <span class='ocr_line' id='line_1_66' title="bbox 2185 875 3782 959; baseline 0.019 -32"><span class='ocrx_word' id='word_1_492' title='bbox 2185 882 2434 945; x_wconf 91' lang='lat' dir='ltr'><strong>tanquam</strong></span> <span class='ocrx_word' id='word_1_493' title='bbox 2456 875 2653 935; x_wconf 83' lang='lat' dir='ltr'><strong>frustra</strong></span> <span class='ocrx_word' id='word_1_494' title='bbox 2673 894 2792 937; x_wconf 90' lang='lat' dir='ltr'><strong>esse</strong></span> <span class='ocrx_word' id='word_1_495' title='bbox 2812 882 3039 940; x_wconf 88' lang='lat' dir='ltr'><strong>voluerit</strong></span> <span class='ocrx_word' id='word_1_496' title='bbox 3057 885 3200 943; x_wconf 92' lang='lat' dir='ltr'><strong>inter</strong></span> <span class='ocrx_word' id='word_1_497' title='bbox 3219 903 3416 958; x_wconf 91' lang='lat' dir='ltr'><strong>paucos</strong></span> <span class='ocrx_word' id='word_1_498' title='bbox 3435 897 3648 953; x_wconf 72' lang='lat' dir='ltr'><strong>veritati</strong></span> <span class='ocrx_word' id='word_1_499' title='bbox 3670 875 3782 959; x_wconf 82' lang='lat' dir='ltr'><strong>non</strong></span> 
     </span>
    </p>
   </div>
   <div class='ocr_carea' id='block_1_67' title="bbox 2184 968 3780 1052">
    <p class='ocr_par' dir='ltr' id='par_1_67' title="bbox 2184 968 3780 1052">
     <span class='ocr_line' id='line_1_67' title="bbox 2184 968 3780 1052; baseline 0.021 -33"><span class='ocrx_word' id='word_1_500' title='bbox 2184 968 2615 1037; x_wconf 89' lang='lat' dir='ltr'><strong>consentientes,</strong></span> <span class='ocrx_word' id='word_1_501' title='bbox 2647 972 2770 1042; x_wconf 90' lang='lat' dir='ltr'><strong>quia</strong></span> <span class='ocrx_word' id='word_1_502' title='bbox 2817 973 3062 1046; x_wconf 89' lang='lat' dir='ltr'><strong>deputari</strong></span> <span class='ocrx_word' id='word_1_503' title='bbox 3110 982 3307 1036; x_wconf 92' lang='lat' dir='ltr'><strong>meruit</strong></span> <span class='ocrx_word' id='word_1_504' title='bbox 3334 983 3476 1042; x_wconf 91' lang='lat' dir='ltr'><strong>inter</strong></span> <span class='ocrx_word' id='word_1_505' title='bbox 3524 989 3780 1052; x_wconf 88' lang='lat' dir='ltr'><strong>latentes.</strong></span> 
     </span>
    </p>
   </div>
   <div class='ocr_carea' id='block_1_68' title="bbox 2183 1055 3782 1152">
    <p class='ocr_par' dir='ltr' id='par_1_68' title="bbox 2183 1055 3782 1152">
     <span class='ocr_line' id='line_1_68' title="bbox 2183 1055 3782 1152; baseline 0.021 -42"><span class='ocrx_word' id='word_1_506' title='bbox 2183 1055 2314 1125; x_wconf 90' lang='lat' dir='ltr'><strong>Quis</strong></span> <span class='ocrx_word' id='word_1_507' title='bbox 2337 1068 2578 1116; x_wconf 91' lang='lat' dir='ltr'><strong>nostrum</strong></span> <span class='ocrx_word' id='word_1_508' title='bbox 2606 1077 2712 1118; x_wconf 92' lang='lat' dir='ltr'><strong>non</strong></span> <span class='ocrx_word' id='word_1_509' title='bbox 2753 1075 2805 1121; x_wconf 92' lang='lat' dir='ltr'><strong>te</strong></span> <span class='ocrx_word' id='word_1_510' title='bbox 2827 1067 3011 1123; x_wconf 91' lang='lat' dir='ltr'><strong>credat</strong></span> <span class='ocrx_word' id='word_1_511' title='bbox 3037 1068 3278 1130; x_wconf 92' lang='lat' dir='ltr'><strong>invidere</strong></span> <span class='ocrx_word' id='word_1_512' title='bbox 3316 1078 3576 1152; x_wconf 64' lang='lat' dir='ltr'><strong>collegae?</strong></span> <span class='ocrx_word' id='word_1_513' title='bbox 3602 1085 3710 1141; x_wconf 87' lang='lat' dir='ltr'><strong>Aut</strong></span> <span class='ocrx_word' id='word_1_514' title='bbox 3731 1088 3782 1145; x_wconf 90' lang='lat' dir='ltr'><strong>si</strong></span> 
     </span>
    </p>
   </div>
   <div class='ocr_carea' id='block_1_69' title="bbox 2182 1152 3777 1250">
    <p class='ocr_par' dir='ltr' id='par_1_69' title="bbox 2182 1152 3777 1250">
     <span class='ocr_line' id='line_1_69' title="bbox 2182 1152 3777 1250; baseline 0.018 -43"><span class='ocrx_word' id='word_1_515' title='bbox 2182 1166 2290 1209; x_wconf 90' lang='lat' dir='ltr'><strong>non</strong></span> <span class='ocrx_word' id='word_1_516' title='bbox 2315 1152 2552 1224; x_wconf 90' lang='lat' dir='ltr'><strong>invides,</strong></span> <span class='ocrx_word' id='word_1_517' title='bbox 2581 1157 2812 1216; x_wconf 91' lang='lat' dir='ltr'><strong>imitare.</strong></span> <span class='ocrx_word' id='word_1_518' title='bbox 2855 1160 2990 1218; x_wconf 82' lang='lat' dir='ltr'><strong>Veni</strong></span> <span class='ocrx_word' id='word_1_519' title='bbox 3016 1164 3084 1220; x_wconf 88' lang='lat' dir='ltr'><strong>ad</strong></span> <span class='ocrx_word' id='word_1_520' title='bbox 3112 1181 3209 1221; x_wconf 90' lang='lat' dir='ltr'><strong>nos</strong></span> <span class='ocrx_word' id='word_1_521' title='bbox 3235 1177 3289 1224; x_wconf 84' lang='lat' dir='ltr'><strong>et</strong></span> <span class='ocrx_word' id='word_1_522' title='bbox 3327 1179 3418 1242; x_wconf 92' lang='lat' dir='ltr'><strong>tu,</strong></span> <span class='ocrx_word' id='word_1_523' title='bbox 3451 1175 3593 1232; x_wconf 89' lang='lat' dir='ltr'><strong>sicut</strong></span> <span class='ocrx_word' id='word_1_524' title='bbox 3622 1179 3777 1250; x_wconf 87' lang='lat' dir='ltr'><strong>ipse;</strong></span> 
     </span>
    </p>
   </div>
   <div class='ocr_carea' id='block_1_70' title="bbox 2180 1248 3778 1342">
    <p class='ocr_par' dir='ltr' id='par_1_70' title="bbox 2180 1248 3778 1342">
     <span class='ocr_line' id='line_1_70' title="bbox 2180 1248 3778 1342; baseline 0.019 -41"><span class='ocrx_word' id='word_1_525' title='bbox 2180 1248 2303 1303; x_wconf 92' lang='lat' dir='ltr'><strong>audi</strong></span> <span class='ocrx_word' id='word_1_526' title='bbox 2329 1249 2471 1321; x_wconf 90' lang='lat' dir='ltr'><strong>quod</strong></span> <span class='ocrx_word' id='word_1_527' title='bbox 2487 1251 2733 1322; x_wconf 87' lang='lat' dir='ltr'><strong>dicimus,</strong></span> <span class='ocrx_word' id='word_1_528' title='bbox 2754 1255 2895 1311; x_wconf 87' lang='lat' dir='ltr'><strong>sicut</strong></span> <span class='ocrx_word' id='word_1_529' title='bbox 2918 1256 3061 1328; x_wconf 92' lang='lat' dir='ltr'><strong>ipse;</strong></span> <span class='ocrx_word' id='word_1_530' title='bbox 3087 1263 3351 1331; x_wconf 90' lang='lat' dir='ltr'><strong>responde</strong></span> <span class='ocrx_word' id='word_1_531' title='bbox 3369 1267 3415 1322; x_wconf 90' lang='lat' dir='ltr'><strong>si</strong></span> <span class='ocrx_word' id='word_1_532' title='bbox 3437 1279 3612 1339; x_wconf 91' lang='lat' dir='ltr'><strong>potes,</strong></span> <span class='ocrx_word' id='word_1_533' title='bbox 3633 1248 3778 1342; x_wconf 76' lang='lat' dir='ltr'><strong>quod</strong></span> 
     </span>
    </p>
   </div>
   <div class='ocr_carea' id='block_1_71' title="bbox 2181 1344 3780 1428">
    <p class='ocr_par' dir='ltr' id='par_1_71' title="bbox 2181 1344 3780 1428">
     <span class='ocr_line' id='line_1_71' title="bbox 2181 1344 3780 1428; baseline 0.018 -33"><span class='ocrx_word' id='word_1_534' title='bbox 2181 1356 2287 1397; x_wconf 92' lang='lat' dir='ltr'><strong>non</strong></span> <span class='ocrx_word' id='word_1_535' title='bbox 2315 1344 2484 1413; x_wconf 92' lang='lat' dir='ltr'><strong>potuit</strong></span> <span class='ocrx_word' id='word_1_536' title='bbox 2508 1345 2644 1415; x_wconf 91' lang='lat' dir='ltr'><strong>ipse.</strong></span> <span class='ocrx_word' id='word_1_537' title='bbox 2673 1345 2731 1403; x_wconf 86' lang='lat' dir='ltr'><strong>Si</strong></span> <span class='ocrx_word' id='word_1_538' title='bbox 2761 1358 2941 1404; x_wconf 87' lang='lat' dir='ltr'><strong>autem</strong></span> <span class='ocrx_word' id='word_1_539' title='bbox 2968 1366 3068 1408; x_wconf 91' lang='lat' dir='ltr'><strong>nec</strong></span> <span class='ocrx_word' id='word_1_540' title='bbox 3096 1357 3424 1426; x_wconf 88' lang='lat' dir='ltr'><strong>respondere</strong></span> <span class='ocrx_word' id='word_1_541' title='bbox 3443 1402 3459 1428; x_wconf 90' lang='lat'><strong>,</strong></span> <span class='ocrx_word' id='word_1_542' title='bbox 3492 1377 3593 1418; x_wconf 88' lang='lat' dir='ltr'><strong>nec</strong></span> <span class='ocrx_word' id='word_1_543' title='bbox 3625 1379 3780 1422; x_wconf 88' lang='lat' dir='ltr'><strong>eom-</strong></span> 
     </span>
    </p>
   </div>
   <div class='ocr_carea' id='block_1_72' title="bbox 2181 1435 3778 1519">
    <p class='ocr_par' dir='ltr' id='par_1_72' title="bbox 2181 1435 3778 1519">
     <span class='ocr_line' id='line_1_72' title="bbox 2181 1435 3778 1519; baseline 0.017 -32"><span class='ocrx_word' id='word_1_544' title='bbox 2181 1435 2454 1492; x_wconf 89' lang='lat' dir='ltr'><strong>municare</strong></span> <span class='ocrx_word' id='word_1_545' title='bbox 2486 1437 2721 1496; x_wconf 86' lang='lat' dir='ltr'><strong>volueris</strong></span> <span class='ocrx_word' id='word_1_546' title='bbox 2740 1482 2756 1509; x_wconf 92' lang='lat'><strong>,</strong></span> <span class='ocrx_word' id='word_1_547' title='bbox 2787 1440 3006 1500; x_wconf 91' lang='lat' dir='ltr'><strong>discede</strong></span> <span class='ocrx_word' id='word_1_548' title='bbox 3025 1486 3041 1513; x_wconf 92' lang='lat'><strong>,</strong></span> <span class='ocrx_word' id='word_1_549' title='bbox 3072 1445 3210 1502; x_wconf 89' lang='lat' dir='ltr'><strong>sicut</strong></span> <span class='ocrx_word' id='word_1_550' title='bbox 3235 1448 3368 1519; x_wconf 90' lang='lat' dir='ltr'><strong>ipse.</strong></span> <span class='ocrx_word' id='word_1_551' title='bbox 3413 1452 3550 1509; x_wconf 87' lang='lat' dir='ltr'><strong>Ecce</strong></span> <span class='ocrx_word' id='word_1_552' title='bbox 3573 1455 3667 1511; x_wconf 90' lang='lat' dir='ltr'><strong>ille</strong></span> <span class='ocrx_word' id='word_1_553' title='bbox 3707 1457 3778 1514; x_wconf 93' lang='lat' dir='ltr'><strong>de</strong></span> 
     </span>
    </p>
   </div>
   <div class='ocr_carea' id='block_1_73' title="bbox 2181 1527 3780 1617">
    <p class='ocr_par' dir='ltr' id='par_1_73' title="bbox 2181 1527 3780 1617">
     <span class='ocr_line' id='line_1_73' title="bbox 2181 1527 3780 1617; baseline 0.016 -36"><span class='ocrx_word' id='word_1_554' title='bbox 2181 1527 2378 1583; x_wconf 85' lang='lat' dir='ltr'><strong>nostris</strong></span> <span class='ocrx_word' id='word_1_555' title='bbox 2394 1530 2641 1588; x_wconf 89' lang='lat' dir='ltr'><strong>manibus</strong></span> <span class='ocrx_word' id='word_1_556' title='bbox 2657 1532 2854 1589; x_wconf 77' lang='lat' dir='ltr'><strong>illzesus</strong></span> <span class='ocrx_word' id='word_1_557' title='bbox 2871 1535 3148 1594; x_wconf 89' lang='lat' dir='ltr'><strong>abscessit.</strong></span> <span class='ocrx_word' id='word_1_558' title='bbox 3169 1540 3246 1596; x_wconf 89' lang='lat' dir='ltr'><strong>Tu</strong></span> <span class='ocrx_word' id='word_1_559' title='bbox 3264 1559 3432 1614; x_wconf 89' lang='lat' dir='ltr'><strong>quare</strong></span> <span class='ocrx_word' id='word_1_560' title='bbox 3446 1545 3606 1613; x_wconf 90' lang='lat' dir='ltr'><strong>dicis,</strong></span> <span class='ocrx_word' id='word_1_561' title='bbox 3631 1548 3780 1617; x_wconf 84' lang='lat' dir='ltr'><strong>Quis-</strong></span> 
     </span>
    </p>
   </div>
   <div class='ocr_carea' id='block_1_74' title="bbox 2179 1622 3778 1700">
    <p class='ocr_par' dir='ltr' id='par_1_74' title="bbox 2179 1622 3778 1700">
     <span class='ocr_line' id='line_1_74' title="bbox 2179 1622 3778 1700; baseline 0.016 -26"><span class='ocrx_word' id='word_1_562' title='bbox 2179 1622 2291 1692; x_wconf 85' lang='lat' dir='ltr'><strong>quis</strong></span> <span class='ocrx_word' id='word_1_563' title='bbox 2313 1623 2364 1677; x_wconf 92' lang='lat' dir='ltr'><strong>in</strong></span> <span class='ocrx_word' id='word_1_564' title='bbox 2385 1640 2558 1680; x_wconf 88' lang='lat' dir='ltr'><strong>eorum</strong></span> <span class='ocrx_word' id='word_1_565' title='bbox 2584 1644 2765 1683; x_wconf 85' lang='lat' dir='ltr'><strong>manus</strong></span> <span class='ocrx_word' id='word_1_566' title='bbox 2790 1630 3003 1700; x_wconf 88' lang='lat' dir='ltr'><strong>incidit,</strong></span> <span class='ocrx_word' id='word_1_567' title='bbox 3035 1649 3136 1688; x_wconf 90' lang='lat' dir='ltr'><strong>non</strong></span> <span class='ocrx_word' id='word_1_568' title='bbox 3160 1636 3315 1690; x_wconf 78' lang='lat' dir='ltr'><strong>evasit</strong></span> <span class='ocrx_word' id='word_1_569' title='bbox 3331 1637 3358 1690; x_wconf 65' lang='grc' dir='ltr'><em>ἵ</em></span> <span class='ocrx_word' id='word_1_570' title='bbox 3384 1639 3525 1696; x_wconf 89' lang='lat' dir='ltr'><strong>Ecce</strong></span> <span class='ocrx_word' id='word_1_571' title='bbox 3549 1641 3642 1698; x_wconf 89' lang='lat' dir='ltr'><strong>ille</strong></span> <span class='ocrx_word' id='word_1_572' title='bbox 3668 1658 3778 1700; x_wconf 88' lang='lat' dir='ltr'><strong>non</strong></span> 
     </span>
    </p>
   </div>
   <div class='ocr_carea' id='block_1_75' title="bbox 2181 1714 3778 1804">
    <p class='ocr_par' dir='ltr' id='par_1_75' title="bbox 2181 1714 3778 1804">
     <span class='ocr_line' id='line_1_75' title="bbox 2181 1714 3778 1804; baseline 0.016 -37"><span class='ocrx_word' id='word_1_573' title='bbox 2181 1714 2280 1769; x_wconf 88' lang='lat' dir='ltr'><strong>sibi</strong></span> <span class='ocrx_word' id='word_1_574' title='bbox 2300 1715 2525 1773; x_wconf 90' lang='lat' dir='ltr'><strong>credidit</strong></span> <span class='ocrx_word' id='word_1_575' title='bbox 2550 1718 2666 1775; x_wconf 89' lang='lat' dir='ltr'><strong>loca</strong></span> <span class='ocrx_word' id='word_1_576' title='bbox 2687 1719 2933 1777; x_wconf 89' lang='lat' dir='ltr'><strong>defutura</strong></span> <span class='ocrx_word' id='word_1_577' title='bbox 2961 1723 3050 1779; x_wconf 90' lang='lat' dir='ltr'><strong>ubi</strong></span> <span class='ocrx_word' id='word_1_578' title='bbox 3080 1734 3263 1795; x_wconf 88' lang='lat' dir='ltr'><strong>posset</strong></span> <span class='ocrx_word' id='word_1_579' title='bbox 3279 1727 3446 1786; x_wconf 89' lang='lat' dir='ltr'><strong>latere</strong></span> <span class='ocrx_word' id='word_1_580' title='bbox 3478 1747 3493 1784; x_wconf 92' lang='lat'><strong>:</strong></span> <span class='ocrx_word' id='word_1_581' title='bbox 3527 1741 3584 1786; x_wconf 95' lang='lat' dir='ltr'><strong>tu</strong></span> <span class='ocrx_word' id='word_1_582' title='bbox 3609 1750 3778 1804; x_wconf 88' lang='lat' dir='ltr'><strong>quare</strong></span> 
     </span>
    </p>
   </div>
   <div class='ocr_carea' id='block_1_76' title="bbox 2179 1805 3779 1898">
    <p class='ocr_par' dir='ltr' id='par_1_76' title="bbox 2179 1805 3779 1898">
     <span class='ocr_line' id='line_1_76' title="bbox 2179 1805 3779 1898; baseline 0.015 -38"><span class='ocrx_word' id='word_1_583' title='bbox 2179 1805 2420 1878; x_wconf 91' lang='lat' dir='ltr'><strong>disponis</strong></span> <span class='ocrx_word' id='word_1_584' title='bbox 2460 1809 2694 1867; x_wconf 86' lang='lat' dir='ltr'><strong>ardere?</strong></span> <span class='ocrx_word' id='word_1_585' title='bbox 2724 1811 2870 1870; x_wconf 89' lang='lat' dir='ltr'><strong>Itane</strong></span> <span class='ocrx_word' id='word_1_586' title='bbox 2913 1815 3152 1873; x_wconf 91' lang='lat' dir='ltr'><strong>nondum</strong></span> <span class='ocrx_word' id='word_1_587' title='bbox 3195 1819 3344 1876; x_wconf 84' lang='lat' dir='ltr'><strong>vides</strong></span> <span class='ocrx_word' id='word_1_588' title='bbox 3371 1837 3468 1878; x_wconf 89' lang='lat' dir='ltr'><strong>vos</strong></span> <span class='ocrx_word' id='word_1_589' title='bbox 3513 1839 3635 1882; x_wconf 86' lang='lat' dir='ltr'><strong>esse</strong></span> <span class='ocrx_word' id='word_1_590' title='bbox 3675 1842 3779 1898; x_wconf 87' lang='lat' dir='ltr'><strong>po-</strong></span> 
     </span>
    </p>
   </div>
   <div class='ocr_carea' id='block_1_77' title="bbox 2181 1899 3776 1984">
    <p class='ocr_par' dir='ltr' id='par_1_77' title="bbox 2181 1899 3776 1984">
     <span class='ocr_line' id='line_1_77' title="bbox 2181 1899 3776 1984; baseline 0.014 -31"><span class='ocrx_word' id='word_1_591' title='bbox 2181 1899 2284 1956; x_wconf 91' lang='lat' dir='ltr'><strong>tius</strong></span> <span class='ocrx_word' id='word_1_592' title='bbox 2308 1902 2396 1972; x_wconf 91' lang='lat' dir='ltr'><strong>qui</strong></span> <span class='ocrx_word' id='word_1_593' title='bbox 2425 1918 2530 1960; x_wconf 92' lang='lat' dir='ltr'><strong>non</strong></span> <span class='ocrx_word' id='word_1_594' title='bbox 2560 1905 2838 1976; x_wconf 91' lang='lat' dir='ltr'><strong>pertinetis</strong></span> <span class='ocrx_word' id='word_1_595' title='bbox 2879 1908 2946 1964; x_wconf 89' lang='lat' dir='ltr'><strong>ad</strong></span> <span class='ocrx_word' id='word_1_596' title='bbox 2985 1909 3154 1967; x_wconf 90' lang='lat' dir='ltr'><strong>Deum</strong></span> <span class='ocrx_word' id='word_1_597' title='bbox 3178 1952 3194 1978; x_wconf 96' lang='lat'><strong>,</strong></span> <span class='ocrx_word' id='word_1_598' title='bbox 3227 1921 3280 1968; x_wconf 92' lang='lat' dir='ltr'><strong>et</strong></span> <span class='ocrx_word' id='word_1_599' title='bbox 3303 1914 3393 1984; x_wconf 89' lang='lat' dir='ltr'><strong>qui</strong></span> <span class='ocrx_word' id='word_1_600' title='bbox 3435 1915 3613 1974; x_wconf 88' lang='lat' dir='ltr'><strong>facitis</strong></span> <span class='ocrx_word' id='word_1_601' title='bbox 3640 1934 3776 1976; x_wconf 90' lang='lat' dir='ltr'><strong>con-</strong></span> 
     </span>
    </p>
   </div>
   <div class='ocr_carea' id='block_1_78' title="bbox 2181 1993 3778 2080">
    <p class='ocr_par' dir='ltr' id='par_1_78' title="bbox 2181 1993 3778 2080">
     <span class='ocr_line' id='line_1_78' title="bbox 2181 1993 3778 2080; baseline 0.013 -33"><span class='ocrx_word' id='word_1_602' title='bbox 2181 1999 2258 2048; x_wconf 92' lang='lat' dir='ltr'><strong>tra</strong></span> <span class='ocrx_word' id='word_1_603' title='bbox 2305 1993 2516 2065; x_wconf 90' lang='lat' dir='ltr'><strong>Deum,</strong></span> <span class='ocrx_word' id='word_1_604' title='bbox 2557 2011 2664 2052; x_wconf 93' lang='lat' dir='ltr'><strong>non</strong></span> <span class='ocrx_word' id='word_1_605' title='bbox 2704 1997 2880 2055; x_wconf 91' lang='lat' dir='ltr'><strong>solum</strong></span> <span class='ocrx_word' id='word_1_606' title='bbox 2923 2009 3074 2072; x_wconf 91' lang='lat' dir='ltr'><strong>peste</strong></span> <span class='ocrx_word' id='word_1_607' title='bbox 3116 2006 3388 2061; x_wconf 90' lang='lat' dir='ltr'><strong>communi</strong></span> <span class='ocrx_word' id='word_1_608' title='bbox 3431 2023 3536 2080; x_wconf 86' lang='lat' dir='ltr'><strong>qua</strong></span> <span class='ocrx_word' id='word_1_609' title='bbox 3574 2009 3778 2070; x_wconf 87' lang='lat' dir='ltr'><strong>Christi</strong></span> 
     </span>
    </p>
   </div>
   <div class='ocr_carea' id='block_1_79' title="bbox 2179 2087 3778 2173">
    <p class='ocr_par' dir='ltr' id='par_1_79' title="bbox 2179 2087 3778 2173">
     <span class='ocr_line' id='line_1_79' title="bbox 2179 2087 3778 2173; baseline 0.012 -32"><span class='ocrx_word' id='word_1_610' title='bbox 2179 2087 2367 2143; x_wconf 90' lang='lat' dir='ltr'><strong>unitati</strong></span> <span class='ocrx_word' id='word_1_611' title='bbox 2396 2087 2684 2157; x_wconf 91' lang='lat' dir='ltr'><strong>resistitis;</strong></span> <span class='ocrx_word' id='word_1_612' title='bbox 2715 2092 2810 2148; x_wconf 92' lang='lat' dir='ltr'><strong>sed</strong></span> <span class='ocrx_word' id='word_1_613' title='bbox 2837 2094 2997 2150; x_wconf 90' lang='lat' dir='ltr'><strong>etiam</strong></span> <span class='ocrx_word' id='word_1_614' title='bbox 3038 2111 3135 2153; x_wconf 92' lang='lat' dir='ltr'><strong>vos</strong></span> <span class='ocrx_word' id='word_1_615' title='bbox 3175 2099 3444 2172; x_wconf 88' lang='lat' dir='ltr'><strong>praecipue</strong></span> <span class='ocrx_word' id='word_1_616' title='bbox 3465 2142 3482 2168; x_wconf 94' lang='lat'><strong>,</strong></span> <span class='ocrx_word' id='word_1_617' title='bbox 3515 2104 3608 2173; x_wconf 91' lang='lat' dir='ltr'><strong>qui</strong></span> <span class='ocrx_word' id='word_1_618' title='bbox 3649 2104 3778 2162; x_wconf 83' lang='lat' dir='ltr'><strong>huic</strong></span> 
     </span>
    </p>
   </div>
   <div class='ocr_carea' id='block_1_80' title="bbox 2180 2183 3774 2256">
    <p class='ocr_par' dir='ltr' id='par_1_80' title="bbox 2180 2183 3774 2256">
     <span class='ocr_line' id='line_1_80' title="bbox 2180 2183 3774 2256; baseline 0.012 -21"><span class='ocrx_word' id='word_1_619' title='bbox 2180 2189 2328 2237; x_wconf 91' lang='lat' dir='ltr'><strong>tanto</strong></span> <span class='ocrx_word' id='word_1_620' title='bbox 2353 2183 2544 2240; x_wconf 88' lang='lat' dir='ltr'><strong>sceleri</strong></span> <span class='ocrx_word' id='word_1_621' title='bbox 2572 2193 2753 2242; x_wconf 90' lang='lat' dir='ltr'><strong>vestro</strong></span> <span class='ocrx_word' id='word_1_622' title='bbox 2771 2227 2788 2256; x_wconf 93' lang='lat'><strong>,</strong></span> <span class='ocrx_word' id='word_1_623' title='bbox 2820 2188 2982 2245; x_wconf 87' lang='lat' dir='ltr'><strong>etiam</strong></span> <span class='ocrx_word' id='word_1_624' title='bbox 3009 2199 3215 2247; x_wconf 86' lang='lat' dir='ltr'><strong>vestras</strong></span> <span class='ocrx_word' id='word_1_625' title='bbox 3242 2203 3444 2250; x_wconf 90' lang='lat' dir='ltr'><strong>mortes</strong></span> <span class='ocrx_word' id='word_1_626' title='bbox 3465 2195 3667 2254; x_wconf 87' lang='lat' dir='ltr'><strong>addere</strong></span> <span class='ocrx_word' id='word_1_627' title='bbox 3695 2197 3774 2254; x_wconf 60' lang='grc' dir='ltr'><strong>[θη</strong></span> 
     </span>
    </p>
   </div>
   <div class='ocr_carea' id='block_1_81' title="bbox 2176 2275 2430 2331">
    <p class='ocr_par' dir='ltr' id='par_1_81' title="bbox 2176 2275 2430 2331">
     <span class='ocr_line' id='line_1_81' title="bbox 2176 2275 2430 2331; baseline 0.008 -3"><span class='ocrx_word' id='word_1_628' title='bbox 2176 2275 2385 2331; x_wconf 89' lang='lat' dir='ltr'><strong>stinatis</strong></span> <span class='ocrx_word' id='word_1_629' title='bbox 2405 2276 2430 2330; x_wconf 84' lang='lat'><strong>?</strong></span> 
     </span>
    </p>
   </div>
   <div class='ocr_carea' id='block_1_82' title="bbox 2246 2367 3778 2456">
    <p class='ocr_par' dir='ltr' id='par_1_82' title="bbox 2246 2367 3778 2456">
     <span class='ocr_line' id='line_1_82' title="bbox 2246 2367 3778 2456; baseline 0.011 -31"><span class='ocrx_word' id='word_1_630' title='bbox 2246 2367 2472 2427; x_wconf 84' lang='lat' dir='ltr'><strong>CAPUT</strong></span> <span class='ocrx_word' id='word_1_631' title='bbox 2501 2370 2741 2429; x_wconf 80' lang='lat' dir='ltr'><strong>XXXIII.</strong></span> <span class='ocrx_word' id='word_1_632' title='bbox 2771 2403 2846 2416; x_wconf 90' lang='lat'><strong>—-</strong></span> <span class='ocrx_word' id='word_1_633' title='bbox 2867 2375 2958 2432; x_wconf 72' lang='lat'><strong>42.</strong></span> <span class='ocrx_word' id='word_1_634' title='bbox 2982 2375 3155 2434; x_wconf 82' lang='lat' dir='ltr'><strong>Verba</strong></span> <span class='ocrx_word' id='word_1_635' title='bbox 3182 2377 3438 2450; x_wconf 60' lang='lat' dir='ltr'><strong>Epistolas</strong></span> <span class='ocrx_word' id='word_1_636' title='bbox 3467 2396 3485 2436; x_wconf 87' lang='lat'><strong>:</strong></span> <span class='ocrx_word' id='word_1_637' title='bbox 3519 2381 3629 2439; x_wconf 84' lang='lat' dir='ltr'><strong>Sed</strong></span> <span class='ocrx_word' id='word_1_638' title='bbox 3645 2400 3778 2456; x_wconf 85' lang='lat' dir='ltr'><strong>quo-</strong></span> 
     </span>
    </p>
   </div>
   <div class='ocr_carea' id='block_1_83' title="bbox 2174 2461 3778 2548">
    <p class='ocr_par' dir='ltr' id='par_1_83' title="bbox 2174 2461 3778 2548">
     <span class='ocr_line' id='line_1_83' title="bbox 2174 2461 3778 2548; baseline 0.013 -34"><span class='ocrx_word' id='word_1_639' title='bbox 2174 2461 2312 2515; x_wconf 86' lang='lat' dir='ltr'><strong>niam</strong></span> <span class='ocrx_word' id='word_1_640' title='bbox 2333 2465 2653 2534; x_wconf 82' lang='lat' dir='ltr'><strong>prudentiam</strong></span> <span class='ocrx_word' id='word_1_641' title='bbox 2680 2476 2840 2535; x_wconf 91' lang='lat' dir='ltr'><strong>tuam,</strong></span> <span class='ocrx_word' id='word_1_642' title='bbox 2873 2468 3062 2541; x_wconf 88' lang='lat' dir='ltr'><strong>inquit,</strong></span> <span class='ocrx_word' id='word_1_643' title='bbox 3094 2475 3400 2529; x_wconf 74' lang='lat' dir='ltr'><strong>exsecutoris</strong></span> <span class='ocrx_word' id='word_1_644' title='bbox 3425 2477 3642 2548; x_wconf 68' lang='lat' dir='ltr'><strong>oﬂicium</strong></span> <span class='ocrx_word' id='word_1_645' title='bbox 3669 2497 3778 2537; x_wconf 77' lang='lat' dir='ltr'><strong>non</strong></span> 
     </span>
    </p>
   </div>
   <div class='ocr_carea' id='block_1_84' title="bbox 2174 2553 3777 2636">
    <p class='ocr_par' dir='ltr' id='par_1_84' title="bbox 2174 2553 3777 2636">
     <span class='ocr_line' id='line_1_84' title="bbox 2174 2553 3777 2636; baseline 0.012 -29"><span class='ocrx_word' id='word_1_646' title='bbox 2174 2553 2396 2622; x_wconf 82' lang='lat' dir='ltr'><strong>decebat,</strong></span> <span class='ocrx_word' id='word_1_647' title='bbox 2427 2573 2616 2628; x_wconf 65' lang='lat' dir='ltr'><strong>quaeso,</strong></span> <span class='ocrx_word' id='word_1_648' title='bbox 2647 2560 2821 2629; x_wconf 83' lang='lat' dir='ltr'><strong>paucis</strong></span> <span class='ocrx_word' id='word_1_649' title='bbox 2847 2561 3064 2618; x_wconf 86' lang='lat' dir='ltr'><strong>adverte.</strong></span> <span class='ocrx_word' id='word_1_650' title='bbox 3093 2563 3213 2619; x_wconf 79' lang='lat' dir='ltr'><strong>Alia</strong></span> <span class='ocrx_word' id='word_1_651' title='bbox 3239 2576 3332 2633; x_wconf 91' lang='lat' dir='ltr'><strong>est,</strong></span> <span class='ocrx_word' id='word_1_652' title='bbox 3359 2576 3418 2621; x_wconf 86' lang='lat' dir='ltr'><strong>ut</strong></span> <span class='ocrx_word' id='word_1_653' title='bbox 3442 2585 3576 2636; x_wconf 89' lang='lat' dir='ltr'><strong>reor,</strong></span> <span class='ocrx_word' id='word_1_654' title='bbox 3603 2571 3777 2628; x_wconf 81' lang='lat' dir='ltr'><strong>solida</strong></span> 
     </span>
    </p>
   </div>
   <div class='ocr_carea' id='block_1_85' title="bbox 2172 2648 3776 2727">
    <p class='ocr_par' dir='ltr' id='par_1_85' title="bbox 2172 2648 3776 2727">
     <span class='ocr_line' id='line_1_85' title="bbox 2172 2648 3776 2727; baseline 0.012 -27"><span class='ocrx_word' id='word_1_655' title='bbox 2172 2648 2371 2714; x_wconf 83' lang='lat' dir='ltr'><strong>veritas,</strong></span> <span class='ocrx_word' id='word_1_656' title='bbox 2397 2650 2501 2704; x_wconf 88' lang='lat' dir='ltr'><strong>alia</strong></span> <span class='ocrx_word' id='word_1_657' title='bbox 2521 2651 2703 2724; x_wconf 73' lang='lat' dir='ltr'><strong>efﬁgies</strong></span> <span class='ocrx_word' id='word_1_658' title='bbox 2724 2654 2944 2709; x_wconf 84' lang='lat' dir='ltr'><strong>veritatis</strong></span> <span class='ocrx_word' id='word_1_659' title='bbox 2963 2671 2984 2711; x_wconf 90' lang='lat'><strong><em>:</em></strong></span> <span class='ocrx_word' id='word_1_660' title='bbox 3003 2658 3243 2727; x_wconf 85' lang='lat' dir='ltr'><strong>quoniam</strong></span> <span class='ocrx_word' id='word_1_661' title='bbox 3267 2660 3450 2715; x_wconf 83' lang='lat' dir='ltr'><strong>veritas</strong></span> <span class='ocrx_word' id='word_1_662' title='bbox 3478 2660 3661 2718; x_wconf 89' lang='lat' dir='ltr'><strong>robore</strong></span> <span class='ocrx_word' id='word_1_663' title='bbox 3678 2680 3776 2721; x_wconf 83' lang='lat' dir='ltr'><strong>suo</strong></span> 
     </span>
    </p>
   </div>
   <div class='ocr_carea' id='block_1_86' title="bbox 2171 2741 3776 2822">
    <p class='ocr_par' dir='ltr' id='par_1_86' title="bbox 2171 2741 3776 2822">
     <span class='ocr_line' id='line_1_86' title="bbox 2171 2741 3776 2822; baseline 0.012 -29"><span class='ocrx_word' id='word_1_664' title='bbox 2171 2741 2374 2810; x_wconf 85' lang='lat' dir='ltr'><strong>ﬁrmata</strong></span> <span class='ocrx_word' id='word_1_665' title='bbox 2393 2753 2627 2812; x_wconf 84' lang='lat' dir='ltr'><strong>constat;</strong></span> <span class='ocrx_word' id='word_1_666' title='bbox 2654 2745 2850 2800; x_wconf 85' lang='lat' dir='ltr'><strong>idolum</strong></span> <span class='ocrx_word' id='word_1_667' title='bbox 2871 2749 2972 2802; x_wconf 83' lang='lat' dir='ltr'><strong>sive</strong></span> <span class='ocrx_word' id='word_1_668' title='bbox 2995 2749 3324 2806; x_wconf 82' lang='lat' dir='ltr'><strong>simulacrum</strong></span> <span class='ocrx_word' id='word_1_669' title='bbox 3345 2763 3419 2808; x_wconf 88' lang='lat' dir='ltr'><strong>est</strong></span> <span class='ocrx_word' id='word_1_670' title='bbox 3444 2755 3582 2822; x_wconf 86' lang='lat' dir='ltr'><strong>quod</strong></span> <span class='ocrx_word' id='word_1_671' title='bbox 3613 2757 3668 2812; x_wconf 89' lang='lat' dir='ltr'><strong>in</strong></span> <span class='ocrx_word' id='word_1_672' title='bbox 3690 2758 3776 2813; x_wconf 80' lang='lat' dir='ltr'><strong>in-</strong></span> 
     </span>
    </p>
   </div>
   <div class='ocr_carea' id='block_1_87' title="bbox 2158 2831 3775 2920">
    <p class='ocr_par' dir='ltr' id='par_1_87' title="bbox 2158 2831 3775 2920">
     <span class='ocr_line' id='line_1_87' title="bbox 2158 2831 3775 2920; baseline 0.014 -35"><span class='ocrx_word' id='word_1_673' title='bbox 2158 2831 2356 2904; x_wconf 85' lang='lat' dir='ltr'><strong>juriam</strong></span> <span class='ocrx_word' id='word_1_674' title='bbox 2381 2837 2650 2892; x_wconf 83' lang='lat' dir='ltr'><strong>verisimile</strong></span> <span class='ocrx_word' id='word_1_675' title='bbox 2668 2841 2842 2911; x_wconf 78' lang='lat' dir='ltr'><strong>fecerit</strong></span> <span class='ocrx_word' id='word_1_676' title='bbox 2867 2841 3089 2897; x_wconf 83' lang='lat' dir='ltr'><strong>humana</strong></span> <span class='ocrx_word' id='word_1_677' title='bbox 3115 2848 3444 2917; x_wconf 75' lang='lat' dir='ltr'><strong>prwsumptio</strong></span> <span class='ocrx_word' id='word_1_678' title='bbox 3467 2863 3488 2904; x_wconf 90' lang='lat'><strong><em>:</em></strong></span> <span class='ocrx_word' id='word_1_679' title='bbox 3508 2867 3775 2920; x_wconf 75' lang='lat' dir='ltr'><strong>nunquam</strong></span> 
     </span>
    </p>
   </div>
   <div class='ocr_carea' id='block_1_88' title="bbox 2169 2931 3774 3009">
    <p class='ocr_par' dir='ltr' id='par_1_88' title="bbox 2169 2931 3774 3009">
     <span class='ocr_line' id='line_1_88' title="bbox 2169 2931 3774 3009; baseline 0.015 -32"><span class='ocrx_word' id='word_1_680' title='bbox 2169 2931 2336 2979; x_wconf 88' lang='lat' dir='ltr'><strong>tamen</strong></span> <span class='ocrx_word' id='word_1_681' title='bbox 2357 2936 2516 2998; x_wconf 85' lang='lat' dir='ltr'><strong>potest</strong></span> <span class='ocrx_word' id='word_1_682' title='bbox 2535 2932 2872 3003; x_wconf 75' lang='lat' dir='ltr'><strong>prcejudicare</strong></span> <span class='ocrx_word' id='word_1_683' title='bbox 2889 2935 3087 2989; x_wconf 83' lang='lat' dir='ltr'><strong>veritati</strong></span> <span class='ocrx_word' id='word_1_684' title='bbox 3105 2935 3334 3009; x_wconf 80' lang='lat' dir='ltr'><strong>fallacia.</strong></span> <span class='ocrx_word' id='word_1_685' title='bbox 3359 2937 3774 3001; x_wconf 84' lang='lat' dir='ltr'><strong>Simulacrorum</strong></span> 
     </span>
    </p>
   </div>
   <div class='ocr_carea' id='block_1_89' title="bbox 2167 3015 3771 3093">
    <p class='ocr_par' dir='ltr' id='par_1_89' title="bbox 2167 3015 3771 3093">
     <span class='ocr_line' id='line_1_89' title="bbox 2167 3015 3771 3093; baseline 0.014 -24"><span class='ocrx_word' id='word_1_686' title='bbox 2167 3015 2384 3072; x_wconf 86' lang='lat' dir='ltr'><strong>cultores</strong></span> <span class='ocrx_word' id='word_1_687' title='bbox 2411 3019 2524 3075; x_wconf 86' lang='lat' dir='ltr'><strong>dico</strong></span> <span class='ocrx_word' id='word_1_688' title='bbox 2545 3063 2560 3090; x_wconf 90' lang='lat'><strong>,</strong></span> <span class='ocrx_word' id='word_1_689' title='bbox 2587 3023 2676 3093; x_wconf 85' lang='lat' dir='ltr'><strong>qui</strong></span> <span class='ocrx_word' id='word_1_690' title='bbox 2700 3039 2802 3079; x_wconf 89' lang='lat' dir='ltr'><strong>non</strong></span> <span class='ocrx_word' id='word_1_691' title='bbox 2831 3033 2997 3082; x_wconf 89' lang='lat' dir='ltr'><strong>tenent</strong></span> <span class='ocrx_word' id='word_1_692' title='bbox 3032 3029 3290 3086; x_wconf 85' lang='lat' dir='ltr'><strong>veritatem</strong></span> <span class='ocrx_word' id='word_1_693' title='bbox 3319 3045 3342 3087; x_wconf 89' lang='lat'><strong><em>:</em></strong></span> <span class='ocrx_word' id='word_1_694' title='bbox 3365 3032 3458 3087; x_wconf 85' lang='lat' dir='ltr'><strong>sub</strong></span> <span class='ocrx_word' id='word_1_695' title='bbox 3483 3035 3653 3090; x_wconf 86' lang='lat' dir='ltr'><strong>alieno</strong></span> <span class='ocrx_word' id='word_1_696' title='bbox 3675 3053 3771 3093; x_wconf 78' lang='lat' dir='ltr'><strong>uo-</strong></span> 
     </span>
    </p>
   </div>
   <div class='ocr_carea' id='block_1_90' title="bbox 2167 3108 3773 3194">
    <p class='ocr_par' dir='ltr' id='par_1_90' title="bbox 2167 3108 3773 3194">
     <span class='ocr_line' id='line_1_90' title="bbox 2167 3108 3773 3194; baseline 0.017 -33"><span class='ocrx_word' id='word_1_697' title='bbox 2167 3108 2345 3164; x_wconf 87' lang='lat' dir='ltr'><strong>cabulo</strong></span> <span class='ocrx_word' id='word_1_698' title='bbox 2368 3113 2604 3183; x_wconf 88' lang='lat' dir='ltr'><strong>gentilem</strong></span> <span class='ocrx_word' id='word_1_699' title='bbox 2629 3116 2882 3185; x_wconf 77' lang='lat' dir='ltr'><strong>existimo,</strong></span> <span class='ocrx_word' id='word_1_700' title='bbox 2904 3118 2993 3190; x_wconf 91' lang='lat' dir='ltr'><strong>qui</strong></span> <span class='ocrx_word' id='word_1_701' title='bbox 3013 3121 3136 3191; x_wconf 82' lang='lat' dir='ltr'><strong>facit</strong></span> <span class='ocrx_word' id='word_1_702' title='bbox 3163 3122 3260 3177; x_wconf 86' lang='lat' dir='ltr'><strong>sibi</strong></span> <span class='ocrx_word' id='word_1_703' title='bbox 3279 3125 3417 3194; x_wconf 85' lang='lat' dir='ltr'><strong>quod</strong></span> <span class='ocrx_word' id='word_1_704' title='bbox 3435 3128 3588 3182; x_wconf 90' lang='lat' dir='ltr'><strong>colat.</strong></span> <span class='ocrx_word' id='word_1_705' title='bbox 3615 3127 3773 3188; x_wconf 74' lang='lat' dir='ltr'><strong>Unde</strong></span> 
     </span>
    </p>
   </div>
   <div class='ocr_carea' id='block_1_91' title="bbox 2167 3202 3770 3293">
    <p class='ocr_par' dir='ltr' id='par_1_91' title="bbox 2167 3202 3770 3293">
     <span class='ocr_line' id='line_1_91' title="bbox 2167 3202 3770 3293; baseline 0.016 -40"><span class='ocrx_word' id='word_1_706' title='bbox 2167 3202 2423 3272; x_wconf 82' lang='lat' dir='ltr'><strong>publicum</strong></span> <span class='ocrx_word' id='word_1_707' title='bbox 2439 3215 2770 3279; x_wconf 86' lang='lat' dir='ltr'><strong>apertumque</strong></span> <span class='ocrx_word' id='word_1_708' title='bbox 2795 3218 2886 3277; x_wconf 87' lang='lat' dir='ltr'><strong>est,</strong></span> <span class='ocrx_word' id='word_1_709' title='bbox 2905 3211 3043 3283; x_wconf 87' lang='lat' dir='ltr'><strong>quod</strong></span> <span class='ocrx_word' id='word_1_710' title='bbox 3057 3214 3228 3281; x_wconf 85' lang='lat' dir='ltr'><strong>minis,</strong></span> <span class='ocrx_word' id='word_1_711' title='bbox 3244 3216 3348 3272; x_wconf 81' lang='lat' dir='ltr'><strong>sive</strong></span> <span class='ocrx_word' id='word_1_712' title='bbox 3368 3227 3557 3275; x_wconf 84' lang='lat' dir='ltr'><strong>terrore</strong></span> <span class='ocrx_word' id='word_1_713' title='bbox 3581 3231 3630 3276; x_wconf 88' lang='lat' dir='ltr'><strong>et</strong></span> <span class='ocrx_word' id='word_1_714' title='bbox 3649 3240 3770 3293; x_wconf 86' lang='lat' dir='ltr'><strong>per-</strong></span> 
     </span>
    </p>
   </div>
   <div class='ocr_carea' id='block_1_92' title="bbox 2163 3295 3768 3380">
    <p class='ocr_par' dir='ltr' id='par_1_92' title="bbox 2163 3295 3768 3380">
     <span class='ocr_line' id='line_1_92' title="bbox 2163 3295 3768 3380; baseline 0.014 -32"><span class='ocrx_word' id='word_1_715' title='bbox 2163 3295 2538 3368; x_wconf 77' lang='lat' dir='ltr'><strong>secutionibus,</strong></span> <span class='ocrx_word' id='word_1_716' title='bbox 2568 3300 2754 3356; x_wconf 80' lang='lat' dir='ltr'><strong>crebris</strong></span> <span class='ocrx_word' id='word_1_717' title='bbox 2783 3300 3033 3360; x_wconf 86' lang='lat' dir='ltr'><strong>Gabinum</strong></span> <span class='ocrx_word' id='word_1_718' title='bbox 3055 3307 3342 3380; x_wconf 87' lang='lat' dir='ltr'><strong>similesque</strong></span> <span class='ocrx_word' id='word_1_719' title='bbox 3371 3311 3435 3366; x_wconf 87' lang='lat' dir='ltr'><strong>de</strong></span> <span class='ocrx_word' id='word_1_720' title='bbox 3467 3323 3666 3370; x_wconf 74' lang='lat' dir='ltr'><strong>natura:</strong></span> <span class='ocrx_word' id='word_1_721' title='bbox 3695 3316 3768 3371; x_wconf 59' lang='lat' dir='ltr'><strong>li.</strong></span> 
     </span>
    </p>
   </div>
   <div class='ocr_carea' id='block_1_93' title="bbox 2165 3388 3766 3482">
    <p class='ocr_par' dir='ltr' id='par_1_93' title="bbox 2165 3388 3766 3482">
     <span class='ocr_line' id='line_1_93' title="bbox 2165 3388 3766 3482; baseline 0.014 -40"><span class='ocrx_word' id='word_1_722' title='bbox 2165 3388 2348 3444; x_wconf 89' lang='lat' dir='ltr'><strong>bertate</strong></span> <span class='ocrx_word' id='word_1_723' title='bbox 2371 3391 2596 3448; x_wconf 86' lang='lat' dir='ltr'><strong>sublatos</strong></span> <span class='ocrx_word' id='word_1_724' title='bbox 2611 3436 2627 3460; x_wconf 96' lang='lat'><strong>,</strong></span> <span class='ocrx_word' id='word_1_725' title='bbox 2659 3396 2760 3468; x_wconf 84' lang='lat' dir='ltr'><strong>ipsi</strong></span> <span class='ocrx_word' id='word_1_726' title='bbox 2787 3396 2881 3451; x_wconf 86' lang='lat' dir='ltr'><strong>sibi</strong></span> <span class='ocrx_word' id='word_1_727' title='bbox 2904 3415 3029 3469; x_wconf 90' lang='lat' dir='ltr'><strong>quos</strong></span> <span class='ocrx_word' id='word_1_728' title='bbox 3054 3413 3410 3459; x_wconf 83' lang='lat' dir='ltr'><strong>venerarentur</strong></span> <span class='ocrx_word' id='word_1_729' title='bbox 3427 3408 3654 3480; x_wconf 78' lang='lat' dir='ltr'><strong>perﬁdos</strong></span> <span class='ocrx_word' id='word_1_730' title='bbox 3675 3409 3766 3482; x_wconf 88' lang='lat' dir='ltr'><strong>fa-</strong></span> 
     </span>
    </p>
   </div>
   <div class='ocr_carea' id='block_1_94' title="bbox 2161 3480 3762 3570">
    <p class='ocr_par' dir='ltr' id='par_1_94' title="bbox 2161 3480 3762 3570">
     <span class='ocr_line' id='line_1_94' title="bbox 2161 3480 3762 3570; baseline 0.015 -34"><span class='ocrx_word' id='word_1_731' title='bbox 2161 3480 2380 3540; x_wconf 84' lang='lat' dir='ltr'><strong>bricasse</strong></span> <span class='ocrx_word' id='word_1_732' title='bbox 2408 3496 2715 3558; x_wconf 88' lang='lat' dir='ltr'><strong>noscuntur,</strong></span> <span class='ocrx_word' id='word_1_733' title='bbox 2747 3491 2816 3545; x_wconf 87' lang='lat' dir='ltr'><strong>ad</strong></span> <span class='ocrx_word' id='word_1_734' title='bbox 2855 3507 3071 3562; x_wconf 88' lang='lat' dir='ltr'><strong>quorum</strong></span> <span class='ocrx_word' id='word_1_735' title='bbox 3100 3495 3292 3551; x_wconf 89' lang='lat' dir='ltr'><strong>cultum</strong></span> <span class='ocrx_word' id='word_1_736' title='bbox 3314 3509 3564 3570; x_wconf 84' lang='lat' dir='ltr'><strong>coguntur</strong></span> <span class='ocrx_word' id='word_1_737' title='bbox 3591 3480 3762 3562; x_wconf 69' lang='lat' dir='ltr'><strong>inviti.</strong></span> 
     </span>
    </p>
   </div>
   <div class='ocr_carea' id='block_1_95' title="bbox 2160 3575 3763 3654">
    <p class='ocr_par' dir='ltr' id='par_1_95' title="bbox 2160 3575 3763 3654">
     <span class='ocr_line' id='line_1_95' title="bbox 2160 3575 3763 3654; baseline 0.015 -24"><span class='ocrx_word' id='word_1_738' title='bbox 2160 3575 2243 3631; x_wconf 89' lang='lat' dir='ltr'><strong>Ad</strong></span> <span class='ocrx_word' id='word_1_739' title='bbox 2281 3577 2398 3633; x_wconf 67' lang='lat' dir='ltr'><strong>haec</strong></span> <span class='ocrx_word' id='word_1_740' title='bbox 2438 3581 2718 3652; x_wconf 89' lang='lat' dir='ltr'><strong>responsio</strong></span> <span class='ocrx_word' id='word_1_741' title='bbox 2749 3599 2762 3636; x_wconf 91' lang='lat'><strong>:</strong></span> <span class='ocrx_word' id='word_1_742' title='bbox 2795 3583 2986 3643; x_wconf 91' lang='lat' dir='ltr'><strong>Adhuc</strong></span> <span class='ocrx_word' id='word_1_743' title='bbox 3008 3585 3158 3644; x_wconf 90' lang='lat' dir='ltr'><strong>addis</strong></span> <span class='ocrx_word' id='word_1_744' title='bbox 3189 3587 3355 3646; x_wconf 88' lang='lat' dir='ltr'><strong>furori</strong></span> <span class='ocrx_word' id='word_1_745' title='bbox 3383 3601 3563 3649; x_wconf 91' lang='lat' dir='ltr'><strong>vestro</strong></span> <span class='ocrx_word' id='word_1_746' title='bbox 3591 3597 3763 3654; x_wconf 83' lang='lat' dir='ltr'><strong>verba</strong></span> 
     </span>
    </p>
   </div>
   <div class='ocr_carea' id='block_1_96' title="bbox 2151 3661 3761 3750">
    <p class='ocr_par' dir='ltr' id='par_1_96' title="bbox 2151 3661 3761 3750">
     <span class='ocr_line' id='line_1_96' title="bbox 2151 3661 3761 3750; baseline 0.014 -28"><span class='ocrx_word' id='word_1_747' title='bbox 2151 3661 2536 3750; x_wconf 58' lang='lat' dir='ltr'><strong>blasphemia},</strong></span> <span class='ocrx_word' id='word_1_748' title='bbox 2586 3682 2641 3730; x_wconf 91' lang='lat' dir='ltr'><strong>et</strong></span> <span class='ocrx_word' id='word_1_749' title='bbox 2685 3676 2851 3732; x_wconf 91' lang='lat' dir='ltr'><strong>audes</strong></span> <span class='ocrx_word' id='word_1_750' title='bbox 2880 3677 3062 3734; x_wconf 91' lang='lat' dir='ltr'><strong>dicere</strong></span> <span class='ocrx_word' id='word_1_751' title='bbox 3091 3680 3389 3740; x_wconf 88' lang='lat' dir='ltr'><strong>Ecclesiam</strong></span> <span class='ocrx_word' id='word_1_752' title='bbox 3433 3686 3761 3746; x_wconf 87' lang='lat' dir='ltr'><strong>catholicam</strong></span> 
     </span>
    </p>
   </div>
   <div class='ocr_carea' id='block_1_97' title="bbox 2159 3758 3761 3852">
    <p class='ocr_par' dir='ltr' id='par_1_97' title="bbox 2159 3758 3761 3852">
     <span class='ocr_line' id='line_1_97' title="bbox 2159 3758 3761 3852; baseline 0.015 -36"><span class='ocrx_word' id='word_1_753' title='bbox 2159 3758 2448 3821; x_wconf 88' lang='lat' dir='ltr'><strong>humanum</strong></span> <span class='ocrx_word' id='word_1_754' title='bbox 2473 3781 2592 3823; x_wconf 91' lang='lat' dir='ltr'><strong>esse</strong></span> <span class='ocrx_word' id='word_1_755' title='bbox 2621 3766 2932 3840; x_wconf 83' lang='lat' dir='ltr'><strong>figmentum</strong></span> <span class='ocrx_word' id='word_1_756' title='bbox 2953 3813 2968 3838; x_wconf 94' lang='lat'><strong>,</strong></span> <span class='ocrx_word' id='word_1_757' title='bbox 2996 3772 3080 3828; x_wconf 91' lang='lat' dir='ltr'><strong>cui</strong></span> <span class='ocrx_word' id='word_1_758' title='bbox 3109 3773 3238 3830; x_wconf 89' lang='lat' dir='ltr'><strong>dicit</strong></span> <span class='ocrx_word' id='word_1_759' title='bbox 3259 3776 3397 3833; x_wconf 91' lang='lat' dir='ltr'><strong>Deus</strong></span> <span class='ocrx_word' id='word_1_760' title='bbox 3428 3795 3442 3831; x_wconf 91' lang='lat'><strong>:</strong></span> <span class='ocrx_word' id='word_1_761' title='bbox 3475 3779 3591 3852; x_wconf 85' lang='lat' dir='ltr'><strong>Ego</strong></span> <span class='ocrx_word' id='word_1_762' title='bbox 3619 3783 3761 3839; x_wconf 84' lang='lat' dir='ltr'><strong>enim</strong></span> 
     </span>
    </p>
   </div>
   <div class='ocr_carea' id='block_1_98' title="bbox 2158 3855 3760 3936">
    <p class='ocr_par' dir='ltr' id='par_1_98' title="bbox 2158 3855 3760 3936">
     <span class='ocr_line' id='line_1_98' title="bbox 2158 3855 3760 3936; baseline 0.015 -28"><span class='ocrx_word' id='word_1_763' title='bbox 2158 3871 2271 3911; x_wconf 87' lang='lat' dir='ltr'><strong>sum</strong></span> <span class='ocrx_word' id='word_1_764' title='bbox 2288 3855 2536 3936; x_wconf 77' lang='lat' dir='ltr'><strong>Dominus</strong></span> <span class='ocrx_word' id='word_1_765' title='bbox 2551 3860 2638 3930; x_wconf 87' lang='lat' dir='ltr'><strong>qui</strong></span> <span class='ocrx_word' id='word_1_766' title='bbox 2661 3862 2796 3933; x_wconf 88' lang='lat' dir='ltr'><strong>facio</strong></span> <span class='ocrx_word' id='word_1_767' title='bbox 2823 3871 2889 3930; x_wconf 87' lang='lat' dir='ltr'><strong>te,</strong></span> <span class='ocrx_word' id='word_1_768' title='bbox 2909 3861 3159 3921; x_wconf 85' lang='lat' dir='ltr'><strong>Dominus</strong></span> <span class='ocrx_word' id='word_1_769' title='bbox 3179 3885 3358 3924; x_wconf 89' lang='lat' dir='ltr'><strong>nomen</strong></span> <span class='ocrx_word' id='word_1_770' title='bbox 3375 3871 3437 3926; x_wconf 85' lang='lat' dir='ltr'><strong>ei.</strong></span> <span class='ocrx_word' id='word_1_771' title='bbox 3457 3871 3525 3927; x_wconf 88' lang='lat' dir='ltr'><strong>Et</strong></span> <span class='ocrx_word' id='word_1_772' title='bbox 3545 3883 3604 3929; x_wconf 88' lang='lat' dir='ltr'><strong>ut</strong></span> <span class='ocrx_word' id='word_1_773' title='bbox 3617 3875 3760 3931; x_wconf 82' lang='lat' dir='ltr'><strong>scia-</strong></span> 
     </span>
    </p>
   </div>
   <div class='ocr_carea' id='block_1_99' title="bbox 2157 3949 3758 4026">
    <p class='ocr_par' dir='ltr' id='par_1_99' title="bbox 2157 3949 3758 4026">
     <span class='ocr_line' id='line_1_99' title="bbox 2157 3949 3758 4026; baseline 0.015 -24"><span class='ocrx_word' id='word_1_774' title='bbox 2157 3963 2276 4004; x_wconf 87' lang='lat' dir='ltr'><strong>mus</strong></span> <span class='ocrx_word' id='word_1_775' title='bbox 2304 3949 2468 4019; x_wconf 88' lang='lat' dir='ltr'><strong>ipsam</strong></span> <span class='ocrx_word' id='word_1_776' title='bbox 2499 3965 2616 4006; x_wconf 90' lang='lat' dir='ltr'><strong>eam</strong></span> <span class='ocrx_word' id='word_1_777' title='bbox 2656 3952 2988 4012; x_wconf 88' lang='lat' dir='ltr'><strong>Catholicam</strong></span> <span class='ocrx_word' id='word_1_778' title='bbox 3020 3958 3273 4017; x_wconf 89' lang='lat' dir='ltr'><strong>universo</strong></span> <span class='ocrx_word' id='word_1_779' title='bbox 3313 3970 3581 4022; x_wconf 88' lang='lat' dir='ltr'><strong>terrarum</strong></span> <span class='ocrx_word' id='word_1_780' title='bbox 3620 3969 3758 4026; x_wconf 87' lang='lat' dir='ltr'><strong>orbe</strong></span> 
     </span>
    </p>
   </div>
   <div class='ocr_carea' id='block_1_100' title="bbox 2155 4039 3756 4133">
    <p class='ocr_par' dir='ltr' id='par_1_100' title="bbox 2155 4039 3756 4133">
     <span class='ocr_line' id='line_1_100' title="bbox 2155 4039 3756 4133; baseline 0.013 -37"><span class='ocrx_word' id='word_1_781' title='bbox 2155 4039 2434 4110; x_wconf 74' lang='lat' dir='ltr'><strong>diffusam,</strong></span> <span class='ocrx_word' id='word_1_782' title='bbox 2464 4045 2705 4116; x_wconf 89' lang='lat' dir='ltr'><strong>sequitur</strong></span> <span class='ocrx_word' id='word_1_783' title='bbox 2741 4055 2795 4105; x_wconf 91' lang='lat' dir='ltr'><strong>et</strong></span> <span class='ocrx_word' id='word_1_784' title='bbox 2831 4048 3114 4124; x_wconf 86' lang='lat' dir='ltr'><strong>adiungit:</strong></span> <span class='ocrx_word' id='word_1_785' title='bbox 3149 4052 3220 4107; x_wconf 89' lang='lat' dir='ltr'><strong>Et</strong></span> <span class='ocrx_word' id='word_1_786' title='bbox 3245 4054 3332 4123; x_wconf 90' lang='lat' dir='ltr'><strong>qui</strong></span> <span class='ocrx_word' id='word_1_787' title='bbox 3356 4057 3488 4111; x_wconf 88' lang='lat' dir='ltr'><strong>eruit</strong></span> <span class='ocrx_word' id='word_1_788' title='bbox 3527 4067 3610 4130; x_wconf 89' lang='lat' dir='ltr'><strong>te,</strong></span> <span class='ocrx_word' id='word_1_789' title='bbox 3641 4061 3756 4133; x_wconf 85' lang='lat' dir='ltr'><strong>ipse</strong></span> 
     </span>
    </p>
   </div>
   <div class='ocr_carea' id='block_1_101' title="bbox 2156 4131 3751 4225">
    <p class='ocr_par' dir='ltr' id='par_1_101' title="bbox 2156 4131 3751 4225">
     <span class='ocr_line' id='line_1_101' title="bbox 2156 4131 3751 4225; baseline 0.018 -40"><span class='ocrx_word' id='word_1_790' title='bbox 2156 4131 2291 4187; x_wconf 85' lang='lat' dir='ltr'><strong>Deus</strong></span> <span class='ocrx_word' id='word_1_791' title='bbox 2314 4134 2482 4191; x_wconf 82' lang='lat' dir='ltr'><strong>Israel</strong></span> <span class='ocrx_word' id='word_1_792' title='bbox 2501 4140 2747 4196; x_wconf 74' lang='lat' dir='ltr'><strong>universae</strong></span> <span class='ocrx_word' id='word_1_793' title='bbox 2772 4151 2920 4198; x_wconf 81' lang='lat' dir='ltr'><strong>teme</strong></span> <span class='ocrx_word' id='word_1_794' title='bbox 2939 4145 3197 4201; x_wconf 83' lang='lat' dir='ltr'><strong>vocabitur</strong></span> <span class='ocrx_word' id='word_1_795' title='bbox 3225 4147 3377 4222; x_wconf 84' lang='lat' dir='ltr'><strong>(Isai.</strong></span> <span class='ocrx_word' id='word_1_796' title='bbox 3405 4167 3513 4219; x_wconf 84' lang='lat' dir='ltr'><strong>Ltv,</strong></span> <span class='ocrx_word' id='word_1_797' title='bbox 3533 4155 3613 4225; x_wconf 86' lang='lat'><strong>5).</strong></span> <span class='ocrx_word' id='word_1_798' title='bbox 3639 4131 3751 4213; x_wconf 70' lang='lat' dir='ltr'><strong>Hoc</strong></span> 
     </span>
    </p>
   </div>
   <div class='ocr_carea' id='block_1_102' title="bbox 2154 4224 3747 4319">
    <p class='ocr_par' dir='ltr' id='par_1_102' title="bbox 2154 4224 3747 4319">
     <span class='ocr_line' id='line_1_102' title="bbox 2154 4224 3747 4319; baseline 0.014 -40"><span class='ocrx_word' id='word_1_799' title='bbox 2154 4224 2607 4283; x_wconf 85' lang='lat' dir='ltr'><strong>evidentissimum</strong></span> <span class='ocrx_word' id='word_1_800' title='bbox 2636 4230 2732 4286; x_wconf 92' lang='lat' dir='ltr'><strong>Dei</strong></span> <span class='ocrx_word' id='word_1_801' title='bbox 2771 4247 2938 4303; x_wconf 94' lang='lat' dir='ltr'><strong>opus,</strong></span> <span class='ocrx_word' id='word_1_802' title='bbox 2979 4234 3272 4294; x_wconf 88' lang='lat' dir='ltr'><strong>humanum</strong></span> <span class='ocrx_word' id='word_1_803' title='bbox 3302 4240 3478 4299; x_wconf 91' lang='lat' dir='ltr'><strong>dicitis</strong></span> <span class='ocrx_word' id='word_1_804' title='bbox 3504 4224 3627 4302; x_wconf 88' lang='lat' dir='ltr'><strong>esse</strong></span> <span class='ocrx_word' id='word_1_805' title='bbox 3647 4247 3747 4319; x_wconf 65' lang='lat' dir='ltr'><strong>tigo</strong></span> 
     </span>
    </p>
   </div>
   <div class='ocr_carea' id='block_1_103' title="bbox 2152 4326 3743 4400">
    <p class='ocr_par' dir='ltr' id='par_1_103' title="bbox 2152 4326 3743 4400">
     <span class='ocr_line' id='line_1_103' title="bbox 2152 4326 3743 4400; baseline 0.016 -32"><span class='ocrx_word' id='word_1_806' title='bbox 2152 4326 2390 4371; x_wconf 90' lang='lat' dir='ltr'><strong>mentum</strong></span> <span class='ocrx_word' id='word_1_807' title='bbox 2426 4335 2440 4374; x_wconf 89' lang='lat'><strong>:</strong></span> <span class='ocrx_word' id='word_1_808' title='bbox 2473 4335 2573 4376; x_wconf 88' lang='lat' dir='ltr'><strong>nec</strong></span> <span class='ocrx_word' id='word_1_809' title='bbox 2612 4337 2707 4377; x_wconf 92' lang='lat' dir='ltr'><strong>vos</strong></span> <span class='ocrx_word' id='word_1_810' title='bbox 2747 4326 3048 4396; x_wconf 91' lang='lat' dir='ltr'><strong>respicitis,</strong></span> <span class='ocrx_word' id='word_1_811' title='bbox 3078 4330 3223 4400; x_wconf 91' lang='lat' dir='ltr'><strong>quod</strong></span> <span class='ocrx_word' id='word_1_812' title='bbox 3267 4331 3334 4385; x_wconf 91' lang='lat' dir='ltr'><strong>ab</strong></span> <span class='ocrx_word' id='word_1_813' title='bbox 3372 4333 3474 4390; x_wconf 88' lang='lat' dir='ltr'><strong>ista</strong></span> <span class='ocrx_word' id='word_1_814' title='bbox 3506 4335 3743 4396; x_wconf 85' lang='lat' dir='ltr'><strong>Ecclesia</strong></span> 
     </span>
    </p>
   </div>
   <div class='ocr_carea' id='block_1_104' title="bbox 2151 4413 3738 4501">
    <p class='ocr_par' dir='ltr' id='par_1_104' title="bbox 2151 4413 3738 4501">
     <span class='ocr_line' id='line_1_104' title="bbox 2151 4413 3738 4501; baseline 0.016 -38"><span class='ocrx_word' id='word_1_815' title='bbox 2151 4425 2308 4481; x_wconf 87' lang='lat' dir='ltr'><strong>quam</strong></span> <span class='ocrx_word' id='word_1_816' title='bbox 2330 4426 2389 4467; x_wconf 91' lang='lat' dir='ltr'><strong>se</strong></span> <span class='ocrx_word' id='word_1_817' title='bbox 2403 4413 2647 4484; x_wconf 89' lang='lat' dir='ltr'><strong>promisit</strong></span> <span class='ocrx_word' id='word_1_818' title='bbox 2666 4415 2802 4473; x_wconf 88' lang='lat' dir='ltr'><strong>Deus</strong></span> <span class='ocrx_word' id='word_1_819' title='bbox 2822 4418 2872 4472; x_wconf 91' lang='lat' dir='ltr'><strong>in</strong></span> <span class='ocrx_word' id='word_1_820' title='bbox 2897 4419 3141 4478; x_wconf 83' lang='lat' dir='ltr'><strong>universa</strong></span> <span class='ocrx_word' id='word_1_821' title='bbox 3160 4430 3299 4482; x_wconf 89' lang='lat' dir='ltr'><strong>terra</strong></span> <span class='ocrx_word' id='word_1_822' title='bbox 3317 4440 3435 4483; x_wconf 91' lang='lat' dir='ltr'><strong>esse</strong></span> <span class='ocrx_word' id='word_1_823' title='bbox 3453 4426 3738 4501; x_wconf 83' lang='lat' dir='ltr'><strong>facturum,</strong></span> 
     </span>
    </p>
   </div>
   <div class='ocr_carea' id='block_1_105' title="bbox 2151 4503 3738 4592">
    <p class='ocr_par' dir='ltr' id='par_1_105' title="bbox 2151 4503 3738 4592">
     <span class='ocr_line' id='line_1_105' title="bbox 2151 4503 3738 4592; baseline 0.015 -35"><span class='ocrx_word' id='word_1_824' title='bbox 2151 4503 2299 4560; x_wconf 89' lang='lat' dir='ltr'><strong>nullo</strong></span> <span class='ocrx_word' id='word_1_825' title='bbox 2322 4506 2480 4561; x_wconf 88' lang='lat' dir='ltr'><strong>modo</strong></span> <span class='ocrx_word' id='word_1_826' title='bbox 2501 4512 2906 4579; x_wconf 89' lang='lat' dir='ltr'><strong>separaremini,</strong></span> <span class='ocrx_word' id='word_1_827' title='bbox 2935 4515 3036 4570; x_wconf 87' lang='lat' dir='ltr'><strong>nisi</strong></span> <span class='ocrx_word' id='word_1_828' title='bbox 3067 4514 3335 4574; x_wconf 90' lang='lat' dir='ltr'><strong>hominem</strong></span> <span class='ocrx_word' id='word_1_829' title='bbox 3360 4525 3738 4592; x_wconf 85' lang='lat' dir='ltr'><strong>sequeremini.</strong></span> 
     </span>
    </p>
   </div>
   <div class='ocr_carea' id='block_1_106' title="bbox 2149 4593 3740 4692">
    <p class='ocr_par' dir='ltr' id='par_1_106' title="bbox 2149 4593 3740 4692">
     <span class='ocr_line' id='line_1_106' title="bbox 2149 4593 3740 4692; baseline 0.016 -43"><span class='ocrx_word' id='word_1_830' title='bbox 2149 4593 2258 4651; x_wconf 86' lang='lat' dir='ltr'><strong>Nos</strong></span> <span class='ocrx_word' id='word_1_831' title='bbox 2283 4611 2401 4651; x_wconf 89' lang='lat' dir='ltr'><strong>eum</strong></span> <span class='ocrx_word' id='word_1_832' title='bbox 2443 4601 2716 4670; x_wconf 91' lang='lat' dir='ltr'><strong>sequimur</strong></span> <span class='ocrx_word' id='word_1_833' title='bbox 2741 4604 2831 4675; x_wconf 88' lang='lat' dir='ltr'><strong>qui</strong></span> <span class='ocrx_word' id='word_1_834' title='bbox 2867 4604 3001 4662; x_wconf 79' lang='lat' dir='ltr'><strong>dixit</strong></span> <span class='ocrx_word' id='word_1_835' title='bbox 3039 4607 3267 4665; x_wconf 80' lang='lat' dir='ltr'><strong>Abrahze</strong></span> <span class='ocrx_word' id='word_1_836' title='bbox 3303 4627 3317 4666; x_wconf 89' lang='lat'><strong>:</strong></span> <span class='ocrx_word' id='word_1_837' title='bbox 3347 4610 3416 4692; x_wconf 80' lang='lat' dir='ltr'><strong>In</strong></span> <span class='ocrx_word' id='word_1_838' title='bbox 3442 4617 3640 4673; x_wconf 84' lang='lat' dir='ltr'><strong>semine</strong></span> <span class='ocrx_word' id='word_1_839' title='bbox 3661 4629 3740 4674; x_wconf 86' lang='lat' dir='ltr'><strong>tuo</strong></span> 
     </span>
    </p>
   </div>
   <div class='ocr_carea' id='block_1_107' title="bbox 2149 4683 3738 4783">
    <p class='ocr_par' dir='ltr' id='par_1_107' title="bbox 2149 4683 3738 4783">
     <span class='ocr_line' id='line_1_107' title="bbox 2149 4683 3738 4783; baseline 0.018 -44"><span class='ocrx_word' id='word_1_840' title='bbox 2149 4686 2500 4745; x_wconf 85' lang='lat' dir='ltr'><strong>benedicentur</strong></span> <span class='ocrx_word' id='word_1_841' title='bbox 2525 4710 2695 4749; x_wconf 89' lang='lat' dir='ltr'><strong>omnes</strong></span> <span class='ocrx_word' id='word_1_842' title='bbox 2711 4683 2891 4767; x_wconf 20' lang='lat' dir='ltr'><strong>igentes</strong></span> <span class='ocrx_word' id='word_1_843' title='bbox 2916 4697 3069 4770; x_wconf 85' lang='lat' dir='ltr'><strong>(Gen.</strong></span> <span class='ocrx_word' id='word_1_844' title='bbox 3101 4717 3228 4772; x_wconf 73' lang='grc' dir='ltr'><strong><em>χιιι,</em></strong></span> <span class='ocrx_word' id='word_1_845' title='bbox 3253 4683 3538 4778; x_wconf 68' lang='grc' dir='ltr'><strong>18).Ἐιιιη</strong></span> <span class='ocrx_word' id='word_1_846' title='bbox 3563 4711 3738 4783; x_wconf 83' lang='lat' dir='ltr'><strong>sequi-</strong></span> 
     </span>
    </p>
   </div>
   <div class='ocr_carea' id='block_1_108' title="bbox 2149 4784 3737 4867">
    <p class='ocr_par' dir='ltr' id='par_1_108' title="bbox 2149 4784 3737 4867">
     <span class='ocr_line' id='line_1_108' title="bbox 2149 4784 3737 4867; baseline 0.018 -34"><span class='ocrx_word' id='word_1_847' title='bbox 2149 4797 2269 4836; x_wconf 91' lang='lat' dir='ltr'><strong>mur</strong></span> <span class='ocrx_word' id='word_1_848' title='bbox 2286 4784 2375 4854; x_wconf 91' lang='lat' dir='ltr'><strong>qui</strong></span> <span class='ocrx_word' id='word_1_849' title='bbox 2398 4784 2528 4840; x_wconf 84' lang='lat' dir='ltr'><strong>dixit</strong></span> <span class='ocrx_word' id='word_1_850' title='bbox 2557 4787 2656 4860; x_wconf 90' lang='lat' dir='ltr'><strong>ipsi</strong></span> <span class='ocrx_word' id='word_1_851' title='bbox 2687 4788 2940 4847; x_wconf 75' lang='lat' dir='ltr'><strong>Eeclesim</strong></span> <span class='ocrx_word' id='word_1_852' title='bbox 2964 4808 3075 4850; x_wconf 76' lang='lat' dir='ltr'><strong>sua:</strong></span> <span class='ocrx_word' id='word_1_853' title='bbox 3095 4837 3108 4861; x_wconf 90' lang='lat'><strong>,</strong></span> <span class='ocrx_word' id='word_1_854' title='bbox 3142 4797 3284 4867; x_wconf 93' lang='lat' dir='ltr'><strong>quod</strong></span> <span class='ocrx_word' id='word_1_855' title='bbox 3311 4799 3474 4856; x_wconf 89' lang='lat' dir='ltr'><strong>modo</strong></span> <span class='ocrx_word' id='word_1_856' title='bbox 3500 4816 3737 4861; x_wconf 88' lang='lat' dir='ltr'><strong>comme-</strong></span> 
     </span>
    </p>
   </div>
   <div class='ocr_carea' id='block_1_109' title="bbox 2147 4875 3737 4960">
    <p class='ocr_par' dir='ltr' id='par_1_109' title="bbox 2147 4875 3737 4960">
     <span class='ocr_line' id='line_1_109' title="bbox 2147 4875 3737 4960; baseline 0.016 -34"><span class='ocrx_word' id='word_1_857' title='bbox 2147 4876 2347 4932; x_wconf 87' lang='lat' dir='ltr'><strong>moravi</strong></span> <span class='ocrx_word' id='word_1_858' title='bbox 2382 4894 2396 4930; x_wconf 73' lang='grc' dir='ltr'><strong><em>ε</em></strong></span> <span class='ocrx_word' id='word_1_859' title='bbox 2428 4875 2541 4950; x_wconf 84' lang='lat' dir='ltr'><strong>Ego</strong></span> <span class='ocrx_word' id='word_1_860' title='bbox 2567 4896 2680 4935; x_wconf 88' lang='lat' dir='ltr'><strong>sum</strong></span> <span class='ocrx_word' id='word_1_861' title='bbox 2705 4879 2954 4939; x_wconf 86' lang='lat' dir='ltr'><strong>Dominus</strong></span> <span class='ocrx_word' id='word_1_862' title='bbox 2980 4887 3068 4960; x_wconf 89' lang='lat' dir='ltr'><strong>qui</strong></span> <span class='ocrx_word' id='word_1_863' title='bbox 3091 4887 3225 4958; x_wconf 89' lang='lat' dir='ltr'><strong>facio</strong></span> <span class='ocrx_word' id='word_1_864' title='bbox 3249 4899 3297 4944; x_wconf 87' lang='lat' dir='ltr'><strong>te</strong></span> <span class='ocrx_word' id='word_1_865' title='bbox 3317 4933 3331 4957; x_wconf 93' lang='lat'><strong>,</strong></span> <span class='ocrx_word' id='word_1_866' title='bbox 3366 4889 3624 4951; x_wconf 89' lang='lat' dir='ltr'><strong>Dominus</strong></span> <span class='ocrx_word' id='word_1_867' title='bbox 3646 4913 3737 4951; x_wconf 87' lang='lat' dir='ltr'><strong>no-</strong></span> 
     </span>
    </p>
   </div>
   <div class='ocr_carea' id='block_1_110' title="bbox 2147 4967 3740 5048">
    <p class='ocr_par' dir='ltr' id='par_1_110' title="bbox 2147 4967 3740 5048">
     <span class='ocr_line' id='line_1_110' title="bbox 2147 4967 3740 5048; baseline 0.016 -29"><span class='ocrx_word' id='word_1_868' title='bbox 2147 4982 2261 5021; x_wconf 88' lang='lat' dir='ltr'><strong>men</strong></span> <span class='ocrx_word' id='word_1_869' title='bbox 2289 4967 2371 5034; x_wconf 87' lang='lat' dir='ltr'><strong>ei;</strong></span> <span class='ocrx_word' id='word_1_870' title='bbox 2401 4979 2444 5024; x_wconf 91' lang='lat' dir='ltr'><strong>et</strong></span> <span class='ocrx_word' id='word_1_871' title='bbox 2471 4972 2558 5042; x_wconf 90' lang='lat' dir='ltr'><strong>qui</strong></span> <span class='ocrx_word' id='word_1_872' title='bbox 2586 4974 2714 5028; x_wconf 89' lang='lat' dir='ltr'><strong>eruit</strong></span> <span class='ocrx_word' id='word_1_873' title='bbox 2744 4984 2809 5044; x_wconf 90' lang='lat' dir='ltr'><strong>te,</strong></span> <span class='ocrx_word' id='word_1_874' title='bbox 2842 4977 2951 5048; x_wconf 84' lang='lat' dir='ltr'><strong>ipse</strong></span> <span class='ocrx_word' id='word_1_875' title='bbox 2975 4977 3112 5036; x_wconf 84' lang='lat' dir='ltr'><strong>Deus</strong></span> <span class='ocrx_word' id='word_1_876' title='bbox 3138 4977 3306 5038; x_wconf 87' lang='lat' dir='ltr'><strong>Israel</strong></span> <span class='ocrx_word' id='word_1_877' title='bbox 3327 4985 3740 5045; x_wconf 67' lang='lat' dir='ltr'><strong>universitatem:</strong></span> 
     </span>
    </p>
   </div>
   <div class='ocr_carea' id='block_1_111' title="bbox 2147 5059 3737 5152">
    <p class='ocr_par' dir='ltr' id='par_1_111' title="bbox 2147 5059 3737 5152">
     <span class='ocr_line' id='line_1_111' title="bbox 2147 5059 3737 5152; baseline 0.016 -40"><span class='ocrx_word' id='word_1_878' title='bbox 2147 5059 2420 5116; x_wconf 86' lang='lat' dir='ltr'><strong>vocabitur.</strong></span> <span class='ocrx_word' id='word_1_879' title='bbox 2451 5063 2737 5136; x_wconf 87' lang='lat' dir='ltr'><strong>Propterea</strong></span> <span class='ocrx_word' id='word_1_880' title='bbox 2768 5077 3011 5126; x_wconf 90' lang='lat' dir='ltr'><strong>tenentes</strong></span> <span class='ocrx_word' id='word_1_881' title='bbox 3037 5073 3329 5132; x_wconf 89' lang='lat' dir='ltr'><strong>Ecclesiam</strong></span> <span class='ocrx_word' id='word_1_882' title='bbox 3349 5119 3364 5144; x_wconf 91' lang='lat'><strong>,</strong></span> <span class='ocrx_word' id='word_1_883' title='bbox 3397 5093 3520 5152; x_wconf 76' lang='lat' dir='ltr'><strong>qua:</strong></span> <span class='ocrx_word' id='word_1_884' title='bbox 3546 5081 3737 5137; x_wconf 82' lang='lat' dir='ltr'><strong>dilata-</strong></span> 
     </span>
    </p>
   </div>
   <div class='ocr_carea' id='block_1_112' title="bbox 2145 5157 3732 5238">
    <p class='ocr_par' dir='ltr' id='par_1_112' title="bbox 2145 5157 3732 5238">
     <span class='ocr_line' id='line_1_112' title="bbox 2145 5157 3732 5238; baseline 0.014 -30"><span class='ocrx_word' id='word_1_885' title='bbox 2145 5161 2231 5232; x_wconf 83' lang='lat' dir='ltr'><strong>tur</strong></span> <span class='ocrx_word' id='word_1_886' title='bbox 2253 5165 2306 5210; x_wconf 90' lang='lat' dir='ltr'><strong>et</strong></span> <span class='ocrx_word' id='word_1_887' title='bbox 2332 5157 2522 5212; x_wconf 89' lang='lat' dir='ltr'><strong>crescit</strong></span> <span class='ocrx_word' id='word_1_888' title='bbox 2551 5174 2646 5230; x_wconf 91' lang='lat' dir='ltr'><strong>per</strong></span> <span class='ocrx_word' id='word_1_889' title='bbox 2673 5174 2862 5217; x_wconf 88' lang='lat' dir='ltr'><strong>omnes</strong></span> <span class='ocrx_word' id='word_1_890' title='bbox 2884 5174 3073 5235; x_wconf 88' lang='lat' dir='ltr'><strong>gentes</strong></span> <span class='ocrx_word' id='word_1_891' title='bbox 3099 5174 3152 5220; x_wconf 90' lang='lat' dir='ltr'><strong>et</strong></span> <span class='ocrx_word' id='word_1_892' title='bbox 3177 5182 3272 5238; x_wconf 89' lang='lat' dir='ltr'><strong>per</strong></span> <span class='ocrx_word' id='word_1_893' title='bbox 3297 5170 3606 5229; x_wconf 88' lang='lat' dir='ltr'><strong>universam</strong></span> <span class='ocrx_word' id='word_1_894' title='bbox 3631 5183 3732 5229; x_wconf 83' lang='lat' dir='ltr'><strong>ter-</strong></span> 
     </span>
    </p>
   </div>
   <div class='ocr_carea' id='block_1_113' title="bbox 2143 5250 3731 5332">
    <p class='ocr_par' dir='ltr' id='par_1_113' title="bbox 2143 5250 3731 5332">
     <span class='ocr_line' id='line_1_113' title="bbox 2143 5250 3731 5332; baseline 0.013 -30"><span class='ocrx_word' id='word_1_895' title='bbox 2143 5263 2255 5302; x_wconf 88' lang='lat' dir='ltr'><strong>ram</strong></span> <span class='ocrx_word' id='word_1_896' title='bbox 2278 5290 2293 5316; x_wconf 91' lang='lat'><strong>,</strong></span> <span class='ocrx_word' id='word_1_897' title='bbox 2323 5265 2428 5303; x_wconf 90' lang='lat' dir='ltr'><strong>non</strong></span> <span class='ocrx_word' id='word_1_898' title='bbox 2454 5250 2960 5324; x_wconf 83' lang='lat' dir='ltr'><strong>utiqueJigmentum</strong></span> <span class='ocrx_word' id='word_1_899' title='bbox 2990 5260 3260 5329; x_wconf 88' lang='lat' dir='ltr'><strong>sequimur</strong></span> <span class='ocrx_word' id='word_1_900' title='bbox 3283 5260 3579 5320; x_wconf 88' lang='lat' dir='ltr'><strong>humanum</strong></span> <span class='ocrx_word' id='word_1_901' title='bbox 3599 5309 3614 5332; x_wconf 92' lang='lat'><strong>,</strong></span> <span class='ocrx_word' id='word_1_902' title='bbox 3643 5265 3731 5323; x_wconf 84' lang='lat' dir='ltr'><strong>sed</strong></span> 
     </span>
    </p>
   </div>
   <div class='ocr_carea' id='block_1_114' title="bbox 2141 5341 3725 5432">
    <p class='ocr_par' dir='ltr' id='par_1_114' title="bbox 2141 5341 3725 5432">
     <span class='ocr_line' id='line_1_114' title="bbox 2141 5341 3725 5432; baseline 0.015 -39"><span class='ocrx_word' id='word_1_903' title='bbox 2141 5342 2461 5414; x_wconf 89' lang='lat' dir='ltr'><strong>promissum</strong></span> <span class='ocrx_word' id='word_1_904' title='bbox 2496 5341 2796 5418; x_wconf 84' lang='lat' dir='ltr'><strong>factumque</strong></span> <span class='ocrx_word' id='word_1_905' title='bbox 2821 5348 3078 5406; x_wconf 89' lang='lat' dir='ltr'><strong>divinum.</strong></span> <span class='ocrx_word' id='word_1_906' title='bbox 3110 5352 3220 5416; x_wconf 74' lang='lat' dir='ltr'><strong>Vos</strong></span> <span class='ocrx_word' id='word_1_907' title='bbox 3251 5355 3374 5427; x_wconf 84' lang='lat' dir='ltr'><strong>quid</strong></span> <span class='ocrx_word' id='word_1_908' title='bbox 3403 5361 3725 5432; x_wconf 86' lang='lat' dir='ltr'><strong>sequimini,</strong></span> 
     </span>
    </p>
   </div>
   <div class='ocr_carea' id='block_1_115' title="bbox 2144 5437 3725 5522">
    <p class='ocr_par' dir='ltr' id='par_1_115' title="bbox 2144 5437 3725 5522">
     <span class='ocr_line' id='line_1_115' title="bbox 2144 5437 3725 5522; baseline 0.012 -31"><span class='ocrx_word' id='word_1_909' title='bbox 2144 5445 2199 5491; x_wconf 90' lang='lat' dir='ltr'><strong>ut</strong></span> <span class='ocrx_word' id='word_1_910' title='bbox 2224 5438 2289 5494; x_wconf 90' lang='lat' dir='ltr'><strong>ab</strong></span> <span class='ocrx_word' id='word_1_911' title='bbox 2313 5437 2466 5508; x_wconf 89' lang='lat' dir='ltr'><strong>huius</strong></span> <span class='ocrx_word' id='word_1_912' title='bbox 2493 5439 2684 5495; x_wconf 62' lang='lat' dir='ltr'><strong>divinae</strong></span> <span class='ocrx_word' id='word_1_913' title='bbox 2711 5444 3080 5512; x_wconf 87' lang='lat' dir='ltr'><strong>promissionis</strong></span> <span class='ocrx_word' id='word_1_914' title='bbox 3104 5454 3158 5502; x_wconf 90' lang='lat' dir='ltr'><strong>et</strong></span> <span class='ocrx_word' id='word_1_915' title='bbox 3182 5447 3348 5503; x_wconf 91' lang='lat' dir='ltr'><strong>divini</strong></span> <span class='ocrx_word' id='word_1_916' title='bbox 3372 5454 3556 5522; x_wconf 91' lang='lat' dir='ltr'><strong>operis</strong></span> <span class='ocrx_word' id='word_1_917' title='bbox 3581 5443 3725 5510; x_wconf 57' lang='lat' dir='ltr'><strong>com?</strong></span> 
     </span>
    </p>
   </div>
   <div class='ocr_carea' id='block_1_116' title="bbox 2140 5531 3726 5626">
    <p class='ocr_par' dir='ltr' id='par_1_116' title="bbox 2140 5531 3726 5626">
     <span class='ocr_line' id='line_1_116' title="bbox 2140 5531 3726 5626; baseline 0.012 -42"><span class='ocrx_word' id='word_1_918' title='bbox 2140 5531 2391 5587; x_wconf 90' lang='lat' dir='ltr'><strong>munione</strong></span> <span class='ocrx_word' id='word_1_919' title='bbox 2411 5531 2599 5601; x_wconf 88' lang='lat' dir='ltr'><strong>divisi,</strong></span> <span class='ocrx_word' id='word_1_920' title='bbox 2629 5534 2799 5598; x_wconf 88' lang='lat' dir='ltr'><strong>velitis</strong></span> <span class='ocrx_word' id='word_1_921' title='bbox 2819 5551 2938 5594; x_wconf 86' lang='lat' dir='ltr'><strong>esse</strong></span> <span class='ocrx_word' id='word_1_922' title='bbox 2965 5537 3032 5602; x_wconf 90' lang='lat' dir='ltr'><strong>de</strong></span> <span class='ocrx_word' id='word_1_923' title='bbox 3062 5548 3212 5610; x_wconf 89' lang='lat' dir='ltr'><strong>parte</strong></span> <span class='ocrx_word' id='word_1_924' title='bbox 3241 5541 3472 5600; x_wconf 83' lang='lat' dir='ltr'><strong>Donati?</strong></span> <span class='ocrx_word' id='word_1_925' title='bbox 3503 5545 3726 5626; x_wconf 81' lang='lat' dir='ltr'><strong>Peccato</strong></span> 
     </span>
    </p>
   </div>
   <div class='ocr_carea' id='block_1_117' title="bbox 2138 5620 3719 5714">
    <p class='ocr_par' dir='ltr' id='par_1_117' title="bbox 2138 5620 3719 5714">
     <span class='ocr_line' id='line_1_117' title="bbox 2138 5620 3719 5714; baseline 0.013 -36"><span class='ocrx_word' id='word_1_926' title='bbox 2138 5620 2399 5678; x_wconf 76' lang='lat' dir='ltr'><strong>Caeciliani</strong></span> <span class='ocrx_word' id='word_1_927' title='bbox 2423 5625 2625 5695; x_wconf 88' lang='lat' dir='ltr'><strong>perisse</strong></span> <span class='ocrx_word' id='word_1_928' title='bbox 2645 5627 2709 5684; x_wconf 93' lang='lat' dir='ltr'><strong>de</strong></span> <span class='ocrx_word' id='word_1_929' title='bbox 2737 5630 2866 5688; x_wconf 72' lang='lat' dir='ltr'><strong>orbe</strong></span> <span class='ocrx_word' id='word_1_930' title='bbox 2895 5641 3152 5696; x_wconf 87' lang='lat' dir='ltr'><strong>terrarum</strong></span> <span class='ocrx_word' id='word_1_931' title='bbox 3181 5637 3562 5706; x_wconf 72' lang='lat' dir='ltr'><strong>[)l‘ftII&#39;lISSIOIIBS</strong></span> <span class='ocrx_word' id='word_1_932' title='bbox 3591 5641 3719 5714; x_wconf 84' lang='lat' dir='ltr'><strong>Dei,</strong></span> 
     </span>
    </p>
   </div>
   <div class='ocr_carea' id='block_1_118' title="bbox 2137 5715 3717 5798">
    <p class='ocr_par' dir='ltr' id='par_1_118' title="bbox 2137 5715 3717 5798">
     <span class='ocr_line' id='line_1_118' title="bbox 2137 5715 3717 5798; baseline 0.013 -31"><span class='ocrx_word' id='word_1_933' title='bbox 2137 5723 2190 5769; x_wconf 94' lang='lat' dir='ltr'><strong>et</strong></span> <span class='ocrx_word' id='word_1_934' title='bbox 2214 5716 2537 5773; x_wconf 88' lang='lat' dir='ltr'><strong>remansisse</strong></span> <span class='ocrx_word' id='word_1_935' title='bbox 2563 5717 2614 5773; x_wconf 89' lang='lat' dir='ltr'><strong>in</strong></span> <span class='ocrx_word' id='word_1_936' title='bbox 2656 5732 2804 5790; x_wconf 86' lang='lat' dir='ltr'><strong>parte</strong></span> <span class='ocrx_word' id='word_1_937' title='bbox 2831 5723 3055 5792; x_wconf 88' lang='lat' dir='ltr'><strong>Donati,</strong></span> <span class='ocrx_word' id='word_1_938' title='bbox 3090 5724 3249 5780; x_wconf 93' lang='lat' dir='ltr'><strong>homo</strong></span> <span class='ocrx_word' id='word_1_939' title='bbox 3270 5726 3420 5782; x_wconf 90' lang='lat' dir='ltr'><strong>vobis</strong></span> <span class='ocrx_word' id='word_1_940' title='bbox 3454 5729 3624 5798; x_wconf 85' lang='lat' dir='ltr'><strong>dixit,</strong></span> <span class='ocrx_word' id='word_1_941' title='bbox 3656 5715 3717 5787; x_wconf 83' lang='lat' dir='ltr'><strong>an</strong></span> 
     </span>
    </p>
   </div>
   <div class='ocr_carea' id='block_1_119' title="bbox 2136 5807 3714 5895">
    <p class='ocr_par' dir='ltr' id='par_1_119' title="bbox 2136 5807 3714 5895">
     <span class='ocr_line' id='line_1_119' title="bbox 2136 5807 3714 5895; baseline 0.011 -34"><span class='ocrx_word' id='word_1_942' title='bbox 2136 5807 2315 5864; x_wconf 84' lang='lat' dir='ltr'><strong>Dens?</strong></span> <span class='ocrx_word' id='word_1_943' title='bbox 2343 5807 2400 5866; x_wconf 89' lang='lat' dir='ltr'><strong>Si</strong></span> <span class='ocrx_word' id='word_1_944' title='bbox 2421 5809 2561 5866; x_wconf 88' lang='lat' dir='ltr'><strong>Deus</strong></span> <span class='ocrx_word' id='word_1_945' title='bbox 2579 5851 2594 5877; x_wconf 93' lang='lat'><strong>,</strong></span> <span class='ocrx_word' id='word_1_946' title='bbox 2628 5813 2783 5886; x_wconf 84' lang='lat' dir='ltr'><strong>legite</strong></span> <span class='ocrx_word' id='word_1_947' title='bbox 2809 5814 2912 5872; x_wconf 87' lang='lat' dir='ltr'><strong>hoc</strong></span> <span class='ocrx_word' id='word_1_948' title='bbox 2933 5815 3086 5878; x_wconf 84' lang='lat' dir='ltr'><strong>nobis</strong></span> <span class='ocrx_word' id='word_1_949' title='bbox 3109 5833 3175 5874; x_wconf 80' lang='lat' dir='ltr'><strong>cx</strong></span> <span class='ocrx_word' id='word_1_950' title='bbox 3200 5818 3369 5890; x_wconf 76' lang='lat' dir='ltr'><strong>Lege,</strong></span> <span class='ocrx_word' id='word_1_951' title='bbox 3401 5820 3677 5895; x_wconf 84' lang='lat' dir='ltr'><strong>Prophetis</strong></span> <span class='ocrx_word' id='word_1_952' title='bbox 3695 5862 3714 5890; x_wconf 88' lang='lat'><strong>,</strong></span> 
     </span>
    </p>
   </div>
   <div class='ocr_carea' id='block_1_120' title="bbox 2138 5899 3712 5989">
    <p class='ocr_par' dir='ltr' id='par_1_120' title="bbox 2138 5899 3712 5989">
     <span class='ocr_line' id='line_1_120' title="bbox 2138 5899 3712 5989; baseline 0.011 -33"><span class='ocrx_word' id='word_1_953' title='bbox 2138 5899 2363 5958; x_wconf 81' lang='lat' dir='ltr'><strong>Psalmis</strong></span> <span class='ocrx_word' id='word_1_954' title='bbox 2379 5941 2395 5971; x_wconf 92' lang='lat'><strong>,</strong></span> <span class='ocrx_word' id='word_1_955' title='bbox 2423 5905 2726 5975; x_wconf 89' lang='lat' dir='ltr'><strong>apostolicis</strong></span> <span class='ocrx_word' id='word_1_956' title='bbox 2749 5915 2805 5965; x_wconf 89' lang='lat' dir='ltr'><strong>et</strong></span> <span class='ocrx_word' id='word_1_957' title='bbox 2831 5909 3150 5984; x_wconf 84' lang='lat' dir='ltr'><strong>evangelicis</strong></span> <span class='ocrx_word' id='word_1_958' title='bbox 3169 5910 3403 5971; x_wconf 86' lang='lat' dir='ltr'><strong>Litteris.</strong></span> <span class='ocrx_word' id='word_1_959' title='bbox 3428 5901 3611 5989; x_wconf 74' lang='lat' dir='ltr'><strong>Legite</strong></span> <span class='ocrx_word' id='word_1_960' title='bbox 3627 5957 3642 5986; x_wconf 96' lang='lat'><strong>,</strong></span> <span class='ocrx_word' id='word_1_961' title='bbox 3667 5914 3712 5973; x_wconf 81' lang='lat' dir='ltr'><strong>si</strong></span> 
     </span>
    </p>
   </div>
  </div>
