4026 6476
237 439 331 499 πε
1565 427 1766 487 manu
1807 430 2080 488 paruus.

228 551 429 628 potestis
446 593 461 618 ,
491 546 644 620 quod
675 547 728 602 in
753 543 1049 602 Collatione
1076 550 1257 600 nostra
1282 544 1500 601 minime
1529 547 1797 615 potuistis.

233 650 284 704 Si
305 657 471 702 autem
500 642 752 697 homines
773 641 872 696 ista
897 639 1162 705 dixerunt,
1181 639 1247 695 de
1268 640 1459 710 quibus
1478 641 1676 696 dictum
1699 650 1801 709 est,

239 741 580 800 Fimutverunt
602 737 695 791 sibi
719 751 994 791 sermonem
1023 734 1294 805 malignum
1323 733 1492 803 (Psal.
1526 750 1671 800 Lxm,
1706 733 1760 805 6)
1788 753 1801 787 :

239 849 353 893 ecce
381 833 661 886 humanum
706 829 1011 899 ﬁgmentum
1036 870 1052 894 ,
1083 842 1208 882 ecce
1247 827 1386 896 quod
1424 825 1598 881 colitis
1621 869 1636 894 ,
1681 842 1808 882 ecce

239 928 319 984 cui
347 924 582 987 servitis,
615 935 743 976 ecce
772 930 988 991 propter
1015 919 1155 991 quod
1187 919 1456 974 rebellatis
1476 960 1490 986 ,
1525 919 1766 976 insanitis
1786 960 1804 987 ,

241 1017 441 1074 ardetis.

305 1113 384 1166 45.
418 1108 649 1163 Gabinus
673 1122 801 1161 vero
821 1115 874 1162 et
893 1107 1093 1172 caeteri,
1117 1107 1207 1177 qui
1235 1106 1370 1161 hanc
1401 1107 1689 1162 Ecclesiam
1712 1121 1807 1162 co-

241 1211 552 1275 gnoverunt,
585 1201 891 1270 elegerunt,
925 1208 1241 1266 tenuerunt,
1275 1200 1686 1252 non-humanum
1708 1198 1808 1269 ﬁg-

241 1305 494 1358 mentum,
525 1291 616 1345 sed
661 1291 899 1345 divinum
938 1293 1258 1362 promissum
1299 1291 1605 1360 praedictum
1633 1301 1685 1344 et
1707 1290 1810 1343 im-

241 1389 424 1459 pletutn
462 1401 582 1440 cum
614 1384 855 1438 ﬁdelibus
895 1383 1092 1438 habere
1130 1384 1438 1453 cupientes,
1467 1381 1685 1437 ulterius
1717 1396 1810 1450 pro

239 1481 454 1548 humano
476 1477 728 1547 ﬁgmento
753 1476 893 1546 ipsas
919 1475 1174 1530 humanas
1198 1475 1466 1530 molestias
1493 1475 1695 1545 perpeti
1718 1487 1813 1527 no-

239 1574 451 1627 luerunt.
480 1570 584 1638 Qui
617 1570 757 1623 enim
788 1586 882 1638 pro
908 1569 1130 1623 veritate
1154 1579 1206 1622 et
1237 1569 1436 1622 unitate
1463 1566 1682 1630 Christi,
1706 1580 1812 1620 non

237 1667 344 1720 dico
366 1680 445 1718 res
467 1680 594 1717 suas
614 1706 628 1729 ,
659 1662 749 1717 sed
775 1663 928 1717 istam
957 1663 1114 1716 etiam
1141 1662 1300 1715 vitam
1327 1675 1473 1714 suam
1497 1703 1510 1726 ,
1541 1661 1658 1714 aliis
1681 1660 1816 1714 dun-

236 1767 366 1813 taxat
385 1756 753 1811 anierentibus
778 1766 937 1826 atque
963 1753 1419 1820 interlicientibus,
1450 1752 1703 1815 amiserit,
1725 1766 1816 1806 ve-

235 1867 288 1906 re
311 1851 459 1904 ﬁdem
489 1849 675 1913 habet,
706 1865 830 1902 vere
853 1863 999 1916 spem
1025 1846 1202 1912 habet,
1237 1862 1359 1900 vere
1381 1845 1694 1899 charitatem
1723 1843 1816 1897 ha-

233 1944 344 2008 bet,
373 1959 494 1997 vere
527 1942 694 1996 Deum
722 1941 900 1995 habet.
924 1939 1174 2007 Quisquis
1202 1947 1375 1991 autem
1404 1952 1502 2006 pro
1531 1946 1683 2007 parte
1711 1935 1815 1988 Do-

234 2037 330 2092 nati
349 2035 427 2090 vel
452 2034 722 2088 ﬁmbriam
741 2033 1037 2088 vestimenti
1063 2030 1372 2101 perdiderit,
1391 2045 1485 2084 cor
1503 2044 1608 2084 non
1632 2028 1812 2082 habet.

233 2130 354 2197 Quid
376 2145 502 2199 ergo
538 2128 751 2191 mirum,
771 2127 814 2180 si
836 2126 1080 2180 homines
1109 2125 1394 2194 sapientes,
1415 2139 1537 2178 cum
1571 2122 1816 2176 viderunt

229 2233 398 2278 contra
447 2221 730 2275 obduratzc
758 2219 1159 2273 consuetudinis
1206 2217 1682 2287 pertinacissimum
1718 2231 1813 2271 ve-

233 2323 467 2369 tustatem
497 2311 774 2382 proposita
803 2311 901 2365 sibi
933 2325 1051 2366 esse
1076 2309 1265 2364 damna
1308 2318 1360 2363 et
1387 2309 1570 2363 exsilia
1592 2350 1606 2373 ,
1635 2308 1814 2362 consi-

229 2407 546 2463 deraverunt
572 2417 747 2461 utrum
777 2420 874 2475 pro
906 2415 1055 2475 parte
1087 2402 1272 2458 Donati
1303 2412 1486 2457 contra
1517 2403 1814 2458 Ecclesium

230 2502 562 2568 catholicam,
585 2502 686 2556 hoc
705 2509 807 2566 est,
829 2515 925 2570 pro
950 2500 1200 2568 ﬁgmento
1222 2499 1454 2552 humano
1475 2505 1656 2551 contra
1681 2512 1815 2566 opus

227 2593 448 2650 divinum
471 2593 684 2664 perpeti
708 2594 804 2647 ista
826 2591 1082 2647 deberent
1103 2609 1115 2643 :
1135 2601 1184 2644 et
1207 2607 1266 2645 se
1289 2591 1471 2660 utique
1490 2605 1594 2645 non
1615 2589 1815 2644 debere

228 2687 494 2752 viderunt;
545 2693 705 2756 atque
743 2687 896 2739 istam
922 2700 1078 2754 quam
1115 2685 1316 2737 vocatis
1345 2682 1767 2752 persecutionem
1794 2723 1808 2748 ,

228 2790 586 2850 cognoverunt
605 2778 704 2833 sibi
729 2792 848 2832 esse
868 2777 1218 2831 correctionis
1250 2777 1582 2830 occasionem
1604 2817 1619 2839 ,
1652 2783 1706 2829 et
1736 2775 1813 2827 ie-

227 2885 399 2930 ccrunt
422 2872 574 2946 quod
604 2873 859 2941 scriptum
894 2880 1009 2935 est,
1041 2869 1121 2922 Da
1154 2869 1368 2939 sapienti
1396 2868 1739 2928 occasionem,
1773 2874 1817 2919 et

227 2970 492 3040 sapientior
531 2967 624 3022 erit
655 2964 833 3037 (Prov.
867 2981 916 3019 ιι
937 3006 950 3029 ,
983 2960 1079 3035 9)?
1110 2962 1268 3016 Vides
1310 2963 1487 3030 itaque
1513 2975 1670 3030 quam
1705 2959 1816 3012 ina-

227 3064 356 3119 niter
379 3060 586 3118 dixeris
615 3059 853 3125 homini,
882 3059 970 3128 qtti
999 3072 1062 3112 ex
1101 3064 1367 3126 pra‘cepto
1397 3054 1620 3124 piissimi
1651 3054 1816 3122 impe-

216 3157 410 3212 *ratoris
435 3153 534 3211 sui
553 3162 784 3207 vestram
822 3151 1209 3206 correctionem
1243 3149 1499 3218 requirit,
1543 3146 1683 3216 quod
1714 3147 1815 3199 hu-

217 3247 691 3321 jusprudentiam
743 3244 1079 3301 exsecutoris
1127 3242 1360 3297 ol'ticium
1415 3257 1520 3294 non
1569 3237 1814 3293 decebat.

229 3340 357 3410 Quid
389 3342 538 3397 enim
562 3339 730 3409 magis
756 3337 1061 3407 religiosum
1101 3335 1416 3388 militantem
1440 3332 1593 3388 decet
1614 3372 1629 3396 ,
1655 3347 1818 3401 quam

230 3441 287 3486 ut
308 3433 358 3486 in
395 3449 453 3489 ea
499 3447 660 3487 causa
693 3431 744 3484 in
773 3443 875 3499 qua
907 3425 1187 3496 perpendit
1225 3425 1541 3494 quibusnam
1571 3437 1668 3475 vos
1698 3422 1816 3475 vul-

220 3524 302 3578 tis
337 3540 452 3582 esse
484 3524 728 3592 deceptio
759 3523 776 3553 ¹
804 3562 819 3587 ,
852 3518 1033 3574 multis
1063 3518 1174 3587 ipse
1213 3516 1306 3570 ﬁat
1334 3513 1663 3584 corrigendis
1708 3512 1817 3567 sal-

231 3616 366 3670 vatio
383 3616 408 3670 ?

294 3708 520 3764 CAPUT
549 3704 793 3762 XXXIV.
823 3734 895 3744 —
921 3703 1010 3758 44.
1043 3699 1219 3756 Verba
1263 3699 1518 3770 Epistolre
1551 3713 1564 3750 :
1601 3697 1679 3752 Ad
1723 3699 1817 3752 do-

229 3803 456 3868 cendum,
491 3800 680 3870 inquit,
715 3797 961 3866 papulum
986 3793 1153 3848 Israel
1177 3793 1494 3862 omnipotens
1523 3789 1660 3845 Deus
1687 3789 1820 3843 Pro-

230 3894 388 3964 phetis
413 3891 720 3964 prwconium
748 3887 903 3953 dedit,
927 3903 1025 3940 non
1053 3885 1249 3956 regibus
1269 3882 1554 3953 imperavit.
1583 3881 1822 3936 Salvator

228 3988 512 4041 animarum
546 3983 795 4038 Dominus
824 3979 1051 4036 Christus
1073 3979 1140 4032 ad
1167 3975 1522 4030 insinuandam
1551 3975 1720 4044 ﬁdem,
1747 3974 1822 4040 pi-

224 4089 477 4141 scatores,
510 4092 612 4130 non
639 4073 820 4128 milites
847 4071 1000 4124 misit.
1030 4069 1108 4124 Ad
1136 4069 1248 4122 lucc
1269 4067 1548 4136 responsio
1581 4085 1594 4120 :
1629 4065 1821 4120 Audite

224 4187 355 4242 ergo
380 4168 676 4237 Pmphetas
695 4174 926 4227 sanctos,
949 4172 1002 4217 et
1032 4170 1244 4216 sanctos
1265 4160 1566 4214 Piscatores
1591 4176 1603 4208 :
1629 4169 1681 4212 et
1709 4173 1822 4212 mo.

223 4262 393 4319 l-estos
423 4277 528 4314 non
559 4258 827 4327 patiemini
871 4253 1299 4323 religiosissimos
1321 4266 1495 4320 reges.
1523 4249 1638 4304 Jan‘t
1680 4249 1822 4302 enim

222 4365 278 4411 et
299 4351 552 4420 superius
573 4347 804 4412 ostendi,
831 4346 896 4401 ad
924 4361 1104 4400 curant
1132 4343 1447 4415 pertinuisse
1478 4340 1638 4411 regis,
1661 4349 1714 4394 ιιι
1734 4339 1825 4394 Νι-

222 4445 412 4503 nivita:
441 4441 605 4495 Deum
635 4440 937 4509 placarent,
967 4435 1116 4506 cujus
1146 4435 1276 4489 iram
1306 4433 1568 4504 Propheta
1614 4448 1824 4486 annun-

225 4541 477 4596 tiavcrat.
524 4532 784 4601 Quamdiu
814 4547 942 4601 ergo
981 4545 1078 4585 vos
1119 4545 1225 4584 non
1257 4527 1450 4583 tenetis
1489 4525 1780 4582 Ecclesium
1805 4567 1820 4592 ,

218 4645 390 4704 quam
424 4627 914 4700 przenuntiaverunt
934 4625 953 4656 ³
975 4667 990 4692 ,
1024 4624 1315 4694 piscatores
1346 4619 1588 4690 Apostoli
1615 4620 1821 4688 planta—

226 4731 424 4779 verunt
456 4738 470 4773 :
506 4718 707 4775 tamdiu
734 4733 886 4788 reges
910 4716 998 4787 qui
1028 4731 1144 4770 eam
1176 4722 1390 4776 tenent,
1422 4711 1720 4767 rectissime
1758 4709 1823 4764 ad

226 4831 382 4872 suam
409 4828 592 4869 curam
617 4811 857 4880 jndicant
886 4809 1154 4879 pertinere
1173 4850 1187 4873 ,
1217 4822 1284 4862 ne
1315 4820 1408 4859 vos
1431 4805 1685 4860 adversus
1706 4819 1823 4857 eam

229 4905 506 4964 rebelletis
531 4903 766 4972 impune.
786 4901 918 4955 Nam
937 4901 1075 4954 Deus
1091 4908 1144 4954 et
1167 4912 1320 4966 reges
1342 4896 1524 4950 habuit
1543 4896 1677 4948 inter
1695 4895 1826 4948 Pro-

230 5001 456 5071 phetas:
479 4994 642 5052 David
664 4994 860 5065 quippe
887 5003 1122 5058 sanctus,
1144 4988 1284 5058 quod
1307 5003 1411 5041 non
1439 4986 1661 5056 potestis
1679 4986 1827 5055 igno-

230 5107 373 5157 rare,
406 5104 499 5143 rex
531 5087 647 5142 fuit.
677 5084 872 5140 Audite
902 5083 1080 5153 itaque
1111 5078 1516 5150 prephetantem
1547 5092 1749 5148 regem,
1774 5088 1828 5132 et

233 5184 438 5237 nullum
462 5181 766 5250 religiosum
792 5192 970 5248 regem
993 5172 1344 5229 formidabilis
1363 5173 1678 5226 irascentem
1701 5187 1712 5222 :
1733 5186 1828 5225 au-

232 5279 377 5345 dite,
415 5279 664 5346 iuquam,
699 5274 1020 5343 PrOphetam
1061 5283 1237 5338 regem
1266 5265 1530 5321 dicentem
1575 5265 1642 5321 de
1667 5265 1826 5319 Chri-

233 5379 316 5424 sto
336 5411 350 5433 ,
389 5366 744 5422 Dominabitur
773 5381 805 5416 a
833 5362 961 5415 mari
992 5375 1148 5431 usque
1185 5357 1251 5410 ad
1282 5347 1453 5424 mare,
1486 5367 1532 5411 et
1560 5375 1590 5410 a
1619 5358 1829 5426 [lumine

235 5479 395 5533 usque
423 5461 490 5514 ad
520 5459 759 5514 terminos
785 5454 917 5510 orbis
943 5463 1088 5506 terra:
1115 5450 1285 5519 (l’sal.
1319 5466 1474 5514 Lxxt,
1505 5450 1597 5516 8);
1643 5459 1696 5504 et
1721 5463 1826 5503 non

237 5556 496 5613 timebitis
521 5553 870 5610 christianum
895 5562 1074 5618 regem
1096 5553 1500 5599 succensentem
1528 5542 1674 5596 vobis
1693 5541 1828 5596 hanc

238 5650 533 5705 Ecclesiam
569 5641 1080 5715 blasphemantibus,
1099 5655 1215 5708 quae
1243 5638 1379 5691 sicut
1400 5652 1429 5690 a
1451 5651 1574 5705 rege
1599 5634 1830 5705 prophe-

241 5750 347 5796 tata
365 5752 468 5805 est,
488 5739 767 5794 exhibetur
790 5750 956 5807 usque
973 5733 1038 5787 ad
1065 5731 1318 5787 terminos
1343 5730 1485 5784 orbis
1505 5739 1674 5784 terrae.
1696 5727 1828 5795 Quia

305 5903 322 5934 ⁸
357 5907 516 5961 Forte,
543 5899 826 5964 quibusdam
844 5910 921 5964 eos
943 5892 1099 5946 stultis
1121 5905 1223 5964 esse
1245 5889 1407 5941 exitio.

312 5966 335 5998 ⁸
367 5957 525 6026 Forte,
548 5957 694 6029 quam
720 5959 964 6025 Propheta:
984 5957 1437 6023 praematurum.

3394 430 3502 492 751

1921 555 1976 602 et
2003 562 2094 602 rex
2120 545 2638 613 Nabuchodonosor,
2671 547 2912 618 quamvis
2952 547 3212 620 propheta
3250 562 3355 604 non
3381 547 3501 605 fne-

1919 641 2020 705 rit,
2052 653 2146 694 eos
2167 649 2340 694 tamen
2364 641 2452 710 qui
2475 639 2908 710 blasphemarent
2933 643 3098 696 Deum
3120 640 3342 696 Sidrach
3363 683 3379 708 ,
3407 641 3505 697 Ili-

1918 732 2042 788 sach
2073 741 2128 786 et
2151 732 2458 803 Abdenago,
2481 734 2723 805 religiosa
2753 735 3042 791 severitate
3071 735 3308 792 coercuit
3338 734 3499 804 (Dan.

1917 841 1972 878 ιιι
1998 866 2011 889 ,
2045 825 2158 894 96).
2863 843 2866 846 ‹

1987 916 2215 973 CAPUT
2258 916 2474 972 XXXV.
2507 948 2574 960 ——
2603 919 2692 974 45.
2726 919 2901 976 Verba
2949 919 3199 990 Epistulae
3232 938 3246 976 :
3282 919 3505 975 Munda-

1918 1027 2016 1078 na',
2040 1011 2228 1081 inquit,
2250 1011 2441 1066 militia:
2465 1028 2719 1084 nunquam
2743 1011 2880 1066 Deus
2906 1013 3201 1082 exspectavit
3230 1013 3501 1078 auxilium,

1917 1107 2002 1176 qui
2025 1106 2164 1159 solus
2194 1114 2351 1176 potest
2372 1105 2433 1157 de
2458 1106 2576 1158 vivis
2603 1115 2646 1159 et
2673 1106 2883 1159 mortuis
2900 1106 3152 1177 judicare.
3182 1105 3263 1159 Ad
3287 1105 3400 1158 lucc
3422 1119 3506 1158 re-

1919 1199 2136 1269 sponsio
2169 1213 2182 1252 :
2217 1198 2328 1253 Non
2359 1199 2639 1254 mundanzr.
2670 1199 2870 1253 militize
2900 1199 3038 1253 Deus
3060 1203 3332 1268 exspectat
3356 1197 3506 1251 auxi-

1918 1292 2047 1346 iium
2070 1334 2082 1355 ,
2113 1291 2324 1362 quando
2352 1292 2566 1362 regibus
2589 1275 2808 1360 largitur
2836 1291 3011 1359 potius
3039 1289 3355 1344 beneﬁcium
3377 1329 3389 1352 ,
3416 1287 3506 1357 qui

1919 1383 1997 1438 eis
2019 1384 2239 1453 inspirat
2257 1393 2314 1437 ut
2334 1384 2383 1436 in
2403 1399 2566 1453 regno
2591 1397 2686 1436 suo
2703 1391 2891 1437 curent
2908 1382 3017 1436 ﬁeri
3045 1380 3250 1435 Domini
3272 1379 3353 1434 sui
3369 1393 3506 1450 pra:-

1919 1485 2154 1544 ceptutn.
2179 1476 2380 1542 Quibus
2402 1477 2543 1529 enim
2570 1475 2765 1536 dictum
2790 1484 2874 1529 est
2893 1515 2907 1540 ,
2943 1472 3010 1527 Et
3036 1489 3168 1526 nunc
3187 1513 3203 1539 ,
3232 1489 3371 1544 reges
3391 1513 3406 1537 ,
3433 1471 3508 1523 in-

1921 1569 2164 1640 telligite;
2199 1569 2466 1622 erudimini
2485 1609 2497 1630 ,
2527 1568 2611 1638 qui
2640 1567 2888 1638 judicatis
2931 1576 3114 1619 terram
3143 1582 3162 1620 :
3191 1566 3368 1618 servile
3395 1561 3507 1616 Do-

1921 1664 2057 1716 mino
2087 1664 2138 1716 in
2171 1665 2347 1718 timore
2376 1661 2547 1732 (Psal.
2580 1677 2614 1716 ιι
2641 1704 2651 1726 ,
2686 1661 2752 1716 10
2773 1704 2788 1729 ,
2819 1662 2946 1728 ii);
2977 1661 3211 1715 sentiunt
3240 1675 3390 1715 suam
3416 1673 3510 1728 po—

1923 1764 2166 1810 testatem
2199 1757 2265 1808 ita
2309 1755 2531 1809 Domino
2570 1753 2773 1808 servire
2801 1753 3033 1818 debere,
3077 1761 3134 1806 ut
3159 1767 3219 1806 ea
3250 1757 3510 1822 potestate

1924 1848 2242 1918 plectantur,
2264 1848 2351 1918 qui
2376 1849 2563 1901 nolunt
2584 1847 2698 1916 ejus
2717 1846 2972 1902 voluntati
2999 1845 3222 1900 servire.
3241 1842 3394 1913 Quod
3416 1856 3512 1897 au-

1921 1947 2028 1994 tem
2059 1939 2126 1994 de
2152 1941 2404 1993 militibus
2437 1940 2563 1994 lacis
2591 1939 2840 1994 invidiam
2861 1981 2874 2004 ,
2919 1940 2964 1993 si
2995 1938 3174 2008 utique
3207 1939 3306 1992 ista
3341 1952 3467 1992 cura
3491 1977 3508 2004 ,

1921 2031 2058 2086 sicut
2102 2030 2210 2100 jam
2266 2029 2542 2084 docuimus
2575 2071 2590 2096 ,
2647 2032 2698 2084 in
2750 2029 3042 2099 Scripturis
3092 2029 3289 2084 sanctis
3342 2028 3509 2098 perti-

1921 2138 2049 2177 nere
2082 2123 2482 2177 demonstratur
2505 2122 2571 2176 ad
2600 2137 2752 2192 reges
2773 2164 2786 2187 ,
2824 2137 2919 2192 per
2948 2135 3081 2191 quos
3112 2121 3162 2174 id
3194 2121 3363 2175 acturi
3389 2127 3514 2174 sunt

1922 2215 2183 2270 adversus
2235 2216 2468 2270 rebelles
2518 2214 2986 2269 Circmncelliones
3037 2223 3092 2268 et
3144 2215 3361 2269 insanos
3417 2227 3512 2267 eo-

1921 2322 2037 2361 rum
2067 2307 2183 2364 sive
2213 2306 2500 2377 participes
2536 2307 2652 2362 sive
2679 2306 2946 2376 principes
2970 2349 2984 2372 ,
3021 2306 3122 2361 nisi
3153 2321 3248 2376 per
3273 2304 3513 2360 subditos

1921 2400 2118 2454 milites
2136 2401 2161 2453 ?

1992 2511 2218 2568 CAPUT
2247 2510 2490 2588 XXXVI.
2521 2542 2591 2553 ——
2620 2511 2710 2566 46.
2741 2509 2913 2565 Verba
2941 2510 3195 2581 Epistoltc
3227 2527 3240 2563 :
3276 2508 3383 2566 Sed
3422 2510 3514 2563 hoc

1922 2623 2023 2659 non
2051 2605 2214 2660 sciunt
2234 2649 2248 2674 ,
2293 2606 2498 2676 inquit,
2530 2605 2811 2658 alienarum
2840 2619 3007 2658 rerum
3038 2602 3386 2668 incubatores,
3428 2601 3515 2672 qui

1924 2714 2012 2751 nec
2029 2697 2188 2751 Deum
2209 2698 2420 2751 audiunt
2443 2697 2706 2759 dicentem,
2723 2716 2740 2748 ι
2768 2695 2888 2750 Νοη
2919 2691 3244 2764 concupiscas
3268 2711 3372 2749 rem
3396 2710 3516 2764 pro-

1921 2793 2046 2846 ximi
2073 2794 2146 2845 tui
2174 2813 2191 2844 ι
2215 2793 2233 2861 (
2243 2792 2405 2846 Exod.
2428 2809 2517 2855 xx,
2540 2793 2627 2862 i7)
2651 2808 2664 2844 :
2687 2808 2775 2845 nec
2792 2809 2878 2862 per
2908 2790 3232 2845 Salomonem
3262 2788 3516 2858 Spiritum

1922 2893 2149 2939 sanctum
2178 2886 2441 2952 (licentem,
2458 2905 2476 2936 ι
2490 2885 2633 2938 Tunc
2654 2885 2854 2937 stabunt
2859 2887 2991 2955 justi
3007 2883 3060 2936 in
3083 2899 3265 2952 magna
3281 2888 3516 2935 constan-

1924 2977 1992 3028 tia
2019 2976 2259 3030 adversus
2280 2993 2362 3030 eos
2389 2979 2473 3046 qui
2503 2993 2556 3031 se
2573 2978 3004 3046 angustiaverunt,
3031 2986 3076 3028 et
3096 2975 3181 3046 qui
3203 2973 3516 3027 abstulerunt

1924 3068 2118 3121 labores
2140 3083 2329 3121 eorum.
2366 3066 2601 3120 Videntes
2631 3051 2962 3120 turbabuntur
2989 3067 3166 3118 timore
3195 3061 3445 3128 horribili,
3469 3071 3518 3117 et

1926 3161 2242 3214 mirabuntur
2269 3161 2320 3214 in
2351 3161 2649 3214 subitatione
2670 3160 2939 3230 insperata:
2959 3159 3167 3222 salutis;
3191 3158 3412 3211 dicentes
3439 3155 3518 3210 in-

1924 3263 1996 3306 ter
2023 3269 2074 3306 se
2094 3295 2108 3321 ,
2140 3253 2480 3323 pmnitentiam
2511 3251 2778 3317 habentes,
2812 3261 2858 3304 et
2886 3268 2973 3320 per
3002 3249 3288 3320 angustiam
3312 3247 3518 3319 spiritus

1924 3358 2208 3420 gementes:
2233 3347 2300 3400 lli
2331 3356 2445 3400 sunt
2472 3363 2594 3416 quos
2616 3345 2888 3413 aliquando
2910 3343 3175 3396 habuimus
3199 3342 3250 3394 in
3273 3341 3515 3406 derisum,

1924 3453 1970 3496 et
1999 3443 2049 3494 in
2078 3441 2454 3494 similitudinem
2485 3439 2794 3509 improperii.
2836 3435 2943 3489 Nos
2973 3434 3213 3488 insensati
3251 3435 3403 3488 vitam
3446 3430 3515 3484 il-

1925 3535 2090 3588 lorum
2133 3533 2537 3588 cxistimabamus
2569 3531 2851 3593 insaniam,
2896 3537 2942 3581 et
2984 3528 3136 3596 ﬁnem
3177 3525 3382 3578 illorum
3411 3523 3518 3577 sine

1927 3628 2115 3679 honore
2145 3643 2161 3679 :
2193 3617 2442 3696 quomodo
2473 3621 2746 3692 computati
2771 3628 2887 3672 sunt
2916 3620 3044 3670 inter
3073 3617 3206 3684 filios
3235 3614 3347 3679 Dei,
3374 3622 3420 3666 et
3439 3613 3520 3664 in-

1928 3731 2000 3774 ter
2026 3729 2226 3772 sanctos
2254 3733 2360 3769 sors
2389 3717 2594 3767 illorum
2633 3712 2748 3764 est?
2781 3710 2916 3778 Ergo
2944 3707 3222 3761 erravimus
3252 3721 3283 3757 a
3309 3705 3390 3756 via
3433 3718 3519 3757 ve-

1917 3812 2128 3873 ritatis;
2160 3817 2204 3860 et
2228 3807 2443 3878 justitiaz
2475 3805 2640 3857 lumen
2670 3818 2769 3854 non
2796 3799 2966 3853 illuxit
3007 3797 3150 3850 nobis
3185 3811 3202 3849 :
3231 3794 3406 3848 lassati
3434 3811 3520 3848 su-

1927 3919 2038 3956 mus
2063 3902 2116 3954 in
2145 3897 2425 3969 iniquitatis
2453 3906 2496 3950 et
2528 3893 2821 3965 perditionis
2848 3892 2949 3956 via,
2980 3899 3024 3943 et
3049 3888 3412 3942 ambulavimus
3433 3902 3518 3940 so-

1930 3996 2162 4050 litudines
2179 3993 2432 4064 diﬂiriles;
2451 3991 2582 4044 viam
2599 3998 2762 4040 autem
2785 3985 2987 4038 Domini
3003 3981 3358 4054 iguoravimus.
3384 3977 3520 4047 Quid

1930 4090 2070 4143 nobis
2095 4088 2282 4156 profui!
2300 4081 2667 4154 superbiahmt
2685 4079 2804 4148 quid
2826 4077 3114 4130 divitiarum
3127 4073 3379 4146 jactantia
3399 4087 3521 4124 cou-

1932 4179 2042 4234 tnlit
2061 4179 2199 4231 nobis
2215 4179 2237 4230 ?
2254 4175 2582 4228 Transierunt
2602 4172 2769 4225 omnia
2785 4180 3023 4238 tanquam
3044 4165 3219 4220 umbra
3233 4184 3250 4216 ι
3283 4164 3439 4234 (Sap.
3460 4178 3514 4230 v,

1933 4273 2076 4339 1-9).
2111 4269 2233 4322 Ha'c
2260 4269 2412 4338 igitur
2443 4267 2568 4335 ﬁdes
2595 4281 2686 4318 nos
2708 4265 2960 4327 hortatur,
2990 4271 3044 4313 ut
3069 4260 3276 4314 libenter
3298 4275 3389 4328 pro
3412 4257 3520 4312 Deo

1930 4366 1980 4419 in
2000 4366 2094 4417 ista
2111 4361 2453 4433 persecutione
2470 4361 2764 4412 moriamur.
2787 4355 2864 4410 Ad
2884 4355 2997 4409 haec
3015 4352 3289 4423 responsio
3310 4369 3323 4405 :
3346 4352 3523 4422 Agno-

1931 4455 2063 4511 scite
2093 4454 2266 4508 scelus
2288 4461 2521 4506 vestrum
2542 4493 2554 4514 ,
2590 4459 2643 4504 et
2667 4448 2830 4502 nolite
2861 4447 3010 4501 vobis
3039 4459 3296 4514 usurpare
3327 4457 3521 4497 nomen

1931 4551 2182 4605 alienum.
2214 4547 2485 4616 Scriptura
2512 4545 2676 4609 dixit,
2706 4541 2850 4596 Tunc
2887 4540 3088 4595 stabunt
3103 4538 3232 4608 justi
3257 4537 3308 4589 in
3338 4552 3522 4606 magna

1933 4643 2214 4696 constantia
2236 4640 2476 4693 adversus
2502 4653 2584 4691 eos
2605 4636 2688 4704 qui
2715 4649 2767 4687 se
2786 4632 3215 4703 angustiaverunt,
3236 4639 3282 4682 et
3303 4628 3389 4694 qui
3409 4625 3523 4681 abs-

1936 4734 2156 4787 tulerimt
2207 4732 2401 4784 labores
2433 4743 2624 4782 eorum.
2659 4724 2770 4778 Non
2797 4723 2951 4786 dixit,
2974 4722 3200 4776 Stabunt
3227 4733 3414 4773 omnes
3433 4711 3522 4787 qui

1934 4825 2070 4878 mala
2099 4821 2237 4892 passi
2266 4829 2390 4875 sunt
2422 4836 2435 4872 :
2469 4817 2562 4872 sed
2583 4859 2598 4884 ,
2626 4815 2823 4870 stabunt
2845 4815 2997 4885 justi.
3020 4812 3164 4868 Sicut
3188 4821 3242 4866 et
3270 4810 3523 4865 Dominus

1934 4931 2054 4970 cum
2094 4915 2346 4976 dixisset,
2379 4910 2521 4964 Beati
2561 4908 2647 4978 qui
2681 4908 3074 4978 persecutionem
3100 4903 3393 4975 patiuntur,
3423 4899 3522 4952 nisi

1934 4998 2258 5068 addidisset,
2292 5011 2492 5076 prapter
2511 5002 2765 5074 justitiam
2795 4999 3009 5071 (Matth.
3041 5015 3070 5050 v
3091 5039 3105 5063 ,
3139 4995 3223 5064 l0)
3248 5035 3264 5061 ,
3291 5007 3396 5047 non
3429 5005 3521 5046 so-

1937 5100 2017 5153 los
2043 5098 2363 5168 signiﬁcaret
2390 5095 2476 5166 qui
2500 5107 2598 5166 pro
2628 5105 2720 5148 sua
2753 5093 2806 5148 in
2840 5093 3060 5147 Domino
3087 5085 3336 5157 patientia
3364 5098 3521 5140 coro-

1935 5199 2134 5247 nantur
2154 5232 2166 5256 ,
2198 5188 2290 5242 sed
2330 5189 2488 5242 etiam
2519 5187 2638 5242 illos
2666 5186 2754 5256 qui
2783 5185 2935 5254 justis
2966 5180 3170 5250 legibus
3212 5177 3521 5248 puniuntur.

1935 5285 2270 5354 Quapropter
2291 5283 2334 5336 si
2363 5281 2426 5335 ad
2457 5296 2547 5336 \‘OS
2575 5279 2771 5352 putatis
2802 5276 2915 5330 inec
2932 5276 3196 5345 justorum
3220 5269 3381 5326 verba
3406 5282 3524 5338 qua:

1939 5378 2134 5446 scripta
2167 5383 2287 5429 sunt
2314 5376 2615 5445 pertinere,
2647 5371 2792 5441 prius
2826 5382 2892 5420 an
2929 5366 3058 5437 justi
3083 5363 3200 5420 sitis
3238 5359 3523 5417 ostendite.

1939 5469 2154 5525 Habetis
2175 5469 2318 5523 enim
2348 5481 2436 5522 res
2470 5475 2686 5533 magnas
2708 5503 2722 5527 ,
2751 5472 2881 5529 quas
2909 5457 3047 5512 inter
3066 5465 3271 5511 vestras
3290 5451 3528 5523 justitias

1939 5561 2239 5624 ventiletis;
2282 5559 2595 5613 divisionem
2638 5553 2869 5617 Christi,
2915 5550 3293 5607 rescissionem
3331 5544 3522 5600 Sacra-

1939 5661 2237 5712 mentorum
2269 5654 2484 5712 Christi,
2517 5649 2873 5704 desertionem
2904 5645 3047 5716 pacis
3077 5642 3300 5708 Christi,
3329 5639 3526 5695 bellum

1937 5760 2123 5807 contra
2175 5737 2412 5802 membra
2442 5741 2671 5804 Christi,
2704 5737 3103 5794 criminationes
3151 5735 3203 5790 in
3245 5733 3526 5802 conjugem

1939 5844 2157 5907 Christi,
2181 5840 2516 5910 negationem
2543 5833 2925 5905 promissorum
2956 5828 3173 5885 Christi.
3193 5827 3286 5882 Hae
3310 5835 3433 5880 sunt
3445 5825 3528 5893 ju-

1943 5937 2099 5994 stitia:
2122 5944 2331 6002 vestrae,
2355 5941 2573 6006 propter
2602 5944 2734 6001 quas
2754 5927 3001 5985 videlicet
3026 5925 3235 5998 subitis
3252 5924 3310 5988 in
3338 5931 3528 5992 magna
