4026 6454
477 415 587 476 ⁸158

479 526 780 590 constantia
800 520 1057 580 adversus
1066 529 1160 575 eos
1172 514 1262 590 qui
1280 525 1378 570 vos
1399 511 1854 584 angustiaverunt,
1877 515 1930 564 et
1947 505 2072 562 abs-

484 623 722 680 tulerunt
756 617 966 674 labores
999 608 1365 668 vestros.Jam
1379 620 1508 662 vero
1532 619 1653 660 cum
1681 603 1822 658 inter
1841 599 2074 672 justitias

485 724 692 774 vestras
715 713 919 784 jactare
933 705 1226 780 cmperitis,
1245 701 1388 774 quod
1400 716 1496 756 vos
1522 701 1668 770 ipsos
1698 696 1933 759 necatis;
1955 693 2076 766 quis

486 808 640 866 vobis
659 806 836 876 justus
861 797 1196 872 aequabitur?
1224 795 1373 852 Tunc
1414 793 1556 850 enim
1595 790 1827 846 maxime
1852 801 2077 859 appare-

488 900 616 958 bitis
636 893 958 952 vindicandi.
990 891 1096 947 Sed
1117 889 1290 944 videte
1326 886 1393 942 de
1413 885 1606 956 quibus
1638 900 1652 936 :
1685 883 1754 939 de
1791 881 1875 936 his
1894 880 2079 950 utique

488 992 580 1064 qui
608 1003 704 1044 vos
732 986 1062 1044 occiderunt.
1093 983 1233 1054 Ergo
1258 987 1317 1035 ut
1335 975 1676 1033 vindicemini
1696 1017 1712 1042 ,
1745 970 2036 1064 puniemini
2060 1010 2077 1038 ,

491 1063 546 1139 et
565 1081 776 1139 stabitis
798 1079 1054 1135 adversus
1079 1089 1174 1130 vos
1195 1072 1373 1144 ipsos?
1390 1069 1620 1125 Maxime
1642 1065 1866 1128 stabilis,
1887 1063 1976 1135 qui
1994 1076 2077 1118 ca-

493 1175 656 1232 minis
678 1173 874 1229 clausis
897 1184 994 1226 vos
1019 1171 1071 1224 in
1097 1165 1341 1223 crudeles
1379 1162 1654 1234 angustias
1675 1157 1958 1215 coarctatis
1980 1199 1996 1224 ,
2025 1163 2085 1212 ut

493 1277 550 1325 et
583 1267 675 1338 qui
702 1264 930 1322 voluerit
963 1261 1277 1325 subvenire,
1307 1274 1412 1313 non
1449 1256 1619 1327 possit
1647 1255 1846 1309 intrare
1868 1293 1882 1318 ,
1914 1261 1967 1307 et
1994 1251 2085 1322 qui

495 1361 726 1418 voluerit
744 1358 994 1425 evadere,
1013 1371 1118 1412 non
1143 1353 1309 1426 possit
1327 1352 1493 1407 exire.
1518 1349 1687 1411 Absit,
1706 1346 1846 1402 absit
1869 1353 1925 1399 ut
1943 1352 2088 1401 stent

428 1511 435 1522 ,
495 1468 620 1509 cum
663 1466 854 1522 magna
881 1446 1212 1512 constantia,
1242 1459 1365 1501 cum
1395 1443 1611 1498 stabunt
1646 1454 1768 1494 cum
1813 1448 1920 1492 tam
1948 1438 2088 1493 mala

426 1525 438 1556 ε
499 1545 847 1603 conscientia.
891 1541 1004 1598 Nisi
1048 1539 1187 1596 forte
1229 1535 1561 1594 arbitramini
1608 1541 1890 1604 propterea
1934 1531 2089 1586 vobis

498 1641 668 1698 Deum
689 1650 815 1697 tunc
834 1653 995 1711 posse
1033 1651 1251 1708 parcere
1276 1649 1372 1704 pro
1397 1630 1688 1687 sceleribus
1708 1627 1900 1683 vestris
1919 1668 1934 1692 ,
1967 1626 2090 1695 quia

499 1736 604 1808 ipsi
619 1735 772 1792 vobis
796 1733 957 1790 modo
972 1747 1078 1787 non
1101 1729 1335 1800 parcitis.
1353 1725 1505 1783 Unde
1529 1725 1688 1780 etiam
1711 1720 1954 1792 qumdam
1970 1733 2094 1774 san-

503 1828 838 1885 ctimoniales
861 1836 1053 1882 vestrae
1077 1821 1310 1896 gravidis
1350 1836 1448 1891 per
1477 1833 1601 1872 saxa
1632 1831 1690 1871 se
1711 1815 2008 1880 miserunt,
2039 1818 2095 1868 et

505 1921 890 1979 dissilientibus
926 1919 1092 1974 uteris
1118 1913 1524 1972 homicidiorum
1552 1910 1754 1965 scelere
1783 1916 1839 1962 et
1877 1915 2093 1976 stupro-

505 2030 626 2073 rum
652 2014 852 2069 scelera
879 2009 1256 2084 prodiderunt;
1275 2005 1642 2062 existimantes
1663 2001 1708 2056 si
1733 2000 1835 2055 hoc
1858 1998 2018 2054 modo
2040 1997 2095 2052 in

506 2123 570 2164 se
591 2107 974 2168 vindicassent,
993 2103 1139 2157 nullo
1159 2101 1272 2171 jam
1293 2098 1453 2154 modo
1475 2098 1641 2152 Deum
1665 2094 2052 2148 vindicaturum
2077 2107 2092 2145 :

509 2200 650 2257 sicut
673 2209 729 2255 et
753 2213 849 2253 vos
870 2196 1064 2268 putatis
1085 2235 1100 2262 ,
1130 2209 1249 2264 quae
1277 2190 1554 2260 sacrilegio
1576 2186 1880 2244 schismatis
1905 2193 1959 2241 et
1986 2185 2097 2239 ba:-

506 2292 666 2357 resis,
691 2289 775 2344 vcl
803 2285 1177 2360 depraedando,
1211 2281 1599 2347 detruncando,
1629 2277 1968 2344 excaecando,
2001 2291 2094 2333 oc-

506 2381 737 2440 cidendo
755 2423 770 2449 ,
801 2389 1074 2452 postremo
1094 2377 1251 2434 etiam
1275 2373 1654 2445 rebaptizando
1677 2371 1982 2427 Catholicos
1999 2410 2016 2437 ,
2043 2376 2100 2424 et

507 2474 762 2547 quaelibet
780 2473 880 2528 alia
912 2478 1201 2543 potuerunt
1219 2483 1249 2523 a
1272 2467 1423 2522 vobis
1445 2464 1671 2521 nefanda
1692 2461 1976 2526 committi,
1997 2461 2100 2516 isto

508 2567 671 2624 modo
700 2580 880 2636 posse,
913 2563 1037 2635 quia
1056 2578 1154 2618 vos
1192 2559 1454 2625 occiditis,
1487 2557 1709 2627 expiari.
1740 2555 1846 2611 Sed
1867 2555 2097 2610 erratis:

510 2663 612 2718 boc
634 2661 839 2733 putavit
863 2666 918 2714 et
943 2657 1125 2714 Judas.
1154 2656 1236 2710 An
1263 2653 1366 2709 hoc
1401 2653 1560 2708 etiam
1585 2650 1743 2705 vultis
1767 2647 1964 2703 addere
1999 2646 2100 2702 do-

509 2766 815 2814 cumentum
837 2797 851 2820 ,
884 2767 992 2825 quo
1039 2751 1238 2806 certius
1281 2747 1587 2804 noverimus
1634 2744 1866 2813 majores
1894 2748 2103 2798 vestros

510 2849 687 2920 potius
715 2847 878 2903 fuisse
905 2843 1190 2900 traditores
1211 2883 1226 2911 ,
1259 2839 1382 2912 quia
1411 2845 1642 2894 mortem
1673 2833 1955 2891 imitamini
1992 2839 2104 2889 tra-

511 2941 564 2998 di
571 2941 701 2998 toris
716 2941 740 2996 ?

585 3032 812 3091 CAPUT
849 3027 1114 3087 XXXVII.
1147 3057 1217 3068 —-—
1247 3027 1336 3082 47.
1377 3024 1520 3096 Ergo
1556 3021 1697 3094 quod
1727 3021 1780 3076 in
1809 3018 2106 3076 Collatione

513 3127 849 3185 contentiose
898 3138 1094 3194 negare
1133 3117 1398 3183 voluistis,
1448 3117 1607 3172 etiam
1655 3114 1782 3170 hinc
1811 3129 1936 3170 vera
1985 3127 2106 3168 esse

513 3229 665 3292 gesta
691 3217 932 3274 ﬁrmatis.
975 3215 1032 3271 ln
1059 3212 1252 3285 quibus
1296 3208 1559 3266 confessis
1605 3206 1969 3272 traditoribus,
2015 3203 2107 3276 qui

515 3325 642 3372 tunc
672 3313 856 3383 primm
885 3309 1027 3366 sedis
1057 3307 1336 3378 episcopus
1375 3304 1428 3358 in
1457 3300 1703 3357 Numidia
1735 3299 1866 3365 fuit,
1899 3298 2105 3353 Secun-

517 3407 618 3464 dus
640 3404 964 3476 Tigisitanus
990 3399 1229 3472 ignovit,
1257 3405 1312 3452 et
1334 3395 1528 3466 quibus
1551 3391 1776 3448 crimina
1810 3388 2108 3445 traditionis

517 3495 798 3556 manifesta
837 3503 996 3566 atque
1041 3488 1286 3546 confessa
1327 3485 1466 3557 apud
1507 3483 1708 3540 Cirtam
1756 3481 2108 3553 praesentibus

518 3587 804 3654 relaxavit,
835 3600 957 3642 cum
985 3584 1068 3639 his
1094 3580 1234 3653 apud
1261 3578 1634 3649 Carthaginem
1662 3585 1912 3646 tanquam
1937 3571 2108 3628 tradi-

517 3695 663 3742 tores
691 3697 796 3738 non
834 3679 1107 3736 convictos
1138 3676 1490 3744 absentesque
1527 3669 1732 3741 punivit
1757 3687 1770 3723 :
1801 3683 1830 3722 a
1869 3681 1976 3738 quo
2003 3665 2110 3720 cri-

516 3778 663 3833 mine
691 3775 849 3830 etiam
875 3770 1151 3829 Secundus
1182 3769 1297 3838 ipse
1322 3764 1609 3835 objiciente
1636 3759 1898 3830 Purpurio
1926 3758 2109 3814 Lima-

519 3869 656 3926 tensi
699 3884 759 3924 se
800 3880 1028 3938 purgare
1075 3878 1179 3918 non
1224 3859 1413 3932 potuit,
1458 3855 1670 3929 quando
1709 3855 1757 3910 ei
1789 3853 1919 3908 dixit
1968 3852 2110 3908 idem

517 3960 832 4032 Purpurius,
863 3957 943 4013 Tu
969 3956 1090 4028 quid
1115 3955 1294 4027 egisti,
1325 3950 1528 4020 quando
1554 3955 1715 4002 tentus
1744 3963 1796 4001 es
1823 3962 1855 4000 α
1881 3952 2112 3999 curatore

519 4065 566 4112 et
594 4055 788 4119 ordine,
810 4063 866 4108 ut
894 4051 1186 4122 Scripturas
1215 4048 1362 4101 dares
1387 4046 1410 4096 7
1443 4043 1707 4111 Quomodo
1730 4050 1777 4094 te
1805 4039 2029 4095 liberasti
2048 4039 2110 4094 ab

519 4149 644 4219 ipsis
665 4190 680 4216 ,
714 4147 813 4203 nisi
836 4147 953 4217 quia
983 4143 1196 4208 dedisti,
1227 4148 1315 4194 aut
1332 4137 1536 4211 jussisti
1571 4135 1684 4190 dari
1718 4132 2066 4204 quodcumque
2086 4133 2112 4187 ?

524 4239 664 4294 Nam
693 4256 794 4294 non
820 4249 866 4292 te
894 4235 1207 4292 dimittebant
1231 4231 1439 4305 passim.
1471 4229 1586 4284 Hoc
1624 4235 1801 4282 autem
1836 4223 2113 4281 Secundus

521 4331 680 4387 etiam
704 4331 756 4384 in
779 4330 967 4384 litteris
987 4328 1098 4383 suis
1117 4327 1183 4381 ad
1206 4323 1528 4381 Mensurium
1555 4321 1714 4389 datis,
1739 4333 1870 4391 quas
1894 4333 1990 4374 vos
2011 4319 2112 4389 ipsi

523 4422 818 4496 protulistis
840 4429 998 4490 atque
1022 4418 1306 4483 recitastis,
1329 4417 1444 4470 sine
1465 4414 1810 4485 ambiguitate
1835 4411 2112 4469 confessus

521 4526 606 4573 est
623 4557 639 4583 ,
672 4513 812 4585 quod
839 4527 943 4567 non
972 4508 1284 4574 tradiderit,
1312 4507 1406 4563 sed
1432 4506 1575 4577 quod
1607 4505 1676 4560 ad
1702 4521 1822 4560 eum
1850 4519 2112 4576 pervene-

527 4609 633 4665 rint
661 4621 689 4661 a
717 4613 963 4661 curatore
990 4611 1045 4659 et
1071 4601 1259 4656 ordine
1284 4599 1432 4655 missi
1460 4606 1834 4670 persecutores
1853 4638 1868 4662 ,
1901 4611 2034 4667 quos
2061 4595 2112 4653 ei

525 4699 815 4770 Purpurius
844 4695 1160 4753 Limatensis
1187 4693 1403 4764 objecit,
1426 4702 1486 4747 ut
1507 4691 1808 4762 Scripturas
1837 4689 2108 4746 traderet:

529 4807 655 4867 quas
697 4806 819 4846 cum
863 4790 930 4846 ab
980 4789 1074 4844 illo
1115 4795 1390 4860 peterent,
1439 4800 1497 4841 se
1543 4783 1917 4854 respondisse,
1960 4783 2112 4838 Chri.

522 4885 716 4938 stiamts
757 4899 868 4937 sum
896 4889 944 4936 et
987 4879 1282 4952 episcopus,
1328 4893 1429 4932 non
1473 4877 1704 4944 traditor,
1725 4875 1879 4946 eique
1920 4876 1936 4906 ¹
1977 4875 2111 4930 nihil

521 4977 741 5034 omnino
767 4974 975 5032 tradere
1000 4973 1252 5029 voluisse.
1279 4969 1432 5040 Quod
1455 4969 1505 5024 ei
1539 4969 1699 5024 vultis
1723 4976 1782 5023 ut
1804 4966 2108 5036 credamus,

524 5086 645 5127 cum
671 5077 724 5126 et
745 5083 844 5126 vos
867 5069 966 5141 ipsi
990 5082 1148 5139 quam
1173 5067 1242 5120 sit
1267 5063 1576 5120 incredibile
1597 5062 1840 5128 videatis,
1870 5061 2111 5119 fervente

523 5164 608 5220 illa
631 5163 1002 5234 persecutione
1021 5159 1296 5215 detentum
1321 5156 1629 5227 episcopum
1657 5156 1770 5211 sive
1789 5164 2109 5210 conventum

522 5267 583 5314 ut
601 5256 903 5328 Scripturas
925 5253 1220 5310 dominicas
1242 5249 1494 5316 traderet,
1524 5247 1684 5303 nullis
1712 5247 1918 5304 traditis
1944 5247 2109 5304 fuisse

523 5349 825 5406 dimissum.
856 5346 1058 5417 Nempe
1085 5341 1485 5400 contendebatis
1510 5355 1617 5396 non
1641 5341 1877 5410 potuisse
1901 5340 2110 5410 episco-

521 5455 618 5514 pos
636 5440 704 5497 ad
724 5437 1076 5496 ordinandum
1099 5435 1409 5509 episcopum
1430 5432 1497 5488 ad
1521 5431 1789 5489 civitatem
1810 5431 2106 5488 Cirtensem

521 5533 908 5608 persecutionis
929 5542 1172 5602 tempore
1200 5528 1504 5586 convenire.
1535 5526 1813 5594 Quomodo
1838 5541 1966 5596 ergo
1988 5540 2108 5596 per-

521 5629 722 5685 secutio
747 5628 836 5682 illa
863 5625 1115 5691 fervebat,
1143 5621 1187 5677 si
1214 5621 1385 5694 potuit
1409 5621 1690 5691 episcopus
1721 5626 1936 5689 propter
1962 5617 2109 5673 Scri-

520 5729 704 5793 pturas
752 5717 1036 5775 tradendae
1080 5715 1289 5781 teneri,
1336 5714 1598 5786 nullisque
1640 5711 1848 5769 traditis
1890 5712 2108 5784 impune

519 5810 756 5870 dimitti?
787 5810 855 5865 Et
877 5818 1055 5868 tamen
1082 5808 1413 5878 clamabatis,
1445 5808 1830 5865 immanitatem
1857 5821 2106 5879 persecu-

585 5919 997 5988 imm.

1461 391 1738 454 CONTRA
1772 385 2244 457 GAUDENTIUM,
2284 384 2343 443 S.
2386 383 2757 444 AUGUSTINI

3655 393 3768 454 756

2180 503 2339 560 tionis
2389 503 2531 562 illius
2579 504 2836 576 temporis
2883 503 3280 576 describentes,
3327 520 3427 564 nec
3477 507 3766 571 duodecim

2180 597 2459 668 episcopos
2486 597 2555 653 ad
2583 597 2938 654 ordinandum
2960 597 3265 669 episcopum
3290 600 3527 669 potuisse
3552 603 3607 658 in
3630 619 3768 662 con-

2183 689 2365 746 cilium
2393 691 2726 762 congregari,
2752 691 2843 763 qui
2868 699 3016 763 gesta
3043 690 3133 748 illa
3163 691 3510 762 conﬁcerent,
3539 695 3632 753 ubi
3658 701 3770 757 cri-

2183 789 2328 844 mina
2379 789 2676 846 traditionis
2723 791 2948 848 invicem
2993 793 3343 863 donaverunt,
3389 811 3595 868 proque
3639 811 3774 869 pace

2185 882 2438 940 Ecclesia:
2453 883 2738 955 iudicanda
2763 885 2988 942 Domino
3011 886 3343 959 reliquerunt
3368 905 3382 942 :
3409 904 3532 945 cum
3553 903 3650 945 vos
3669 889 3777 947 hoc

2187 984 2428 1047 tempore
2467 978 2623 1034 talem
2672 981 3094 1050 persecutionem
3125 997 3220 1036 vos
3267 982 3473 1053 perpeti
3521 982 3775 1051 dixistis,

2189 1069 2359 1141 qualis
2391 1087 2656 1141 nunquam
2685 1071 2802 1140 fuit,
2827 1072 2880 1127 id
2901 1081 3014 1141 est,
3044 1080 3103 1128 ut
3123 1073 3238 1129 loca
3263 1073 3417 1130 vobis
3441 1074 3638 1140 desint,
3669 1088 3780 1147 quo

2190 1163 2496 1236 confugere,
2526 1174 2685 1237 atque
2707 1167 2793 1222 ubi
2819 1167 2984 1224 latere
3012 1169 3261 1238 possitis;
3292 1183 3413 1224 cum
3442 1169 3669 1226 concilia
3702 1169 3780 1226 fa-

2191 1256 2366 1324 ciatis,
2392 1259 2668 1330 episcopos
2693 1260 2970 1329 ordinetis,
2998 1262 3156 1316 etiam
3179 1262 3230 1316 in
3259 1277 3445 1318 eorum
3470 1262 3664 1330 locum,
3688 1263 3781 1335 qui

2193 1352 2304 1406 suis
2335 1352 2540 1420 ignibus
2569 1353 2861 1424 perierunt,
2895 1354 3085 1408 iterum
3114 1355 3281 1422 tales',
3314 1356 3403 1427 qui
3430 1356 3544 1410 suis
3571 1355 3781 1427 ignibus

2195 1444 2372 1515 perire
2400 1445 2566 1514 parati
2598 1453 2739 1500 sunt.
2782 1446 2837 1500 In
2866 1447 3147 1502 concilium
3177 1458 3352 1504 autem
3382 1458 3564 1514 tantae,
3599 1457 3656 1504 ut
3683 1464 3786 1519 pu-

2196 1539 2318 1593 tatis
2359 1549 2518 1611 atque
2547 1540 2780 1610 jactatis,
2830 1542 3216 1612 persecutionis
3260 1552 3519 1614 tempore,
3555 1545 3788 1614 amplius

2195 1632 2352 1686 etiam
2384 1648 2540 1702 quam
2573 1634 2782 1703 triginta
2829 1636 3113 1690 convenire
3139 1637 3381 1705 potuistis
3404 1679 3418 1703 ,
3449 1637 3537 1690 ubi
3563 1646 3619 1691 et
3646 1637 3789 1691 Peti-

2198 1722 2369 1779 lianus
2395 1723 2525 1789 fuit,
2557 1727 2644 1795 qui
2685 1727 3068 1795 persecutionis
3097 1736 3335 1798 tempore
3379 1743 3478 1784 nec
3504 1727 3791 1785 duodecim

2197 1817 2481 1872 convenire
2508 1818 2745 1888 potuisse
2773 1819 3054 1874 clamabat.

2269 1909 2358 1965 48.
2401 1909 2568 1966 Porro
2603 1911 2655 1964 in
2690 1911 2806 1983 ipso
2841 1912 3067 1966 concilio
3105 1912 3395 1978 statuistis,
3428 1922 3488 1968 ut
3527 1914 3615 1982 qui
3653 1914 3794 1969 nobis

2199 2003 2338 2058 inviti
2353 2004 2860 2072 communicaverunt,
2880 2005 3247 2076 episcOporum,
3266 2007 3343 2060 vel
3361 2007 3792 2077 presbyterorum,

2203 2106 2395 2151 tantum
2419 2098 2461 2152 si
2487 2098 2794 2165 sacriﬁcium
2825 2115 2924 2152 non
2955 2099 3244 2164 obtulerint,
3272 2110 3360 2153 aut
3387 2101 3440 2153 in
3471 2101 3664 2171 populo
3693 2117 3796 2155 non

2203 2190 2543 2254 tractaverint,
2572 2189 2640 2243 ad
2668 2191 2863 2245 veniam
2890 2192 3206 2260 pertineant,
3238 2200 3285 2246 et
3308 2192 3362 2246 in
3386 2192 3492 2245 suis
3520 2191 3797 2247 honoribus

2202 2284 2510 2354 recipiantur
2531 2299 2549 2336 :
2576 2297 2639 2337 ac
2659 2283 2702 2337 si
2735 2291 2872 2338 totas
2895 2283 3284 2338 calumniarum
3306 2293 3604 2339 vestrarum
3632 2285 3794 2352 vires,

2204 2375 2364 2430 etiam
2390 2375 2488 2446 ipsi
2519 2375 2624 2431 hoc
2642 2375 2858 2431 decreto
2881 2386 3060 2432 vestro
3081 2378 3294 2447 penitus
3323 2378 3661 2449 amputastis.
3695 2377 3799 2434 Ubi

2204 2477 2286 2525 est
2316 2469 2457 2524 enim
2487 2469 2629 2540 quod
2669 2477 2846 2525 vestro
2885 2471 3187 2542 vaniloquio
3234 2472 3394 2532 ctiam
3433 2487 3529 2528 eos
3571 2473 3662 2544 qui
3691 2487 3800 2528 non

2205 2560 2436 2627 fuerunt,
2464 2562 2638 2618 dicitis
2663 2577 2758 2633 per
2780 2563 3208 2618 communionem
3233 2572 3468 2618 nostram
3497 2563 3612 2618 ﬁeri
3638 2563 3803 2619 tradi-

2206 2662 2368 2719 tores,
2399 2654 2520 2724 quia
2545 2655 2747 2710 scilicet
2772 2655 2910 2710 sicut
2933 2655 3328 2712 calumniamini
3347 2697 3362 2722 ,
3393 2655 3468 2710 illi
3497 2669 3595 2710 nos
3618 2655 3799 2726 inqui-

2207 2758 2496 2818 naverunt,
2523 2751 2614 2822 qui
2658 2750 2967 2820 urgentibus
2999 2751 3014 2782 ⁸
3056 2759 3180 2806 tunc
3226 2750 3404 2820 impiis
3447 2750 3804 2821 potestatibus

2206 2844 2373 2900 libros
2418 2842 2808 2899 ecclesiasticos
2849 2842 3218 2898 tradiderunt?
3254 2841 3363 2897 Cur
3407 2857 3537 2912 ergo
3584 2857 3729 2897 nunc
3771 2857 3804 2898 a

2209 2937 2431 2992 crimine
2458 2936 2732 2992 absolvitis
2751 2979 2764 3002 ,
2799 2951 2931 3007 quos
2960 2935 3112 2992 nobis
3136 2936 3568 2992 communicasse
3595 2951 3801 3008 cogno-

2208 3029 2392 3085 veritis
2424 3028 2621 3084 invitos
2643 3071 2657 3096 ,
2688 3029 2732 3083 si
2778 3028 3096 3083 sacriﬁcium
3139 3042 3245 3083 non
3281 3027 3605 3092 obtulerint,
3634 3043 3805 3099 Itaque

2210 3135 2513 3176 sermonem
2553 3121 2606 3175 in
2652 3120 2848 3191 popqu
2874 3120 3126 3186 fecerint;
3155 3120 3307 3191 quasi
3345 3119 3418 3174 illi
3466 3129 3598 3176 tunc
3644 3121 3802 3192 primi

2211 3213 2496 3269 traditores
2523 3213 2623 3268 sub
2667 3222 2870 3269 terrore
2914 3221 2969 3269 et
2997 3212 3221 3268 horrore
3251 3213 3559 3268 immanium
3602 3213 3802 3285 suppli-

2211 3305 2447 3372 ciorum,
2477 3304 2650 3375 qualia
2680 3303 2838 3359 modo
2881 3303 3032 3359 vobis
3061 3304 3278 3359 omnino
3319 3303 3499 3359 nullus
3544 3305 3797 3376 ingessit,

2212 3396 2424 3452 codices
2451 3405 2664 3451 sanctos
2691 3412 2795 3451 non
2824 3395 2973 3450 inviti
3002 3395 3332 3461 tradiderint,
3361 3406 3453 3450 aut
3482 3397 3800 3453 sacriﬁcium

2214 3489 2323 3545 illic
2366 3488 2674 3555 obtulerint,
2718 3496 2809 3543 aut
2846 3487 2898 3542 in
2944 3489 3139 3558 populo
3186 3503 3492 3544 sermonem
3536 3487 3799 3544 fecerint!

2215 3582 2421 3638 Videtis
2446 3597 2573 3653 ergo
2599 3581 2740 3651 quod
2769 3581 2907 3636 sicut
2933 3595 3028 3635 vos
3055 3581 3190 3646 istis,
3219 3595 3354 3652 quos
3381 3581 3673 3637 vanissime
3696 3581 3801 3636 cri—

2213 3673 2490 3729 minamini
2516 3673 2890 3729 communione
2916 3681 3095 3728 nostra
3124 3672 3238 3728 ﬁeri
3267 3672 3584 3738 traditores,
3610 3675 3655 3729 si
3683 3672 3798 3744 quid

2215 3765 2365 3820 inviti
2390 3763 2646 3831 fecerint,
2674 3763 2921 3835 potuistis
2949 3765 3263 3835 ignoscere;
3291 3765 3361 3820 ita
3386 3764 3550 3820 etiam
3573 3765 3799 3835 majores

2214 3859 2380 3916 vestri
2409 3859 2460 3914 in
2491 3859 2805 3915 necessitate
2825 3859 2992 3914 multo
3020 3859 3248 3916 arctiore
3277 3859 3612 3915 tradentibus
3639 3859 3798 3915 tradi-

2219 3953 2420 4010 toribus
2447 3953 2587 4008 veris
2613 3955 2634 3985 ³
2655 3995 2670 4020 ,
2699 3953 2751 4007 in
2778 3951 2964 4008 eadem
2987 3953 3167 4024 regula
3194 3953 3471 4024 ignoscere
3496 3961 3798 4023 potuerunt.

2217 4044 2322 4102 Sed
2337 4043 2725 4100 utdamnarent
2750 4043 2884 4098 alios
2904 4044 3153 4100 absentes
3173 4051 3230 4099 et
3255 4043 3542 4112 inauditos,
3566 4044 3799 4101 inimico-

2218 4155 2335 4194 rum
2363 4137 2629 4194 Caeeiliani
2659 4138 2887 4194 factione
2911 4139 3171 4211 compulsi
3202 4147 3344 4203 sunt,
3377 4138 3638 4195 facientes
3667 4138 3800 4211 quod

2217 4233 2286 4290 de
2315 4233 2506 4288 talibus
2535 4233 2821 4304 Apostolus
2847 4232 2996 4300 dicit,
3025 4233 3092 4288 In
3114 4250 3212 4304 quo
3238 4236 3370 4289 enim
3399 4235 3559 4289 alium
3581 4237 3797 4308 judicas,

2220 4337 2267 4382 te
2310 4330 2478 4400 ipsum
2519 4328 2864 4392 condemnas;
2909 4327 3082 4382 eadem
3120 4328 3254 4382 enim
3299 4329 3408 4400 agis
3451 4345 3568 4398 qutv
3603 4329 3798 4400 judicss

2219 4421 2398 4494 (Rom.
2422 4438 2489 4488 ιι,
2523 4422 2599 4491 l).

2288 4512 2378 4569 49.
2432 4513 2797 4583 Quapropter,
2852 4511 3103 4583 quoniam
3145 4511 3435 4568 Donatistae
3491 4511 3800 4581 semetipsos

2217 4605 2463 4662 occidere
2483 4621 2695 4676 semper
2713 4614 3044 4672 amaverunt,
3069 4615 3120 4660 et
3146 4605 3244 4676 ipsi
3265 4606 3333 4661 ab
3352 4605 3503 4660 initio
3525 4605 3801 4660 traditores

2218 4699 2463 4763 fuerunt;
2510 4698 2636 4769 quid
2676 4698 2869 4753 mirum
2907 4699 2952 4754 si
3001 4697 3269 4753 traditoris
3314 4707 3544 4753 mortem
3592 4697 3797 4767 (Matth.

2217 4807 2361 4846 xxvu
2380 4832 2395 4857 ,
2425 4791 2480 4862 5)
2507 4791 2667 4847 etiam
2697 4805 2824 4846 suos
2851 4801 3093 4860 posteros
3118 4805 3298 4845 amare
3325 4790 3676 4846 docuerunt?
3705 4789 3799 4846 Sed

2218 4884 2447 4940 vitandae
2477 4883 2634 4954 hujus
2658 4882 3022 4940 similitudinis
3047 4896 3228 4954 causa,
3259 4882 3344 4937 vel
3376 4897 3650 4954 nunquam
3674 4924 3689 4948 ,
3726 4880 3800 4938 vel

2215 4978 2526 5036 difﬁcillime
2572 4993 2631 5034 se
2667 4977 2856 5048 laqueo
2903 4986 3248 5034 necaverunt.
3293 4976 3515 5032 Frustra
3556 4975 3796 5041 omnino;

2216 5089 2339 5130 nam
2372 5074 2460 5130 ille
2483 5073 2673 5129 Judam
2701 5071 3014 5128 traditorem
3053 5071 3106 5127 id
3131 5069 3305 5127 facere
3332 5069 3614 5140 compulit,
3644 5069 3732 5140 qui
3755 5075 3801 5123 et

2217 5168 2364 5223 illum
2394 5183 2615 5238 puerum
2640 5209 2654 5232 ,
2687 5181 2847 5236 quem
2877 5164 3085 5222 sanavit
3120 5164 3405 5230 Dominus,
3439 5163 3495 5218 in
3526 5178 3716 5235 aquam
3754 5169 3800 5216 et

2217 5261 2391 5330 ignem
2422 5275 2564 5330 saepe
2596 5259 2789 5330 dejecit
2811 5257 2922 5330 (Id.
2950 5274 3092 5324 xvu,
3135 5258 3246 5328 M),
3279 5265 3334 5312 et
3369 5270 3588 5327 gregem
3621 5268 3799 5326 porco-

2215 5368 2332 5408 rum
2363 5352 2415 5407 in
2451 5367 2599 5406 mare
2637 5350 2986 5422 prmcipitavit
3009 5348 3118 5420 (Id.
3147 5364 3272 5414 vtn,
3308 5347 3400 5420 52)
3428 5389 3444 5416 ,
3491 5357 3547 5403 et
3576 5347 3678 5417 ipsi
3707 5346 3800 5400 Do-

2215 5446 2362 5501 mino
2400 5444 2751 5516 praecipitium
2791 5443 2859 5498 de
2888 5443 3048 5514 pinna
3091 5441 3273 5511 templi
3318 5438 3507 5496 audaci
3551 5451 3800 5509 praesum-

2214 5539 2396 5610 plione
2440 5536 2703 5608 suggessit
2756 5533 2884 5607 (Id.
2933 5550 3022 5603 tv,
3068 5534 3140 5600 5,
3189 5533 3284 5602 6).
3336 5531 3592 5601 Quamvis
3631 5531 3796 5601 itaque

2214 5633 2438 5690 diversis
2465 5632 2636 5688 modis
2663 5619 3014 5686 voluntariam
3057 5642 3156 5684 vos
3190 5627 3532 5699 prtecipitetis
3572 5626 3626 5682 in
3655 5638 3791 5682 mor-

2278 5791 2294 5824 ³
2332 5797 2434 5840 Am.
2460 5796 2511 5840 et
2533 5795 2626 5848 Er.,
2648 5788 2926 5842 orientibus.

2277 5856 2300 5888 ³
2331 5861 2406 5904 Slc
2428 5846 3291 5923 emendari‘jusseranttpvanienses,
3319 5850 3439 5905 licet
3459 5855 3670 5919 ipsorum
3694 5846 3789 5902 edi-

2216 5922 2282 5972 tis
2301 5931 2410 5970 cum
2434 5915 2784 5980 antiquioribus
2805 5915 2949 5981 ferat,
2971 5914 3236 5971 traditoris
3257 5929 3399 5970 item.
