4026 6484
210 409 301 467 73'!
1246 441 1254 455 .
1561 396 1765 457 LIBER
1802 396 2069 458 PRIMUS.

215 533 326 586 tem,
369 524 542 571 tamen
575 511 813 583 ejusdem
855 510 1050 569 diaboli
1088 512 1336 570 instinctu
1360 528 1458 571 vos
1495 513 1639 585 ipsos
1676 529 1773 571 ne-

213 609 364 668 cando
390 605 663 662 imitamini
699 605 1025 662 traditorem.
1055 606 1208 675 Quod
1234 608 1334 664 etsi
1359 622 1455 664 vos
1483 624 1591 663 non
1621 608 1770 673 estis,

214 717 377 760 eorum
423 710 593 755 tamen
642 698 732 769 qui
779 698 1008 765 fuerunt,
1051 709 1105 755 et
1147 700 1376 755 schisma
1420 700 1677 765 fecerunt,
1720 700 1775 755 in

211 810 304 864 quo
341 791 560 847 libenter
601 791 765 857 estis,
795 792 953 846 etiam
981 791 1081 847 hoc
1123 792 1176 847 in
1212 793 1362 849 vobis
1390 792 1583 859 facere,
1633 790 1774 862 quod

212 889 258 943 in
299 900 353 940 se
399 883 617 938 traditor
654 882 812 952 fecit,
863 884 1090 941 nefando
1138 885 1442 957 magisterio
1488 884 1770 941 didicistis.

212 977 335 1033 Ecce
361 990 477 1030 cum
504 990 604 1044 qua
630 974 833 1045 justitia
863 978 1066 1033 stabitis
1095 978 1349 1037 adversus
1377 993 1471 1035 eos
1494 1018 1509 1044 ,
1542 979 1631 1049 qui
1677 992 1773 1034 vos

209 1068 653 1140 angusuaverunt:
703 1079 760 1123 ut
796 1070 841 1124 si
866 1080 1057 1126 vestra:
1083 1079 1280 1127 mortes
1321 1071 1726 1127 vindicabuntur
1753 1112 1769 1140 ,

210 1161 399 1217 nonnisi
423 1162 473 1215 in
498 1161 647 1216 vobis
672 1161 800 1232 ipsis
819 1161 1112 1233 justissime
1137 1163 1489 1219 vindicentur.

270 1253 351 1309 50.
398 1252 496 1321 Qui
541 1262 664 1307 sunt
706 1262 881 1308 autem
908 1255 1119 1310 labores
1165 1255 1348 1321 vestri,
1389 1270 1524 1327 quos
1563 1271 1594 1310 a
1625 1256 1774 1312 vobis

205 1346 395 1416 iactatis
426 1345 655 1401 auferri?
693 1346 843 1403 Anne
872 1348 1124 1418 injustum
1156 1358 1271 1416 est,
1301 1359 1356 1405 ut
1391 1350 1629 1408 ecclesiae
1652 1365 1773 1421 qua:

208 1438 403 1494 fuerunt
434 1447 643 1506 vestrm,
675 1455 795 1495 cum
833 1440 887 1496 in
919 1456 1101 1512 pacem
1132 1443 1446 1499 catholicam
1475 1452 1769 1514 transeunt,

205 1546 311 1586 cum
352 1533 457 1586 suis
505 1532 667 1587 rebus
715 1534 1029 1589 transeant?
1058 1534 1168 1590 Illis
1209 1536 1349 1591 enim
1378 1536 1444 1591 ad
1487 1551 1584 1592 nos
1606 1546 1776 1592 trans-

206 1626 432 1681 euntibus
456 1666 471 1693 ,
502 1627 553 1681 si
604 1642 691 1682 res
716 1642 897 1682 earum
928 1628 1089 1683 vultis
1114 1637 1313 1695 tenere,
1339 1645 1434 1683 vos
1463 1631 1645 1700 procul
1672 1630 1773 1685 du-

205 1716 280 1772 bio
302 1732 384 1771 res
411 1717 614 1772 alienas
643 1719 801 1774 vultis
826 1719 1055 1775 auferre.
1088 1721 1254 1776 Mater
1284 1729 1461 1777 autem
1500 1722 1776 1778 Catholica

201 1810 335 1865 vobis
363 1810 510 1877 dicit,
545 1810 684 1881 quod
711 1812 1026 1882 quibusdam
1052 1812 1238 1869 beatus
1263 1813 1550 1883 Apostolus
1577 1855 1590 1879 ,
1619 1814 1772 1881 dixit,

204 1900 311 1956 Non
336 1904 465 1957 enim
505 1921 678 1975 quaero
706 1921 819 1975 qua:
842 1916 1007 1960 vestra
1031 1916 1146 1961 sunt
1169 1949 1184 1975 ,
1210 1906 1300 1960 sed
1325 1923 1409 1961 vos
1433 1906 1499 1979 (ll
1523 1906 1641 1963 Cor.
1664 1924 1736 1963 xu
1759 1950 1773 1974 ,

202 1996 301 2065 14).
336 1997 714 2055 Verumtamen
748 1999 1016 2068 quomodo
1045 2000 1197 2055 vobis
1223 2016 1329 2055 non
1360 2000 1488 2057 estis
1514 2002 1613 2071 ipsi
1642 2016 1773 2057 con-

201 2087 361 2151 trarii,
392 2088 610 2159 quando
646 2098 931 2161 utrumque
958 2092 1112 2148 nobis
1141 2090 1404 2162 objicitis,
1438 2100 1493 2148 et
1518 2092 1661 2163 quod
1688 2107 1777 2149 res

199 2189 388 2236 vestras
429 2181 712 2252 possidere
752 2183 1051 2253 cupiamus,
1096 2192 1151 2239 et
1190 2183 1332 2254 quod
1376 2184 1639 2240 violenter
1681 2200 1776 2241 vos

199 2275 458 2331 nobiscum
486 2290 612 2332 esse
637 2291 892 2347 cogamus
911 2277 934 2331 ?
956 2277 1079 2333 limo
1107 2276 1400 2351 duo’quam
1422 2277 1529 2333 sint
1557 2278 1695 2334 inter
1717 2293 1776 2334 se

197 2368 465 2436 contraria,
500 2384 610 2424 non
637 2368 845 2423 videtis.
874 2368 929 2425 Si
958 2368 1102 2424 enim
1127 2368 1195 2423 ad
1223 2369 1649 2425 communionem
1681 2384 1778 2425 no-

197 2466 348 2513 stram
368 2474 464 2514 vos
492 2459 689 2515 invitos
713 2460 998 2531 quaerimus
1016 2469 1070 2516 et
1098 2469 1340 2517 tenemus
1355 2502 1370 2526 ,
1399 2460 1665 2531 quomodo
1690 2475 1777 2517 res

196 2558 387 2607 vestras
410 2552 803 2618 desideramus,
831 2568 962 2624 quas
990 2553 1170 2624 utique
1198 2552 1349 2609 vobis
1376 2554 1775 2610 communicau-

197 2642 325 2698 tibus
360 2644 566 2701 habere
590 2661 695 2699 non
738 2659 1042 2715 possumus.
1084 2646 1138 2701 Si
1178 2654 1354 2702 autem
1391 2645 1505 2701 illas
1534 2647 1778 2717 cupimus

196 2736 448 2804 obtinere,
482 2736 755 2807 quomodo
782 2752 879 2793 vos
904 2737 1213 2807 quaerimus,
1246 2748 1304 2792 ut
1332 2753 1424 2794 eas
1448 2738 1602 2794 vobis
1630 2753 1778 2795 com-

195 2827 583 2883 municantibus
602 2828 945 2883 amittamus?
970 2827 1077 2883 Sed
1097 2828 1415 2885 confitemur
1438 2829 1607 2897 vobis,
1631 2830 1780 2900 cupi-

194 2921 320 2977 ditas
360 2935 552 2979 nostra
599 2923 830 2979 charitas
873 2932 1126 2979 vocatur:
1180 2922 1297 2979 haec
1346 2938 1441 2980 vos
1484 2923 1675 2995 quaerit
1724 2924 1779 2979 in

192 3014 366 3082 nobis;
396 3015 521 3071 haec
545 3030 641 3071 vos
662 3016 920 3083 invenire,
945 3018 1230 3087 corrigere,
1263 3026 1421 3087 atque
1446 3014 1499 3070 in
1521 3016 1779 3071 unitatem

192 3104 373 3163 Christi
404 3108 617 3165 sociare
641 3108 927 3175 desiderat,
959 3125 1026 3164 ne
1059 3110 1073 3141 ¹
1102 3110 1291 3165 vestris
1320 3109 1542 3165 caminis
1569 3124 1666 3165 vos
1688 3124 1778 3164 ar-

193 3198 311 3255 dere
333 3201 639 3258 timeamus.
671 3201 838 3270 Hujus
866 3203 986 3272 igne
1015 3202 1298 3270 fervemus,
1328 3201 1443 3257 haec
1467 3217 1566 3257 nos
1590 3217 1779 3257 accen-

190 3289 281 3360 dit,
305 3302 496 3350 utnon
526 3294 695 3349 solum
720 3309 825 3349 non
849 3294 1284 3364 concupiscamus
1315 3308 1404 3350 res
1430 3303 1655 3362 vestras,
1684 3293 1779 3350 sed

192 3384 465 3442 nobiscum
492 3396 737 3457 optemus
764 3386 1078 3457 possideatis
1108 3395 1162 3442 et
1188 3394 1421 3441 nostras.
1452 3388 1740 3456 Agnoscite
1759 3427 1774 3455 ,

192 3482 245 3529 et
273 3478 480 3544 venite,
515 3486 568 3532 et
610 3478 784 3548 perire
814 3478 1007 3543 nolite;
1054 3485 1145 3531 aut
1172 3477 1217 3532 si
1258 3477 1397 3531 ultro
1438 3479 1621 3533 venire
1659 3494 1779 3533 eru-

190 3566 402 3626 bescitis
423 3612 437 3638 ,
472 3571 733 3625 servimus
759 3570 1086 3638 infirmitati,
1132 3586 1201 3625 ne
1237 3570 1358 3641 quid
1391 3580 1573 3639 pereat
1601 3570 1779 3625 chari-

192 3660 299 3716 tati.
333 3663 477 3718 Ecce
506 3662 750 3718 volumus
772 3677 869 3717 vos
897 3671 1098 3730 tenere,
1127 3661 1252 3733 quid
1276 3659 1536 3717 festinatis
1556 3662 1780 3718 ardere?

189 3751 268 3807 Ad
295 3754 460 3811 vitam
489 3764 729 3810 tenemus
748 3796 764 3823 ,
791 3755 855 3809 ad
896 3755 1119 3810 salutem
1146 3762 1395 3811 tenemus
1416 3795 1431 3822 ,
1473 3755 1539 3810 ad
1583 3754 1780 3810 Christi

190 3846 489 3913 unitatem,
536 3848 847 3911 veritatem,
904 3847 1216 3901 suavitatem
1272 3854 1556 3901 tenemus:
1614 3854 1667 3899 ct
1712 3844 1780 3898 ad

187 3952 399 3995 caenam
430 3939 562 3995 tanti
595 3938 1008 4010 patrisfamilias,
1037 3937 1081 3993 si
1108 3945 1299 4008 sponte
1326 3951 1434 3992 non
1463 3934 1621 3989 vultis
1644 3976 1659 4005 ,
1693 3936 1778 3990 in-

185 4038 327 4089 trare
357 4032 752 4102 compellimus.

251 4122 489 4178 CAPUT
540 4119 902 4176 XXX\'lll.—
925 4121 1014 4175 51.
1040 4119 1115 4174 De
1142 4118 1348 4188 justitia
1377 4126 1649 4173 certamen
1676 4126 1778 4185 est,

180 4230 289 4271 non
317 4215 389 4270 de
419 4215 662 4283 pecunia.
707 4211 903 4267 Cavete
932 4224 1060 4281 ergo
1088 4226 1156 4265 ne
1177 4209 1311 4264 forte
1331 4209 1456 4264 dum
1496 4211 1691 4279 putatis
1714 4209 1781 4263 ad

179 4324 275 4365 vos
307 4306 589 4378 pertinere
633 4304 773 4376 quod
804 4306 1060 4375 scriptum
1088 4316 1204 4371 est,
1256 4304 1396 4359 Tunc
1426 4303 1626 4358 stabunt
1648 4304 1781 4372 justi

174 4402 225 4456 in
258 4413 459 4468 magna
479 4398 759 4451 constantia
783 4398 1021 4451 adversus
1050 4413 1133 4452 eos
1161 4397 1249 4465 qui
1272 4414 1325 4450 se
1348 4395 1777 4467 angustiaverunt,

174 4502 221 4546 et
250 4487 583 4545 abstulerunt
612 4490 808 4544 labores
834 4506 1001 4543 eorum
1025 4507 1043 4555 ;
1079 4504 1183 4544 non
1208 4488 1310 4544 hoc
1332 4486 1481 4542 vobis
1509 4487 1782 4559 contingat

178 4584 244 4640 de
275 4582 561 4639 laboribus
582 4584 795 4647 vestris,
827 4583 923 4639 sed
948 4584 1121 4653 potius
1148 4583 1276 4637 illud
1306 4582 1447 4653 quod
1473 4581 1601 4637 alibi
1643 4582 1778 4637 scri-

178 4686 331 4747 ptum
361 4684 471 4742 est,
516 4674 736 4729 Labores
762 4676 1051 4747 impiorum’
1053 4676 1184 4745 justi
1212 4675 1359 4729 edent
1387 4673 1542 4747 (Sap.
1575 4690 1630 4741 χ,
1662 4674 1777 4745 19).

178 4768 372 4840 Neque
404 4769 549 4822 enim
578 4769 791 4823 stabunt
836 4778 1018 4823 contra
1045 4782 1143 4822 vos
1184 4767 1613 4834 Maximianistm,
1646 4783 1780 4837 quo-

177 4877 299 4916 rum
331 4860 553 4931 quando
581 4860 847 4930 potuistis,
901 4860 1151 4915 basilicas
1193 4860 1487 4915 abstulistis
1521 4869 1782 4915 :autsta-

180 4954 315 5010 bunt
341 4964 531 5009 contra
555 4970 655 5009 vos
686 4954 879 5023 Pagani
907 4968 1137 5023 quorum
1180 4962 1327 5008 certe
1368 4953 1453 5007 ubi
1484 4953 1730 5023 potuistis
1759 4995 1774 5021 ,

181 5046 388 5117 templa
418 5046 686 5100 evertistis
712 5054 766 5100 et
803 5043 1049 5100 basilicas
1077 5044 1450 5099 construxistis
1473 5045 1528 5110 ²;
1558 5044 1700 5113 quod
1726 5052 1780 5100 et

181 5154 281 5194 nos
315 5138 549 5192 fecimus
574 5155 587 5191 :
614 5146 706 5191 aut
733 5136 949 5191 stabunt
998 5136 1255 5191 adversus
1284 5149 1379 5190 vos
1408 5135 1777 5206 symphoniaci

179 5228 605 5296 dmmoniorum,
652 5243 879 5299 quorum
930 5228 1088 5283 tibias
1128 5237 1183 5283 et
1223 5228 1454 5284 scabella
1499 5228 1774 5300 fregistis;

182 5322 330 5391 quod
387 5329 445 5376 et
478 5335 577 5375 nos
619 5320 861 5377 fecimus.
893 5319 982 5376 Sic
1012 5336 1114 5375 nec
1153 5335 1250 5375 vos
1278 5320 1489 5375 stabitis
1518 5320 1777 5377 adversus

182 5430 304 5469 nos.
350 5393 434 5469 ιη’
468 5415 661 5469 talibus
701 5415 897 5485 quippe
947 5415 1193 5469 omnibus
1230 5414 1401 5482 factis,
1456 5432 1563 5471 non
1593 5417 1777 5486 rapina

184 5505 626 5576 concupiscitur,
669 5505 763 5562 sed
808 5520 960 5561 error
986 5506 1260 5561 evertitur.
1319 5505 1469 5561 Sicut
1515 5523 1641 5578 ergo
1670 5523 1778 5564 non

185 5598 415 5655 stabunt
440 5596 723 5671 Chananaei
752 5596 1006 5669 adversus
1027 5597 1312 5666 lsraelitas,
1336 5598 1577 5668 quamvis
1606 5599 1779 5655 Israe-

189 5689 304 5747 lita:
354 5690 692 5751 abstulerunt
730 5686 940 5748 labores
969 5707 1189 5761 eorum;
1240 5690 1335 5748 sed
1361 5692 1521 5749 stabit
1568 5692 1777 5750 Naboth

248 5846 269 5908 ξ
306 5852 415 5894 Am.
442 5851 494 5897 et
514 5848 761 5897 Parcensis
782 5854 883 5908 Ms,
912 5855 979 5899 ut.

247 5906 273 5943 ³
306 5911 559 5961 Pax-censis
583 5917 685 5972 Ms,
707 5906 1030 5962 destraaistis.

3343 409 3449 470 758

1879 514 2133 572 adversus
2151 515 2367 585 Achab,
2397 517 2522 589 quia
2550 516 2804 575 delictum
2825 517 3023 575 factum
3044 525 3146 589 est,
3177 533 3285 576 non
3316 536 3460 593 prae-

1878 615 2092 677 ceptum
2116 650 2132 677 ,
2186 618 2244 665 ut
2271 611 2482 667 labores
2515 611 2644 683 justi
2671 612 2912 669 auferret
2935 613 3166 684 injustus
3192 613 3297 686 (ΙΙΙ
3326 615 3457 688 Reg.

1879 702 2028 772 xxx):
2059 703 2140 759 sic
2182 702 2419 761 haeretici
2449 721 2554 761 non
2588 707 2803 763 stabunt
2831 707 3091 765 adversus
3114 709 3417 765 Catholicos
3441 751 3460 779 ,

1877 808 1999 850 cum
2029 795 2084 851 in
2132 797 2292 853 rebus
2338 799 2714 858 hzereticorum
2741 801 3020 858 christiani
3050 802 3266 873 imperii
3305 803 3462 873 jussa

1879 889 2250 959 complentur;
2284 906 2383 947 nec
2408 907 2499 949 res
2519 908 2705 950 eorum
2736 909 2767 948 a
2793 894 3080 951 Catholicis
3102 896 3417 951 auferuntur
3442 936 3461 964 ,

1878 978 1973 1033 sed
2002 980 2180 1050 potius
2219 981 2579 1053 inquiruntur,
2617 986 2800 1057 eisque
2848 987 3014 1041 multa
3044 996 3302 1058 quantum
3349 986 3466 1043 ﬁeri

1878 1080 2074 1140 potest,
2114 1076 2373 1131 correctis
2402 1077 2674 1134 reddenda
2731 1090 3061 1137 servantur:
3092 1081 3187 1138 sed
3245 1081 3467 1137 stabunt

1877 1161 2158 1231 Catholici,
2205 1181 2314 1223 non
2357 1168 2530 1224 solum
2570 1170 2828 1228 adversus
2882 1171 3154 1239 Gentiles,
3203 1187 3234 1227 a
3269 1172 3464 1243 quibus

1878 1267 2143 1331 martyres
2168 1260 2284 1315 veri
2307 1262 2587 1332 exspoliati
2616 1275 2774 1331 sunt;
2802 1279 2989 1321 verum
3016 1265 3176 1321 etiam
3205 1263 3464 1320 adversus

1879 1346 2354 1408 Circumcelliones
2386 1352 2803 1422 Donatistarum,
2839 1356 2965 1426 quia
3009 1364 3064 1412 et
3093 1356 3194 1426 ipsi
3224 1356 3462 1411 abstule-

1877 1449 2005 1496 runt
2032 1441 2244 1499 labores
2268 1458 2475 1499 eorum.
2514 1445 2709 1501 Verum
2737 1447 2806 1502 de
2836 1446 2921 1502 his
2959 1447 3281 1517 pecuniariis
3311 1446 3463 1502 labo-

1878 1535 2025 1591 ribus
2046 1535 2253 1592 facilior
2280 1553 2439 1594 causa
2466 1546 2569 1594 est.
2596 1539 2737 1596 Ecce
2761 1540 3021 1611 quotidie,
3056 1542 3101 1596 si
3126 1540 3246 1612 quis
3268 1539 3335 1595 ad
3360 1556 3459 1596 nos
3492 1519 3501 1532 ’

1881 1630 2170 1685 transitum
2222 1631 2346 1686 facit
2376 1631 2531 1705 (cum
2563 1634 2723 1688 etiam
2776 1633 2851 1688 illi
2881 1650 3109 1703 quorum
3160 1645 3349 1702 erant,
3392 1633 3461 1689 ad

1881 1735 2064 1790 pacem
2089 1723 2407 1780 catholicam
2434 1735 2713 1781 transeunt
2742 1728 2757 1759 ί
2776 1725 2819 1799 ),
2849 1727 3125 1784 reddimus
3162 1728 3465 1797 pecuniam,

1878 1820 2082 1867 vestem
2106 1854 2122 1879 ,
2174 1815 2377 1871 fructus
2402 1857 2416 1881 ,
2453 1832 2601 1885 vasa,
2630 1833 2778 1885 rura,
2809 1826 2947 1874 tecta
2992 1828 3293 1875 vestrorum
3323 1838 3337 1874 :
3371 1834 3468 1877 vos

1879 1905 2149 1975 quomodo
2175 1908 2328 1963 nobis
2354 1908 2611 1965 reddituri
2632 1911 2761 1967 estis
2781 1912 3022 1968 membra
3047 1912 3399 1968 nostrorum?

1951 1997 2049 2054 52.
2076 1999 2279 2071 Nempe
2324 2002 2612 2073 aliquando
2643 2006 3110 2077 expergiscimini,
3164 2015 3221 2062 et
3266 2006 3472 2063 cernite

1880 2102 1981 2143 nec
2008 2104 2105 2145 vos
2154 2105 2274 2147 esse
2324 2092 2393 2148 de
2445 2094 2636 2164 quibus
2683 2094 2910 2163 dicatur,
2965 2110 3068 2151 nec
3092 2110 3249 2151 nosa
3276 2095 3473 2165 quibus

1880 2180 2110 2250 dicatur,
2145 2181 2221 2236 Hi
2254 2193 2371 2238 sunt
2395 2201 2521 2256 quos
2547 2186 2821 2256 aliquando
2842 2186 3110 2241 habuimus
3136 2187 3191 2241 in
3211 2186 3469 2253 derisum;

1880 2286 2001 2326 cum
2032 2272 2211 2342 potius
2260 2288 2358 2330 vos
2394 2275 2687 2331 habeamus
2717 2276 2771 2331 in
2815 2276 3021 2333 ﬂetum;
3049 2276 3161 2334 Nec
3183 2293 3279 2333 vos
3320 2293 3470 2334 com-

1881 2364 2143 2433 putamini
2169 2364 2310 2421 inter
2340 2365 2480 2422 filios
2510 2368 2624 2432 Dei,
2656 2368 2759 2423 nisi
2784 2368 3099 2424 recedentes
3119 2384 3149 2423 a
3177 2379 3331 2440 parte
3358 2369 3468 2425 Do-

1882 2456 1991 2510 nati
2018 2455 2156 2511 hanc
2183 2457 2462 2513 tenueritis
2487 2458 2804 2525 Ecclesiam,
2834 2474 2995 2529 quam
3021 2460 3162 2515 sicut
3194 2460 3462 2530 praedixit,

1881 2546 2097 2603 exhibet
2122 2545 2285 2603 Filius
2316 2547 2432 2603 Dei.
2461 2547 2573 2604 Nec
2594 2549 2738 2606 inter
2757 2560 2976 2607 sanctos
3006 2558 3093 2607 est
3116 2565 3235 2607 sors
3262 2560 3463 2619 vestra,

1881 2641 1977 2698 sed
2005 2642 2145 2697 inter
2173 2640 2479 2698 haereticos.
2511 2643 2642 2699 Nam
2671 2644 2815 2715 quod
2843 2645 2978 2700 alios
3007 2644 3075 2700 de
3100 2644 3257 2701 vobis
3296 2646 3471 2701 dictu-

1881 2750 1971 2791 ros
1996 2735 2215 2804 putatis,
2246 2734 2359 2792 Nos
2386 2738 2628 2794 insensati
2649 2740 2800 2792 vitam
2820 2738 3026 2794 illorum
3051 2739 3469 2794 existimabamus

1882 2829 2175 2895 insaniam;
2203 2830 2372 2884 miror
2397 2830 2539 2900 quod
2582 2839 2689 2885 tam
2736 2831 2994 2887 insensati
3034 2833 3208 2899 estis,
3254 2840 3317 2888 ut
3364 2833 3468 2903 ipsi

1884 2922 2031 2978 vobis
2057 2922 2218 2978 modo
2265 2923 2386 2978 talia
2427 2938 2538 2979 non
2566 2924 2755 2981 dicatis
2780 2926 2821 2978 '.
2844 2925 3055 2982 Sanctis
3081 2925 3297 2997 quidem
3325 2926 3472 2982 veris

1882 3029 1946 3070 ac
1992 3014 2237 3071 fidelibus
2266 3015 2528 3071 immundi
2573 3025 2629 3072 et
2671 3016 2911 3072 infideles
2946 3025 3074 3073 tunc
3135 3018 3235 3073 ista
3278 3018 3475 3074 dicturi

1883 3115 2026 3173 sunt,
2058 3107 2136 3162 eis
2166 3107 2351 3178 utique
2376 3121 2511 3177 quos
2538 3122 2682 3162 nunc
2713 3107 3025 3162 existimant
3054 3107 3309 3176 insanire,
3334 3107 3461 3179 quia

1884 3201 2110 3257 luxuriis
2135 3217 2269 3273 quas
2308 3201 2493 3256 vident
2529 3200 2634 3257 frui
2677 3202 2884 3271 nolunt,
2913 3202 3041 3258 dum
3072 3201 3214 3273 quod
3239 3218 3343 3258 non
3385 3202 3465 3256 vi-

1884 3294 2015 3350 dent
2064 3294 2309 3350 credunt.
2342 3293 2449 3350 Sed
2491 3309 2587 3350 vos
2613 3295 2658 3349 si
2689 3311 2796 3350 non
2843 3296 3006 3350 vitam
3037 3304 3291 3361 vestram,
3323 3303 3470 3351 certe

1884 3386 2041 3441 istam
2073 3402 2232 3457 quam
2258 3386 2412 3441 vobis
2440 3386 2599 3441 vultis
2628 3386 2829 3454 facere,
2864 3396 3095 3443 mortem
3124 3396 3357 3442 vestram
3377 3426 3392 3451 ,
3422 3386 3471 3441 si

1883 3493 1991 3533 non
2016 3477 2334 3533 existimatis
2364 3477 2649 3544 insaniam,
2673 3478 3007 3550 deSperatius
3033 3479 3297 3535 insanitis.
3327 3478 3463 3536 Ver-

1884 3566 1949 3623 ba
1981 3584 2109 3623 vero
2139 3569 2247 3637 illa,
2276 3569 2416 3637 Ergo
2443 3571 2717 3625 erravimus
2748 3588 2780 3624 a
2807 3572 2888 3625 via
2908 3572 3129 3626 veritatis
3154 3614 3169 3640 ,
3198 3581 3328 3639 etc.,
3360 3587 3466 3627 non

1884 3656 2044 3715 erunt
2070 3661 2284 3731 quidem
2328 3669 2533 3716 tantum
2566 3671 2763 3727 vestra,
2801 3662 2896 3716 sed
2923 3664 3154 3716 maxime
3181 3671 3235 3716 et
3254 3670 3456 3717 vestra.

1887 3752 2091 3808 Erratis
2121 3756 2285 3819 enim,
2314 3755 2459 3823 quod
2504 3755 2844 3810 manifestum
2873 3763 2957 3811 est
2977 3796 2993 3823 ,
3016 3771 3048 3810 a
3075 3756 3159 3810 via
3192 3756 3431 3810 veritatis
3454 3796 3470 3824 ,

1886 3853 1939 3899 et
1957 3843 2177 3913 justitia:
2199 3844 2378 3897 lumen
2398 3859 2503 3899 non
2531 3845 2675 3900 lucet
2694 3846 2865 3909 vobis,
2894 3845 3167 3900 lassamini
3192 3846 3244 3899 in
3272 3845 3468 3916 iniqui-

1888 3935 2010 3989 tatis
2034 3934 2119 3989 via
2144 3943 2197 3990 ct
2232 3934 2565 4005 perditionis,
2599 3922 2669 3991 et'
2691 3936 2976 3992 ambulatis
3004 3936 3318 3991 solitudines
3362 3935 3469 3993 dif-

1886 4026 2087 4091 ﬁeiles;
2119 4027 2259 4081 viam
2290 4041 2417 4081 vero
2449 4027 2653 4081 Domini
2696 4028 2972 4099 ignoratis.
2998 4029 3128 4095 Quae
3160 4037 3337 4083 autem
3377 4042 3470 4085 se-

1887 4128 2140 4189 quuntur,
2167 4118 2303 4186 Quid
2328 4118 2471 4173 nobis
2510 4120 2703 4190 profuit
2749 4119 3026 4190 superbia?
3058 4130 3145 4174 aut
3168 4120 3291 4191 quid
3335 4120 3463 4174 divi-

1888 4212 2070 4265 tiarum
2082 4212 2338 4281 jactantia
2369 4211 2579 4266 contulit
2606 4212 2748 4266 nobis
2766 4213 2791 4265 ?
2815 4210 3148 4265 Transierunt
3170 4212 3340 4265 omnia
3368 4212 3462 4267 illa

1889 4312 2129 4373 tanquam
2150 4302 2324 4355 umbra
2346 4301 2500 4375 (Sap.
2524 4318 2577 4368 v,
2603 4302 2725 4373 1-9)
2749 4321 2761 4358 :
2782 4302 2961 4357 nescio
2977 4311 3154 4357 utrum
3176 4301 3457 4374 quisquam

1887 4396 2030 4451 inter
2050 4404 2279 4451 caeteros
2319 4395 2525 4451 diceret
2549 4396 2725 4465 aptius
2755 4403 2809 4450 et
2834 4394 3239 4451 convenientius
3259 4435 3275 4460 ,
3306 4410 3469 4466 quam

1890 4497 2007 4542 tuus
2028 4487 2282 4543 decessor
2310 4486 2557 4559 Optatus.
2586 4487 2762 4543 Nolite
2788 4502 2917 4558 ergo
2957 4497 3144 4558 putare
3164 4502 3260 4542 vos
3282 4488 3473 4557 quales

1887 4595 1995 4634 non
2027 4580 2179 4645 estis,
2211 4588 2267 4635 et
2304 4581 2480 4650 perire
2502 4581 2688 4651 quales
2704 4580 2875 4635 estis”
2901 4596 2914 4633 :
2940 4579 3193 4650 quoniam
3239 4593 3343 4634 non
3372 4592 3469 4635 vos

1890 4672 2003 4727 haec
2038 4672 2192 4740 fides,
2226 4673 2318 4728 sed
2350 4682 2530 4728 vester
2572 4673 2742 4727 malus
2777 4688 2929 4728 error
2976 4673 3253 4740 hortatur,
3282 4682 3342 4729 ut
3368 4688 3473 4729 non

1887 4763 2115 4819 libenter
2150 4780 2245 4834 pro
2274 4764 2420 4832 Deo,
2462 4764 2601 4819 sicut
2654 4763 2789 4819 dicis
2813 4806 2828 4831 ,
2862 4764 2915 4819 in
2968 4765 3069 4820 ista
3101 4764 3474 4837 persecutione

1886 4856 2213 4923 muriamini,
2237 4858 2333 4911 sed
2355 4857 2600 4927 nequiter
2619 4871 2717 4928 pro
2740 4857 2946 4916 Donato
2966 4858 3121 4917 factis
3144 4860 3337 4915 vestris
3359 4873 3475 4929 per-

1888 4950 2212 5005 secutionem
2254 4950 2545 5018 patiamini.

1957 5040 2183 5097 CAPUT
2213 5039 2463 5096 XXXIX.
2496 5072 2565 5082 —
2587 5042 2679 5099 5'5.
2702 5042 2881 5100 Verba
2934 5041 3188 5113 Epistolas
3211 5057 3226 5096 :
3249 5038 3319 5094 Et
3364 5039 3470 5094 alia

1885 5152 2041 5190 manu
2068 5151 2087 5191 :
2115 5134 2248 5206 Opto
2283 5145 2351 5206 te,
2396 5136 2601 5208 inquit,
2634 5138 2921 5193 incolumen
2955 5137 3163 5191 veritate
3208 5146 3471 5207 perspecta

1886 5230 2110 5284 animum
2138 5230 2329 5297 lenire,
2384 5230 2521 5285 etab
2575 5230 2899 5286 innocentum
2925 5229 3142 5283 exitibus
3168 5237 3465 5299 temperare.

1885 5321 1969 5378 Ad
2002 5321 2118 5378 haec
2160 5324 2480 5394 responsio:
2510 5320 2620 5380 Vos
2659 5324 2839 5395 potius
2888 5324 3111 5378 veritate
3175 5329 3466 5393 perspecta

1885 5413 2049 5471 lenite
2085 5414 2323 5473 animum
2343 5423 2603 5486 vestrum,
2647 5429 2717 5473 ne
2739 5415 2820 5473 sic
2854 5414 3075 5484 saeviat,
3098 5420 3159 5471 ut
3182 5428 3282 5471 nec
3308 5410 3470 5470 vobis

1950 5723 1968 5754 ι
2003 5724 2159 5773 verba
2179 5724 2258 5775 hic
2277 5723 2559 5787 parenthesi
2581 5722 2767 5774 inclusa
2804 5722 2929 5774 forte
2951 5722 3178 5787 superius
3195 5718 3473 5777 collocanda

1885 5786 2110 5858 maxime
2148 5783 2293 5858 ρρεςί
2313 5783 2781 5858 reducamus!“-

1952 5847 1979 5918 ξ
2007 5856 2132 5911 Am.,
2149 5846 2324 5918 utjpsi
2347 5846 2474 5918 vobis
2610 5847 2728 5918 talia
2744 5861 2845 5918 non

1959 5908 1981 5942 ³
2011 5908 2307 5975 Αωζαεὶκ,
2333 5914 2381 5962 et
2400 5908 2732 5978 pen'retales;
2753 5913 2947 5979 omisso,
2969 5911 3099 5966 estis.
