4026 6462
524 526 874 601 parcat.Nam
894 525 1019 599 quid
1046 525 1171 594 isto,
1197 522 1283 583 cui
1307 526 1423 583 haec
1444 527 1727 600 scripsisti,
1750 525 1908 583 facile
1925 528 2109 600 potest

526 623 700 679 lenius
726 620 953 677 inveniri
975 662 991 687 ,
1045 619 1135 691 qui
1164 634 1261 675 vos
1305 628 1361 676 et
1388 619 1637 676 invitavit
1667 619 1732 675 ad
1759 606 1953 687 vitam,
1979 626 2035 675 et
2061 606 2133 674 si'

522 732 641 773 eam
682 716 957 771 nobiscum
1002 729 1162 786 agere
1208 714 1458 782 nolletis,
1490 713 1755 771 relaxavit
1781 712 1849 769 ad
1880 713 2055 785 fugam
2081 694 2127 767 Τ

524 808 634 866 Vos
653 809 711 865 in
732 823 829 863 vos
854 809 984 865 estis
1009 808 1186 877 asperi
1202 850 1217 878 ,
1244 821 1342 863 vos
1367 808 1601 864 immites
1637 809 1657 841 ¹
1680 850 1696 877 ,
1726 822 1823 864 vos
1846 807 1963 863 sine
1992 804 2102 862 ulla

527 896 872 960 humanitatis
900 904 920 934 '
941 901 1374 959 consideratione
1397 901 1663 971 crudeles,
1685 902 1774 973 qui
1802 901 1903 957 hoc
1927 901 1979 956 in
2015 914 2110 955 vo-

520 995 602 1051 bis
631 993 825 1057 facitis,
854 994 997 1065 quod
1024 994 1079 1048 in
1100 994 1211 1049 suis
1240 994 1471 1049 inimicis
1487 992 1661 1049 facere
1682 989 2108 1048 consueverunt’

515 1102 763 1144 errorum
792 1085 1081 1143 dilectores
1107 1128 1122 1154 ,
1152 1095 1209 1143 et
1261 1086 1540 1142 hominum
1603 1093 1973 1163 persecutores
2000 1126 2015 1148 ,
2049 1090 2131 1161 ιιι,

516 1183 587 1238 sit
617 1180 759 1253 quod
786 1180 1125 1236 amarissime
1145 1179 1363 1235 doleant
1390 1193 1632 1236 errorum
1656 1186 2029 1249 persecutores
2052 1183 2107 1231 et

516 1272 796 1330 hominum
848 1271 1159 1328 dilectores.
1200 1270 1338 1339 Quid
1375 1279 1553 1355 autem
1582 1279 1735 1341 optas
1766 1272 1832 1323 ut'
1857 1267 1925 1323 ab
1953 1267 2107 1322 inno-

514 1378 730 1425 centum
757 1366 987 1424 exitibus
1023 1376 1353 1438 temperetur
1369 1366 1396 1421 ?
1414 1365 1525 1422 Vos
1550 1363 1764 1438 quidem
1792 1365 2104 1419 innocentes

514 1475 622 1515 non
664 1459 793 1515 estis
826 1476 840 1512 :
868 1469 1045 1514 tamen
1101 1459 1191 1514 ille
1233 1458 1387 1514 vobis
1416 1456 1567 1513 dedit
1596 1440 1814 1521 exitum,
1847 1454 1943 1511 sed
2003 1453 2105 1524 ipsi

514 1550 666 1606 vobis
702 1550 834 1607 dare
860 1551 1019 1607 vultis
1046 1551 1289 1606 exitium.
1348 1551 1482 1606 Puto
1523 1549 1666 1604 enim
1698 1589 1713 1617 ,
1769 1547 1912 1619 quod
1953 1546 2104 1601 verbi

515 1639 811 1712 ignorantia
834 1651 887 1697 te
913 1639 1127 1708 fefellit,
1156 1650 1215 1695 ut
1242 1639 1429 1696 volens
1457 1638 1677 1709 intelligi
1703 1638 1863 1694 exitia
1884 1680 1899 1706 ,
1931 1636 2106 1693 exitus

513 1731 741 1789 diceres.
771 1732 905 1789 Cum
935 1746 1063 1805 ergo
1096 1732 1330 1787 hortaris
1392 1730 1656 1802 Optantio,
1688 1737 1747 1785 ut
1769 1744 1828 1784 se
1851 1728 1918 1784 ab
1948 1729 2105 1783 inno-

515 1825 751 1881 centium
781 1825 958 1882 exitiis
985 1824 1340 1897 imperialinm
1373 1823 1547 1893 legum
1586 1828 1911 1891 temperaret
1944 1833 2103 1875 exse-

511 1904 693 1984 cutor,
722 1915 774 1974 id
801 1917 914 1989 agis
952 1925 1013 1972 ut
1050 1915 1427 1987 deceptor-ibus
1451 1920 1656 1984 parcat,
1687 1920 1742 1968 et
1786 1912 2103 1966 innocentes

512 2008 687 2079 decipi
716 2011 931 2080 impune
957 2008 1248 2079 permittat.
1278 2007 1414 2075 Quid
1442 2022 1570 2077 ergo
1594 2003 1760 2072 aliud,
1802 2003 1905 2058 nisi
1929 2009 1989 2057 ut
2013 2002 2103 2057 ille

511 2103 598 2158 cui
619 2112 670 2158 te
683 2102 821 2158 bene
845 2102 1124 2157 arbitraris
1150 2110 1357 2172 optare,
1386 2115 1486 2155 nec
1510 2100 1640 2165 Deo,
1670 2112 1770 2153 nec
1790 2094 2102 2168 imperatori

512 2210 613 2253 suo
637 2203 818 2252 servet
838 2194 998 2251 fidem
1029 2213 1042 2250 :
1074 2194 1199 2271 quia
1234 2194 1434 2249 scilicet
1465 2208 1559 2263 per
1580 2190 1841 2263 justitiam
1869 2202 1975 2243 non
2004 2202 2098 2242 ve-

511 2303 628 2356 ram
651 2330 665 2354 ,
692 2285 788 2344 sed
813 2295 1068 2353 vestram,
1098 2286 1165 2341 ad
1208 2288 1595 2356 imperatorum
1622 2272 1802 2338 curam
1827 2279 2095 2351 pertinere

508 2394 685 2437 causa:
706 2378 1012 2450 hujusmodi
1060 2394 1167 2436 non
1199 2378 1491 2445 deberent,
1527 2387 1586 2432 ut
1612 2375 1941 2431 calumniosa
1966 2372 2102 2428 divi-

507 2473 590 2529 sio
614 2481 917 2541 sanaretur,
947 2464 1212 2528 deberent
1262 2481 1463 2536 autem,
1508 2478 1566 2525 ut
1608 2468 1823 2540 quando
1854 2466 1992 2521 facta
2018 2474 2103 2521 est

509 2563 854 2621 firmaretur?
881 2563 938 2620 Si
965 2564 1206 2620 doctrina
1256 2564 1358 2619 ista
1381 2604 1397 2630 ,
1431 2577 1590 2633 quam
1619 2575 1729 2616 non
1755 2559 1823 2615 de
1854 2559 2098 2629 Scriptu-

506 2658 583 2716 ris
618 2657 852 2724 sanctis,
887 2656 983 2715 sed
1023 2658 1208 2714 nescio
1254 2655 1397 2712 unde
1445 2653 1742 2723 didicistis,
1771 2653 1913 2725 jnsta
1943 2654 2096 2709 vobis

506 2750 738 2816 videtur,
763 2758 823 2806 ut
852 2750 967 2805 haec
992 2750 1060 2805 ad
1108 2736 1444 2819 imperialem
1495 2760 1601 2802 n0n
1634 2746 1898 2816 pertineat
1948 2753 2097 2815 pote-

506 2850 697 2898 statem
727 2858 740 2895 :
774 2851 902 2897 tunc
937 2838 1231 2911 majoribus
1252 2839 1448 2896 vestris
1473 2837 1713 2894 venisset
1740 2838 1791 2891 in
1824 2845 2057 2892 mentem
2078 2877 2095 2904 ,

506 2933 722 3005 quando
761 2931 1032 2989 Caeciliani
1082 2947 1300 2988 causam
1334 2931 1401 2987 ad
1446 2928 1787 3002 imperatoris
1833 2926 2095 2998 judicium

505 3026 843 3082 Constantini
892 3025 1198 3081 accusando
1243 3025 1525 3080 miserunt.
1582 3022 1735 3078 Nunc
1792 3036 1925 3077 vero
1972 3021 2097 3092 quia

506 3115 693 3173 leones
737 3117 1010 3173 Damelem
1061 3125 1284 3189 propter
1310 3116 1672 3172 innocentiam
1703 3130 1809 3170 non
1838 3100 2095 3170 laeserunt

505 3207 668 3281 (Dan.
699 3224 771 3275 v1,
808 3204 929 3281 ‘22),
961 3209 1121 3264 vultis
1148 3217 1207 3264 ut
1239 3207 1344 3262 illis
1381 3213 1584 3278 parcat,
1618 3206 1710 3277 qui
1740 3221 1862 3262 eum
1889 3206 2092 3261 calum-

504 3299 704 3355 niando
730 3298 975 3355 leonibus
1002 3298 1361 3369 objecerunt?
1412 3295 1520 3354 Sed
1550 3312 1658 3352 non
1690 3305 1747 3352 ut
1775 3296 1938 3353 homo
1963 3295 2096 3367 judi-

503 3399 592 3446 cat
618 3391 795 3456 Deus,
839 3392 891 3445 in
922 3389 1074 3461 cujus
1110 3405 1275 3445 manu
1313 3405 1413 3445 cor
1453 3388 1594 3461 regis
1634 3382 1759 3458 est,
1788 3398 1968 3459 etquo
1993 3402 2093 3444 vo-

503 3480 665 3538 luerit
690 3482 910 3536 inclinat
932 3480 1064 3536 illud
1089 3481 1108 3552 (
1135 3479 1293 3536 Prov.
1324 3493 1413 3536 xxr
1432 3522 1448 3550 ,
1493 3479 1574 3552 1).
1600 3479 1710 3535 Cor
1734 3489 1912 3537 autem
1956 3480 2096 3550 regis

501 3588 626 3631 cum
650 3584 733 3631 est
758 3574 975 3631 inﬁdele
998 3616 1014 3641 ,
1042 3583 1133 3630 aut
1171 3583 1510 3641 exercentur,
1546 3582 1639 3629 aut
1677 3574 1969 3645 probantur
1994 3573 2094 3628 bo-

506 3667 565 3723 ni
595 3685 609 3723 :
636 3682 758 3724 cum
786 3683 915 3723 vero
945 3677 1027 3723 est
1060 3666 1223 3724 fidele
1248 3708 1265 3736 ,
1316 3677 1409 3723 aut
1454 3667 1799 3738 corriguntur
1820 3708 1837 3735 ,
1869 3674 1961 3722 aut
1991 3666 2095 3737 plc-

506 3769 726 3818 ctuntur
761 3759 910 3816 mali.
958 3759 1160 3815 Horum
1204 3759 1433 3816 duorum
1460 3760 1587 3833 quid
1637 3761 1690 3815 in
1728 3768 1906 3815 vestra
1933 3774 2093 3815 causa

506 3852 601 3923 sit,
630 3856 760 3910 satis
784 3853 895 3926 jam
943 3854 1205 3919 diximus,
1252 3857 1492 3926 satisque
1534 3854 1733 3909 litteris
1764 3853 1867 3909 tuis
1895 3853 2095 3910 nullius

504 3950 612 4007 loci
654 3948 1107 4022 praetermissione
1150 3948 1529 4020 reSpondimns
1558 3965 1570 3999 :
1599 3945 1742 4018 quod
1789 3947 1993 4001 utinam
2040 3954 2097 4001 et

507 4042 639 4109 tibi,
674 4052 850 4098 tamen
889 4042 1156 4113 aliquibus
1185 4056 1251 4096 ex
1290 4040 1440 4096 vobis
1476 4040 1811 4112 profuturum
1840 4054 1961 4094 esse
1985 4039 2095 4095 Deo

507 4138 799 4193 miserante
818 4136 1159 4192 confidimus.

578 4228 668 4284 54.
697 4228 778 4282 Ad
805 4227 921 4283 hare
946 4235 1121 4281 autem
1148 4227 1190 4280 si
1218 4224 1546 4297 respondere
1573 4223 1773 4295 aliquid
1801 4239 2090 4294 przeparas,

505 4320 626 4392 lege
654 4321 814 4375 etiam
844 4319 937 4375 illa
966 4335 1087 4390 quas
1113 4335 1234 4374 cum
1265 4319 1505 4374 Emerito
1536 4327 1655 4372 acta
1699 4325 1858 4385 sunt,
1902 4317 2096 4389 quibus

508 4412 602 4468 ille
630 4410 957 4481 respondere
983 4424 1090 4465 non
1137 4411 1344 4480 potuit,
1375 4425 1443 4465 ne
1484 4409 1621 4464 forte
1651 4420 1704 4464 tu
1732 4411 1925 4479 possis,
1957 4410 2095 4465 sicut

503 4503 613 4577 jam
644 4502 890 4573 superius
920 4512 978 4557 ut
1008 4500 1330 4572 experireris
1357 4500 1611 4555 admonui
1634 4497 1854 4574 (Supra,
1881 4519 1935 4556 η.
1976 4499 2090 4575 At).

508 4596 587 4653 De
613 4610 773 4651 causa
803 4592 964 4650 etiam
1013 4591 1526 4648 Maximianistarnm
1556 4606 1677 4647 cum
1729 4592 1821 4647 illo
1856 4593 2085 4663 egimus,

505 4689 574 4747 de
603 4703 709 4762 qua
738 4702 769 4742 a
797 4686 949 4742 nobis
998 4686 1049 4741 in
1080 4685 1380 4742 Collatione
1415 4685 1571 4741 toties
1594 4683 1747 4740 vobis
1776 4685 1981 4755 objecta
2011 4686 2096 4740 ni-

506 4781 580 4837 hil
629 4777 1001 4851 respondistis,
1046 4778 1299 4853 quoniam
1347 4775 1417 4832 de
1444 4792 1503 4832 re
1551 4775 1987 4831 manifestiSsima
2032 4786 2089 4833 et

504 4875 877 4932 recentissima
922 4872 1051 4928 nihil
1075 4872 1217 4944 quod
1258 4871 1641 4943 responderitis
1671 4869 1691 4902 ⁸
1717 4869 1955 4926 invenire
1995 4887 2092 4940 p0—

507 4968 721 5034 tuistis,
753 4966 1021 5040 quomodo
1068 4966 1418 5021 Maximianus
1455 4979 1612 5037 quem
1642 4964 1810 5020 multo
1848 4956 2094 5034 graviore

507 5077 665 5131 quam
687 5060 1026 5117 Carciliannm
1050 5058 1309 5114 sententia
1332 5057 1692 5128 percussistis,
1708 5057 1779 5110 ita
1812 5064 1869 5109 ut
1888 5055 2095 5109 dicere-

511 5156 579 5211 tis
609 5171 729 5210 eum
763 5156 966 5220 Dathaa,
987 5153 1184 5218 Chore,
1215 5161 1269 5208 et
1290 5153 1488 5207 Abiron
1519 5151 1822 5206 ministrum
1853 5144 1959 5221 (In
1979 5165 2093 5203 sen-

431 5278 440 5287 ο
513 5248 667 5303 tentia
689 5245 903 5302 Concilii
928 5246 1271 5319 Bagaiensis),
1306 5258 1439 5314 quos
1463 5259 1562 5315 pro
1589 5242 1795 5298 scelere
1827 5238 2092 5296 schisma-

507 5339 576 5395 tis
603 5340 753 5396 vivos
782 5348 924 5395 terra
970 5336 1247 5409 deglutivit
1273 5330 1473 5408 (Num.
1527 5332 1668 5406 xvr),
1714 5349 1819 5390 non
1847 5331 2095 5403 polluerit

570 5518 589 5551 ⁸
624 5527 749 5577 arm,
769 5529 855 5569 nos
871 5516 1028 5567 mites.

569 5580 590 5612 ³
622 5587 722 5629 Am.
736 5574 816 5629 'Er.
838 5585 890 5629 et
907 5578 1153 5628 Parcensis
1168 5584 1276 5638 δίδη

571 5641 592 5703 9
625 5649 726 5691 Am.
751 5648 803 5691 et
822 5646 919 5702 E13,
942 5640 1068 5703 quod
1089 5639 1295 5690 immites
1317 5639 1476 5703 facere

569 5700 593 5736 δ
624 5703 856 5766 Apudltr.
1051 5708 1105 5753 et
1126 5710 1267 5764 Ven.,
1290 5698 1663 5765 respmdcretis.
1749 5704 1810 5748 Ι.

1479 402 1757 463 comas
1793 371 2266 472 catioEN'rtiiu,
2307 399 2366 457 s.
2406 376 2773 464 a‘ucus'rtm

3702 400 3810 459 710

2222 537 2497 585 consortes
2522 528 2826 587 schismatis
2845 526 2961 596 sui,
2999 526 3192 601 quibus
3213 534 3272 583 ut
3299 526 3366 584 ad
3385 532 3621 583 vestram
3649 535 3804 577 com-

2215 618 2521 678 munionem
2550 621 2806 691 redirent,
2833 621 3141 677 dilationem
3164 619 3407 687 dedistis,
3436 634 3546 674 non
3577 615 3796 688 pollue-

2213 712 2284 772 rit
2321 714 2452 772 Afer
2495 714 2693 784 Afros,
2724 716 2874 771 vivus
2916 715 3081 784 vivos,
3127 722 3289 770 notus
3325 722 3503 777 notos,
3532 709 3813 783 particeps

2215 808 2390 866 socios
2408 826 2424 875 ;
2442 819 2497 866 et
2514 810 2830 866 Cmcilianus
2856 809 3103 883 polluerit
3118 807 3525 874 transmarinos,
3552 804 3813 877 polluerit

2215 900 2371 987 longe
2395 901 2598 974 positos
2627 945 2641 971 ,
2698 903 2949 976 polluerit
2976 902 3189 974 ignotos
3214 942 3232 969 ,
3262 900 3511 973 polluerit
3562 895 3811 955 nondum

2215 1006 2391 1053 natos.
2415 997 2619 1067 Inveni,
2651 997 2696 1053 si
2728 1008 2881 1069 potes
2904 1040 2919 1067 ,
2961 995 3090 1070 quid
3116 997 3283 1064 dicas,
3313 992 3589 1067 quomodo
3616 1006 3811 1048 susce—

2214 1088 2402 1160 peritis
2441 1088 2699 1145 honorem
2751 1088 3004 1155 Feliciani
3048 1087 3348 1155 Mustitani,
3397 1096 3453 1142 et
3489 1084 3811 1143 Praetextati

2212 1178 2533 1246 Assuritani,
2565 1195 2700 1252 quos
2728 1196 2849 1237 cum
2897 1179 3216 1235 Maximiano
3242 1188 3298 1234 et
3323 1177 3443 1233 aliis
3467 1176 3661 1233 decem
3690 1174 3810 1230 sine

2211 1271 2318 1327 ulla
2344 1272 2597 1329 dilatione
2622 1272 2933 1342 damnastis,
2968 1282 3155 1330 contra
3203 1288 3360 1344 quos,
3384 1280 3442 1326 ut
3486 1286 3583 1327 eos
3607 1269 3679 1325 de
3707 1268 3809 1323 ba-

2212 1363 2379 1422 silicis
2406 1365 2697 1437 pelleretis,
2728 1367 2867 1439 apud
2897 1366 3051 1433 duos,
3083 1366 3171 1423 vel
3198 1365 3301 1421 nisi
3319 1364 3496 1432 fallor,
3519 1360 3664 1433 apud
3688 1373 3808 1417 tres

2212 1457 2561 1529 proconsules
2585 1458 2865 1530 litigastis;
2898 1469 2950 1515 et
2977 1474 3099 1516 cum
3122 1458 3231 1531 jam
3264 1458 3317 1513 in
3351 1457 3528 1512 locum
3560 1455 3807 1511 Praetex-

2211 1549 2308 1605 tati
2334 1550 2495 1605 alium
2526 1550 2906 1619 ordinassetis,
2933 1560 3056 1623 post
3082 1560 3190 1606 tam
3225 1550 3443 1621 longum
3471 1558 3687 1619 tempus
3706 1561 3807 1602 eos

2210 1639 2266 1696 in
2297 1643 2408 1698 suis
2450 1642 2742 1699 honoribus
2766 1643 3063 1715 recepistis.
3092 1642 3206 1711 Qua
3231 1641 3460 1713 justitia,
3508 1654 3615 1710 qna
3642 1637 3808 1693 ratio-

2210 1747 2300 1798 ne,
2329 1749 2431 1803 qua
2456 1732 2632 1790 fronte
2654 1735 2707 1789 in
2730 1734 2935 1790 honore
2966 1749 3067 1789 suo
3094 1732 3382 1803 suscipitur
3409 1727 3808 1786 Maximianista

2209 1823 2491 1880 damnatus
2514 1867 2528 1891 ,
2562 1833 2617 1881 et
2653 1825 2936 1881 damnatur
2985 1825 3135 1881 orbis
3176 1834 3444 1880 terrarum
3498 1820 3807 1877 catholicus

2214 1919 2525 1975 inauditus?
2551 1920 2665 1989 Qua
2686 1919 2891 1991 justitia
2910 1963 2925 1989 ,
2957 1934 3061 1991 qua
3090 1918 3314 1985 ratione,
3343 1933 3443 1990 qua
3491 1916 3668 1971 fronte
3706 1928 3809 1970 ca-

2209 2011 2444 2067 vendum
2474 2026 2594 2068 esse
2614 2012 2812 2081 dicitis,
2840 2028 2908 2067 ne
2932 2026 3029 2069 vos
3054 2011 3292 2084 inquinet
3315 1994 3639 2065 Caecilianus
3665 2006 3800 2061 olim

2210 2102 2521 2173 defunctus,
2548 2104 2803 2174 vobisque
2841 2119 3060 2175 prorsus
3090 2103 3413 2175 incognitus,
3442 2099 3641 2155 vestris
3677 2114 3798 2153 ma-

2205 2196 2413 2268 joribus
2436 2196 2796 2267 judicantibus
2825 2196 2994 2253 semel
3024 2197 3327 2261 damnatus,
3359 2193 3555 2250 vestris
3580 2191 3808 2262 majori—

2207 2286 2307 2343 bus
2337 2289 2708 2345 accusantibus
2740 2298 2821 2344 ter
2835 2289 3106 2344 absolutus
3130 2306 3146 2356 ;
3172 2296 3226 2343 et
3253 2285 3551 2343 cavendum
3573 2299 3679 2339 non
3706 2299 3805 2354 pu-

2208 2381 2362 2437 tastis
2384 2422 2399 2450 ,
2429 2398 2497 2438 ne
2523 2382 2937 2454 vosinqniuaret
2967 2380 3288 2447 Felicianus,
3315 2376 3637 2434 universalis
3662 2390 3802 2430 con-

2206 2474 2316 2530 cilii
2340 2474 2502 2530 vestri
2535 2489 2629 2529 ore
2647 2474 2963 2541 damnatus,
2990 2482 3043 2529 et
3071 2473 3139 2528 ab
3167 2471 3429 2528 universis
3454 2469 3628 2537 vobis,
3657 2484 3800 2540 prae-

2206 2568 2362 2638 cipue
2404 2566 2476 2622 tui
2519 2565 2930 2638 praedecessoris
2980 2564 3060 2638 (α)
3086 2564 3268 2619 favore
3308 2552 3634 2633 susceptus?
3679 2560 3831 2631 Qua,

2201 2660 2426 2733 justitia,
2454 2676 2558 2732 qua
2579 2660 2807 2727 ratione,
2831 2674 2933 2732 qua
2955 2657 3129 2714 fronte
3146 2656 3447 2713 rescinditis
3467 2654 3801 2726 Baptismutn

2204 2769 2363 2825 quem
2408 2752 2541 2807 dant
2584 2751 2860 2816 Ecclesiae,
2908 2765 3040 2820 quas
3073 2748 3346 2804 laboribus
3396 2745 3507 2801 suis
3557 2743 3799 2814 Apostoli

2204 2832 2599 2917 piantaverunt,
2628 2859 2748 2898 cum
2772 2842 3114 2913 susceperitis
3149 2841 3476 2912 Baptismum
3505 2826 3666 2908 quem
3696 2834 3801 2892 Fe—

2203 2939 2428 2995 licianus
2475 2944 2532 2993 et
2577 2937 2932 2993 Praetextatus
2975 2951 3073 3007 per
3127 2944 3234 2990 tam
3291 2934 3509 3004 longum
3565 2940 3797 3001 tempus,

2202 3031 2418 3102 quando
2448 3039 2631 3085 contra
2659 3043 2752 3085 cos
2776 3028 3057 3084 damnatos
3081 3025 3384 3098 litigabatis,
3415 3024 3548 3079 foris
3566 3039 3597 3077 a
3618 3030 3799 3079 vestra

2202 3123 2442 3180 Ecclesia
2496 3120 2866 3177 tradiderunt?
2898 3120 2955 3174 Si
2997 3119 3161 3187 enim,
3206 3127 3263 3173 ut
3308 3116 3491 3173 soletis
3537 3115 3675 3171 male
3724 3115 3801 3169 in-

2202 3217 2465 3289 telligere,
2496 3212 2576 3270 'et
2628 3216 2779 3270 nobis
2832 3214 3085 3284 objicere,
3132 3213 3212 3267 sic
3257 3220 3338 3267 est
3392 3208 3795 3282 intelligendum

2201 3309 2344 3381 quod
2368 3308 2621 3380 scriptum
2651 3316 2751 3371 est,
2784 3305 2882 3376 Qui
2908 3307 3236 3378 baptizatum
3258 3312 3456 3357 mortuo
3485 3303 3609 3374 quid
3633 3302 3792 3374 proﬁ-

2200 3403 2266 3458 cit
2293 3401 2493 3456 lavacro
2516 3417 2607 3455 suo
2633 3398 2820 3473 (Eccti.
2851 3414 3036 3466 xxxiv,
3068 3397 3194 3467 50)?
3223 3398 3360 3451 inter
3388 3396 3510 3451 illos
3536 3394 3622 3449 isti
3649 3397 3792 3464 jace-

2201 3494 2331 3550 bant
2357 3491 2570 3564 quando
2601 3490 2960 3562 baptizabant,
2987 3491 3055 3544 de
3080 3489 3269 3560 quibus
3304 3496 3479 3543 vestra
3511 3486 3792 3557 Bagaitana

2204 3586 2470 3642 sententia
2504 3593 2648 3638 tanto
2670 3583 2893 3652 strepitu
2929 3579 3183 3645 insonuit,
3215 3577 3584 3651 Egyptiarum
3613 3577 3790 3630 admo-

2204 3680 2325 3733 dum
2348 3676 2578 3747 exemplo
2618 3675 2933 3745 pereuntium
2958 3673 3222 3747 funeribus
3255 3671 3403 3742 plena
3437 3681 3557 3725 sunt
3585 3670 3789 3726 littora:

2200 3771 2378 3844 quibus
2406 3769 2461 3822 in
2488 3766 2600 3838 ipsa
2630 3777 2786 3821 morte
2814 3767 2976 3837 major
3016 3774 3087 3819 est
3114 3780 3281 3836 paena,
3312 3761 3447 3833 quod
3485 3770 3599 3833 post
3629 3771 3787 3815 extor—

2204 3873 2305 3918 tam
2346 3860 2491 3933 aquis
2528 3860 2791 3916 ultricibus
2818 3859 3062 3933 animam,
3108 3873 3197 3910 nec
3225 3856 3388 3924 ipsam
3415 3853 3675 3908 inveniunt
3710 3869 3785 3905 se-

2203 3954 2481 4028 pulturam.
2503 3953 2643 4024 Quid
2662 3951 2730 4007 ad
2752 3952 2867 4006 haec
2887 3948 3080 4005 dicturi
3106 3948 3273 4003 estis?
3303 3946 3442 4002 Ecce
3469 3946 3667 4000 mortui
3698 3945 3784 3999 ba-

2200 4048 2405 4119 ptizant
2431 4060 2525 4101 eos
2560 4058 2695 4115 quos
2728 4041 3018 4112 suscipitis,
3066 4054 3165 4094 nec
3206 4037 3509 4102 morituini;
3542 4046 3597 4092 ct
3641 4036 3784 4091 nobis

2201 4148 2454 4209 tanquam
2496 4135 2721 4191 mortuis
2752 4131 3171 4198 calumniamini,
3210 4138 3266 4183 ut
3293 4128 3576 4183 catholicae
3608 4126 3783 4181 unitati

2202 4231 2598 4289 communicare
2638 4229 2879 4284 nolentes
2927 4225 3120 4280 vestris
3165 4222 3374 4293 ignibus
3427 4237 3557 4275 vere
3595 4220 3783 4274 moria-

2202 4323 2354 4379 mini.
2400 4319 2682 4391 Responde
2723 4317 2789 4372 ad
2821 4317 2919 4371 ista
2952 4332 2964 4369 :
2990 4322 3144 4369 vacat
3174 4314 3267 4367 tibi
3294 4311 3535 4382 cogitare
3563 4310 3687 4381 quid
3714 4309 3759 4362 di

2202 4430 2313 4471 cas.
2354 4413 2552 4471 Saltem
2584 4412 2634 4466 in
2663 4409 2765 4465 hoc
2793 4408 3004 4479 aliquod
3052 4407 3144 4462 tibi
3186 4404 3503 4459 beneficium
3544 4400 3780 4457 confera-

2203 4521 2345 4571 mus,
2397 4511 2455 4559 ut
2481 4503 2605 4558 dum
2638 4501 2840 4572 cogitas
2867 4497 3136 4569 quomodo
3172 4495 3519 4566 reSpondeas,
3570 4494 3780 4549 minime

2201 4596 2404 4668 cogites
2433 4592 2702 4666 quomodo
2734 4591 2944 4646 ardeas.
2974 4589 3079 4646 Sed
3107 4588 3355 4644 nolumus
3395 4595 3453 4640 ut
3490 4586 3669 4658 inopia
3700 4599 3780 4639 re-

2200 4687 2497 4760 spondendi
2529 4686 2723 4739 lassum
2752 4681 2879 4739 illud
2904 4693 2960 4738 et
2987 4697 3257 4753 quassum,
3288 4679 3429 4750 quod
3456 4678 3639 4734 dicere
3664 4691 3781 4731 con-

2201 4783 2471 4849 suevistis,
2491 4779 2665 4835 adhuc
2687 4778 2779 4833 tibi
2807 4775 3082 4833 existimes
3111 4791 3230 4832 esse
3256 4773 3560 4839 dicendum,
3588 4773 3650 4827 Si
3668 4770 3780 4824 tata

2200 4892 2398 4944 sumus,
2430 4889 2585 4947 quare
2613 4889 2703 4927 nos
2737 4871 3003 4945 quwritis?
3028 4867 3434 4940 Respondemus
3460 4867 3603 4921 enim
3633 4883 3648 4920 :
3674 4864 3776 4919 Ma-

2200 4968 2281 5040 gis
2309 4982 2404 5023 vos
2432 4966 2693 5022 catholica
2729 4963 2968 5020 Ecclesia
2997 4963 3157 5019 debet
3194 4976 3457 5034 qumrere,
3488 4959 3613 5031 quia
3642 4955 3775 5028 peri-

2200 5064 2316 5129 stis,
2346 5060 2391 5115 si
2416 5075 2511 5116 vos
2538 5058 2955 5115 Maximianistas
2989 5055 3176 5126 perditi
3207 5051 3442 5125 perditos
3471 5046 3772 5123 inquisistis.

2202 5158 2277 5212 De
2321 5155 2483 5210 corde
2527 5154 2668 5209 enim
2700 5161 2879 5209 vestro
2923 5149 3077 5207 nobis
3107 5149 3302 5215 dicitis,
3357 5146 3527 5212 Quare
3567 5140 3772 5216 (μα’ήὼ

2201 5258 2271 5304 tot
2296 5257 2645 5316 tantorumque
2669 5262 2779 5299 reos
2806 5240 3112 5297 criminum?
3139 5237 3241 5295 Sed
3265 5237 3330 5293 de
3358 5238 3497 5293 libro
3525 5235 3616 5290 Dei
3639 5229 3770 5286 vobis

2200 5340 2622 5412 respondemus,
2679 5339 2802 5409 quia
2863 5337 3085 5391 charitas
3140 5335 3362 5406 cooperit
3417 5328 3766 5386 multitudinem

2201 5442 2519 5507 peccatorum
2546 5430 2591 5505 (1
2616 5429 2758 5485 Petr.
2785 5446 2858 5499 tv,
2892 5430 2969 5502 8).

2264 5651 2338 5717 (α)
2371 5608 2528 5716 Optati
2548 5651 2825 5704 cildoniani.

2029 5879 2273 5953 ἒθθθθὲθ
