4026 6472
213 395 300 452 ‘lll
1505 392 1706 448 [ABER
1743 387 2122 454 SECUNDUS.

3363 408 3469 473 πει

219 528 3472 576 MM

1114 605 1596 716 LIBER
1667 606 2546 728 SECUNDUS.

1078 793 1329 845 Gaudentii
1348 800 1516 846 contra
1537 792 1844 854 superiorem
1879 789 2056 845 librum
2091 803 2343 862 responsio
2361 803 2576 859 diluitur.

1593 935 2080 970 MM

270 1065 486 1125 CAPUT
513 1066 789 1124 PRIMUM.
817 1098 886 1107 —
906 1069 956 1123 l.
983 1069 1206 1139 Accepi,
1236 1066 1495 1124 Gaudenti
1515 1109 1528 1134 ,
1551 1080 1774 1134 respon-

208 1171 393 1220 SIonem
442 1173 583 1218 tuam
611 1182 623 1217 :
649 1165 691 1217 si
732 1172 905 1218 tamen
944 1163 1220 1233 responsio
1266 1164 1362 1218 ista
1393 1162 1613 1217 dicenda
1657 1168 1771 1225 est,

210 1274 352 1330 quam
383 1257 508 1311 mihi
533 1267 808 1326 propterea
831 1257 1032 1312 referre
1059 1257 1300 1324 voluisti,
1326 1275 1390 1312 ne
1417 1258 1461 1312 si
1493 1257 1769 1321 tacuisses,

205 1355 484 1410 diceremus
502 1365 551 1408 te
568 1368 688 1410 esse
707 1353 1026 1409 convictum.
1050 1353 1152 1409 Sed
1181 1370 1283 1408 non
1313 1353 1413 1407 hoc
1443 1362 1524 1407 est
1550 1368 1774 1422 respou-

205 1446 337 1511 dere,
369 1445 506 1516 quod
539 1450 620 1500 est
649 1461 752 1500 non
782 1455 976 1502 tacere.
1006 1445 1133 1500 Nam
1161 1447 1204 1500 si
1233 1447 1334 1501 hoc
1357 1456 1457 1508 est,
1484 1446 1766 1516 respondi-

201 1538 258 1593 sti
303 1538 612 1607 planezsed
656 1538 798 1604 ideo,
849 1548 906 1593 ut
949 1539 1106 1594 etiam
1152 1538 1205 1593 hi
1246 1541 1335 1610 qui
1383 1539 1450 1593 de
1487 1549 1538 1593 te
1574 1538 1770 1609 aliquid

199 1640 394 1700 possent
424 1645 645 1700 sperare
665 1673 678 1696 ,
710 1632 952 1687 noverint
981 1642 1031 1687 te
1060 1647 1162 1686 non
1205 1631 1472 1688 invenisse
1511 1632 1633 1702 quid
1677 1648 1766 1687 re-

197 1721 442 1793 spondere
469 1723 735 1790 deberes,
767 1733 819 1778 et
847 1733 1023 1780 tamen
1060 1724 1398 1795 respondisse
1434 1740 1501 1779 ne
1540 1733 1764 1779 taceres.

199 1814 361 1886 itaque
403 1832 528 1871 cum
576 1832 791 1872 caveres
838 1833 905 1872 ne
949 1818 1118 1872 victus
1163 1817 1450 1883 dicereris,
1497 1816 1667 1872 fecisti
1712 1825 1769 1872 ut

195 1906 563 1964 ostendereris.
605 1908 684 1963 Ad
715 1909 854 1978 quod
886 1909 1269 1964 ostendendum
1302 1919 1388 1964 tua
1419 1909 1530 1979 ipsa
1570 1908 1765 1977 scripta

196 2000 463 2068 suﬂiciunt,
495 2001 548 2056 si
578 2001 644 2056 ab
675 2002 1088 2072 intelligentibus
1111 2002 1370 2073 legantur,
1404 2010 1458 2056 et
1484 2002 1618 2057 meis
1645 2001 1769 2056 dili-

195 2093 322 2162 genti
349 2093 600 2149 examine
640 2102 1032 2163 comparentur.
1080 2093 1148 2150 Ut
1189 2103 1364 2150 autem
1407 2094 1620 2163 scriptis
1648 2093 1766 2148 aliis

197 2185 287 2242 hoc
310 2186 554 2252 doceam,
587 2201 694 2257 quo
722 2187 882 2242 etiam
913 2187 1135 2258 ingeniis
1166 2188 1483 2243 tardioribus
1509 2185 1760 2252 satisﬁat,

194 2279 440 2348 aliquanto
476 2278 745 2350 prolixior
788 2278 1077 2350 disputatio
1123 2280 1420 2335 necessaria
1463 2288 1761 2348 est:quam

193 2370 386 2440 quidem
413 2371 720 2444 aggrediar,
751 2372 796 2428 si
825 2387 958 2444 opus
997 2371 1154 2428 fuerit
1188 2372 1548 2442 Dominusquc
1579 2369 1762 2425 volue-

191 2461 266 2517 rit.

249 2553 462 2613 CAPUT
496 2554 564 2612 ll.
585 2557 726 2612 —2.
756 2556 907 2614 Nunc
925 2556 1157 2623 interim,
1187 2555 1434 2628 quoniam
1462 2570 1560 2610 vos
1587 2555 1763 2626 potius

192 2662 294 2703 esse
325 2648 625 2705 catholicos
663 2650 968 2706 testimonio
1013 2650 1153 2705 beati
1192 2650 1438 2721 Cypriani
1491 2647 1762 2704 ai‘tirmare

192 2750 391 2797 conatus
417 2758 478 2797 es
511 2759 524 2795 :
549 2743 764 2798 attende
793 2742 1058 2812 paululum
1087 2757 1244 2813 quam
1275 2741 1568 2796 Ecclesium
1605 2741 1759 2796 dixe-

195 2830 254 2886 rit
294 2833 375 2889 ille
415 2833 738 2890 catholicam
764 2875 777 2899 ,
807 2850 930 2889 cum
972 2834 1088 2902 ejus
1131 2833 1437 2889 defenderet
1484 2832 1758 2887 unitatem.

195 2925 424 2995 Ecclesia,
455 2927 651 2997 inquit,
678 2926 886 2982 Domini
912 2928 1020 2982 luce
1049 2928 1273 2997 perfusa,
1306 2944 1394 2997 per
1413 2936 1569 2980 totum
1593 2927 1762 2981 orbem

189 3021 343 3075 radios
368 3039 488 3077 suos
506 3021 712 3093 porrigit
735 3038 755 3076 :
775 3039 930 3075 unum
946 3031 1109 3075 tamen
1128 3020 1292 3076 lumen
1309 3031 1401 3088 cst,
1423 3021 1558 3086 quod
1582 3021 1764 3091 ubique

191 3113 503 3182 cli/funditur,
526 3130 615 3167 nec
631 3115 794 3168 unitas
810 3115 1035 3184 corporis
1052 3124 1330 3183 separatur.
1357 3113 1544 3167 Remos
1560 3129 1678 3167 suos
1705 3113 1757 3166 in

191 3206 450 3261 universam
503 3213 686 3260 terram
725 3207 870 3274 copia
910 3205 1144 3259 ubertatis
1172 3205 1423 3271 extendit,
1456 3206 1762 3274 proﬂuentes

189 3296 378 3367 largiter
404 3302 545 3353 rivos
582 3297 732 3352 latius
769 3298 1054 3365 expandit:
1078 3314 1234 3351 unum
1264 3307 1428 3350 tamen
1470 3307 1619 3366 caput
1648 3306 1756 3359 est,

189 3397 228 3441 et
253 3390 386 3459 origo
412 3406 541 3455 una,
573 3400 620 3443 et
649 3407 750 3443 una
780 3401 957 3453 mater,
989 3391 1310 3460 fecunditatis
1337 3390 1648 3444 successibus
1675 3407 1760 3443 co-

189 3484 321 3552 piosa
342 3486 479 3555 (Lib.
514 3487 575 3540 de
602 3485 939 3557 Simplicitate
964 3484 1327 3552 Prtelatorum,
1354 3503 1440 3540 seu
1467 3487 1528 3539 de
1557 3485 1603 3540 U
1607 3487 1761 3540 nitate

190 3575 461 3650 Ecclesia).
508 3579 643 3645 Quid
672 3579 828 3648 igitur
857 3585 914 3633 et
953 3594 1048 3633 vos
1093 3579 1236 3648 ipsos
1282 3577 1462 3633 fallitis
1488 3621 1503 3644 ,
1533 3587 1586 3632 et
1623 3577 1762 3632 alios

186 3666 358 3726 fallere
383 3670 676 3727 mendaciis
705 3670 1098 3741 impudentibus
1126 3672 1324 3726 vultis?
1352 3672 1405 3726 Si
1429 3671 1587 3741 hujus
1613 3687 1757 3726 mar-

190 3760 309 3830 tyris
339 3764 646 3818 testimonio
673 3772 848 3820 vestra
876 3774 957 3820 est
984 3765 1222 3820 Ecclesia
1252 3764 1538 3831 catholica,
1571 3774 1756 3819 osten-

187 3849 287 3906 dite
317 3854 460 3908 illam
503 3871 597 3924 per
635 3856 817 3910 orbem
859 3865 1025 3911 totum
1073 3857 1248 3911 radios
1277 3871 1404 3911 suos
1446 3858 1753 3926 porrigere;

185 3948 441 4001 ostendite
472 3947 614 4001 illam
645 3964 736 4017 per
756 3949 1054 4002 universam
1086 3957 1276 4002 terram
1302 3963 1479 4002 ramos
1509 3963 1633 4001 suos
1662 3963 1756 4001 co-

185 4037 258 4106 pia
289 4039 547 4094 ubertatis
566 4041 878 4096 extendere.
902 4041 1037 4096 llinc
1055 4042 1195 4095 enim
1228 4048 1282 4095 et
1306 4057 1478 4110 grzeco
1499 4042 1757 4096 vocabulo

181 4127 448 4184 Catholica
490 4131 808 4186 nominatur.
854 4132 1006 4199 Quod
1039 4134 1178 4189 enim
1211 4149 1382 4202 grtece
1411 4142 1514 4188 ὅλον
1541 4135 1751 4200 dicitur,

177 4220 334 4278 latine
367 4231 538 4276 totum
569 4223 648 4277 vel
679 4224 982 4277 universum
1028 4225 1421 4293 interpretatur.
1455 4217 1556 4280 Per
1589 4235 1754 4280 totum

174 4329 302 4384 ergo
329 4314 446 4367 sive
474 4313 763 4368 secundum
807 4323 974 4369 totum
1005 4324 1087 4370 est
1113 4317 1214 4372 καθ’
1241 4323 1362 4383 ελον,
1398 4317 1536 4372 unde
1561 4317 1757 4372 Catho-

174 4404 274 4461 lica
306 4413 661 4471 nuncupatur.
697 4406 752 4460 Si
783 4407 884 4461 hoc
922 4408 1096 4474 nosti,
1130 4398 1293 4478 quare
1337 4418 1386 4463 te
1417 4424 1574 4464 nosse
1601 4409 1758 4464 dissi-

175 4494 386 4550 mulas?
412 4493 468 4550 Si
496 4505 670 4551 autem
698 4498 938 4568 ignoras,
965 4514 1131 4570 quare
1171 4515 1274 4554 non
1304 4501 1447 4570 prius
1485 4518 1640 4572 quam
1683 4502 1759 4556 lo-

175 4587 374 4658 queris,
401 4587 541 4656 quod
563 4589 757 4652 nescis.
783 4605 876 4646 eos
897 4578 984 4660 qui
1014 4600 1226 4655 norunt,
1248 4593 1580 4662 interrogas?
1607 4593 1757 4661 Quod

179 4682 218 4734 si
249 4679 496 4748 displicet
528 4681 653 4745 tibi,
689 4697 792 4736 non
832 4698 1057 4753 graecari:
1081 4726 1094 4750 ,
1130 4684 1222 4739 sed
1253 4685 1481 4754 aliquam
1525 4686 1755 4755 linguam

182 4772 386 4838 inveni,
419 4787 520 4841 qua
548 4771 744 4828 doceas
772 4774 875 4828 καθ’
899 4781 1022 4835 ὅλον,
1055 4790 1158 4828 non
1191 4792 1285 4844 per
1311 4786 1503 4841 totum,
1534 4777 1645 4832 sive
1674 4793 1758 4832 se-

181 4863 410 4917 cundum
435 4872 624 4928 totum,
653 4865 734 4919 vel
763 4866 1053 4919 secundum
1081 4866 1388 4921 universum
1420 4869 1718 4936 signiﬁcare
1742 4889 1754 4924 :

183 4963 231 5007 et
273 4953 465 5009 recede
489 4969 519 5008 a
550 4953 854 5009 testimonio
891 4955 1159 5027 Cypriani.
1190 4956 1281 5013 Ille
1323 4975 1549 5028 namque
1575 4969 1757 5015 contra

185 5055 231 5099 te
257 5047 492 5116 loquitur
515 5064 528 5101 :
551 5047 640 5116 qui
683 5047 831 5103 vides
862 5047 989 5119 quid
1025 5049 1185 5105 dicat.
1230 5051 1333 5106 Per
1358 5052 1542 5107 orbem
1589 5061 1756 5107 totum

185 5137 326 5205 dicit,
357 5149 414 5194 et
455 5155 549 5210 per
574 5141 879 5197 universam
922 5151 1118 5198 terram
1167 5144 1397 5214 porrigi,
1434 5145 1760 5218 extendique

187 5228 533 5294 Catholicam,
562 5247 737 5302 graeco
763 5232 880 5303 ejus
906 5233 1106 5288 nomini
1131 5249 1194 5290 ac
1216 5235 1509 5290 deﬁnitioni
1536 5252 1764 5294 consen-

187 5321 338 5377 tiens.
382 5321 460 5376 Tu
490 5323 631 5379 aliud
677 5332 860 5380 tenere
881 5366 895 5388 ,
929 5326 1156 5391 sentire,
1187 5327 1366 5384 dicere
1393 5331 1676 5399 reperiris,
1707 5341 1763 5388 et

186 5414 305 5470 dum
327 5416 593 5488 Cypriano
616 5426 748 5473 teste
768 5417 1031 5485 inniteris,
1057 5417 1320 5491 Cypriano
1341 5430 1476 5477 teste
1496 5424 1758 5480 mentiris.

253 5506 482 5563 CAPUT
513 5507 598 5563 lli.
640 5539 711 5550 ——
739 5509 793 5564 '5.
833 5509 918 5566 Ab
946 5508 1047 5565 hac
1074 5524 1200 5581 ergo
1242 5526 1366 5567 vera
1405 5529 1763 5586 germauaque

186 5595 482 5668 Catholica,
505 5617 623 5673 qua:
644 5604 850 5660 Domini
872 5604 989 5660 luce
1015 5603 1248 5676 perfusa,
1279 5622 1372 5676 per
1385 5609 1568 5664 orbem
1593 5619 1760 5666 totum

186 5693 363 5750 radios
388 5709 515 5752 suos
539 5697 795 5769 porrigit,
826 5713 1005 5756 ramos
1032 5714 1160 5756 suos
1186 5715 1284 5770 per
1307 5701 1610 5758 universam
1649 5714 1761 5760 ter-

188 5798 301 5842 ram
328 5789 484 5859 copia
518 5789 774 5846 ubertatis
797 5791 1068 5858 extendit,
1094 5809 1214 5864 quae
1241 5808 1401 5852 causa
1426 5795 1578 5852 vobis
1603 5795 1764 5854 fuerit

189 5880 446 5954 exeundi,
476 5899 600 5942 cum
619 5884 1023 5959 interrogamini
1041 5927 1059 5960 ,
1087 5887 1221 5948 nihil
1237 5889 1439 5962 justum
1467 5891 1757 5950 invenitis:

1883 1080 2101 1168 prorsus
2128 1073 2196 1126 ab
2221 1072 2319 1130 hac
2343 1078 2579 1137 Ecclesia
2606 1086 2803 1141 exitum
2832 1097 3063 1145 vestrum
3090 1095 3233 1150 nul-la
3263 1112 3459 1168 purga-

1882 1157 2026 1254 tione
2053 1165 2342 1231 probabilis
2383 1178 2740 1234 excusationis
2778 1183 3003 1239 abluitis.
3039 1187 3172 1254 Quid
3199 1157 3339 1244 enim
3365 1157 3450 1246 di-

1880 1252 2019 1351 citis,
2051 1257 2149 1311 nisi
2173 1303 2185 1323 ,
2221 1260 2506 1321 Necessitas
2533 1273 2793 1342 compulit,
2830 1284 2880 1328 ut
2895 1277 3028 1346 justi
3065 1281 3455 1351 relinqueremus

1877 1343 2135 1438 injustas?
2174 1352 2477 1424 Respondet
2514 1363 2660 1416 vobis
2704 1343 2971 1438 Scriptura
3017 1343 3246 1429 divina':
3288 1375 3456 1434 Filius

1879 1437 2041 1493 malus
2066 1441 2174 1511 ipse
2210 1463 2262 1498 se
2272 1449 2471 1517 justum
2498 1454 2655 1520 dicit;
2679 1459 2864 1514 exitum
2893 1479 3004 1516 vero
3019 1482 3162 1519 suum
3179 1485 3278 1522 non
3300 1470 3457 1524 abluit

1879 1529 2225 1633 -(.I_’rov.-xxrv,
2257 1559 2351 1595 sec.
2385 1543 2571 1618 LXX).
2606 1549 2832 1618 Exitum,
2864 1554 3049 1625 inquit,
3079 1575 3242 1623 suum,
3276 1561 3456 1633 utique

1876 1624 2024 1680 illum
2043 1628 2110 1683 de
2142 1648 2245 1701 quo
2264 1633 2393 1690 dicit
2409 1644 2682 1708 apostolus
2705 1624 2954 1710 Joannes,
2977 1647 3213 1708 Exnobis
3231 1624 3458 1709 exierunt

1875 1715 1916 1790 (Ι
1946 1719 2102 1776 Joan.
2133 1739 2189 1788 ll,
2225 1725 2575 1795 19),omuino
2604 1751 2703 1789 non
2735 1739 2912 1807 abluit,
2944 1756 3047 1795 non
3078 1743 3329 1810 defendit,
3351 1761 3455 1803 non

1873 1822 2110 1905 (:XCIVISM,
2143 1831 2246 1870 non
2282 1832 2484 1892 purgat.
2519 1825 2599 1879 Ad
2628 1827 2804 1897 justos
2841 1833 2980 1887 enim
3012 1850 3115 1890 non
3149 1838 3375 1905 pertinet
3401 1839 3452 1894 in

1874 1901 2114 1961 Ecclesia
2163 1911 2457 1982 catholica,
2502 1919 2603 1974 nisi
2654 1924 2852 1988 malos,
2883 1941 3015 1996 quos
3061 1901 3329 2002 corrigere
3371 1931 3455 1987 vel

1873 1994 2126 2055 damnare
2174 2018 2279 2059 non
2316 2021 2568 2078 possunt,
2616 2017 2998 2082 patientissime
3041 2022 3305 2092 tolerare;
3353 2042 3453 2083 nec

1874 2102 2092 2160 propter
2121 2096 2318 2152 zizania
2340 2141 2354 2164 ,
2389 2100 2456 2157 de
2485 2102 2755 2162 dominico
2783 2123 2941 2179 agro,
2969 2127 3070 2168 nec
3107 2125 3326 2185 propter
3356 2133 3451 2186 pa-

1871 2180 2042 2252 leam,
2075 2187 2140 2242 de
2171 2191 2431 2250 dominica
2460 2212 2580 2252 arca
2605 2240 2619 2264 ,
2661 2216 2760 2257 nec
2801 2214 3018 2275 propter
3049 2224 3171 2264 vasa
3215 2211 3450 2268 inhono-

1870 2284 2005 2368 rata,
2030 2277 2096 2332 de
2117 2279 2381 2339 dominica
2404 2287 2584 2355 domo,
2615 2307 2713 2346 nec
2739 2305 2955 2365 propter
2975 2298 3145 2367 pisces
3169 2302 3358 2368 malos,
3384 2301 3450 2358 de

1869 2363 2148 2423 dominicis
2179 2373 2377 2429 retibus
2406 2387 2530 2433 ante
2572 2390 2778 2452 tempus
2805 2363 2990 2453 exire;
3018 2405 3085 2445 ne
3111 2390 3304 2448 frustra
3333 2395 3451 2449 exi-

1870 2467 1982 2513 tum
2010 2477 2162 2517 suum
2191 2478 2450 2524 conentur
2473 2472 2708 2530 abluere.
2736 2476 2843 2533 Has
2871 2483 3200 2552 evangelicas
3230 2495 3448 2541 senten-

1868 2551 1969 2607 tias
1996 2553 2039 2607 si
2081 2556 2307 2614 volueris
2338 2561 2390 2615 in
2429 2563 2591 2619 alium
2636 2583 2850 2625 sensum
2897 2551 3128 2643 qualibet
3158 2592 3444 2648 argumen-

1872 2645 2068 2702 tatione
2110 2661 2456 2722 convertere,
2510 2659 2681 2715 eidem
2738 2663 2897 2721 beato
2946 2645 3245 2739 Cypriano,
3295 2674 3448 2744 cujus

1871 2740 2231 2798 testimonium
2257 2745 2499 2815 adhibes,
2519 2756 2836 2812 coutradicis
2859 2776 2872 2812 :
2896 2759 3032 2815 sicut
3051 2763 3106 2816 in
3131 2774 3308 2820 nostra
3335 2740 3448 2822 Col-

1869 2829 2067 2928 latione
2111 2835 2331 2892 fecistis.
2362 2840 2494 2897 Nam
2537 2843 2652 2901 hinc
2693 2847 2760 2903 de
2804 2849 2901 2905 ista
2945 2855 3240 2923 quaestione
3283 2872 3444 2928 supra

1867 2921 2002 3023 dicti.
2026 2929 2276 3001 martyris
2296 2934 2456 2989 verba
2477 2947 2620 3003 sunt,
2653 2941 2704 2995 in
2723 2943 2941 3012 epistola
2962 2921 3127 3016 quam
3149 2921 3366 3023 scripsii
3381 2955 3446 3008 ad

1867 3012 2150 3074 Maximum
2182 3031 2235 3075 et
2279 3026 2457 3081 socios
2501 3029 2850 3088 confessionis
2889 3012 3024 3104 ejus.
3056 3037 3168 3093 Etsi
3195 3012 3444 3107 videntur,

1869 3109 2067 3180 inquit,
2109 3115 2163 3168 in
2202 3114 2431 3172 Ecclesia
2470 3138 2576 3176 esse
2612 3125 2845 3192 zizania,
2877 3144 2976 3182 non
3006 3139 3172 3185 tamen
3214 3134 3448 3205 impediri

1867 3202 2008 3257 debet
2036 3215 2123 3259 aut
2147 3207 2275 3276 ﬁdes
2301 3221 2389 3264 aut
2417 3213 2637 3269 charitas
2665 3228 2872 3285 nostra;
2901 3228 2957 3273 ut
2983 3225 3222 3292 quoniam
3245 3202 3444 3282 zizania
3523 3282 3535 3290 ,

1870 3311 1976 3352 esse
2000 3297 2052 3350 in
2079 3297 2305 3354 Ecclesia
2330 3305 2579 3359 cernimus
2597 3349 2612 3373 ,
2640 3307 2738 3375 ipsi
2763 3311 2826 3362 de
2867 3309 3094 3366 Ecclesia
3136 3316 3445 3373 recedamus.

1867 3385 2032 3442 Nobis
2058 3397 2402 3449 tantummodo
2430 3396 2764 3454 laborandum
2789 3412 2883 3468 est,
2916 3414 2971 3457 ut
3001 3406 3314 3475 frumentum
3343 3429 3448 3467 esse

1867 3482 2117 3548 possinms
2140 3501 2159 3540 :
2181 3496 2235 3539 ut
2259 3505 2374 3542 cum
2413 3494 2614 3560 cwperit
2641 3497 2942 3565 frumentum
2969 3501 3234 3556 aominicis
3260 3503 3450 3559 horreis

1866 3575 2044 3638 condi,
2080 3581 2299 3647 fructum
2348 3599 2440 3650 pro
2485 3602 2632 3653 opere
2671 3597 2842 3641 nostro
2869 3599 2916 3642 et
2953 3591 3124 3646 labore
3164 3595 3442 3663 capiamus.

1863 3666 2138 3737 Apostolus
2167 3672 2218 3725 in
2238 3670 2474 3741 Epistola
2501 3693 2592 3729 sua
2622 3678 2762 3742 dicit,
2800 3697 2818 3730 ε
2855 3678 2923 3733 In
2953 3682 3102 3735 domo
3130 3696 3298 3737 autem
3337 3703 3448 3739 ma-

1863 3775 1964 3828 gna
1982 3777 2080 3814 non
2106 3763 2270 3815 solum
2296 3778 2416 3818 vasa
2441 3776 2556 3818 sunt
2571 3783 2725 3822 aurea
2745 3778 3054 3840 etargentea,
3082 3774 3172 3826 sed
3186 3783 3234 3828 et
3255 3775 3443 3845 lignea,

1865 3859 1909 3903 et
1941 3851 2158 3918 ﬁctilia;
2205 3862 2248 3906 et
2277 3855 2511 3922 qutedam
2536 3858 2737 3926 quidem
2762 3860 3010 3915 honorata
3030 3904 3044 3929 ,
3071 3867 3303 3934 quedam
3330 3883 3445 3922 vero

1863 3941 2166 3998 inhonorata
2203 3963 2222 3997 ι
2254 3945 2321 4016 (ll
2354 3946 2482 4001 Tim.
2516 3963 2585 4013 ιι,
2614 3949 2727 4021 20).
2762 3950 2874 4005 Nos
2917 3969 3122 4022 Operam
3151 3956 3324 4012 demus
3344 4001 3359 4026 ,
3392 3969 3438 4014 et

1863 4046 2105 4103 quantum
2131 4054 2393 4106 possumus
2414 4041 2713 4110 laboremus,
2745 4053 2798 4098 ut
2817 4061 2902 4100 vas
2922 4063 3128 4103 aureum
3153 4051 3232 4105 uel
3259 4067 3442 4123 argen-

1867 4138 1998 4183 teum
2030 4133 2204 4185 simus.
2233 4133 2482 4188 therum
2510 4137 2687 4205 ﬁctilia
2721 4154 2841 4192 uasa
2866 4142 3182 4213 confringere
3206 4145 3300 4198 soli
3330 4143 3444 4200 Do-

1864 4223 2002 4275 mino
2026 4239 2314 4279 concessum
2342 4236 2431 4293 est,
2460 4228 2542 4281 cui
2567 4237 2612 4281 et
2640 4229 2784 4300 virga
2822 4232 2986 4300 ferrea
3015 4234 3136 4287 data
3161 4247 3232 4289 est
3266 4235 3437 4308 (Psal.

1865 4329 1920 4380 ιι,
1955 4315 2032 4387 9).
2068 4316 2196 4371 Esse
2230 4335 2331 4374 non
2373 4330 2531 4392 potest
2569 4324 2736 4394 major
2760 4323 2981 4380 Domino
3017 4344 3111 4382 suo
3153 4345 3362 4385 servus:
3384 4349 3448 4388 ne

1863 4409 2128 4480 quisquam
2155 4413 2278 4480 sibi,
2301 4414 2438 4484 quod
2463 4415 2558 4470 soli
2583 4414 2722 4470 Filio
2743 4415 2900 4472 Pater
2926 4419 3118 4486 tribuit,
3141 4423 3438 4480 uindicarit:

1864 4509 1921 4554 ut
1949 4519 2000 4555 se
2029 4511 2180 4573 putet,
2213 4515 2299 4558 aut
2325 4506 2393 4559 ad
2434 4524 2603 4562 aream
2629 4510 2966 4564 uentilandam
2996 4521 3044 4566 et
3089 4516 3405 4585 purgandam
3425 4557 3440 4583 ,

1866 4595 2037 4665 palam
2063 4595 2193 4663 ferre
2211 4597 2322 4667 jam
2351 4614 2512 4667 posse,
2545 4608 2635 4653 aut
2662 4617 2693 4653 a
2715 4603 2964 4670 frumento
2983 4605 3220 4660 universa
3247 4606 3444 4662 zizania

1866 4689 2088 4743 humano
2105 4692 2304 4760 judicio
2333 4709 2585 4761 separare.
2629 4692 2864 4762 Superba
2897 4707 2969 4750 est
2994 4697 3089 4752 ista
3112 4698 3377 4755 obstinatio
3401 4713 3450 4756 et

1865 4782 2112 4852 sacrilega
2140 4786 2485 4854 prtesumptio,
2514 4802 2664 4855 quam
2697 4785 2790 4840 sibi
2820 4791 2964 4858 furor
2990 4807 3175 4857 prauus
3193 4795 3442 4848 assumit:

1866 4881 1914 4926 et
1944 4874 2066 4925 dum
2107 4875 2202 4926 sibi
2241 4891 2436 4943 semper
2473 4877 2678 4945 quidam
2725 4881 2840 4948 plus
2882 4898 3030 4950 quam
3073 4884 3207 4938 mitis
3243 4885 3444 4954 iustitia

1867 4962 2114 5032 deposcit,
2146 4975 2425 5032 assumunt,
2458 4968 2522 5020 de
2545 4969 2769 5024 Ecclesia
2798 4981 3039 5042 pereunt;
3066 4984 3113 5026 et
3135 4974 3254 5027 dum
3281 4991 3334 5028 se
3360 4975 3443 5026 iu—

1867 5055 2083 5108 solenter
2124 5055 2403 5124 extollunt,
2437 5060 2550 5129 ipso
2595 5077 2687 5116 suo
2725 5071 2920 5119 tumore
2964 5065 3168 5134 carenti,
3218 5065 3439 5122 ueritatis

1868 5147 2033 5203 lumen
2062 5150 2316 5204 amittunt.

1938 5242 2162 5299 CAPUT
2192 5244 2282 5299 Ν.
2305 5247 2447 5302 -4.
2487 5247 2690 5319 Nempe
2729 5265 2868 5305 nunc
2913 5248 3100 5304 saltem
3131 5249 3278 5305 vides
3301 5293 3313 5314 ,
3346 5251 3443 5306 ad-

1869 5350 2054 5390 versus
2082 5347 2321 5392 sanctum
2353 5340 2675 5410 Cyprianum
2717 5357 2811 5396 vos
2857 5341 2911 5396 in
2939 5351 3120 5396 nostra
3146 5339 3444 5398 Collationc

1867 5431 2152 5497 clamasse,
2185 5435 2340 5503 eique
2369 5434 2798 5490 contentionibus
2824 5435 3110 5503 restitisse,
3139 5435 3330 5506 quibus
3355 5449 3444 5489 as-

1869 5523 2126 5578 serebatis
2173 5539 2358 5595 agrum
2401 5525 2631 5594 Christi,
2677 5526 2744 5581 de
2789 5541 2895 5597 quo
2939 5527 3048 5593 ait,
3093 5528 3226 5598 Ager
3267 5537 3337 5582 est
3365 5527 3446 5581 hic

1869 5617 2084 5672 mundus
2114 5617 2322 5691 (Matt/1.
2365 5635 2459 5674 xm
2483 5661 2498 5685 ,
2528 5621 2618 5688 38)
2638 5661 2654 5687 ,
2687 5635 2792 5676 non
2835 5635 2956 5678 esse
2991 5620 3284 5678 Ecclesiam
3308 5663 3323 5689 ,
3352 5621 3448 5677 sed

1869 5710 2124 5766 mundum
2157 5722 2349 5783 praeter
2373 5712 2666 5768 Ecclesiam
2687 5756 2700 5777 ,
2737 5723 2794 5769 ut
2819 5730 2879 5769 ea
2919 5730 3038 5786 quae
3079 5726 3442 5782 cernerentur,

1870 5795 2052 5872 posset
2074 5801 2272 5860 habere
2298 5803 2539 5858 zizania?
2563 5803 2695 5860 Nam
2719 5805 2770 5860 in
2799 5805 3034 5864 Ecclesia
3053 5806 3311 5865 dicebatis
3335 5825 3448 5864 ma-

1871 5894 2062 5954 nifesta
2090 5895 2294 5951 sizania
2318 5909 2440 5951 esse
2470 5911 2576 5952 non
2607 5911 2784 5968 posse.
2811 5895 3032 5967 Quoties
3061 5898 3184 5957 hinc
3214 5899 3450 5957 testimo-
