4026 6466
435 403 545 460 765

437 511 585 568 nium
613 509 864 584 Cypriani
891 507 1192 580 posuimus,
1235 512 1289 562 et
1314 519 1414 562 nec
1459 513 1643 575 aperte
1671 503 1749 558 illi
1777 501 2028 556 resistere

449 606 564 661 ausi
591 605 720 663 estis
746 647 762 672 ,
794 619 894 660 nec
936 613 1110 658 tamen
1153 598 1462 658 consentire
1508 596 1783 654 voluistis?
1824 594 2029 663 Nempe

442 712 586 753 nunc
612 697 796 752 saltem
828 694 1234 766 expergisceris,
1266 691 1419 748 audis
1438 733 1454 759 ,
1482 691 1720 746 advertis
1743 730 1759 758 ,
1790 688 1910 760 quia
1939 685 2030 741 etsi

439 791 669 844 videntur
693 788 744 842 in
787 784 1018 842 Ecclesia
1057 803 1162 841 esse
1193 786 1426 850 zizania,
1456 799 1557 838 non
1589 794 1755 836 tamen
1796 778 2031 849 impediri

441 880 583 935 debet
608 889 695 934 aut
720 879 868 947 ﬁdes,
895 887 981 932 aut
1010 878 1231 933 Charitas
1257 888 1468 943 nostra;
1492 886 1546 930 ut
1567 875 1806 946 quoniam
1835 871 2033 926 zizania

441 973 620 1028 essein
654 971 877 1026 Ecclesia
905 972 1176 1036 cernimus,
1209 970 1309 1042 ipsi
1354 969 1417 1025 de
1446 967 1679 1023 Ecclesia
1717 967 2028 1023 recedamus.

439 1064 617 1133 Quare
657 1079 788 1134 ergo
826 1079 922 1119 vos
965 1067 1032 1118 ab
1078 1064 1282 1118 unitate
1326 1063 1484 1134 hujus
1529 1061 1784 1117 Ecclesiae
1830 1059 2033 1115 nefario

445 1157 734 1210 schismate
755 1154 1084 1222 .disceditis,
1129 1166 1184 1210 et
1228 1155 1474 1210 haeretica
1522 1153 1935 1224 praesumptione
1978 1150 2032 1205 in

447 1247 634 1303 eadem
665 1247 980 1302 discissione
1011 1247 1334 1317 persistitis?
1382 1247 1518 1300 Ecce
1548 1246 1640 1300 tibi
1683 1243 1982 1315 Cyprianus
2009 1285 2026 1310 ,

449 1341 693 1397 consenti
724 1340 834 1408 illi,
864 1351 955 1395 aut
981 1340 1246 1411 responde
1274 1340 1367 1395 illi.
1399 1339 1558 1394 Vides
1585 1336 2034 1409 quemadmodum

449 1436 531 1491 his
559 1435 753 1501 verbis,
782 1435 972 1504 quibus
1001 1434 1130 1489 dicit
1159 1450 1282 1489 esse
1307 1434 1358 1488 in
1389 1433 1624 1489 Ecclesia
1673 1433 1928 1503 cernique
1957 1431 2034 1484 zi-

447 1529 617 1593 zania,
651 1543 748 1582 nec
777 1537 952 1582 tamen
980 1529 1046 1582 ab
1071 1527 1156 1582 illa
1202 1536 1480 1598 propterea
1511 1527 1708 1581 debere
1735 1525 2034 1592 discedere,

446 1620 588 1676 delet
619 1637 805 1676 omnes
841 1631 1048 1676 tuorum
1094 1621 1413 1691 scriptorum
1457 1619 1792 1674 calumnias?
1835 1618 2037 1685 Quibus

447 1715 606 1770 etiam
637 1715 690 1769 in
722 1724 866 1770 tanta
895 1716 1115 1785 abrupta
1139 1729 1450 1784 progressus
1473 1729 1552 1777 es,
1584 1722 1638 1768 et
1661 1721 1711 1766 te
1740 1727 1888 1766 more
1939 1726 2038 1764 ve-

446 1815 560 1862 stro
605 1807 946 1877 prascipitasti
970 1808 1022 1874 ι,
1050 1815 1108 1862 ιιι
1135 1805 1370 1872 diceres,
1399 1807 1560 1862 etiam
1605 1805 1908 1859 nescientes
1947 1802 2039 1872 qui

452 1907 816 1968 peccaverunt
839 1898 905 1954 de
936 1898 1183 1954 universo
1210 1899 1430 1965 mundo,
1460 1897 1694 1968 peccatis
1729 1895 1917 1950 alienis
1946 1909 2041 1964 po-

448 1991 616 2046 tuisse
645 1992 819 2061 perire
837 1989 1205 2056 Christianos;
1233 1991 1355 2060 quia
1378 1990 1582 2045 scilicet
1617 1989 1809 2058 legitur
1830 1988 1882 2042 in
1913 2002 2039 2042 san-

449 2083 550 2138 ctis
576 2083 887 2152 Scripturis,
917 2100 1079 2138 unum
1110 2084 1177 2139 de
1210 2083 1550 2139 anathemate
1592 2082 1753 2137 fuisse
1783 2081 2038 2149 furatum,

453 2181 509 2228 et
529 2189 626 2244 pro
652 2173 753 2228 isto
778 2182 997 2244 peccato
1014 2174 1243 2230 alienum
1265 2176 1515 2244 populum
1533 2173 1857 2228 nescientem
1882 2172 2042 2227 fuisse

454 2267 700 2335 punitum
733 2263 930 2336 (Josue
952 2266 1057 2334 vtt)
1085 2263 1375 2336 :ignorans
1415 2265 1535 2320 illas
1576 2263 1881 2319 mortalium
1922 2278 2042 2316 cor-

453 2372 642 2428 porum
673 2371 877 2427 ptenas,
910 2357 1011 2412 hoc
1036 2366 1136 2422 est,
1170 2358 1549 2412 moriturorum
1575 2365 1776 2410 mortes
1797 2395 1811 2420 ,
1842 2354 1907 2408 ad
1935 2356 2042 2409 uti-

452 2448 562 2504 lem
607 2457 863 2504 terrorem
910 2449 1105 2519 populo
1148 2449 1416 2516 valuisse;
1464 2465 1570 2504 non
1617 2458 1795 2504 tamen
1839 2448 2042 2504 eisdem

453 2541 679 2596 mortuis
705 2540 771 2596 ad
808 2541 1022 2612 aliquod
1047 2543 1425 2597 detrimentum
1455 2543 1643 2596 futuras
1685 2542 1835 2606 vitae,
1869 2540 2043 2595 aliena

452 2641 690 2703 peccata,
722 2633 1016 2703 praesertim
1041 2650 1159 2704 quae
1189 2635 1522 2697 nescierunt,
1552 2633 1750 2704 aliquid
1779 2632 2040 2688 obfuisse.

453 2723 604 2780 Itane
630 2734 689 2780 ut
717 2724 817 2780 hoc
841 2726 1067 2792 diceres,
1097 2725 1240 2782 itane
1281 2735 1343 2781 ut
1386 2727 1620 2797 peccatis
1665 2726 1857 2782 alienis
1881 2726 2042 2782 etiam

453 2818 756 2890 incognitis,
788 2820 967 2889 perire
996 2821 1105 2875 Deo
1133 2836 1453 2891 quemquam
1475 2863 1489 2888 ,
1522 2820 1748 2876 credere
1777 2828 1831 2876 et
1859 2819 2046 2876 dicere

456 2911 703 2976 auderes,
731 2927 830 2966 nec
859 2912 1048 2968 saltem
1079 2913 1222 2982 ipsos
1259 2914 1480 2968 timuisti
1509 2915 1740 2984 collegas
1768 2923 1888 2970 tuos
1906 2955 1921 2983 ,
1953 2913 2046 2985 qui

455 3010 509 3058 te
533 3004 587 3058 in
616 3014 795 3060 nostra
824 3004 1117 3061 Collatione
1137 3008 1427 3074 reticente,
1459 3017 1512 3062 et
1539 3008 1763 3064 fortasse
1789 3024 1911 3063 cum
1941 3006 2045 3062 hoc

452 3092 563 3164 jam
605 3095 834 3151 sentires
875 3111 980 3150 non
1011 3097 1274 3163 audente,
1309 3100 1470 3153 tantis
1496 3100 1943 3170 disceptationum
1969 3100 2046 3155 la-

457 3186 666 3242 teribus
688 3198 1090 3259 pugnaverunt,
1121 3190 1292 3260 pisces
1331 3191 1502 3246 malos
1531 3193 1584 3246 in
1613 3192 1893 3248 dominicis
1920 3194 2047 3250 reti-

457 3277 560 3335 bus
605 3295 635 3334 a
679 3281 1034 3351 piscatoribus
1083 3285 1354 3354 Ignorari,
1405 3301 1475 3340 ne
1517 3285 1767 3342 videlicet
1811 3288 2048 3358 perirent

456 3386 642 3427 eorum
682 3373 996 3444 contagione
1022 3416 1036 3441 ,
1067 3376 1112 3430 si
1157 3377 1400 3432 scirent?
1451 3376 1637 3433 Nonne
1666 3378 1758 3433 tibi
1805 3380 1948 3434 venit
1991 3381 2044 3435 in

458 3473 690 3521 mentem
713 3508 728 3533 ,
757 3466 823 3522 de
853 3468 1001 3537 palea
1031 3468 1309 3524 dominicae
1337 3486 1511 3537 areae;
1540 3471 1592 3525 id
1621 3480 1704 3526 est
1723 3513 1736 3536 ,
1767 3472 2042 3543 Ecclesiae,

458 3571 629 3626 usque
656 3557 722 3612 ad
749 3565 958 3629 tempus
983 3560 1340 3616 ventilationis
1370 3563 1421 3616 in
1447 3577 1554 3616 una
1579 3562 1938 3632 permixtione
1967 3573 2049 3620 to-

459 3648 714 3717 leranda,
757 3650 1148 3720 disputantibus
1173 3654 1194 3684 ²
1217 3693 1234 3720 ,
1275 3667 1396 3709 cum
1435 3653 1703 3709 Emeritus
1747 3666 2043 3726 urgeretur,

459 3756 682 3812 negasse
700 3743 846 3797 illum
868 3753 1024 3814 atque
1039 3744 1265 3812 dixisse,
1290 3745 1409 3799 Non
1427 3745 1549 3817 legis
1575 3763 1742 3801 aream
1762 3746 1968 3816 (Collat.
1991 3749 2043 3815 5,

465 3848 583 3902 cap.
614 3833 766 3905 269).
800 3834 900 3901 Qui
929 3851 1048 3889 cum
1076 3845 1129 3890 et
1153 3852 1181 3889 a
1227 3837 1335 3891 suis
1365 3839 1620 3893 secretius
1647 3838 2043 3907 admoneretur,

462 3934 517 3978 et
542 3941 571 3979 a
600 3925 754 3980 nobis
797 3927 1033 3996 apertius
1059 3928 1600 3984 commemorantibus
1625 3945 1688 3984 ex
1717 3929 2008 4000 Evangelio
2026 3969 2043 3997 ,

460 4013 744 4070 Dominum
787 4031 910 4072 esse
954 4026 1234 4072 venturum
1284 4018 1540 4074 ferentem
1586 4019 1938 4074 ventilabrum
1992 4021 2046 4075 in

460 4122 623 4162 manu
652 4121 770 4172 sua,
801 4108 890 4179 qui
923 4108 1197 4164 mundabit
1223 4125 1402 4166 aream
1435 4125 1605 4176 suam,
1641 4119 1695 4165 et
1721 4110 2046 4167 frumentum

458 4201 715 4257 recondet
741 4201 794 4256 in
827 4203 1040 4270 horreo,
1067 4203 1272 4274 paleam
1299 4219 1427 4260 vero
1452 4204 1732 4260 comburet
1762 4205 1870 4276 igni
1899 4206 2047 4260 inex-

459 4291 752 4361 stinguibili
777 4292 988 4364 (Matth.
1021 4311 1103 4361 ιιι,
1152 4295 1238 4366 12)
1258 4337 1272 4360 ,
1303 4297 1557 4351 continuo
1582 4298 1880 4353 correxisse
1909 4298 2046 4352 obli-

463 4384 636 4438 vionis
661 4399 917 4452 errorem,
949 4401 1054 4456 quo
1102 4397 1384 4456 negaverat
1419 4389 1709 4459 scriptum;
1744 4405 1842 4445 nec
1869 4400 2046 4446 tamen

464 4473 769 4530 hmreticam
797 4477 879 4531 vel
920 4476 1316 4532 schismaticam
1357 4480 1686 4535 convertisse
1719 4483 2045 4552 perversita-

463 4578 594 4636 tem,
627 4585 728 4639 qua
775 4569 1002 4640 negabat
1039 4571 1207 4625 malos
1233 4586 1264 4625 a
1301 4570 1455 4626 bonis
1482 4571 1678 4628 debere
1721 4590 1817 4644 pro
1846 4576 2047 4631 unitate

462 4659 721 4715 Ecclesia:
741 4663 990 4718 sustineri
1016 4681 1027 4716 :
1047 4663 1405 4736 continuoque
1424 4664 1642 4732 dixisse,
1668 4667 1808 4737 quod
1831 4669 2047 4724 nomine

466 4752 656 4822 paleae,
685 4754 810 4808 mali
839 4754 1266 4824 significarentur
1290 4757 1520 4824 occulti,
1549 4767 1608 4812 ut
1635 4756 1720 4813 hic
1749 4774 1925 4814 causa:
1950 4775 2044 4816 ve-

461 4851 587 4897 stra:
635 4844 897 4915 praecipua
943 4845 1212 4916 diligentia
1260 4849 1546 4903 servaretis
1575 4890 1588 4913 ,
1636 4850 1778 4920 quod
1821 4851 2045 4921 ignorati

463 4935 588 4990 mali
615 4935 1008 4994 commaculare
1048 4938 1312 4994 bonorum
1341 4942 1609 4997 neminem
1638 4953 1876 5012 possent.
1911 4945 2046 5000 Ecce

461 5027 628 5097 partis
669 5039 855 5084 vestra:
896 5038 1149 5098 patronus
1176 5031 1419 5102 egregius
1458 5033 1720 5102 perdidit,
1755 5043 1808 5089 te
1852 5035 2045 5091 adver-

462 5129 635 5184 sante,
666 5119 874 5175 labores
903 5135 1049 5177 suos.
1073 5121 1169 5178 Ille
1193 5124 1389 5193 quippe
1411 5133 1467 5178 ut
1494 5127 1758 5180 custodiat
1781 5126 2045 5182 bonorum

463 5213 686 5270 salutem
707 5256 723 5283 ,
770 5229 988 5285 prorsus
1019 5217 1091 5271 in'
1117 5216 1358 5272 Ecclesia
1400 5219 1568 5274 malos
1611 5231 1984 5289 permanentes
2014 5237 2043 5276 a

459 5307 616 5364 bonis
655 5308 898 5379 perbibet
942 5311 1206 5380 ignorari,
1253 5326 1321 5366 ne
1364 5311 1586 5382 perdant
1621 5327 1711 5368 eos
1754 5314 1800 5367 si
1848 5312 2045 5370 fuerint

461 5400 659 5472 cogniti
688 5410 742 5456 et
765 5400 973 5455 tolerati
999 5418 1012 5454 :
1040 5411 1096 5455 tu
1124 5411 1298 5456 autem
1338 5403 1496 5458 etiam
1538 5404 1897 5474 ignoratorum
1928 5421 2045 5460 ma-

465 5491 639 5549 lorum
685 5491 933 5563 contagio
961 5492 1131 5548 bonos
1172 5494 1350 5564 perire
1377 5493 1578 5550 dixisti.
1604 5494 1786 5565 Neque
1825 5496 2046 5552 timuisti

524 5623 541 5655 ί
576 5623 711 5685 ΕΔΜ,
737 5630 785 5676 et
799 5629 982 5690 tumore
990 5632 1150 5690 uestro
1170 5624 1516 5690 prtedpitasti:
1539 5625 1776 5690 mendose
1793 5641 1895 5689 pro,
1935 5635 1982 5680 et
2001 5637 2049 5682 te

459 5697 591 5736 more
613 5692 766 5736 vestro
798 5685 1126 5751 prmeipitqsti.
1154 5685 1355 5739 eulchr'e
1377 5686 1545 5740 alludit
1567 5689 1627 5738 ad
1645 5685 1831 5739 morem
1852 5685 2048 5743 Donati-

461 5754 659 5817 starum,
684 5749 806 5810 quos
818 5749 972 5817 supra
1006 5749 1131 5817 libro
1158 5751 1201 5809 l,
1224 5765 1274 5799 ιι.
1298 5751 1377 5816 30,
1402 5752 1672 5817 redarguit,
1698 5751 1829 5816 quod
1848 5766 1965 5805 sese
1986 5755 2048 5806 ad

460 5810 664 5859 exitium
683 5810 986 5871 praecipitare
1008 5810 1242 5862 solerent.

524 5871 545 5901 ³
567 5875 725 5932 Forte,
751 5869 1100 5934 disputantibus
1116 5873 1268 5924 nobis.

1435 387 1712 450 CONTRA
1740 378 2212 448 GAUDENTIUM,
2254 378 2313 436 S.
2354 375 2722 438 AUGUSTINI

3619 370 3724 426 τω

2138 504 2247 552 tam
2275 495 2470 552 multos
2495 496 2564 551 ab
2592 496 2742 550 initio
2765 502 2972 550 vestros
2996 492 3219 550 latentes
3248 491 3561 564 ﬂagitiosos,
3589 489 3724 546 faci-

2137 604 2361 646 norosos
2388 599 2547 660 atque
2577 589 2769 659 impios
2792 629 2806 654 ,
2836 587 2926 658 qui
2959 585 3197 658 profecto
3235 585 3529 641 secundum
3571 594 3719 640 tuam

2137 685 2484 750 sententiam,
2520 693 2569 738 te
2599 693 2754 753 atque
2783 697 2969 738 omnes
3000 690 3147 746 tuos,
3175 680 3328 736 vobis
3356 679 3725 736 nescientibus

2137 777 2502 848 perdiderunt.
2531 776 2634 831 Sed
2657 791 2796 832 nunc
2815 791 3026 847 quoque
3051 775 3196 829 nullo
3219 789 3414 844 pavore
3437 773 3724 840 tremuisti,

2138 885 2206 926 ne
2245 869 2382 925 forte
2427 869 2690 940 quispiam
2718 879 2951 924 vestrum
2980 878 3031 923 te
3070 867 3340 922 nesciente
3369 875 3646 937 peccaret,
3675 875 3732 922 et

2139 971 2192 1019 te
2217 962 2343 1016 dum
2376 962 2476 1016 ista
2505 960 2740 1032 loqueris
2767 959 3034 1032 perderet.
3064 959 3144 1014 An
3177 960 3311 1014 forte
3349 958 3474 1014 dum
3500 958 3732 1031 cognitis

2142 1056 2245 1110 tuis
2292 1054 2444 1110 factis
2489 1056 2691 1125 perisse
2722 1063 2772 1109 te
2817 1053 3070 1124 intelligis
3097 1093 3112 1118 ,
3147 1061 3369 1123 propter
3409 1049 3514 1107 hoc
3537 1049 3732 1106 alienis

2141 1147 2424 1217 incognitis
2453 1146 2625 1216 perire
2652 1162 2757 1200 non
2784 1143 3014 1202 metuis?

2211 1238 2435 1295 CAPUT
2483 1239 2632 1295 V.—
2655 1240 2708 1295 5.
2750 1239 2889 1308 Quid
2920 1240 3013 1292 tibi
3045 1247 3244 1308 Optem,
3274 1238 3375 1293 nisi
3405 1245 3464 1292 ιιι
3493 1245 3546 1291 te
3575 1235 3734 1290 nobis

2142 1333 2300 1389 liceat
2329 1333 2588 1400 invenire,
2617 1350 2685 1389 ne
2716 1334 2881 1388 libeat
2916 1341 2969 1388 te
2995 1334 3209 1404 perire?
3252 1331 3388 1398 Quid
3431 1331 3575 1386 enim
3611 1330 3729 1400 spei

2143 1429 2460 1496 remanebit,
2491 1443 2596 1483 non
2620 1430 2790 1484 solum
2812 1429 2963 1483 nobis
2984 1429 3070 1499 qui
3093 1427 3318 1482 Domino
3341 1423 3579 1488 Christo,
3602 1425 3732 1480 Pro-

2144 1520 2337 1590 phetis,
2379 1523 2668 1592 Apostolis,
2703 1531 2993 1592 sanctoque
3034 1519 3303 1592 Cypriano
3341 1519 3731 1584 consentimus,

2143 1614 2303 1669 etiam
2333 1615 2572 1684 cognitos
2601 1615 2791 1679 malos,
2823 1614 2869 1669 si
2900 1628 2994 1669 eos
3013 1627 3111 1668 nec
3125 1612 3396 1683 corrigere
3421 1625 3731 1681 possumus,

2143 1724 2243 1763 nec
2271 1709 2477 1778 punire,
2513 1724 2609 1779 pro
2637 1709 2856 1762 unitatis
2895 1707 3108 1762 vinculo
3144 1705 3517 1771 sustinendos;
3549 1718 3737 1760 verum

2143 1800 2302 1854 etiam
2331 1799 2501 1865 vobis,
2531 1801 2725 1871 quibus
2763 1808 2887 1855 ante
2918 1809 3125 1870 tempus
3168 1798 3380 1863 messis,
3427 1796 3738 1852 ventilatio~

2145 1891 2247 1956 nis,
2276 1901 2329 1946 et
2355 1892 2569 1957 littoris,
2601 1893 2773 1963 placet
2793 1909 2820 1946 a
2855 1893 3008 1947 malis
3037 1892 3304 1962 separatio
3329 1890 3629 1962 corporalis
3650 1907 3664 1943 :
3684 1889 3732 1944 si

2145 1983 2325 2054 opinio
2346 1992 2435 2038 tua
2458 2000 2586 2040 vera
2615 1994 2717 2052 est,
2746 2001 2846 2055 qua
2871 1994 3024 2054 putas
3049 1993 3097 2038 et
3117 1986 3223 2038 suis
3245 1983 3463 2056 peccatis
3485 1999 3738 2054 quemque

2147 2077 2310 2147 perire
2332 2076 2418 2146 qui
2443 2076 2582 2146 facit,
2625 2086 2672 2130 et
2709 2077 2887 2130 alienis
2916 2077 3002 2141 qui
3026 2086 3192 2130 utrum
3223 2075 3360 2146 facta
3400 2076 3502 2130 sint
3541 2074 3743 2128 nescit!

2146 2168 2202 2223 Si
2230 2169 2372 2223 enim
2400 2169 2502 2224 hoc
2523 2170 2592 2223 ita
2619 2177 2718 2233 est,
2752 2169 2990 2239 profecto
3009 2176 3064 2224 et
3081 2169 3310 2238 majores
3328 2167 3518 2233 vestri,
3545 2167 3740 2239 quise,

2147 2261 2283 2316 sicut
2310 2261 2526 2330 putatis,
2552 2277 2582 2316 a
2611 2262 2838 2332 cognitis
2867 2262 3021 2316 malis
3047 2270 3450 2331 separaverunt,
3479 2259 3547 2315 de
3587 2261 3741 2316 inco-

2148 2354 2308 2425 gnitis
2338 2354 2629 2424 perierunt.
2660 2355 2777 2409 Non
2809 2355 2980 2410 solum
3011 2365 3189 2410 autem
3234 2355 3351 2421 tibi,
3380 2356 3472 2427 qui
3500 2371 3623 2410 cum
3653 2356 3742 2411 di-

2147 2445 2224 2500 cis
2252 2445 2441 2500 alienis
2460 2445 2770 2500 criminibus
2797 2447 2973 2516 perire
3003 2445 3297 2513 hominem,
3321 2446 3432 2501 sive
3455 2447 3543 2501 illa
3567 2447 3743 2502 scien-

2149 2544 2280 2603 tem,
2305 2539 2416 2593 sive
2445 2539 2794 2606 nescientem,
2825 2539 3027 2593 nullum
3064 2539 3252 2610 procul
3273 2538 3434 2593 dubio
3456 2554 3743 2596 remanere

2151 2631 2347 2699 pateris
2377 2630 2751 2694 innocentem;
2773 2630 2865 2685 sed
2886 2630 3046 2686 etiam
3077 2631 3175 2701 ipsi
3195 2630 3456 2696 Emerito,
3476 2632 3564 2701 qui
3583 2631 3744 2702 longe

2151 2720 2480 2777 tolerabilius
2506 2722 2763 2787 sentiens,
2789 2727 2839 2776 in
2867 2723 3246 2778 communione
3265 2722 3742 2778 Sacramentorum

2149 2816 2340 2871 alienis
2365 2814 2600 2886 peccatis
2627 2815 2990 2870 tantummodo
3029 2815 3254 2887 cognitis
3284 2815 3531 2872 homines
3581 2815 3740 2872 inne-

2149 2907 2264 2972 ctit,
2293 2907 2360 2962 ab
2398 2907 2678 2977 incognitis
2725 2907 2902 2975 solvit,
2955 2908 3123 2962 multo
3165 2907 3374 2964 veriore
3418 2908 3745 2964 venerabilis

2149 3001 2445 3072 Cyprianus
2472 3015 2603 3056 voce
2632 3000 2930 3070 respondit,
2957 3001 3114 3055 simul
3155 3002 3449 3057 crescentia
3483 3017 3588 3058 non
3619 3018 3747 3073 per-

2149 3092 2230 3148 ire
2257 3092 2542 3160 frumenta,
2587 3093 2804 3148 zizaniis
2866 3108 2973 3148 non
3016 3101 3167 3148 extra
3211 3093 3526 3161 Ecclesiam,
3561 3095 3656 3150 sed
3688 3096 3743 3151 in

2151 3184 2392 3240 Ecclesia
2418 3185 2739 3249 constitutis,
2767 3199 2864 3238 nec
2884 3184 3107 3239 occultis
3127 3195 3285 3255 atque
3307 3185 3610 3256 incognitis,
3643 3184 3744 3242 sed

2150 3278 2308 3350 plane
2335 3277 2476 3332 notis
2495 3292 2559 3332 ac
2589 3276 2902 3347 perspicuis.
2927 3275 3062 3331 Puto
3081 3277 3222 3331 enim
3243 3276 3385 3348 quod
3414 3292 3519 3331 non
3547 3276 3599 3332 in
3620 3291 3748 3332 car-

2152 3385 2240 3435 ne,
2271 3369 2365 3424 sed
2395 3369 2447 3423 in
2493 3369 2607 3438 ipsa
2633 3377 2813 3425 mente
2839 3379 3090 3434 czecatur,
3122 3369 3211 3438 qui
3256 3368 3532 3424 contendit
3573 3370 3748 3426 latere

2151 3462 2291 3533 quod
2320 3462 2576 3518 cernitur.
2605 3463 2735 3517 Cum
2757 3475 2935 3517 autem
2969 3470 3148 3516 monet
3169 3463 3511 3517 beatissimus
3540 3462 3652 3529 ille,
3678 3479 3750 3520 ne

2153 3563 2368 3624 propter
2391 3555 2591 3608 zizania
2612 3570 2730 3625 quae
2756 3555 2808 3608 in
2831 3570 2892 3609 ea
2915 3562 3056 3620 sunt,
3082 3553 3150 3608 ab
3174 3553 3412 3609 Ecclesia
3435 3555 3744 3622 recedatur;

2153 3662 2258 3700 non
2289 3656 2471 3702 monet
2499 3654 2716 3716 propter
2750 3647 2836 3701 illa
2868 3663 2986 3718 quae
3015 3647 3367 3713 occultantur,
3397 3647 3491 3703 sed
3522 3659 3750 3719 pr0pter

2152 3738 2238 3793 illa
2266 3739 2440 3808 potius
2469 3755 2586 3810 quae
2611 3748 2922 3794 cernuntur.
2955 3739 3069 3809 Ipsa
3107 3740 3249 3794 enim
3284 3748 3428 3804 sunt,
3473 3756 3593 3810 qute
3618 3755 3747 3810 pos-

2154 3841 2276 3884 sunt
2303 3830 2617 3900 perturbare
2662 3839 2962 3897 cernentes,
3015 3831 3117 3889 nisi
3159 3846 3254 3886 eos
3292 3831 3451 3885 faciat
3478 3831 3746 3902 sapientia

2155 3922 2436 3992 patientes.
2465 3921 2595 3976 Nam
2621 3922 2889 3993 quomodo
2914 3932 3132 3992 propter
3155 3923 3362 3977 occulta
3391 3938 3490 3977 nos
3518 3939 3623 3977 non
3649 3924 3749 3979 de-

2153 4014 2282 4071 bere
2312 4015 2568 4071 recederc
2595 4015 2944 4083 disceremus,
2989 4031 3106 4086 quae
3149 4015 3368 4070 omnino
3396 4030 3519 4070 esse
3563 4016 3746 4070 nesci-

2153 4108 2306 4163 mus?
2327 4107 2433 4161 Etsi
2457 4108 2704 4172 videntur,
2729 4108 2916 4177 inquit,
2941 4108 2994 4161 in
3020 4105 3250 4161 Ecclesia
3269 4124 3374 4161 esse
3399 4108 3617 4161 zizania.
3659 4105 3750 4161 Vi-

2153 4207 2352 4269 dentur,
2387 4203 2479 4266 ait,
2510 4218 2614 4256 non
2645 4202 3003 4272 suspicatione
3041 4200 3348 4256 creduntur.
3395 4201 3465 4255 Et
3501 4217 3570 4257 ne
3597 4200 3749 4271 quis-

2151 4313 2308 4368 quam
2340 4305 2549 4368 putaret
2575 4297 2645 4350 ita
2674 4297 2894 4361 dictum,
2924 4295 3155 4349 videntur
3183 4311 3309 4361 esse,
3352 4304 3603 4364 tanquam
3635 4309 3744 4348 non

2154 4400 2352 4455 essent,
2385 4390 2476 4446 sed
2515 4405 2634 4446 esse
2679 4390 3014 4453 viderentur;
3047 4389 3223 4444 verbis
3264 4388 3744 4456 consequentibus,

2152 4485 2280 4556 quid
2309 4485 2521 4551 dixerit,
2567 4485 2768 4554 aperit:
2799 4483 2920 4538 Non
2951 4494 3115 4538 tamen
3144 4483 3402 4549 impediri,
3428 4485 3622 4555 inquit,
3652 4484 3746 4537 de-

2152 4577 2250 4642 bet,
2281 4587 2368 4630 aut
2394 4577 2542 4646 ﬁdes,
2582 4588 2668 4630 aut
2707 4578 2928 4634 Charitas
2967 4587 3171 4640 nostra;
3199 4586 3253 4630 ut
3271 4578 3511 4646 quoniam
3545 4577 3748 4631 zizania

2153 4685 2259 4722 esse
2285 4669 2338 4722 in
2378 4667 2607 4723 Ecclesia
2635 4669 2904 4736 cernimus,
2945 4670 3040 4740 ipsi
3067 4669 3130 4723 de
3160 4668 3388 4723 Ecclesia
3422 4670 3743 4723 recedamus.

2152 4759 2266 4814 Non
2292 4762 2385 4824 ait,
2419 4760 2781 4830 Suspicamur,
2815 4769 3081 4829 putamus,
3105 4759 3392 4822 credimus,
3425 4762 3744 4830 opinamur;

2152 4852 2266 4917 sed,
2297 4853 2566 4907 cernimus.
2597 4853 2673 4907 Ea
2702 4855 2896 4923 quippe
2925 4854 3084 4908 etiam
3117 4852 3190 4907 illi
3239 4869 3344 4907 non
3391 4863 3578 4924 operta
3620 4868 3748 4909 cre-

2152 4947 2372 5012 debant,
2404 4947 2496 5002 sed
2522 4959 2704 5017 aperta
2736 4948 3048 5014 cernebant,
3073 4947 3161 5017 qui
3185 4948 3431 5002 dixerunt
3453 4947 3751 5017 patrifami—

2152 5038 2267 5104 lias,
2307 5039 2409 5106 Vis,
2433 5040 2584 5105 imus,
2614 5049 2659 5093 et
2679 5040 2959 5110 colligimus
2975 5056 3033 5093 ea
3049 5041 3075 5092 1’
3090 5039 3158 5094 de
3175 5040 3368 5110 quibus
3385 5041 3586 5094 dictum
3605 5048 3746 5106 erat,

2154 5130 2278 5186 Cum
2317 5133 2544 5186 crevisset
2573 5132 2744 5195 herba,
2775 5142 2820 5185 et
2838 5132 3059 5200 fructum
3084 5133 3299 5204 fecisset,
3342 5142 3463 5186 tunc
3492 5148 3750 5202 apparue-

2152 5234 2268 5278 runt
2290 5234 2336 5277 et
2356 5225 2570 5278 zizania.
2603 5224 2806 5292 Quibus
2832 5224 3126 5293 respondit,
3169 5223 3323 5288 Non;
3351 5241 3414 5278 ne
3437 5225 3588 5294 forte,
3619 5224 3748 5277 dum

2151 5318 2299 5371 vultis
2335 5318 2569 5389 colligere
2593 5317 2810 5383 zizania,
2845 5317 2999 5371 simul
3022 5317 3282 5372 eradicetis
3308 5327 3353 5370 et
3381 5318 3635 5382 triticum;
3665 5324 3745 5383 et,

2155 5411 2319 5468 Sinite
2362 5421 2571 5478 utraque
2622 5427 2840 5466 crescere
2883 5429 3042 5482 usque
3088 5413 3156 5465 ad
3205 5429 3412 5467 messem
3468 5411 3579 5480 (Id.
3622 5427 3744 5479 xm,

2151 5503 2362 5576 26-50).
2417 5503 2485 5559 Et
2522 5513 2697 5559 tamen
2737 5512 2792 5558 tu
2855 5503 2991 5559 dicis
3033 5503 3172 5576 (ubi
3217 5503 3344 5575 quid
3394 5503 3539 5559 aliud
3581 5519 3747 5574 quam

2154 5598 2377 5654 Domino
2402 5598 2780 5670 contradicis?)
2809 5598 2918 5654 sola
2961 5615 3051 5670 per
3086 5598 3332 5652 mundum
3361 5599 3577 5653 crevisse
3600 5598 3746 5651 ziza-

2153 5691 2258 5756 nia,
2287 5700 2332 5745 et
2352 5699 2454 5745 tota
2479 5707 2604 5763 pene
2631 5691 2817 5744 mundo
2839 5691 3086 5745 diminuta
3105 5692 3294 5762 perisse
3313 5692 3746 5762 {rumentamum

2151 5783 2218 5838 ad
2243 5784 2446 5855 aliquas
2475 5792 2662 5855 gentes
2688 5782 2922 5839 nondum
2952 5784 3190 5840 Ecclesia
3224 5785 3516 5841 crescendo
3551 5799 3746 5856 perve-

2152 5875 2312 5935 nerit.
2335 5876 2572 5964 Necesse
2594 5885 2678 5936 est
2702 5885 2882 5936 autem
2909 5883 2968 5936 ut
2999 5877 3294 5952 perveniat,
3327 5887 3384 5936 et
3421 5877 3747 5950 praedicetur
