4026 6528
253 477 357 536 ’145

254 596 601 671 Evangelium
626 596 682 652 in
709 595 957 652 universo
985 593 1204 664 mundo,
1245 600 1303 653 et
1331 600 1461 651 tunc
1488 593 1668 651 veniat
1690 591 1831 648 ﬁnis.

252 690 404 760 Quod
432 688 669 745 futurum
697 702 836 756 esse,
887 686 1144 744 Dominus
1189 686 1307 745 sine
1343 687 1450 744 ulla
1492 684 1839 758 ambiguitate

252 782 519 856 praedixit.

320 873 553 933 CAPUT
588 872 681 931 Vl.
707 902 781 915 —
806 873 860 930 6.
901 872 1065 930 Vides
1083 872 1382 929 Ecclesiam
1408 867 1714 929 testimonio
1739 870 1842 942 Cy-

251 966 447 1040 priani,
487 973 543 1023 et
569 980 603 1020 a
624 974 737 1023 toto
760 964 1080 1023 catholicam
1106 966 1325 1034 dictam,
1350 972 1409 1021 et
1443 980 1549 1020 non
1577 979 1697 1020 esse
1725 963 1842 1019 sine

252 1059 551 1117 manifestis
592 1060 770 1129 malis,
821 1069 1037 1131 propter
1071 1074 1206 1131 quos
1237 1068 1413 1115 tamen
1442 1057 1695 1114 admonet
1734 1072 1840 1113 non

240 1151 678 1225 relinquendam.
707 1152 764 1208 ln
791 1167 853 1209 ea
877 1161 1004 1209 sunt
1027 1152 1173 1218 boni,
1202 1166 1298 1222 per
1317 1166 1376 1207 se
1398 1151 1542 1221 ipsos
1571 1149 1757 1206 multi:
1785 1148 1841 1204 in

251 1246 652 1317 comparatione
679 1254 857 1301 autem
907 1246 1232 1301 zizaniorum
1273 1244 1359 1300 vel
1386 1243 1572 1315 paleae,
1604 1241 1842 1313 profecto

251 1342 427 1411 pauci.
453 1341 569 1397 Non
596 1339 740 1397 enim
766 1349 962 1412 praeter
982 1340 1147 1406 illam,
1176 1339 1271 1396 sed
1300 1338 1351 1394 in
1390 1354 1452 1395 ea
1480 1338 1673 1409 agitur,
1702 1336 1845 1408 quod

251 1432 370 1504 ipse
400 1433 656 1488 Dominus
695 1432 845 1499 dicit,
882 1431 1136 1498 Quoniam
1176 1431 1449 1485 abundavit
1477 1430 1735 1497 iniquitas,
1763 1446 1845 1484 re-

254 1526 490 1597 frigescet
512 1526 732 1580 charitas
754 1525 1026 1580 multorum
1041 1523 1251 1597 (Matth.
1267 1523 1643 1593 xxiv,12).Sed
1666 1523 1737 1579 ibi
1762 1532 1846 1579 est

251 1627 308 1675 et
332 1619 563 1690 populus
590 1619 787 1690 ubique
808 1617 1052 1683 dill‘usus,
1082 1618 1167 1673 cui
1194 1617 1409 1686 dicitur,
1446 1616 1547 1685 Qui
1568 1633 1846 1688 persevera-

240 1702 379 1766 um
404 1727 559 1783 usque
578 1711 631 1765 in
656 1711 829 1780 finem,
859 1710 939 1764 hic
957 1710 1129 1765 salvus
1156 1710 1251 1765 erit
1279 1707 1387 1779 (Id.
1418 1725 1473 1773 x,
1496 1708 1613 1781 22).
1637 1709 1739 1776 Qui
1761 1724 1847 1762 au-

253 1810 362 1858 tem
409 1802 643 1859 habeant
696 1802 853 1858 ﬁdem
900 1811 1150 1873 tanquam
1197 1817 1419 1874 granum
1470 1802 1687 1872 sinapis,
1741 1816 1847 1871 qua

253 1902 468 1949 montes
495 1895 655 1949 etiam
684 1893 1075 1951 transferantur
1115 1892 1229 1966 (Id.
1262 1909 1390 1958 xvn,
1422 1892 1534 1963 l9),
1587 1891 1848 1948 rarissimi

254 1985 475 2041 omnino
499 1995 643 2041 sunt.
668 1986 744 2041 De
772 1986 861 2041 tali
884 1986 1024 2040 enim
1050 1985 1156 2041 lide
1191 1986 1446 2040 Dominus
1472 1983 1705 2049 dicebat,
1732 1983 1846 2039 Pu-

254 2086 353 2144 tas,
378 2078 537 2132 veniet
558 2076 725 2132 Filius
742 2077 979 2154 hgminis,
1000 2085 1045 2131 et
1065 2077 1277 2132 inveniet
1298 2078 1449 2147 fidem
1471 2077 1524 2131 in
1545 2086 1677 2131 terra
1694 2075 1843 2147 (Luc.

254 2185 411 2235 xvm,
437 2170 530 2243 8)?
575 2187 682 2225 non
710 2170 773 2225 de
800 2171 1057 2242 apostasia
1084 2172 1236 2227 totius
1263 2172 1416 2239 orbis,
1449 2170 1588 2227 sicut
1625 2180 1681 2227 tu
1720 2185 1846 2242 per-
1888 2248 1898 2256 ο

253 2263 561 2319 versissime
579 2263 850 2335 intelligis.

218 2388 221 2391 -
328 2355 555 2413 CAPUT
586 2356 697 2412 Vll.
722 2387 794 2399 —
822 2357 875 2411 7.
916 2356 1086 2412 Porro
1110 2353 1181 2411 de
1205 2354 1501 2426 Baptismo,
1552 2370 1711 2425 quem
1740 2369 1847 2410 non

254 2459 415 2521 putas
439 2464 558 2504 esse
584 2450 687 2504 nisi
729 2450 781 2504 in
814 2449 1076 2512 Ecclesia,
1106 2458 1159 2504 et
1204 2447 1325 2503 ideo
1354 2464 1452 2503 nos
1474 2449 1674 2519 arguis,
1704 2446 1844 2517 quod

255 2559 323 2599 ex
355 2542 651 2598 hzeresibus
675 2543 967 2609 venientes,
999 2542 1044 2597 si
1067 2542 1178 2612 jam
1206 2540 1458 2611 baptizati
1482 2547 1626 2603 sunt,
1656 2540 1849 2594 iterum

254 2652 365 2694 non
396 2651 517 2693 esse
534 2636 881 2707 baptizandos
902 2650 1217 2700 censemus;
1241 2633 1456 2700 sufficit,
1476 2632 1618 2705 quod
1639 2646 1852 2703 respon-

256 2728 392 2785 dere
437 2728 657 2783 minime
695 2728 934 2799 potuisti,
966 2725 1237 2798 quomodo
1267 2725 1549 2780 damnatus
1577 2725 1853 2795 baptizare

257 2822 496 2892 potuerit
510 2820 830 2887 Fclicianus,
856 2820 987 2875 foris
1002 2836 1031 2874 a
1047 2829 1223 2876 vestra
1245 2818 1483 2875 Ecclesia
1510 2819 1849 2873 constitutus:

256 2935 420 2990 quem
451 2917 646 2973 frustra
678 2934 877 2989 ponere
900 2918 1111 2972 voluisti
1136 2918 1275 2972 inter
1302 2931 1395 2971 eos
1420 2914 1615 2985 quibus
1638 2913 1854 2967 dilatio—

255 3027 384 3067 nem
405 3010 647 3067 dedistis.
669 3011 812 3082 Lege
834 3010 1174 3082 Bagaitanam
1201 3008 1365 3065 vestri
1392 3007 1603 3063 concilii
1632 3015 1855 3062 senten-
1896 2996 1901 3002 ’

257 3107 411 3173 tiam,
462 3107 515 3161 in
560 3121 664 3177 qua
694 3105 899 3163 scilicet
942 3112 1065 3175 post
1092 3104 1259 3160 multa
1286 3101 1626 3158 acerbissima
1656 3116 1775 3171 quae
1800 3100 1854 3154 in

256 3202 382 3260 illos
408 3201 550 3257 dicta
580 3208 723 3265 sunt,
754 3208 809 3256 et
836 3200 993 3271 longe
1033 3198 1281 3270 graviora
1324 3212 1485 3269 quam
1514 3196 1567 3250 in
1609 3192 1855 3250 Ccecilia-
1898 3260 1901 3263 _

1895 3272 1905 3365 ξ
1974 3288 2097 3345 qua:
2119 3275 2390 3332 dementia
2422 3279 2707 3350 persuasit.

256 3310 412 3360 num,
444 3293 656 3366 quando
682 3309 805 3348 eum
837 3293 1072 3363 majores
1097 3292 1262 3349 vestri
1288 3291 1565 3347 absentem
1595 3288 1858 3345 innocen-

256 3398 477 3461 temque
505 3388 856 3454 damnarunt;
886 3387 960 3442 ita
980 3386 1223 3456 subjecta
1249 3393 1334 3441 est
1363 3400 1548 3440 eorum
1572 3382 1860 3440 manifesta

258 3490 321 3538 et
366 3482 659 3537 indubitata
702 3480 1018 3537 damnatio:
1050 3477 1265 3532 Famosi
1312 3492 1432 3547 ergo
1476 3476 1701 3531 criminis
1746 3490 1861 3543 reos
1896 3538 1921 3551 η,

1892 3558 1907 3570 '
1970 3557 2254 3614 suetudine
2273 3566 2328 3614 et
2350 3568 2534 3629 postea
2555 3569 2834 3631 perspecta
2855 3560 3162 3633 diligentius
3186 3564 3396 3621 ratione
3412 3580 3566 3621 mon-

270 3574 619 3629 Victorianum
644 3573 1113 3640 Carcabianensem,
1151 3569 1469 3624 Martianum
1495 3568 1857 3635 Sullectinum,

254 3665 511 3722 Beianum
537 3666 891 3735 Baianensem,
922 3665 1155 3721 Saluium
1194 3662 1596 3734 Ausapltensem,
1625 3659 1862 3715 Theodo-

252 3777 379 3815 rum
433 3759 772 3825 Usulensem,
821 3758 1083 3813 Donatum
1131 3757 1521 3825 Sabratensem,
1572 3755 1863 3826 Miggenem

252 3850 794 3921 Elephantariensem,
820 3850 1189 3906 Praetextatum
1214 3848 1593 3914 Assuritanum,
1627 3847 1863 3903 Salvium

258 3941 719 3998 Membresitanum
745 3984 760 4009 ,
820 3941 1076 3997 Valerium
1119 3941 1494 4008 Melzitanum,
1541 3938 1863 3994 Felicianum

255 4032 629 4102 Hustitanum,
677 4043 723 4089 et
772 4034 1064 4089 Martialem
1116 4032 1490 4099 Pertusensem,
1536 4033 1625 4105 qui
1667 4034 1863 4103 funesto

256 4146 423 4202 opere
462 4129 760 4199 perditionis
788 4144 875 4182 vas
901 4128 1163 4183 sordidum
1192 4125 1405 4182 collecta
1434 4126 1721 4196 [iaculentia
1746 4127 1862 4197 glu-

255 4222 591 4285 tinaverunt;
616 4220 705 4274 sed
725 4229 770 4273 et
791 4220 997 4273 clericos
1026 4217 1301 4289 aliquando
1322 4216 1566 4272 Ecclesia:
1589 4217 1863 4288 Carthagi-

252 4312 373 4375 nis,
396 4312 482 4380 qui
520 4310 644 4362 dum
676 4311 891 4381 facinori
914 4312 1181 4377 intersunt,
1221 4309 1400 4363 illicito
1424 4310 1637 4364 incestui
1672 4310 1864 4364 lenoci—

248 4404 415 4458 nium
442 4401 791 4470 prcebuerunt;
822 4402 916 4457 Dei
961 4402 1275 4474 praesidentis
1305 4401 1537 4469 arbitrio,
1566 4403 1863 4457 universalis

244 4492 473 4552 concilii
497 4510 583 4547 ore
605 4494 821 4549 veridico
847 4496 1113 4551 damnatos
1132 4512 1239 4551 esse
1258 4496 1558 4568 cognoscite.
1578 4496 1645 4551 Et
1670 4494 1867 4552 deinde

248 4586 461 4656 incipit
479 4587 689 4641 caeteris
712 4587 897 4643 dilatio
920 4588 1193 4659 prorogari
1218 4587 1303 4642 his
1323 4588 1537 4644 verbis:
1569 4587 1675 4643 Eos
1693 4597 1866 4643 autem

246 4696 398 4754 quos
425 4680 662 4750 sacrilegi
691 4683 880 4737 surculi
919 4698 1022 4737 non
1062 4685 1287 4753 polluere
1327 4683 1604 4754 plantaria,
1650 4684 1745 4738 hoc
1770 4694 1861 4754 est,

246 4772 360 4844 qui
388 4787 421 4825 a
446 4770 751 4826 Maximiani
781 4776 946 4843 capite
969 4775 1203 4845 praprias
1232 4791 1411 4830 manus
1439 4776 1721 4829 verecundo
1744 4776 1870 4845 ﬁdei

249 4866 470 4939 pudore
491 4875 827 4933 retraxerunt,
853 4867 921 4919 ad
949 4876 1161 4921 matrem
1183 4866 1463 4921 Ecclesium
1482 4866 1647 4921 redire
1675 4871 1867 4939 permi-

244 4961 452 5015 simus.
479 4957 596 5013 Jam
625 4958 694 5013 de
721 4958 804 5013 his
834 4958 978 5029 quod
1024 4958 1307 5013 dicendum
1352 4959 1468 5026 fuit,
1498 4970 1552 5015 et
1580 4960 1635 5015 in
1666 4961 1867 5031 priori-

245 5052 372 5106 bus
398 5050 467 5103 ad
496 5058 550 5105 te
575 5049 712 5105 datis
739 5049 931 5105 litteris
954 5049 1090 5105 meis
1114 5050 1242 5105 satis
1268 5049 1467 5104 dictum
1498 5060 1600 5108 est.
1621 5050 1719 5108 Cui
1746 5053 1868 5109 loco

246 5154 311 5199 te
348 5157 574 5214 prorsus
601 5144 928 5216 reSpondere
955 5160 1061 5200 non
1082 5144 1319 5215 potuisse
1341 5146 1583 5218 quisquis
1607 5146 1869 5220 legeritet

247 5253 567 5310 parumper
596 5238 907 5304 adverterit,
936 5238 1179 5295 dubitare
1208 5254 1316 5295 non
1337 5240 1553 5313 poterit.

336 5329 573 5388 CAPUT
621 5330 753 5388 Vlll.
795 5362 868 5373 —
915 5331 969 5388 8.
1010 5330 1231 5387 Frustra
1272 5333 1454 5404 itaque
1492 5333 1588 5390 tibi
1634 5333 1864 5404 videtur,

248 5426 544 5498 Agrippini
574 5434 622 5481 et
647 5426 889 5499 Cypriani
912 5425 1130 5482 concilia
1152 5427 1205 5482 in
1226 5426 1323 5482 Itac
1360 5428 1638 5500 quastione
1661 5445 1769 5485 esse
1790 5446 1869 5486 se-

247 5518 464 5577 ctanda
500 5535 519 5575 :
556 5535 678 5577 cum
727 5537 823 5578 vos
851 5536 915 5578 ea
944 5521 1308 5594 neglexeritis,
1338 5527 1551 5595 quando
1577 5537 1723 5583 extra
1770 5541 1866 5583 ve-

246 5626 442 5676 stram
485 5617 913 5672 communionem
960 5617 1261 5686 baptizatos
1290 5637 1320 5677 a
1346 5622 1633 5690 damnatis,
1677 5630 1867 5677 contra

239 5721 413 5782 quos
441 5704 510 5764 de
535 5708 767 5765 basilicis
796 5710 1156 5767 excludendos
1182 5711 1490 5785 litigabatis,
1520 5714 1640 5771 sine
1656 5714 1764 5771 ulla
1780 5730 1867 5770 re-

247 5798 537 5874 petitione
562 5801 903 5873 Baptismatis
945 5804 1277 5876 suscepistis.
1325 5805 1401 5861 De
1439 5806 1701 5862 sententia
1741 5820 1868 5862 vero

254 5902 557 5975 Cypriani,
590 5904 674 5959 vel
707 5905 1027 5975 collegarum
1075 5904 1212 5975 ejus,
1258 5904 1449 5976 quibus
1493 5912 1617 5960 tunc
1644 5902 1861 5973 placuit,

248 5992 556 6056 venientes
583 5998 647 6049 ab
677 5998 687 6047 ι
712 5997 939 6053 mrcticis
966 5997 1236 6064 baptizare
1256 6006 1524 6071 oportere,
1549 5997 1767 6070 longum
1781 6004 1885 6069 est

562 6095 789 6158 Sum.
829 6097 1100 6157 Aususr.
1128 6094 1245 6174 ιχ.

1537 468 1741 530 LIBER
1776 462 2159 527 SECUNDUS.

1664 6146 1675 6153 ἢ
1738 6150 1909 6179 «τηεν-’Ἴ

3423 474 3533 535 ’1ιῦ

1948 595 2008 639 ut
2032 599 2130 656 pro
2156 587 2348 646 merito
2372 588 2657 662 disputem.
2685 589 2792 648 Sed
2819 590 2975 648 istam
2998 597 3057 647 tu
3074 590 3228 661 mihi,
3259 592 3305 649 si
3351 602 3528 665 potes,

1947 674 2168 733 brevem
2206 680 2356 737 solve
2381 685 2749 753 quaestionem.
2773 683 2997 753 Quando
3025 685 3390 757 rebaptizabat
3416 684 3529 760 Cy-

1946 768 2167 839 prianus
2207 770 2277 827 ab
2322 771 2585 831 haereticis
2620 776 2922 847 venientes,
2972 778 3230 835 Ecclesiae
3259 778 3537 851 Carthagi-

1947 864 2130 919 nensis
2166 865 2467 937 episcopus,
2499 878 2625 926 tunc
2653 870 2907 927 Ecclesia:
2950 873 3206 941 Romana:
3232 874 3541 946 Stephanus

1948 956 2231 1028 episcopus
2258 959 2313 1014 in
2336 960 2525 1017 eodem
2553 963 2827 1033 Baptismo
2854 981 3013 1037 quem
3040 967 3168 1024 foris
3192 979 3536 1040 acceperant,

1950 1050 2277 1121 suscipiebat
2292 1052 2605 1123 haereticos;
2628 1065 2684 1113 et
2705 1058 2863 1114 ambo
2888 1058 3004 1115 haec
3028 1059 3238 1117 diversa
3256 1059 3535 1129 facientes,

1951 1144 2005 1200 in
2054 1145 2252 1204 unitate
2296 1149 2557 1207 catholica
2606 1153 3007 1223 permanebant.
3039 1154 3133 1211 Dic
3170 1156 3326 1224 mihi,
3359 1166 3539 1213 utrum

1950 1237 2042 1294 illo
2060 1246 2300 1311 tempore
2324 1241 2587 1311 Ecclesia,
2607 1246 2821 1317 quando
2840 1247 3132 1304 secundum
3159 1262 3276 1317 vos,
3295 1249 3536 1306 omnium

1951 1331 2237 1389 criminum
2269 1350 2394 1391 reos
2417 1337 2534 1392 sine
2574 1337 2846 1409 Baptismo
2873 1340 3165 1411 recipiebat
3190 1356 3285 1413 per
3306 1340 3540 1414 Stepha-
3576 1393 3595 1409 ,

1951 1438 2078 1478 num
2125 1432 2182 1481 et
2209 1425 2325 1497 ejus
2353 1427 2771 1486 innumerabiles
2816 1438 2929 1487 toto
2971 1434 3101 1490 orbe
3143 1434 3398 1507 collegas,
3447 1435 3544 1506 qui

1954 1514 2197 1585 ejusdem
2229 1520 2508 1577 sententia:
2538 1523 2824 1595 participes
2865 1533 3038 1591 erant,
3071 1527 3333 1584 malorum
3355 1535 3547 1584 conta-

1950 1608 2111 1681 gione
2155 1612 2404 1681 perierat,
2452 1628 2522 1670 an
2565 1630 2672 1671 non
2724 1617 2989 1688 perierat?
3026 1618 3211 1690 Neque
3237 1620 3381 1676 enim
3409 1620 3548 1677 istos

1954 1701 2125 1758 malos
2153 1703 2352 1772 poteris
2370 1703 2554 1762 dicere
2576 1707 2813 1765 occultos
2835 1726 2848 1763 :
2876 1710 3119 1781 quamvis
3145 1718 3200 1765 tu
3224 1725 3436 1768 asseras
3454 1726 3549 1767 no-

1954 1807 2077 1849 cere
2099 1809 2163 1852 ac
2190 1797 2511 1857 mortiﬁcare
2530 1809 2585 1856 et
2608 1802 2866 1858 occultos.
2911 1803 3159 1875 Quisquis
3186 1804 3345 1877 igitur
3372 1805 3548 1863 homi-

1955 1883 2096 1951 cida,
2125 1887 2211 1942 vel
2235 1889 2397 1945 etiam
2425 1892 2708 1962 parricida,
2738 1893 2964 1961 adulter,
2994 1896 3303 1965 incestator,
3331 1898 3554 1955 idololas

1955 1981 2056 2042 tra,
2082 1977 2323 2035 codicum
2345 1980 2575 2053 denique
2601 1992 2906 2043 sanctorum
2926 2003 3033 2043 non
3064 1989 3281 2046 timidus
3300 1990 3550 2061 traditor,

1956 2068 2053 2124 sed
2083 2080 2141 2125 ut
2161 2071 2499 2129 traderentur
2516 2076 2749 2133 crudelis
2778 2088 2968 2148 tortor,
3001 2089 3056 2135 et
3084 2082 3350 2139 violentus
3368 2092 3553 2141 extor-

1956 2168 2044 2217 tor
2062 2170 2118 2218 et
2141 2163 2297 2233 jussu
2333 2167 2419 2221 vel
2445 2182 2607 2224 manu
2632 2179 2904 2226 extremus
2932 2171 3201 2240 incensor,
3223 2173 3364 2246 apud
3385 2174 3557 2233 haere-

1958 2255 2095 2311 ticos
2120 2255 2440 2328 baptizatus,
2473 2261 2539 2317 ad
2568 2262 2894 2333 Stephanum
2932 2273 2988 2321 et
3029 2265 3145 2335 ejus
3169 2266 3345 2324 socios
3382 2269 3554 2339 venit,

1955 2348 2252 2404 secundum
2303 2367 2400 2406 vos
2442 2354 2561 2409 sine
2611 2354 2884 2426 Baptismo
2924 2367 3178 2429 exceptus
3218 2366 3321 2415 est.
3366 2358 3557 2416 Cernis

1958 2440 2122 2513 igitur
2150 2444 2332 2499 omnia
2362 2445 2639 2502 hominum
2667 2448 2911 2517 crimina,
2941 2450 2985 2505 si
3018 2467 3201 2507 verum
3223 2460 3307 2507 est
3328 2452 3471 2523 quod
3487 2452 3557 2509 de

1960 2534 2238 2605 Baptismo
2280 2536 2512 2605 sentitis,
2564 2548 2691 2596 tunc
2732 2540 2789 2595 in
2832 2541 3068 2597 Ecclesia
3119 2543 3235 2599 sine
3282 2544 3556 2614 Baptismo

1959 2629 2318 2699 congregata?
2339 2628 2626 2700 Responde
2651 2639 2829 2688 utrum
2851 2633 2936 2689 his
2954 2634 3268 2692 criminibus
3288 2635 3342 2691 in
3362 2636 3553 2693 eadem

1960 2720 2168 2777 unitate
2211 2720 2509 2777 maculatus
2550 2722 2709 2779 fuerit
2735 2725 3052 2798 Cyprianus,
3083 2729 3350 2799 responde
3375 2738 3558 2786 utrum

1962 2810 2208 2868 Ecclesia
2235 2814 2475 2884 perierit,
2503 2830 2569 2869 an
2596 2832 2701 2871 non
2726 2819 2961 2888 perierit.
2994 2820 3143 2892 Elige
3167 2822 3310 2893 quod
3337 2832 3561 2893 putave-

1963 2903 2059 2959 ris.
2091 2903 2148 2959 Si
2174 2904 2286 2974 jam
2330 2916 2456 2961 tunc
2499 2909 2751 2977 perierat,
2784 2909 3050 2966 Donatum
3081 2928 3203 2983 qua:
3232 2915 3470 2985 peperit?
3496 2912 3560 2972 Si

1967 3005 2151 3053 autem
2175 3007 2253 3053 tot
2273 2999 2326 3054 in
2347 3015 2467 3055 eam
2484 3003 2598 3057 sine
2622 3001 2892 3073 Baptismo
2917 3007 3239 3076 aggregatis,
3259 3008 3436 3077 perire
3452 3023 3563 3064 non

1965 3091 2160 3161 potuit,
2189 3093 2457 3164 responde
2482 3109 2688 3165 quaeso,
2718 3104 2779 3151 ut
2803 3095 2872 3151 ab
2898 3111 2962 3152 ea
2987 3112 3068 3163 se,
3110 3106 3362 3170 tanquam
3391 3098 3565 3155 malo-

1966 3197 2087 3237 rum
2114 3185 2548 3242 communionem
2576 3186 2841 3256 devitans,
2878 3204 3003 3260 pars
3033 3190 3224 3248 Donati
3265 3201 3560 3264 separaret,

2041 3367 2098 3423 9.
2141 3369 2294 3445 Absit
2317 3378 2520 3438 autem,
2546 3380 2605 3427 ut
2626 3371 2877 3443 quoniam
2900 3372 3239 3432 beatissimus
3264 3376 3564 3449 Cyprianus

1970 3459 2040 3517 de
2063 3459 2339 3531 Baptismo
2362 3464 2519 3519 aliter
2544 3465 2733 3532 sensit,
2768 3480 2928 3537 quam
2951 3468 3149 3525 veritas
3176 3478 3233 3526 et
3254 3478 3411 3526 antea
3431 3485 3564 3528 con-

1969 3650 2181 3717 stravit,
2231 3659 2515 3721 propterea
2544 3652 2823 3722 quisquam
2871 3662 3133 3722 nostrum,
3162 3656 3251 3724 qui
3282 3655 3386 3710 hoc
3420 3657 3568 3726 quod

1972 3742 2066 3798 ille
2092 3758 2201 3798 non
2228 3743 2484 3813 sapimus,
2533 3743 2583 3796 ei
2631 3758 2689 3798 se
2731 3742 2924 3798 audeat
2966 3754 3313 3815 anteponere.
3359 3746 3569 3805 Cmtera

1972 3837 2116 3894 enim
2142 3836 2308 3891 multa
2339 3844 2395 3892 et
2421 3850 2611 3905 magna
2651 3835 2769 3906 ejus
2794 3838 3007 3907 merita,
3034 3847 3089 3893 et
3116 3839 3327 3895 animus
3372 3841 3570 3910 praci-

1975 3944 2079 4003 pua
2108 3928 2369 3985 charitate
2397 3928 2762 4000 plenissimus,
2787 3944 2882 4000 per
2901 3946 3059 4002 quem
3079 3945 3201 3987 cum
3230 3933 3449 4003 collegis
3472 3933 3560 3989 di-

1974 4037 2131 4078 versa
2158 4020 2510 4077 sentientibus
2536 4021 2910 4091 pacatissimus
2954 4025 3170 4091 mansit,
3198 4033 3254 4080 et
3280 4026 3335 4081 in
3366 4027 3571 4083 unitate

1977 4113 2233 4170 Ecclesiae
2254 4113 2431 4183 passio
2445 4112 2700 4184 gloriosa,
2732 4113 2862 4169 satis
2887 4116 3236 4172 ostenderunt
3255 4133 3377 4173 eum
3402 4117 3572 4175 fuisse

1974 4214 2307 4263 sarmentum
2334 4205 2390 4261 in
2423 4205 2623 4261 Christi
2647 4207 2827 4263 radice
2857 4207 3207 4277 fructuosum,
3238 4211 3381 4280 quod
3411 4212 3572 4270 Pater

1977 4301 2138 4357 etiam
2162 4300 2230 4355 ab
2256 4299 2357 4355 ista
2384 4299 2803 4371 reprehensione
2819 4314 3087 4374 purgaret,
3109 4314 3167 4360 ut
3190 4303 3422 4362 fructum
3445 4323 3570 4378 pos-

1978 4400 2065 4450 set
2089 4392 2284 4449 aﬂ'erre
2308 4392 2589 4464 majorem.
2628 4394 2719 4451 Sic
2759 4395 2901 4450 enim
2945 4396 3022 4451 ait
3066 4400 3179 4467 ipse
3220 4397 3413 4454 Jesus:
3441 4399 3571 4454 Sar-

1975 4498 2200 4544 mentum
2231 4488 2366 4557 quod
2390 4491 2444 4543 in
2482 4504 2561 4542 me
2597 4489 2688 4543 dat
2732 4492 2975 4560 fructum,
3024 4500 3208 4561 purgat
3250 4490 3384 4546 illud
3409 4491 3570 4547 Pater

1977 4596 2139 4647 meus,
2165 4590 2219 4636 ut
2238 4580 2483 4652 majorem
2506 4582 2726 4651 fructum
2752 4578 2933 4645 a/ferat
2954 4580 3131 4651 (Joan.
3155 4598 3243 4649 xv,
3273 4582 3353 4655 2).
3375 4582 3570 4640 Osten-

1978 4673 2116 4729 dens
2161 4672 2322 4728 etiam
2364 4672 2417 4726 in
2448 4671 2579 4741 ipsis
2608 4670 2917 4739 fructuosis,
2948 4673 3235 4743 agricolam
3264 4674 3355 4745 qui
3401 4685 3484 4730 est
3507 4676 3564 4731 in

1979 4766 2154 4832 caelis,
2183 4763 2381 4834 aliquid
2408 4763 2647 4818 invenire
2688 4762 2831 4833 quod
2865 4774 3074 4835 purget.
3114 4764 3243 4834 Quis
3283 4767 3424 4821 enim
3463 4782 3567 4821 no-

1980 4866 2150 4914 strum
2177 4854 2337 4909 Petro
2362 4853 2604 4923 apostolo
2630 4854 2929 4923 comparari
2958 4864 3152 4925 potest,
3174 4856 3415 4925 quamvis
3431 4871 3563 4911 nun-

1981 4963 2142 5020 quam
2169 4955 2357 5017 gentes
2384 4944 2668 5000 Judaizare
2709 4946 3064 5017 coegerimus,
3109 4948 3248 5016 quod
3279 4948 3371 5001 ille
3397 4946 3561 5002 facie-

1978 5040 2089 5106 bat,
2144 5037 2356 5110 quando
2405 5052 2513 5091 non
2559 5044 2703 5093 recte
2753 5037 3144 5108 ingrediebatur
3170 5036 3237 5092 ad
3285 5038 3566 5093 veritatem

1978 5129 2287 5201 Evangelii?
2308 5127 2449 5184 unde
2474 5143 2507 5183 a
2534 5143 2631 5184 suo
2656 5130 2952 5200 posteriore
2976 5129 3219 5201 apostolo
3240 5128 3406 5185 Paulo
3428 5170 3444 5197 ,
3474 5144 3565 5185 sa-

1978 5222 2116 5278 lubri
2145 5222 2508 5277 admonitione
2534 5232 2808 5279 correctus
2829 5222 3021 5297 (Galat.
3051 5238 3111 5289 ιι,
3143 5223 3349 5293 ll-M),
3382 5222 3565 5277 utilius

1978 5317 2209 5389 posteris
2238 5316 2556 5375 humilitatis
2579 5319 2804 5389 praebuit
2830 5317 3152 5389 exemplum,
3184 5332 3342 5389 quam
3362 5317 3410 5375 si
3430 5316 3565 5375 nihil

1977 5411 2033 5467 in
2060 5410 2151 5466 illo
2171 5410 2424 5467 existeret
2448 5411 2842 5485 corrigendum.

1978 5533 1987 5563 ί
2050 5527 2275 5585 CAPUT
2315 5528 2405 5584 IX.
2444 5559 2518 5571 -—
2552 5529 2640 5585 10.
2681 5528 2740 5583 ln
2768 5528 2867 5582 liae
2894 5541 3022 5598 ergo
3045 5526 3287 5585 Ecclesia
3315 5529 3569 5586 constitu-

1978 5623 2040 5689 ti,
2062 5638 2181 5693 qua:
2227 5623 2487 5679 malorum
2522 5621 2634 5676 sive
2663 5619 2995 5676 occultorum
3017 5659 3034 5688 ,
3061 5618 3173 5674 sive
3199 5620 3361 5675 etiam
3391 5621 3567 5677 mani-

1976 5716 2254 5783 festorum,
2282 5730 2381 5772 nec
2421 5714 2609 5785 potuit,
2660 5727 2761 5769 nec
2809 5712 3003 5782 poterit
3055 5712 3231 5783 perire
3278 5714 3566 5786 contagio,

1978 5810 2154 5868 nullas
2176 5809 2245 5866 de
2277 5807 2600 5880 quibuslibet
2642 5806 2945 5863 hominibus
2979 5806 3274 5863 calumnias
3311 5806 3568 5864 formida-

1978 5918 2123 5961 mus.
2153 5903 2209 5959 Si
2235 5902 2376 5957 enim
2417 5900 2542 5955 mali
2567 5910 2728 5968 sunt,
2758 5899 2941 5972 procul
2964 5897 3127 5956 dubio
3153 5913 3247 5957 eos
3284 5909 3379 5955 aut
3417 5899 3565 5972 igno-

1980 6006 2105 6059 tant
2131 5997 2278 6065 hom,
2309 6005 2397 6051 aut
2430 5993 2541 6052 suis
2561 5993 2775 6068 judiciis
2798 5992 3167 6051 manifestatos
3192 5991 3570 6051 ecclesiasticis

2822 6091 2855 6175 ί
2867 6092 3325 6174 “agt-quatis.
3337 6092 3367 6162 )
