4026 6464
466 362 573 423 747

464 476 678 556 legibus
711 480 970 540 damnant
999 497 1013 538 :
1040 487 1134 538 aut
1164 479 1324 538 etiam
1354 480 1400 537 si
1430 488 1699 538 noverunt
1724 492 1837 547 eos,
1867 486 1923 535 et
1951 492 2059 534 non

464 577 707 651 apud'sc
731 582 1043 646 accusatos,
1084 572 1592 656 nequeicunvlc‘tbs,
1647 571 1903 630 damnare
1952 585 2061 628 non

463 676 716 743 possunt;
748 669 1122 744 ιιιιιγκαιωιιε
1144 666 1281 742 pace
1291 668 1595 726 ndh’sblum
1610 664 2059 741 irreprehetlsibi-

463 762 624 834 liter,
650 764 1027 821 rerumcum
1054 758 1399 821 laudabiliter
1421 763 1680 831 tolerant;
1714 776 1816 819 nec
1845 764 1905 819 se'
1928 769 2057 832 pro-

462 868 589 933 pter
654 854 827 932 mices
891 859 1079 916 malos‘
1129 857 1300 930 ruptis
1350 852 1631 913 dbminicis
1683 856 1886 913 retibus
1936 863 2061 911 ante

464 960 697 1022 tempus
720 952 917 1009 littoris
951 950 1335 1009 damnabiiiter
1360 958 1628 1022 separant.
1668 948 1726 1006 Si
1766 948 1909 1006 enim
1957 947 2062 1004 hoc

465 1042 646 1100 lacere
671 1043 860 1111 velint,
886 1044 1126 1115 exceptis
1144 1041 1443 1099 divinarum
1473 1042 1868 1115 Scripturarum
1899 1041 2061 1096 inuu-

465 1136 813 1193 merabilibus
843 1137 1181 1205 testimoniis,
1211 1138 1517 1208 quibus'ne'
1546 1136 1741 1191 iaciant
1766 1133 2060 1206 prohiben-

462 1230 920 1299 tur,'retltlet‘eos
939 1238 1088 1287 certe
1100 1242 1260 1302 quem
1286 1236 1481 1286 testem
1510 1226 1794 1283 adhibuisti
1819 1269 1832 1292 ,
1865 1224 2063 1282 beatis-

462 1325 651 1380 simus:
680 1321 1000 1397 Cyprianus,
1057 1323 1298 1382 clamans
1338 1324 1498 1394 attice
1540 1322 1848 1377 contestans
1878 1314 2063 1385 {Quia

463 1417 559 1472 etsi
582 1416 827 1473 uidentur
846 1418 900 1473 in
925 1414 1161 1473 Ecclesia
1186 1431 1297 1472 esse
1321 1415 1539 1483 zizanla,
1571 1424 1672 1469 non
1698 1422 1867 1468 tamen
1899 1411 2063 1483 impe-

465 1509 567 1565 diri
604 1508 1024 1579 debellatu‘ﬁdes
1065 1516 1155 1564 aut
1197 1508 1421 1563 cltufitas
1459 1516 1674 1573 nostra;
1716 1510 1772 1561 ut
1822 1503 2063 1576 quoniam

461 1601 665 1656 simia
681 1614 791 1657 esse
818 1601 873 1656 in
896 1598 1132 1657 Bcctesia
1149 1600 1424 1667 cernimus,
1448 1600 1547 1672 ipsi
1571 1599 1634 1654 de
1662 1596 1897 1653 Ecclesia
1927 1613 2064 1653 rece-

446 1676 668 1750 damus.
690 1694 809 1752 Non
844 1694 1018 1751 solum
1044 1694 1232 1763 verbo,
1257 1708 1444 1751 verum
1488 1694 1648 1751 etiam
1684 1691 1933 1763 exemplo
1965 1706 2063 1748 suo

460 1786 926 1855 nos‘admouens,
957 1788 1049 1860 qui
1094 1787 1329 1859 collegas
1373 1801 1521 1856 suos,
1561 1785 1751 1841 fundos
1794 1783 2065 1840 insidiosis

462 1880 744 1939 fraudibus
794 1883 1098 1955 rapientes,
1151 1883 1333 1939 usuris
1384 1877 1862 1951 multiplicantihus
1910 1875 2065 1933 fenus

465 1985 746 2049 augentes,
766 1988 992 2049 quorum
1014 1977 1314 2046 avaritiam,
1336 1990 1445 2031 non
1463 1976 1580 2031 leve
1607 1972 1825 2044 aliquod
1852 1971 2060 2040 vitium,

463 2068 1125 2138 sed'esseidololatriam,
1153 2068 1447 2125 secundum
1466 2066 1780 2138 Apostolnm
1803 2063 2065 2120 intellexit

469 2160 687 2233 (Coloss't
725 2176 819 2229 ιιι,
851 2160 948 2233 5),
987 2175 1088 2234 pro
1136 2161 1355 2218 unitatis
1408 2160 1619 2217 vinculo
1671 2158 1888 2232 pertulit
1932 2157 2065 2213 tales

466 2251 664 2328 (sem
697 2255 765 2309 de
783 2254 1014 2328 Lapsls),
1045 2269 1143 2312 nec
1178 2258 1367 2312 eorum
1393 2254 1643 2325 contagio
1672 2251 1843 2307 iactus
1869 2259 1953 2307 est
1979 2259 2063 2307 ta-

460 2345 535 2403 lis
566 2363 579 2400 :
609 2346 855 2403 discessit
875 2344 944 2402 ab
973 2346 1053 2403 eis
1079 2340 1518 2402 dissimilitudine
1539 2346 1772 2410 morum,
1802 2356 1907 2397 non
1930 2340 2065 2396 divi-

462 2438 621 2495 sione
661 2438 1126 2496 Sacramentorum
1161 2455 1175 2493 :
1205 2448 1279 2495 et'
1307 2437 1641 2495 immundum
1695 2450 1801 2492 non
1851 2434 2060 2505 tetigit;

463 2530 621 2588 sed'a
649 2529 804 2588 lectis
829 2545 1014 2588 eorum
1046 2529 1405 2597 abhorrendo,
1428 2544 1537 2587 non
1562 2540 1809 2586 seorsum
1839 2527 2064 2599 pepuios

463 2624 788 2696 colligendo.
833 2624 941 2680 Vos
973 2632 1155 2680 autem
1190 2623 1318 2679 dum
1347 2621 1636 2680 carnaliter
1677 2620 1882 2693 sapitis,
1921 2610 2085 2692 quod:

463 2716 666 2775 dictum
682 2723 780 2774 est
796 2731 899 2789 per
927 2716 1114 2773 lsaiam
1157 2716 1473 2789 prophetam
1495 2757 1509 2781 ,
1539 2712 1797 2772 Discedite
1817 2756 1832 2783 ,
1860 2721 1908 2769 et
1936 2712 2067 2768 exite

462 2809 531 2866 do
554 2809 725 2866 medio
746 2822 919 2865 eorum
942 2851 958 2879 ,
990 2818 1039 2865 et
1058 2806 1371 2880 separamini
1384 2851 1400 2877 ,
1424 2808 1547 2865 dicit
1564 2807 1819 2863 Dominus
1843 2848 1859 2874 ,
1886 2816 1936 2861 et
1960 2807 2053 2861 im-

462 2900 712 2958 mundam
735 2917 801 2956 ne
823 2901 1085 2973 tetigeritis
1114 2899 1257 2974 (Isai;
1285 2900 1396 2978 ut,
1423 2898 1552 2973 li);
1586 2906 1659 2956 et’
1688 2900 1813 2957 talia
1857 2913 1977 2970 qum
2008 2899 2061 2953 in

463 2993 760 3066 Scripturis
808 2992 1054 3049 similiter
1095 2993 1235 3049 dicta
1267 3001 1393 3049 sunt
1430 3011 1445 3047 :
1477 2993 1603 3048 dum
1646 2994 1781 3061 haec,
1824 2992 2057 3063 inquam,

459 3070 967 3156 non'spirltualiter,
997 3084 1091 3140 sed
1119 3084 1407 3139 carnaliter
1433 3084 1619 3155 sapitis
1639 3126 1654 3152 ,
1685 3084 1818 3139 tales
1844 3085 2062 3138 omnino

460 3177 750 3251 appareth
778 3177 963 3249 quales
1002 3186 1191 3234 eorum
1213 3221 1227 3245 ,
1258 3177 1376 3250 ipso
1407 3175 1672 3247 Propheta
1716 3176 2060 3247 praedicante,

460 3270 806 3329 dominantur
822 3270 1083 3338 dicentes,
1111 3269 1286 3324 Nolite
1305 3284 1384 3325 me
1398 3278 1628 3341 tangere,
1660 3270 1899 3340 quoniam
1922 3287 2065 3323 mun-

462 3364 703 3420 dus‘sam
731 3360 843 3435 (Id.
870 3370 994 3430 uv,
1019 3364 1097 3433 5).
1133 3362 1370 3434 Denique
1400 3364 1613 3435 quando
1639 3362 1813 3419 aliena
1844 3372 2062 3433 peccata

460 3455 1156 3528 vos‘perverse'devitanda
1202 3471 1322 3512 esse
1369 3457 1676 3525 censuistis,
1734 3457 1836 3512 alia
1884 3458 2085 3513 vestra

463 3548 702 3615 feciStls,
746 3548 1063 3620 sacrilegum
1103 3549 1336 3605 schisma
1384 3549 1608 3620 populos
1654 3547 1961 3617 dividendo,
2008 3544 2085 3607 εἰ*

461 3640 793 3712 sacrilegam
813 3639 1063 3696 heresim
1093 3644 1280 3697 contra
1309 3640 1404 3696 Dei
1434 3639 1770 3698 manifestata
1796 3638 2060 3713 promissa

461 3742 520 3791 et
547 3733 763 3805 impleta
782 3732 851 3789 de
870 3732 1109 3789 Ecclesia
1137 3740 1250 3789 toto
1276 3733 1408 3790 orbe
1433 3732 1623 3790 diffusa
1667 3733 1873 3789 nefario
1900 3732 2061 3805 spiri-

459 3825 849 3883 tu'sentlendo.
871 3824 1005 3882 Nam
1022 3826 1089 3893 si,
1114 3834 1174 3881 ut
1201 3836 1359 3897 putas
1381 3835 1437 3883 et
1470 3840 1569 3883 nos
1598 3827 1649 3882 in
1671 3826 1836 3883 verbo
1878 3842 2063 3897 repre-

458 3915 675 3985 hendis,
698 3924 825 3996 una;
838 3916 1137 3989 eademque
1169 3918 1398 3975 societas
1430 3918 1764 3989 perditorum
1805 3919 1963 3975 simul
2005 3928 2060 3976 et

460 4010 698 4067 schisma
728 4019 784 4067 et
808 4009 1029 4068 incresls
1059 4018 1222 4081 esset,
1252 4024 1358 4067 non
1380 4010 1808 4068 dixissetbeatus
1833 4012 2058 4085 Cypria-

460 4117 568 4159 nus
597 4103 652 4159 in
678 4102 783 4160 hac
814 4104 925 4175 ipsa
974 4103 1218 4175 epistola,
1277 4104 1419 4160 unde
1470 4101 1573 4160 hoc
1621 4104 1687 4160 de
1741 4103 1956 4159 zizaniis
2006 4105 2061 4160 in

462 4192 705 4251 Ecclesia
722 4192 1030 4251 constitutis
1068 4192 1220 4265 posui
1246 4194 1606 4251 testimonium
1627 4235 1642 4260 ,
1670 4193 1750 4249 eis
1782 4193 2061 4250 confesso-

462 4285 617 4341 ribns
662 4300 798 4356 quos
849 4285 1213 4357 gratulabatur
1259 4301 1291 4340 a
1328 4285 1747 4343 Novatianorum
1795 4286 2061 4343 divisione

465 4375 637 4433 fuisse
655 4376 953 4433 liberatos:
983 4377 1226 4433 Dolebam
1252 4380 1569 4434 uehementer
1593 4388 1641 4434 et
1659 4379 1878 4451 graviter
1900 4394 2059 4453 ange—

467 4468 583 4535 bar,
610 4469 745 4539 quod
770 4471 842 4525 eis
870 4469 1242 4524 communicare
1258 4485 1361 4524 non
1387 4484 1605 4541 possem,
1636 4482 1763 4542 quos
1786 4470 1941 4526 semel
1976 4471 2060 4525 di-

467 4561 627 4634 ligere
642 4563 920 4634 coepissem,
952 4570 1276 4635 posteaquam
1313 4574 1399 4619 vos
1429 4563 1491 4619 de
1526 4578 1730 4620 carcere
1759 4563 2063 4638 prodeuntes

470 4657 823 4713 schismaticus
842 4670 983 4713 error
1006 4657 1203 4729 accepit
1237 4656 1431 4730 (Epist.
1466 4657 1536 4712 ad
1568 4654 1898 4731 Maximum).
1944 4652 2061 4714 Noli

468 4767 603 4825 ergo
624 4761 810 4809 contra
852 4753 1244 4825 apertissimam
1287 4752 1588 4819 veritatem,
1643 4760 1736 4808 aut
1776 4758 2063 4824 utrumque

466 4844 728 4903 fallaciter
755 4845 1023 4902 declinare
1048 4862 1064 4913 ;
1089 4855 1182 4901 aut
1216 4858 1381 4902 unum
1407 4845 1600 4901 h‘orum
1631 4844 1748 4914 tibi,
1785 4845 1926 4916 quod
1968 4844 2063 4902 tibi

468 4939 654 4997 mitius
695 4938 906 4996 videtur
934 4980 949 5007 ,
999 4939 1199 5011 eligere
1242 4956 1256 4993 :
1298 4953 1419 4994 cum
1471 4947 1527 4996 et
1572 4937 1945 4995 schismaticus
1988 4939 2064 4997 sis

467 5034 727 5107 sacrilega
778 5033 1106 5092 discessione
1130 5075 1147 5104 ,
1200 5040 1277 5089 et'
1307 5032 1593 5091 haereticus
1645 5034 1905 5108 sacrilego
1927 5033 2062 5107 dog-

465 5136 631 5184 male.

543 5214 771 5275 CAPUT
807 5217 877 5274 X.‘
916 5248 989 5261 -—
1030 5219 1115 5274 ll:
1155 5217 1264 5275 Nec
1302 5217 1455 5275 vobis
1495 5216 1876 5289 blandiamini,
1916 5219 2064 5293 quod

470 5313 804 5385 Baptismurn
845 5327 953 5367 non
990 5310 1345 5369 rescindimus
1388 5320 1646 5369 vestrum.
1693 5312 1809 5369 Non
1834 5322 1930 5371 est
1961 5314 2065 5372 hoc

467 5413 733 5473 vestrum,
759 5404 853 5461 sed
882 5404 1161 5462 catholica:
1180 5406 1432 5463 Ecclesia:
1448 5420 1605 5479 quam
1629 5416 1895 5478 tenemus,
1918 5408 2063 5466 unde

472 5499 627 5556 illum
648 5497 867 5571 quando
882 5497 1351 5571 discessistismon
1369 5498 1585 5571 quidem
1605 5499 1672 5556 ad
1700 5500 1947 5569 salutem,
1964 5500 2062 5559 sed

469 5590 539 5647 ad
568 5591 861 5661 perniciem
899 5591 1448 5651 vmn'vobiscum
1492 5591 1708 5648 tulistis.
1756 5591 1888 5648 Nam
1935 5608 2062 5650 vasa

467 5681 759 5752 dominica,
789 5684 950 5739 etiam
976 5683 1119 5755 apud
1140 5678 1489 5755 alicnigenas,
1518 5692 1702 5741 saneta
1743 5699 2058 5756 permanse-

468 5783 612 5834 rant.
639 5771 792 5830 Unde
814 5789 909 5831 rex
946 5775 1037 5847 qui
1079 5775 1158 5832 eis
1204 5776 1592 5833 contumeliose
1645 5776 1720 5832 uti
1758 5790 1922 5833 ausus
1954 5786 2081 5847 est,

472 5867 870 5926 Deciens-Ite
895 5867 1115 5938 nti-itus
1140 5876 1223 5926 est
1251 5867 1411 5941 (Dan.
1437 5867 1515 5942 v).
1536 5868 1608 5927 Et
1628 5883 1755 5929 arca
1780 5878 2064 5932 testamen-

1462 358 1740 421 CONTRA
1781 356 2261 431 GAUDENTIUM,
2291 359 2352 417 S.
2396 346 2762 428 AUGUSTiNl

3657 368 3767 429 τω

2172 479 2211 535 ti
2230 478 2299 537 ab
2325 478 2568 538 hostibus
2588 490 2744 553 capta
2767 494 3100 554 nequaquam
3136 480 3386 539 virtutem
3411 494 3523 538 suae
3556 480 3758 539 saneti-
3796 496 3805 505 ·

2168 572 2633 631 licatibhis‘amisit
2673 570 2721 645 (Ι
2744 570 2873 646 Reg:
2902 573 3083 645 tv~vt).
3127 572 3199 630 Si'
3233 586 3361 646 ergo
3411 572 3505 630 illa
3550 583 3755 640 sancta,

2167 680 2287 739 qua:
2312 666 2361 723 si
2386 674 2515 724 tunc
2542 665 2693 739 apud
2707 664 2911 724 alienos
2940 666 3173 735 fuerunt,
3206 668 3263 724 ut
3292 666 3432 738 apud
3472 680 3601 724 suos
3642 682 3763 726 esse

2167 758 2508 829 desisterent,
2544 760 2652 817 vim
2683 768 2861 818 tamen
2887 762 3185 819 sanctitatis
3211 762 3357 817 nullo
3374 762 3535 835 modo
3566 761 3760 839 perde-

2167 867 2230 908 re
2255 854 2572 923 potiiet'unt;
2605 854 3015 925 quanto‘magis’
3053 868 3172 910 eam
3222 852 3513 911 chrisnana
3568 840 3762 912 sacra-

2167 953 2348 1001 menta
2392 961 2496 1001 non
2526 938 2771 1017 perdunt;
2809 946 3020 1017 quando
3050 946 3137 1001 ita‘
3161 953 3220 1002 ut
3266 945 3404 1018 apud
3455 960 3554 1003 nos
3600 942 3761 1003 etiam

2168 1042 2439 1103 maneant;
2472 1036 2538 1093 ad
2562 1037 2863 1095 luereticos
2885 1037 3206 1095 transeunt?
3231 1038 3346 1095 Hoc
3373 1034 3761 1110 estiqilod'dixi

2166 1129 2251 1187 ad'
2277 1140 2331 1187 te
2358 1130 2598 1188 scribens
2626 1131 2841 1205 (Supra,
2887 1129 2975 1187 lib.
3007 1133 3059 1199 l,
3091 1150 3146 1188 η.
3178 1131 3258 1205 7),
3300 1129 3442 1204 qhod
3497 1132 3656 1189 etiam
3708 1124 3761 1189 iit

2167 1222 2466 1282 Collatione
2504 1225 2656 1282 vobis
2705 1219 2958 1294 diximus,
3020 1226 3179 1301 idque
3214 1230 3395 1302 politis
3437 1220 3758 1285 eludendum

2169 1320 2397 1393 putastis
2437 1318 2546 1396 (a)',
2602 1322 2726 1393 quia
2775 1322 3069 1379 dissolvere
3125 1316 3439 1394 n‘equiviStis
3468 1342 3481 1378 :
3507 1322 3753 1395 quoniam

2167 1414 2306 1471 sicut
2328 1414 2617 1487 Apostolus
2642 1414 2715 1471 ait
2747 1414 2815 1471 de
2856 1414 3196 1488 quibusdam,
3259 1410 3528 1473 Veritatem
3574 1419 3628 1473 in
3662 1417 3758 1473 ini-

2167 1507 2357 1580 quitate
2400 1506 2623 1565 detinent
2666 1506 2842 1583 (Rom.
2878 1526 2916 1578 ι,
2951 1511 3064 1584 l8),
3105 1511 3178 1567 ita
3229 1519 3303 1569 et‘
3337 1504 3447 1569 vos
3480 1512 3764 1570 veritatem

2169 1600 2431 1675 Baptismi
2459 1604 2625 1662 divini
2653 1606 2707 1662 in
2736 1606 3281 1678 iniquitate'detinetls
3300 1609 3502 1666 erroris
3519 1610 3758 1667 humani.

2167 1697 2338 1765 Quam
2384 1699 2666 1757 veritatem
2706 1715 2812 1757 non
2864 1710 3121 1768 vestram,
3173 1713 3389 1774 propter
3427 1704 3761 1776 iniquitatem

2167 1803 2399 1849 vestram
2417 1792 2726 1853 rescindere
2753 1794 2933 1868 utique
2964 1813 3067 1851 non
3088 1796 3364 1854 debemus.
3396 1796 3462 1854 Et
3491 1801 3613 1871 quia
3646 1801 3765 1872 ipse

2169 1887 2460 1957 Apostolus
2485 1887 2554 1943 de
2577 1886 2875 1945 idololatris
2901 1889 3148 1963 gentibus
3174 1880 3373 1948 dixisse
3414 1890 3726 1964 intelligitur
3743 1934 3760 1961 ,

2172 1977 2273 2046 Qui
2314 1980 2572 2035 ueritatem
2614 1980 2669 2035 in
2715 1981 2982 2053 iniquitate
3026 1983 3247 2039 detinent
3276 2000 3296 2040 :
3327 1993 3383 2041 tu
3430 1985 3562 2041 mihi
3608 1987 3764 2059 quasi

2167 2071 2503 2142 reSpondens
2530 2073 2778 2146 ﬂagitasti
2807 2082 2863 2131 ut
2891 2076 3171 2148 probarem
3189 2119 3205 2144 ,
3232 2077 3355 2151 quid
3384 2078 3447 2135 de
3485 2076 3763 2137 Gentilium

2167 2163 2436 2238 sacrilegio
2464 2166 2739 2240 Apostolus
2767 2186 2870 2225 non
2893 2170 3168 2239 rescindat,
3193 2170 3316 2243 quid
3348 2172 3414 2229 de
3438 2189 3614 2228 eorum
3641 2193 3762 2247 pro-

2168 2260 2290 2331 fano
2320 2259 2423 2314 ritu
2447 2276 2550 2315 non
2578 2261 2801 2317 damnet.
2851 2262 3015 2332 Quasi
3056 2274 3237 2334 posset
3265 2266 3410 2338 quod
3436 2267 3763 2339 sacrilegum

2167 2361 2251 2408 est
2275 2361 2328 2408 et
2361 2352 2640 2424 profanum
2664 2371 2768 2412 non
2795 2356 3105 2415 rescindere
3133 2366 3292 2431 atque
3315 2359 3594 2431 damnare,
3623 2363 3765 2420 sicut

2167 2460 2266 2499 nos
2297 2443 2529 2503 schisma
2557 2456 2795 2504 vestrum
2820 2460 2877 2506 et
2903 2449 3150 2506 haeresim
3179 2458 3431 2508 vestram.
3457 2452 3763 2512 Sententias

2168 2543 2345 2593 tamen
2396 2538 2652 2609 quasdam
2703 2540 2961 2608 veritatis,
3003 2560 3136 2612 quas
3179 2544 3247 2601 de
3279 2544 3549 2616 incognito
3602 2547 3713 2602 Deo
3742 2549 3762 2579 ⁸

2167 2630 2382 2702 quidam
2407 2632 2696 2691 Gentilium
2728 2634 3031 2709 philusoplti
3063 2648 3245 2697 tenent
3265 2682 3282 2710 ,
3314 2656 3420 2697 non
3447 2639 3629 2698 solum
3650 2656 3764 2697 non

2167 2725 2430 2782 destruxit
2454 2728 2763 2800 Apostolus,
2791 2729 2885 2787 sed
2910 2731 3069 2788 etiam
3092 2732 3215 2789 inde
3237 2733 3763 2803 testimonium,cum

2166 2834 2304 2890 opus
2328 2828 2491 2887 esset,
2520 2821 2783 2879 adhibuit.
2826 2824 3077 2896 Loquens
3104 2827 3303 2899 quippe
3341 2826 3763 2886 Atheniensibus

2166 2913 2241 2968 ait
2256 2912 2323 2969 de
2345 2912 2454 2970 Deo
2478 2934 2491 2969 :
2524 2913 2591 2970 In
2615 2915 2706 2971 illo
2727 2917 2859 2971 enim
2880 2918 3109 2986 vivimus,
3133 2929 3181 2975 et
3206 2937 3480 2992 movemur,
3505 2933 3554 2977 et
3565 2940 3758 2990 smnus,

2165 3005 2295 3060 sicut
2319 3015 2367 3063 et
2386 3006 2594 3079 quidam
2622 3009 2895 3064 secundum
2924 3026 3009 3066 vos
3039 3012 3277 3068 dixerunt
3308 3013 3447 3087 (Act.
3472 3030 3582 3071 xvu
3602 3056 3617 3083 ,
3647 3014 3761 3085 28).

2166 3098 2413 3155 Hancilli
2442 3100 2719 3157 veritatem
2767 3103 3064 3174 sapientiae,
3119 3120 3276 3176 quam
3327 3105 3517 3161 beatus
3568 3106 3769 3162 Paulus

2166 3210 2275 3250 non
2303 3194 2475 3251 solum
2500 3211 2606 3251 non
2636 3195 2982 3267 destruebat,
3014 3215 3199 3255 verum
3230 3199 3394 3256 etiam
3429 3200 3495 3256 ad
3526 3200 3650 3256 illos
3677 3201 3763 3257 in-

2167 3286 2454 3348 struendus
2497 3289 2804 3359 adhibebat,
2850 3292 2903 3347 in
2961 3293 3240 3365 iniquitate
3283 3293 3600 3349 detinebant
3653 3310 3764 3351 suae

2166 3383 2507 3453 idololatriae,
2529 3401 2687 3457 quam
2714 3384 2956 3442 doctrina
2980 3386 3274 3457 apostolica
3315 3386 3766 3444 machinamentis

2165 3468 2471 3549 apostolicis
2515 3478 2811 3535 evertebat.
2848 3477 2920 3536 ita
2975 3488 3030 3535 et
3078 3494 3198 3548 nos,
3251 3495 3370 3553 quae
3422 3478 3477 3535 in
3524 3479 3767 3536 Ecclesia

2165 3573 2427 3629 catholica
2471 3590 2600 3631 vera
2637 3574 2870 3647 majores
2894 3568 3085 3632 vestri'
3110 3587 3453 3649 acceperunt,
3500 3577 3766 3649 vobisque

2167 3667 2547 3734 tradiderunt,
2603 3683 2709 3723 non
2770 3652 3160 3738 rescindimus,
3216 3670 3311 3727 sed
3365 3669 3760 3742 agnoscimus:

2166 3773 2406 3817 vestrum
2428 3777 2561 3820 vero
2588 3761 2948 3835 sacrilegium,
2975 3772 3067 3819 aut
3100 3764 3154 3820 in
3194 3772 3372 3821 vestra
3410 3765 3765 3822 conversione

2168 3855 2551 3922 rescindimus,
2584 3865 2677 3911 aut
2716 3857 2768 3911 in
2798 3865 2973 3913 vestra
3000 3856 3290 3928 pertinacia
3314 3856 3667 3914 detestamur.

2238 3944 2468 4007 CAPUT
2508 3948 2602 4005 Xi.
2633 3979 2704 3991 —
2729 3948 2817 4005 12.
2859 3950 3171 4023 Quanquam
3198 3960 3363 4007 totam
3384 3951 3761 4023 quaestionem,

2167 4054 2224 4101 et
2265 4053 2436 4101 totum
2465 4042 2609 4116 quod
2638 4044 2779 4100 inter
2809 4059 2907 4100 nos
2935 4045 3129 4115 agitur,
3172 4060 3282 4100 uno
3320 4044 3487 4100 verbo
3538 4042 3761 4100 Tribuni

2166 4139 2297 4193 satis
2320 4137 2602 4209 diligenter
2632 4134 2898 4207 exposito,
2927 4137 3146 4193 omnino
3171 4136 3399 4193 solvisti.
3441 4135 3577 4193 Cum
3620 4136 3759 4192 enim

2168 4246 2268 4303 ego
2297 4231 2575 4299 dixissem,
2607 4230 2790 4303 Neque
2816 4232 2910 4286 hoc
2935 4232 2989 4286 in
3021 4230 3237 4288 Tribuni
3270 4233 3451 4289 litteris
3492 4233 3696 4305 legitur,
3729 4248 3762 4285 α

2167 4333 2215 4380 te
2232 4327 2286 4380 in
2310 4326 2518 4381 ueritate
2541 4326 2828 4381 invocatum
2843 4342 3025 4380 nomen
3050 4324 3146 4380 Dei
3165 4325 3323 4397 ;quia
3340 4326 3513 4397 ipsum
3546 4337 3760 4396 prorsus

2168 4420 2390 4476 verbum
2422 4420 2493 4475 ibi
2516 4435 2621 4475 non
2650 4420 2886 4491 legeram
2918 4418 2991 4492 (b)
3023 4437 3036 4473 :
3068 4428 3121 4474 tu
3152 4418 3497 4489 respondisti,
3517 4417 3756 4485 Falleris,

2169 4514 2249 4568 cel
2275 4514 2443 4586 potius
2473 4512 2634 4584 fallis.
2669 4510 2811 4567 Nam
2828 4512 2978 4567 verba
3017 4510 3225 4567 Tribuni
3267 4522 3385 4567 sunt
3419 4528 3436 4566 :
3465 4509 3757 4568 Nevrtan-

2170 4616 2277 4662 tum
2298 4624 2425 4679 Opus
2450 4608 2629 4662 domus
2654 4605 2886 4674 Domini,
2916 4605 3003 4662 ubi
3028 4623 3061 4660 a
3088 4615 3136 4661 te
3158 4604 3344 4676 stapius
3385 4605 3485 4661 Dei
3530 4616 3578 4661 et
3617 4604 3759 4661 Clari-

2169 4700 2235 4756 sti
2283 4702 2392 4772 ejus
2439 4701 2725 4756 invocatum
2772 4717 2955 4756 nomen
2994 4711 3100 4768 est,
3144 4716 3235 4772 per
3281 4700 3580 4770 religionem
3624 4709 3755 4752 luant

2168 4794 2356 4850 ibidem
2380 4794 2723 4862 constitutam,
2752 4803 3125 4850 concrematam
3145 4809 3251 4849 esse
3274 4793 3492 4847 dicatur.
3524 4790 3756 4862 lntelligs

2170 4888 2290 4967 quia
2308 4888 2362 4943 in
2385 4888 2590 4943 ueritate
2609 4888 2785 4959 religio
2811 4887 3015 4953 dicitur,
3038 4887 3092 4941 in
3123 4886 3333 4959 fallacia
3361 4884 3653 4954 superstitio
3667 4898 3754 4937 noo

2171 4982 2415 5037 minatur.
2444 4980 2668 5049 Quando
2694 4995 2794 5054 ego
2818 4981 2871 5036 id
2898 4979 3273 5036 adverterem?
3304 4978 3520 5051 quando
3562 4978 3636 5034 ita
3678 4991 3753 5032 ra-

2169 5074 2499 5133 tiocinarcr?
2519 5075 2731 5147 quando
2746 5073 2887 5130 aliud
2904 5089 2973 5129 ex
2989 5073 3094 5129 alio
3109 5072 3187 5129 sic
3203 5071 3486 5143 probarem
3501 5070 3525 5125 ‘l
3546 5069 3752 5163 Fateor,

2169 5169 2305 5242 fugit
2327 5169 2430 5225 hoc
2453 5170 2623 5225 aciem
2649 5168 3123 5241 quantulicumque
3151 5166 3351 5238 ingenii
3380 5165 3487 5222 mei
3518 5183 3531 5218 :
3562 5173 3619 5221 et
3644 5162 3750 5219 ideo

2172 5264 2333 5322 crede
2357 5261 2511 5331 mihi,
2544 5262 2652 5318 falli
2683 5278 2768 5318 me
2787 5261 2858 5317 ibi
2880 5262 3139 5332 potuisse,
3160 5275 3286 5326 non,
3314 5256 3748 5322 ntdixisti,laile—

2172 5374 2234 5414 re
2260 5356 2495 5413 voluisse
2521 5353 2577 5410 in
2606 5354 2792 5412 verbo.
2824 5353 3007 5425 itaque
3032 5353 3300 5409 Tribunus
3325 5361 3579 5422 tanquam
3602 5350 3750 5405 homo

2170 5449 2418 5507 militaris
2446 5448 2661 5514 erravit,
2687 5456 2744 5503 ut
2762 5447 2813 5503 ei
2838 5462 2996 5519 quem
3020 5447 3120 5502 scit
3138 5445 3219 5501 vel
3236 5443 3407 5500 credit
3426 5442 3771 5504 haereticum,.

2168 5542 2395 5609 diceret,
2422 5558 2512 5614 per
2547 5539 2843 5613 religionem
2876 5548 3015 5595 tuam
3044 5553 3066 5595 :
3087 5553 3208 5595 cum
3237 5536 3465 5594 haeresis
3493 5551 3601 5593 non
3636 5530 3745 5589 reli-

2170 5637 2277 5711 gio,
2303 5635 2399 5693 sed
2445 5635 2791 5707 superstitio;
2831 5634 3016 5706 religio
3048 5642 3227 5691 autem
3267 5645 3375 5689 non
3413 5632 3469 5687 in
3505 5628 3769 5693 insitam.

3157 5860 3210 5913 ιιι
3225 5854 3520 5926 meum

2237 5931 2307 5989 (υ)
2332 5926 2549 5988 Scilicet,
2570 5925 2621 5976 in
2642 5925 2857 5975 veritate.
