4026 6518
314 397 423 461 719

327 514 420 593 sed
447 512 499 569 in
529 509 776 574 veritate,
817 504 1033 581 propria
1075 503 1344 561 locutione
1394 499 1619 556 dicatur.
1676 494 1907 553 Proinde

337 588 609 668 secundum
643 603 780 657 hanc
804 596 1190 670 expositionem
1218 605 1382 661 tuam,
1414 601 1574 648 verus
1602 589 1699 647 Dei
1727 588 1905 645 cultus

336 700 546 770 religio,
578 695 737 751 falsus
789 704 966 749 autem
1014 689 1321 763 superstitio
1359 692 1715 759 nuncupatur.
1770 679 1910 736 Audi

333 769 448 863 ergo
478 799 530 845 te
554 789 745 860 ipsum,
777 782 970 841 obaudi
1002 783 1095 840 tibi
1128 783 1226 854 ipsi
1258 800 1269 835 :
1306 790 1361 837 et
1388 792 1488 835 nos
1514 776 1664 849 sequi
1689 769 1909 831 minime

324 881 613 942 recusabis.
640 878 894 937 Scribens
921 892 1150 955 namque
1178 875 1245 931 ad
1274 872 1521 931 eumdem
1537 869 1832 927 Tribunum
1854 868 1910 923 in

323 977 504 1063 prima:
534 970 774 1057 epistola:
810 983 914 1029 tute
940 973 1061 1049 ipso
1086 969 1308 1028 exordio
1336 964 1588 1041 posuisti,
1633 973 1791 1036 atque
1829 961 1910 1019 di-

321 1055 463 1137 xisti,
527 1055 849 1131 Honorabili,
899 1082 959 1145 ac
1001 1062 1210 1119 nimium
1257 1056 1522 1135 n.0bis,.si
1558 1058 1630 1114 sic
1656 1055 1906 1125 uolueris,

322 1158 657 1216 desiderando
710 1155 936 1213 Dulcitio
976 1154 1174 1210 tribuno
1230 1160 1278 1209 et
1331 1152 1549 1216 notario,
1595 1145 1909 1205 Gaudentius

318 1251 583 1324 episcopus
608 1266 627 1305 :
647 1259 702 1306 et
726 1247 981 1305 continuo
1010 1243 1282 1315 subjecisti
1314 1284 1327 1311 ,
1351 1242 1630 1315 Religionis
1655 1248 1754 1295 tua:
1783 1238 1911 1294 scri-

318 1351 407 1416 pta
434 1340 654 1417 percepi.
682 1340 821 1409 Quid
841 1339 998 1411 igitur
1022 1337 1088 1393 ad
1115 1351 1213 1393 nos
1241 1334 1428 1391 venire
1454 1331 1629 1389 adhuc
1656 1329 1909 1386 dubitas?

317 1426 461 1493 Ecce
486 1436 730 1491 tribunus
769 1430 1026 1488 Dulcitius
1050 1446 1170 1486 cum
1199 1429 1269 1484 sit
1310 1428 1473 1483 homo
1516 1421 1910 1481 communionis

317 1534 537 1594 nostrae,
598 1535 776 1583 tamen
821 1521 1115 1581 secundum
1170 1520 1531 1578 testimonium
1576 1527 1749 1584 tuum,
1801 1530 1910 1572 non

316 1617 747 1692 superstitiosus,
791 1616 887 1674 sed
912 1612 1193 1688 religiosus
1217 1621 1300 1671 est
1337 1632 1351 1670 :
1382 1627 1444 1668 ac
1469 1627 1565 1683 per
1588 1610 1691 1665 hoc
1716 1624 1879 1665 secun
1904 1644 1912 1648 ‹

315 1714 447 1770 dum
505 1698 894 1784 expositionem
948 1718 1114 1778 tuam,
1160 1723 1266 1764 non
1316 1705 1530 1771 falsum,
1580 1702 1673 1759 sed
1726 1716 1913 1759 verum

316 1806 412 1863 Dei
443 1806 643 1861 cultum
670 1794 834 1860 tenet:
863 1802 984 1877 Ipse
1018 1817 1146 1874 ergo
1175 1806 1258 1856 est
1304 1800 1358 1855 in
1414 1796 1685 1853 Catholica
1737 1796 1914 1867 potius

314 1913 479 1971 quam
510 1906 565 1953 tu
595 1914 608 1951 ε
634 1898 884 1968 quoniam
927 1903 985 1950 tu
1024 1894 1079 1950 in
1108 1894 1212 1949 hoc
1236 1892 1403 1948 verbo
1433 1905 1602 1961 usque
1629 1888 1763 1944 adeo
1805 1903 1916 1944 non

313 1990 534 2056 errasti,
592 1996 650 2045 ut
697 1988 859 2063 etiam
904 2001 1227 2059 exponeres,
1275 1992 1480 2040 tantum
1524 1983 1833 2055 religionem
1884 1996 1916 2036 a

316 2081 703 2154 superstitione
721 2081 941 2147 distare,
964 2088 1221 2153 quantum
1257 2092 1286 2132 a
1323 2075 1553 2132 falsitate
1584 2075 1783 2131 veritas
1830 2070 1917 2127 di—

314 2186 446 2236 stat.
482 2176 577 2234 llle
613 2184 796 2231 autem
826 2175 1010 2241 homo,
1039 2182 1101 2229 ut
1134 2173 1243 2245 jam
1282 2171 1413 2236 dixi,
1456 2168 1719 2235 militaris,
1756 2174 1811 2222 et
1863 2167 1919 2221 in

316 2270 442 2326 istis
472 2268 758 2324 verborum
804 2265 1220 2339 proprietatibus
1251 2262 1429 2321 minus
1480 2260 1742 2333 eruditus,
1791 2257 1918 2329 quid

313 2370 467 2420 esset
494 2361 679 2432 religio
706 2359 997 2415 nesciebat.
1025 2357 1180 2413 Absit
1209 2356 1352 2411 enim
1384 2361 1441 2409 ut
1459 2352 1652 2419 dicam,
1682 2344 1760 2408 Te
1783 2350 1917 2405 adu-

314 2456 486 2513 lando
506 2448 742 2511 fallebat.
767 2454 847 2509 Tu
876 2468 1005 2509 vero
1024 2450 1114 2524 qui
1156 2465 1250 2507 eos
1277 2458 1464 2506 contra
1492 2463 1626 2521 quos
1652 2444 1915 2516 disputas,

317 2550 507 2622 arguis
531 2564 594 2605 ex
623 2540 884 2619 propheta
909 2553 966 2601 et
990 2545 1210 2609 clamas,
1243 2540 1332 2597 Vae
1358 2542 1435 2596 liis
1455 2539 1541 2612 qui
1572 2539 1745 2593 dicunt
1767 2553 1915 2591 ama-

316 2661 440 2700 rum
471 2642 635 2708 dulce,
667 2650 713 2695 et
736 2639 882 2693 dulce
906 2654 1139 2711 amarum
1154 2635 1276 2702 ;qui
1292 2634 1466 2715 dicunt
1486 2634 1646 2688 lucem
1672 2628 1916 2695 tenebras,

317 2742 367 2790 et
401 2733 636 2789 tenebras
657 2732 820 2787 lucem
850 2728 1060 2801 (Isai.v,
1087 2727 1180 2800 ΞΟ)
1211 2727 1225 2782 l
1259 2726 1303 2783 si
1326 2724 1632 2799 superstitio
1655 2732 1740 2779 cst
1763 2737 1919 2793 quam

320 2826 610 2883 nobiscum
641 2831 789 2880 tenet
831 2821 1113 2886 Dulcitius,
1157 2835 1254 2875 cur
1282 2832 1402 2874 eam
1450 2816 1758 2886 religionem
1804 2826 1924 2868 esse

319 2917 553 2977 dixisti?
580 2916 637 2973 Si
672 2923 853 2971 autem
896 2928 1081 2970 verum
1116 2910 1319 2978 dixisti,
1353 2925 1450 2965 cur
1492 2908 1798 2963 hmreticam
1841 2914 1924 2960 te-

321 3009 513 3067 nendo
531 3005 989 3079 superstitionem,
1008 3002 1221 3074 respuis
1234 3000 1557 3058 catholicam
1574 2995 1919 3068 religionem?

323 3105 575 3175 Sequere
604 3100 763 3172 igitur
801 3097 1165 3157 testimonium
1194 3104 1341 3152 tuum
1378 3113 1393 3150 :
1434 3092 1667 3150 maxime
1705 3089 1831 3163 quia
1872 3097 1929 3145 et

326 3196 438 3268 ipsi
461 3193 647 3262 vestri,
672 3206 792 3249 cum
819 3190 1204 3263 cognoverint,
1237 3203 1343 3244 non
1379 3185 1476 3242 tibi
1517 3187 1743 3240 fortasse
1773 3196 1928 3238 com-

326 3287 711 3373 municabuut;
742 3286 990 3357 quoniam
1024 3283 1238 3339 tribuno
1283 3280 1513 3361 Dulcitio
1550 3294 1646 3350 per
1676 3279 1778 3357 hoc
1800 3291 1926 3334 ver-

325 3369 464 3439 bum
491 3376 920 3436 communicasti.
951 3374 1067 3443 Eia,
1086 3376 1249 3431 frater
1264 3372 1549 3440 Gaudenti,
1570 3371 1676 3427 noli
1702 3369 1930 3445 perdere

324 3460 673 3555 occasionem
694 3514 710 3540 ,
740 3488 898 3543 quam
930 3469 1024 3526 tibi
1050 3469 1213 3551 etiam
1242 3483 1336 3538 per
1366 3476 1513 3523 tuam
1543 3465 1781 3536 linguam
1818 3466 1928 3522 Do-

323 3552 512 3626 minus
540 3566 707 3645 dedit.
738 3567 823 3645 An
852 3563 990 3621 forte
1015 3561 1082 3618 ad
1104 3561 1208 3618 hoc
1238 3560 1506 3627 irasceris,
1532 3550 1925 3645 ‘quod‘t'ratrem

325 3660 510 3720 voco?
530 3640 650 3739 Hoc
673 3638 815 3715 enim
838 3671 1036 3739 nomen
1065 3670 1095 3710 a
1121 3652 1278 3710 nobis
1303 3653 1462 3709 etiam
1501 3651 1558 3706 in
1594 3636 1778 3705 nostra
1805 3648 1931 3703 Col-

326 3734 549 3813 latione‘
568 3751 850 3825 reSpuistis
879 3734 1016 3822 (ai:
1056 3748 1145 3805 ubi
1172 3740 1483 3805 ostendistis
1514 3758 1612 3799 nos
1643 3757 1784 3807 esse,
1808 3739 1933 3819 qui-

328 3850 440 3907 bus
462 3847 720 3904 Dominus
746 3838 1000 3917 prascepit
1043 3857 1142 3913 per
1180 3837 1497 3917 prophetam
1520 3878 1535 3903 ,
1564 3834 1764 3911 Dicite,
1798 3828 1933 3887 Fra-

332 3952 441 3997 tres
453 3938 614 3995 nostri
634 3937 773 4005 estis,
795 3935 867 4017 eis
884 3910 971 4005 qui
994 3910 1081 3986 vos
1100 3910 1335 3998 oderunt,
1353 3937 1398 3983 et
1419 3910 1506 3999 qui
1520 3942 1605 3980 vos
1624 3925 1936 3987 detestantur

333 4034 453 4107 (1d.
469 4048 610 4099 LXVI,
628 4030 682 4096 5,
707 4045 807 4084 sec.
824 4024 1016 4097 LXX);
1032 4039 1126 4079 vos
1140 4037 1266 4078 vero
1280 4022 1332 4076 in
1353 4033 1575 4075 numero
1593 4032 1778 4072 eorum
1794 4030 1933 4085 esse,

334 4106 436 4199 qui
461 4127 594 4182 istos
618 4122 810 4192 quibus
831 4119 933 4175 hoc
955 4116 1211 4173 Dominus
1242 4113 1393 4179 dicit,
1440 4109 1676 4166 oderunt
1711 4117 1764 4185 et
1786 4106 1938 4162 dete-

336 4212 575 4277 stantur.
607 4214 812 4285 Negare
835 4220 980 4267 certe
1000 4225 1102 4264 non
1131 4216 1305 4280 potes,
1340 4214 1391 4260 te
1420 4202 1734 4273 religionem
1765 4199 1937 4255 dixis-

338 4327 428 4377 se,
459 4311 514 4364 in
545 4322 649 4377 qua
675 4314 758 4361 est
787 4304 1026 4359 tribunus
1053 4299 1334 4355 Dulcitius.
1366 4297 1658 4367 Propterea
1684 4294 1830 4349 illam
1866 4292 1938 4347 ti-

338 4402 404 4458 bi
435 4397 718 4469 epistolam
750 4395 917 4463 misit,
957 4393 1140 4463 utique
1183 4399 1246 4447 ut
1291 4400 1342 4447 te
1384 4404 1491 4445 non
1543 4386 1839 4455 occideres,
1887 4393 1943 4441 et

339 4490 430 4549 illi
461 4488 738 4563 Ecclesiae,
769 4488 823 4543 in
849 4501 952 4559 qua
981 4494 1065 4543 est
1089 4484 1225 4557 ipse,
1245 4481 1699 4540 communicares.
1731 4478 1787 4534 Si
1812 4492 1942 4550 ergo

344 4586 519 4659 ipsius
544 4583 731 4657 religio
771 4591 871 4650 est,
897 4590 985 4638 tua
1024 4579 1335 4652 superstitio
1375 4587 1477 4635 est.
1507 4575 1761 4644 Quamvis
1797 4575 1941 4630 enim

344 4679 513 4739 ambo
531 4676 681 4733 vobis
701 4678 805 4732 hoc
829 4674 1056 4730 invicem
1084 4672 1325 4729 dixeritis
1350 4669 1537 4742 :eligis
1562 4676 1742 4725 tamen
1768 4666 1943 4737 ipsum

341 4772 529 4847 potius
558 4768 752 4825 falsum
785 4767 1007 4836 dixisse,
1027 4781 1186 4841 quam
1210 4774 1282 4821 te.
1324 4834 1327 4843 ι

424 4861 648 4921 CAPUT
700 4859 815 4917 Xll.
865 4887 937 4937 -τ
960 4859 1049 4913 15.
1076 4857 1437 4925 Quamobrem
1457 4853 1751 4911 secundum
1779 4852 1948 4909 veris-

348 4958 552 5016 simum
581 4953 683 5009 hoc
712 4963 862 5009 tuum
891 4949 1257 5029 testimonium
1278 4989 1293 5016 ,
1324 4956 1381 5004 et
1423 4956 1569 5003 tuam
1613 4945 1948 5002 verissimam

348 5049 782 5123 expositionem,
814 5043 1064 5123 quoniam
1111 5043 1299 5115 religio
1344 5050 1429 5097 est
1472 5056 1631 5113 quam
1692 5038 1949 5115 Dulcitins

352 5124 615 5200 tribunus
650 5148 834 5206 tenet;
862 5135 1103 5217 profecto
1132 5134 1321 5207 religio
1372 5141 1487 5201 est,
1528 5140 1712 5205 quate
1755 5130 1822 5186 ad
1847 5145 1949 5207 no_-

350 5244 526 5293 stram
555 5230 984 5289 communionem
1012 5235 1339 5299 praeceptum
1369 5224 1713 5295 Imperatoris
1758 5223 1952 5293 impel-

352 5329 439 5385 lit.
467 5325 625 5384 Unde
652 5324 712 5381 ﬁt
734 5337 1066 5393 consequens
1094 5328 1151 5375 ut
1180 5318 1369 5390 religio
1384 5316 1656 5397 sit‘etiam,
1676 5330 1777 5386 qua
1807 5315 1953 5370 chri-

354 5420 569 5477 stianus
599 5419 889 5489 imperator
914 5412 980 5469 ad
1008 5428 1193 5469 curam
1236 5426 1397 5486 suam
1412 5408 1622 5482 judicat
1645 5408 1916 5483 pertinere
1935 5450 1953 5476 ,

357 5526 434 5570 ne
461 5512 513 5567 in
541 5526 630 5567 res
662 5509 868 5566 divinas
897 5511 1115 5579 impune
1146 5511 1401 5576 peccetur
1428 5520 1442 5556 :
1471 5516 1502 5556 a
1527 5515 1635 5575 quo
1660 5509 1715 5555 tu
1745 5514 1852 5554 non
1879 5499 1956 5554 vis

359 5602 546 5660 curari
596 5602 699 5660 nisi
743 5616 805 5657 ea
834 5614 953 5672 quas
1001 5606 1218 5654 terrena
1267 5594 1542 5666 republica
1594 5592 1953 5648 continentur.

430 5740 505 5802 (a)
540 5746 590 5788 In
609 5736 873 5788 Collatione
907 5734 956 5795 2,
993 5746 1099 5802 cap.
1129 5731 1213 5794 49,
1247 5743 1361 5802 cum
1398 5728 1693 5802 Augustinus
1724 5726 1957 5802 dixisset,

370 5821 397 5851 α
420 5789 516 5853 ssi.
542 5807 620 5852 est
641 5808 803 5851 nostra
825 5789 970 5849 causa
991 5789 1339 5858 factum,'quod
1360 5789 1695 5858 nobisyolunt
1721 5789 1961 5858 imputare

370 5850 397 5912 ά
423 5850 600 5915 fratres
621 5850 772 5913 nostri
796 5875 825 5911 c
859 5862 1054 5912 diverso
1092 5850 1350 5918 sistentcs;
1373 5871 1397 5902 ι
1426 5850 1683 5905 Petilianus
1707 5850 1962 5915 epmcopus

361 5927 511 5991 dixit,
537 5945 562 5975 ι
576 5927 800 5993 Iniuriam
820 5925 962 5975 nobis
981 5922 1113 5974 iacis.
1137 5937 1160 5969 ι

1654 379 1860 440 LIBER
1896 377 2270 439 SECUNDUS.

3502 386 3605 441 750

2017 494 2169 551 Unde
2191 506 2245 553 et
2266 511 2445 569 regem
2476 495 2862 567 Ninivitarum,
2890 496 3089 554 oblitus
3115 496 3241 570 quid
3266 497 3477 571 legeris,
3500 515 3602 571 po:

2016 590 2141 661 pulo
2156 589 2222 646 de
2247 592 2448 663 agenda
2474 594 2782 665 poenitentia
2807 607 2913 649 non
2942 592 3225 651 mandasse
3244 592 3455 657 dixisti.
3477 591 3604 653 Haec

2017 685 2160 737 enim
2191 681 2351 737 verba
2399 693 2484 740 tua
2536 694 2660 740 sunt
2689 684 2756 742 ad
2790 701 2876 741 me
2910 704 2923 740 :
2958 684 3130 753 Quid,
3159 685 3603 758 inquis,,miseros

2017 767 2251 844 decipis?
2277 772 2427 831 Jonas
2454 775 2591 833 Deus
2635 778 2899 850 praecepit,
2932 778 3243 850 prophetam,
3263 775 3514 834 Dominus
3538 793 3599 832 at

2018 865 2265 938 populum
2286 868 2454 937 misit;
2477 869 2606 923 nihil
2635 871 2737 925 tale
2761 871 2868 943 regi
2896 870 3176 926 mandavit.
3210 870 3447 927 Adverle
3474 885 3603 943 ergo

2018 959 2143 1030 quid
2170 959 2429 1032 scriptum
2455 962 2563 1032 sit,
2595 971 2649 1019 et
2692 963 2800 1025 noli
2828 964 2984 1020 irasci
3019 964 3115 1019 tibi
3156 964 3255 1034 ipsi
3295 966 3338 1031 ⁸,
3390 964 3484 1036 qui
3524 962 3612 1020 vel

2018 1053 2195 1109 divina
2223 1056 2418 1125 scripta
2450 1071 2555 1111 non
2586 1057 2780 1112 recolis
2808 1075 2821 1112 :
2850 1058 2933 1113 vel
2958 1064 3013 1114 tu
3044 1058 3225 1129 potius
3252 1058 3480 1125 miseros
3507 1058 3606 1115 de-

2018 1144 2170 1216 cipis.
2202 1145 2437 1202 Surrexit
2468 1145 2631 1203 Jonas
2652 1192 2667 1218 ,
2698 1159 2744 1204 et
2773 1151 2893 1204 abiit
2911 1138 2971 1205 'in
3003 1147 3243 1205 Ninivem
3263 1191 3281 1219 ,
3306 1151 3435 1206 sicut
3460 1150 3606 1207 locu-

2019 1247 2099 1293 tus
2148 1246 2221 1294 est
2271 1238 2539 1297 Dominus.
2595 1241 2781 1297 Ninive
2821 1252 2992 1305 autem
3034 1243 3209 1301 civitas
3246 1259 3432 1317 magna
3454 1251 3601 1311 erat,

2016 1332 2161 1403 quasi
2207 1334 2300 1389 viae
2347 1335 2523 1390 tridui.
2555 1334 2623 1389 Et
2669 1337 2817 1407 erepit
2864 1330 3028 1392 Jonas
3076 1336 3274 1409 ingredi
3310 1337 3607 1406 ciuitatem,
3669 1320 3679 1377 ἶ

2017 1426 2161 1495 quasi
2185 1427 2336 1482 unius
2381 1429 2482 1503 diei
2528 1429 2643 1498 iter,
2671 1440 2717 1485 et
2746 1431 3038 1502 praedicavit
3066 1441 3119 1509 .et
3149 1432 3222 1486 ait
3240 1448 3267 1495 ,ε
3287 1431 3468 1487 Adhuc
3516 1430 3611 1487 tri-

2018 1519 2199 1587 duum,
2224 1531 2274 1577 et
2296 1522 2351 1576 Ν
2354 1523 2485 1577 inive
2509 1523 2838 1595 subuertetur.
2872 1525 2941 1580 Et
2978 1525 3302 1583 crediderunt
3326 1527 3422 1581 viri
3447 1523 3610 1581 Nini-

2021 1612 2132 1669 vin
2161 1612 2381 1668 Domino
2404 1657 2420 1682 ,
2454 1624 2501 1670 et
2525 1616 2819 1672 indixerunt
2835 1618 3090 1690 jejunium
3109 1658 3124 1685 ,
3153 1627 3203 1673 et
3241 1634 3415 1674 saccos
3434 1616 3613 1673 indue-

2018 1715 2167 1772 runt,
2200 1722 2233 1759 a
2258 1708 2452 1777 majore
2477 1724 2633 1777 usque
2669 1709 2740 1764 ad
2776 1711 3038 1764 minorem.
3062 1708 3286 1782 Cumque
3310 1713 3615 1781 pervenisset

2019 1815 2181 1854 sermo
2216 1798 2286 1854 ad
2322 1817 2489 1875 regem
2524 1802 2739 1858 civitatis
2766 1801 2970 1870 Ninioe,
3001 1804 3220 1859 surrexit
3255 1802 3321 1859 de
3346 1804 3464 1860 sede
3491 1821 3609 1871 sua,

2022 1900 2067 1944 et
2092 1891 2309 1947 detraxit
2328 1892 2420 1947 sibi
2436 1894 2558 1949 vesti
2564 1904 2748 1962 menta,
2769 1906 2815 1949 et
2830 1894 3218 1950 secircumdedit
3233 1912 3407 1961 sacco,
3419 1904 3469 1951 et
3492 1911 3614 1951 conc

2021 1986 2149 2042 sedit
2177 1988 2230 2042 in
2246 1988 2430 2043 cinere.
2452 1987 2868 2060 Prwdicaturque
2885 2006 2917 2043 a
2935 2005 3053 2061 rege
3078 1998 3125 2044 et
3149 2007 3182 2044 a
3204 1989 3504 2060 potentibus,
3531 1989 3614 2043 di-

2023 2094 2139 2133 cens
2163 2095 2183 2132 :
2207 2076 2451 2135 Homines
2474 2088 2520 2133 et
2549 2081 2794 2149 iumenta,
2821 2090 2867 2134 et
2889 2096 3003 2135 oves
3028 2089 3073 2134 et
3096 2080 3262 2144 boves,
3294 2089 3618 2150 non.gustent

2023 2171 2319 2247 quidquam,
2339 2190 2427 2228 nec
2439 2183 2729 2245 pascantur,
2753 2182 2800 2228 et
2828 2190 3017 2247 aquam
3039 2190 3139 2229 non
3160 2174 3352 2229 bibant.
3370 2173 3439 2228 Et
3452 2173 3617 2228 induti

2025 2273 2145 2319 sunt
2171 2281 2343 2321 saccos
2372 2266 2620 2337 homines,
2642 2276 2690 2322 et
2706 2273 2943 2337 jumenta
2968 2267 3404 2339 proclamaverunt
3424 2266 3493 2320 ad
3509 2264 3619 2321 Do-

2025 2356 2218 2412 minum
2232 2358 2455 2430 impense
2468 2374 2489 2412 :
2503 2368 2550 2413 et
2564 2377 2770 2415 aversus
2786 2368 2858 2415 est
2874 2359 3216 2430 unusquisque
3228 2376 3261 2414 a
3284 2360 3366 2413 uia
3385 2359 3620 2429 nequitia

2025 2465 2130 2503 suw
2142 2459 2187 2503 et
2202 2450 2480 2521 iniquitatis
2494 2468 2645 2525 quam
2656 2452 2709 2506 in
2728 2452 2958 2509 manibus
2972 2452 3186 2507 habebat
3207 2451 3379 2526 (1m
3388 2467 3467 2519 ιη,
3479 2451 3614 2525 3-8).

2026 2544 2265 2600 Audisne
2308 2545 2520 2601 tandem
2544 2561 2725 2617 regem
2769 2562 3021 2614 curasse,
3053 2546 3195 2618 quod
3216 2546 3283 2602 ad
3312 2562 3496 2617 regum
3524 2560 3620 2602 cu-

2026 2650 2142 2691 ram
2172 2636 2264 2692 tibi
2306 2637 2589 2707 displiceat
2617 2638 3106 2709 pertinere7Certe
3140 2649 3198 2695 ut
3231 2641 3472 2710 impense
3492 2653 3622 2710 age-

2028 2738 2196 2796 retur,
2229 2731 2372 2799 quod
2406 2732 2584 2787 minus
2612 2748 2773 2803 quam
2822 2739 3162 2802 oportuerat,
3193 2731 3466 2804 agebatur.
3492 2730 3620 2788 ideo

2029 2837 2155 2895 ergo
2196 2822 2440 2885 Ninivitse
2491 2842 2597 2881 non
2624 2836 2748 2882 sunt
2780 2826 3250 2897 exepoliationibus
3281 2823 3623 2896 proscriptio-

2030 2915 2296 2987 nibusque
2324 2918 2408 2972 vel
2451 2926 2657 2975 terrore
2711 2920 2941 2974 militum
2996 2919 3063 2975 ad
3108 2920 3476 2993 pmnitentiam
3523 2918 3624 2973 im-

2032 3006 2182 3077 perio
2218 3006 2359 3079 regis
2405 3002 2635 3078 arctati',
2661 2996 2801 3080 quia.
2827 3009 3141 3065 obedienter
3159 3010 3307 3081 jussa
3358 3008 3620 3065 fecerunt.

2031 3102 2151 3160 Non
2199 3104 2377 3175 itaque
2423 3104 2758 3160 ostendimus
2816 3106 3072 3176 populum
3132 3104 3230 3171 ista
3273 3118 3621 3174 perpessum,

2033 3195 2157 3267 quia
2179 3211 2280 3251 nec
2311 3203 2366 3250 tu
2394 3195 2634 3251 ostendis
2659 3212 2840 3275 regcpt
2870 3194 3034 3251 fuisse
3072 3203 3456 3266 contemptum.
3490 3194 3626 3249 Pro-

2034 3287 2159 3345 inde
2182 3303 2305 3346 cum
2330 3288 2544 3359 regibus
2564 3304 2628 3344 ea
2664 3304 2785 3359 qua:
2811 3289 3107 3344 secundum
3144 3288 3314 3344 Deum
3349 3285 3593 3342 suntaeli
3612 3316 3625 3325 -

2035 3381 2187 3453 gioso
2217 3382 2411 3437 timore
2446 3380 2761 3455 jubentibus
2785 3381 3011 3452 quisque
3048 3379 3413 3450 obtemperat,
3434 3378 3630 3435 timore

2036 3473 2299 3548 incipiens
2322 3480 2389 3531 et
2411 3472 2482 3531 ad
2519 3473 2862 3543 dilectionem
2884 3471 3194 3545 proﬁciens,
3218 3487 3251 3527 a
3283 3470 3507 3528 Domino
3533 3483 3630 3525 ac-

2037 3565 2168 3638 cipit
2190 3581 2374 3638 pacem
2409 3567 2720 3623 :nonsicut
2748 3580 2934 3637 pacem
2960 3564 3052 3619 dat
3069 3563 3347 3631 saeculum;
3378 3561 3630 3633 quoniam

2037 3659 2294 3716 saeculum
2337 3659 2435 3725 dat
2473 3675 2656 3729 pacem
2680 3668 2899 3731 propter
2932 3657 3277 3727 temporalem
3304 3655 3586 3710 utilitatem
3610 3693 3628 3721 ,

2040 3751 2300 3808 Dominus
2325 3759 2502 3806 autem
2532 3758 2751 3830 propter
2781 3759 3038 3807 aeternam
3067 3748 3311 3803 salutem.
3341 3746 3487 3817 Ergo
3506 3747 3632 3818 quia

2040 3847 2142 3904 ista
2165 3847 2352 3917 religio
2376 3853 2455 3901 est
2480 3886 2496 3914 ,
2525 3846 2579 3901 in
2604 3860 2706 3916 qua
2744 3853 2829 3901 est
2872 3844 3115 3899 tribunus
3159 3841 3413 3896 Dulcitius
3434 3838 3633 3914 (neque

2042 3942 2184 4000 enim
2208 3940 2370 3997 verba
2393 3948 2481 3996 tua
2503 3948 2793 4010 negaturus
2808 3939 2911 4012 es);
2934 3938 3242 4009 superstitio
3266 3944 3350 3992 est
3377 3949 3504 4006 pars
3527 3935 3631 3991 Do-

2042 4036 2184 4101 nati,
2212 4033 2355 4091 unde
2381 4041 2435 4091 te
2463 4033 2580 4089 vult
2604 4034 2719 4088 erui
2750 4031 2908 4103 hujus
2937 4030 3151 4101 religio:
3182 4029 3489 4099 superstitio
3507 4038 3590 4084 est
3613 4072 3629 4097 ,

2044 4126 2186 4199 quod
2214 4134 2267 4181 te
2293 4124 2490 4197 quaeris
2516 4123 2764 4180 occidere
2786 4163 2802 4191 ,
2833 4122 2973 4193 quod
3001 4119 3155 4176 valde
3198 4120 3449 4191 prohibet
3474 4119 3634 4188 hujus

2043 4219 2231 4291 religio
2255 4236 2267 4272 :
2300 4217 2609 4288 superstitio
2629 4214 2887 4286 est,quod
2913 4228 3038 4285 erga
3065 4214 3160 4268 ista
3194 4227 3379 4268 curam
3396 4210 3635 4281 impera-

2047 4311 2176 4367 toris
2193 4307 2573 4380 reprehendis,
2595 4320 2755 4378 quam
2786 4305 3021 4377 suscepit
3055 4304 3452 4376 exsequendum
3474 4302 3634 4384 huius

2045 4404 2253 4476 religio.
2796 4452 2799 4459 ,

2118 4496 2342 4555 CAPUT
2367 4496 2502 4554 Xlll.
2523 4524 2596 4538 ——
2623 4493 2916 4564 H.1taque
2939 4493 3060 4565 quia
3092 4492 3255 4548 verbo
3285 4499 3376 4547 tuo
3393 4503 3554 4546 causa
3580 4490 3638 4545 ti-

2049 4594 2158 4650 nita
2176 4602 2280 4661 est,
2298 4593 2523 4649 obsecro
2549 4607 2644 4662 per
2670 4591 2836 4645 Deum
2865 4587 3155 4660 religionis,
3174 4587 3341 4645 Deum
3372 4583 3637 4653 veritatis,

2050 4702 2108 4746 ut
2135 4690 2295 4746 etiam
2328 4698 2449 4744 tuus
2488 4702 2642 4742 error
2666 4682 2957 4754 aliquando
2985 4682 3216 4737 ﬁniatur.
3243 4678 3361 4752 ipsa
3392 4690 3503 4743 est,
3529 4679 3636 4733 fra-

2053 4794 2153 4849 ter,
2185 4781 2422 4838 Ecclesia
2457 4776 2686 4844 Christi,
2717 4790 2838 4846 quaa
2872 4774 2977 4830 hoc
3017 4783 3259 4844 tempore
3281 4813 3297 4841 ,
3326 4779 3438 4827 toto
3464 4779 3639 4823 terra-

2053 4891 2171 4933 rum
2196 4874 2327 4930 orbe
2352 4869 2643 4929 crescendo
2690 4868 2962 4933 dilatatur,
2985 4866 3267 4922 continens
3294 4872 3349 4919 et
3373 4861 3565 4917 malos.
3587 4866 3641 4915 e‘t

2053 4973 2260 5037 bonos,
2291 4966 2641 5022 ventilatione
2681 4961 2868 5018 ultima
2912 4946 3257 5032 separandos.
3292 4956 3467 5025 Atque
3507 4961 3563 5007 ut
3588 4961 3640 5007 te

2056 5065 2121 5120 ad
2168 5071 2465 5119 extremum
2501 5059 2643 5115 illius
2671 5057 2850 5129 potius
2879 5055 3054 5111 verbis
3078 5052 3341 5121 alloquar,
3370 5062 3526 5119 quem
3560 5056 3642 5102 te-

2056 5167 2194 5215 stem
2238 5154 2487 5211 catholici
2533 5152 2767 5210 nominis
2810 5149 3068 5206 adhibere
3115 5142 3326 5199 voluisti
3357 5158 3370 5196 :
3398 5140 3528 5212 Ipsa
3574 5149 3646 5193 est

2059 5269 2172 5323 qua:
2196 5249 2401 5304 Domini
2422 5249 2533 5304 luce
2561 5247 2767 5320 perfusa
2788 5287 2803 5312 ,
2837 5260 2924 5314 per
2947 5240 3115 5297 orbem
3133 5245 3293 5292 totum
3331 5234 3504 5290 radios
3529 5249 3647 5288 suos

2062 5345 2274 5420 porrigit
2303 5346 2457 5415 :ips‘a
2504 5352 2576 5398 est
2602 5357 2716 5412 qua:
2741 5353 2909 5394 ramos
2947 5349 3063 5388 suos
3102 5348 3192 5405 per
3230 5330 3518 5384 universam
3543 5335 3647 5380 ter-

2062 5419 2174 5498 ram
2215 5440 2361 5511 cOpia
2398 5437 2637 5494 ubertatis
2680 5431 2900 5489 extendit
2943 5427 3290 5503 (Cyprianus,
3337 5424 3401 5478 de
3444 5419 3653 5477 Unitate

2065 5534 2349 5603 Ecclesiw).
2371 5529 2602 5587 Proinde
2622 5527 2712 5581 etsi
2728 5525 2957 5578 videntur
2987 5522 3039 5575 in
3056 5519 3147 5575 illa
3172 5535 3277 5573 esse
3313 5515 3530 5577 zizania,
3549 5527 3651 5566 non

2068 5642 2232 5683 tamen
2258 5624 2488 5697 impediri
2529 5622 2669 5677 debet
2694 5629 2780 5672 aut
2806 5618 2936 5688 ﬁdes
2959 5656 2974 5684 ,
3008 5624 3095 5669 aut
3122 5613 3343 5668 charitas
3364 5617 3575 5669 nostra;
3597 5612 3654 5657 ut

2065 5722 2303 5795 quoniam
2324 5718 2522 5774 zizania
2560 5730 2666 5769 esse
2692 5713 2744 5766 in
2775 5710 3004 5766 Ecclesia
3025 5709 3275 5764 cernimus
3300 5746 3311 5772 ,
3341 5702 3441 5774 ipsi
3466 5698 3651 5773 deb'c‘

2133 5909 2151 5942 ί
2175 5910 2337 5964 Forte,
2354 5894 2502 5950 irasci
2521 5890 2617 5945 nisi
2635 5889 2724 5945 tibi
2743 5889 2839 5955 ipsi
