4026 6468
408 399 508 457 ⁸151

405 511 563 568 clesia
585 508 894 566 recedamus.
932 507 1095 563 Nobis
1135 508 1482 562 tantummodo
1521 508 1850 562 laborandum
1874 519 1947 562 est
1975 549 1990 573 ,

408 614 464 660 ut
488 605 796 677 frumentum
825 619 928 659 esse
958 602 1224 673 possimus,
1256 611 1308 655 ut
1329 619 1440 656 cum
1461 601 1767 672 frumentum
1794 601 1997 672 casperit

411 683 681 754 dominicis
724 699 916 755 ltorreis
943 698 1127 765 condi,
1160 700 1379 770 fructum
1419 715 1510 768 pro
1540 687 1703 768 rapere
1731 706 1900 751 nostra
1950 703 1998 748 et

407 791 583 846 labore
607 791 886 862 capiamus.
911 790 1186 859 Apostolus
1214 791 1266 844 in
1295 789 1528 860 Epistola
1551 805 1644 843 sua
1668 789 1789 842 dicit
1820 803 1839 842 :
1873 807 1890 838 ι
1929 785 1998 839 In

409 885 562 940 domo
591 894 755 939 autem
783 901 968 956 magna
986 927 1001 952 ,
1025 901 1126 938 non
1153 883 1315 938 solum
1351 899 1471 937 vasa
1509 892 1624 937 sunt
1653 899 1807 936 aurea
1833 889 1878 934 et
1906 896 1996 934 ar-

406 987 588 1049 gentea
612 1019 626 1042 ,
655 976 743 1032 sed
768 986 815 1030 et
842 977 1009 1048 lignea
1038 986 1084 1032 et
1112 976 1311 1045 fictilia;
1344 985 1387 1030 et
1413 977 1646 1046 quaedam
1671 974 1873 1045 quidem
1899 974 1994 1027 lto-

404 1079 604 1135 norata,
623 1069 858 1140 quaedam
886 1085 999 1124 vero
1027 1071 1328 1125 inhonorata
1362 1088 1380 1122 ι
1403 1067 1480 1140 (ll
1504 1067 1636 1122 Tim.
1665 1084 1721 1134 ιι,
1740 1067 1852 1138 20).
1885 1065 1998 1120 Nos

408 1177 617 1233 cperam
645 1162 840 1226 demus,
865 1169 911 1216 et
930 1172 1172 1231 quantum
1198 1177 1468 1232 possumus
1494 1159 1796 1226 laboremus,
1825 1165 1879 1212 ut
1909 1175 1997 1212 vas

405 1268 616 1306 aureum
636 1252 712 1306 vel
737 1261 1027 1323 argenteum
1052 1255 1228 1306 simus.
1253 1251 1502 1306 Craterum
1523 1252 1702 1320 ﬁctilia
1732 1267 1851 1304 vasa
1877 1266 1998 1303 con-

409 1344 650 1415 fringere,
680 1343 896 1399 Domino
921 1347 1015 1400 soli
1040 1362 1330 1399 concessum
1353 1353 1456 1413 est,
1487 1345 1570 1399 cui
1597 1355 1645 1398 et
1674 1345 1814 1416 virga
1837 1345 1999 1415 ferrea

407 1434 530 1487 data
573 1449 644 1489 est
674 1433 843 1505 (Psal.
878 1452 914 1490 tt
939 1442 951 1500 ;
977 1436 1056 1503 9).
1092 1436 1216 1490 Esse
1244 1454 1346 1491 non
1384 1446 1543 1508 potest
1582 1438 1747 1508 major
1780 1436 1996 1490 Domino

405 1540 499 1578 suo
525 1541 695 1579 servus
726 1541 744 1579 :
773 1543 862 1580 nec
889 1528 1155 1598 quisquam
1195 1527 1328 1596 sibi,
1360 1528 1495 1599 quod
1533 1528 1630 1583 soli
1672 1527 1807 1582 Filio
1841 1526 1999 1581 Pater

407 1615 614 1685 tribuit,
639 1619 906 1672 vindicarit
928 1661 943 1687 ,
973 1630 1028 1673 ut
1049 1637 1101 1674 se
1126 1629 1298 1690 putet,
1330 1630 1418 1673 aut
1446 1619 1514 1674 ad
1551 1636 1723 1673 aream
1749 1621 1999 1674 uentilan—

407 1707 528 1760 dam
551 1716 599 1761 et
639 1709 995 1780 purgandum,
1021 1710 1192 1779 palam
1211 1711 1325 1780 jam
1359 1712 1490 1780 ferre
1516 1727 1685 1779 posse,
1716 1718 1801 1764 aut
1823 1727 1854 1763 a
1883 1711 1998 1779 fru-

408 1810 574 1853 mento
604 1799 836 1853 universa
877 1801 1075 1854 zizania
1121 1801 1341 1854 humano
1362 1800 1562 1871 judicio
1606 1817 1863 1871 separare.
1898 1801 2001 1855 Su-

407 1891 562 1959 perba
589 1899 664 1945 est
690 1892 788 1946 ista
807 1890 1074 1946 obstinatio
1096 1901 1140 1946 et
1179 1893 1428 1963 sacrilega
1457 1893 1784 1963 praesumptio
1806 1934 1820 1957 ,
1849 1908 1998 1963 quant

406 1981 502 2034 sibi
523 1981 668 2051 furor
695 2000 880 2052 pravus
905 1984 1135 2037 assumit.
1165 1983 1235 2037 Et
1264 1983 1382 2037 dum
1409 1983 1503 2037 sibi
1549 2000 1745 2053 semper
1791 1985 2000 2052 quidant

407 2074 522 2144 plus
547 2091 700 2145 quam
719 2077 854 2130 mitis
873 2077 1068 2146 iustitia
1107 2076 1349 2148 deposcit,
1371 2084 1654 2153 assumunt,
1683 2076 1747 2130 de
1772 2075 2002 2131 Ecclesia

409 2176 710 2237 pereunt:et
737 2169 859 2223 dum
876 2187 932 2224 se
950 2170 1224 2225 insolenter
1249 2169 1516 2237 extollunt,
1550 2171 1661 2241 ipso
1685 2187 1778 2224 suo
1807 2180 2000 2224 tumore

407 2263 584 2316 cacati
605 2304 621 2329 ,
653 2263 876 2318 ueritatis
905 2263 1074 2318 lumen
1099 2264 1336 2318 amittunt
1361 2263 1552 2334 (Epist.
1580 2263 1649 2317 ad
1671 2262 1998 2333 Maximum).

405 2351 706 2409 Beatissimi
736 2355 989 2426 Cypriani
1030 2364 1156 2412 sunt
1194 2356 1357 2430 verba
1386 2357 1487 2412 ista
1508 2398 1522 2421 ,
1557 2371 1662 2411 non
1697 2372 1813 2412 mea
1844 2375 1856 2410 :
1887 2357 2002 2428 ejus

405 2443 656 2501 videlicet
679 2446 840 2502 verba
878 2456 1032 2513 sunt,
1061 2462 1220 2519 quem
1250 2456 1306 2504 tu
1340 2448 1495 2504 nobis
1542 2448 1890 2504 lectissimum
1919 2456 2001 2504 te-

408 2544 546 2593 stem
571 2537 821 2594 catholici
848 2539 1080 2595 nominis
1102 2581 1116 2605 ,
1146 2540 1201 2594 in
1230 2548 1440 2596 tuorum
1465 2539 1801 2612 Scriptorum
1845 2549 2004 2597 exor-

408 2629 500 2684 dio
526 2630 778 2700 posuisti,
808 2639 864 2687 et
879 2646 977 2702 per
999 2632 1164 2687 multa
1190 2633 1559 2702 copiosissime
1587 2633 1999 2701 commendasti;

407 2720 517 2775 imo
539 2735 634 2791 per
651 2721 824 2792 ipsum
849 2723 1126 2794 (quoniam
1143 2739 1264 2780 vera
1292 2734 1451 2795 atque
1469 2723 1653 2780 divina
1670 2731 1796 2779 sunt
1813 2724 1999 2794 verba)

1297 391 1663 450 ADMONITIO
1700 393 1767 449 IN
1792 385 2344 462 SUBSEQUENTEM
2381 384 2773 446 SERMONEM.

3583 378 3690 438 752

2102 499 2260 560 vante
2290 500 2652 577 misericqrdia
2679 497 3006 564 Salvatoris,
3050 491 3206 550 simul
3249 491 3565 549 cnaritatem
3601 506 3690 548 ca-

2103 599 2352 655 tholicam
2385 607 2656 654 teneamus
2679 635 2693 660 ,
2726 593 2884 648 simul
2931 605 3115 662 pacem
3145 587 3461 644 catholicam
3501 584 3690 657 diliga-

2101 709 2238 759 mus,
2273 692 2430 747 simul
2459 706 2581 746 cum
2609 689 2725 760 ejus
2756 686 3037 742 frumentis
3065 695 3444 754 usquequaque
3469 693 3686 734 cresca-

2101 801 2242 853 mus,
2270 785 2429 840 simul
2457 800 2624 854 usque
2666 781 2732 838 ad
2761 781 2920 836 ﬁnem
2948 777 3149 834 zizania
3193 776 3504 840 toleremus,
3533 771 3694 828 simul

2103 879 2154 932 in
2186 878 2382 932 horreo
2406 877 2523 931 sine
2570 875 2677 930 ﬁne
2723 874 2981 928 vivamus.
3009 869 3174 926 Vides
3203 881 3400 938 nempe
3443 865 3561 922 sine
3587 863 3694 919 ulla

2103 968 2414 1025 defensione
2442 966 2713 1022 Cmciliani
2733 1007 2749 1033 ,
2773 964 2855 1019 vel
2881 961 3238 1034 quorumlibet
3258 958 3536 1013 hominum
3560 970 3693 1027 quos

2103 1061 2434 1119 accusandos
2461 1061 2661 1130 putatis
2680 1101 2695 1126 ,
2727 1056 3052 1114 Catholicam
3083 1070 3183 1110 suo
3211 1053 3407 1110 robore
3435 1065 3500 1115 ac
3520 1049 3693 1104 ﬁrmi-

2105 1165 2212 1212 tate
2253 1155 2572 1210 consistere.
2606 1152 2861 1221 Quamvis
2895 1159 2951 1207 et
2974 1147 3245 1205 Cteciliani
3273 1160 3490 1202 causam
3521 1144 3692 1200 Colla-

2105 1249 2178 1304 tio
2207 1257 2387 1304 nostra
2434 1246 2737 1319 purgaverit
2766 1263 2778 1298 :
2807 1253 2861 1299 et
2903 1243 3128 1298 aliorum
3153 1281 3169 1310 ,
3202 1239 3269 1296 de
3319 1239 3512 1310 quibus
3549 1237 3693 1292 calu-

2103 1339 2399 1404 mniamini,
2417 1347 2510 1393 aut
2533 1338 2692 1393 dubia
2717 1337 2785 1392 sit
2800 1333 3120 1398 criminatio,
3142 1341 3234 1386 aut
3261 1330 3457 1401 injusta
3478 1328 3695 1383 damna-

2106 1435 2200 1491 tio.
2222 1435 2325 1491 Sed
2352 1434 2505 1490 valde
2530 1432 2748 1488 stultum
2778 1439 2860 1485 est
2902 1437 2961 1484 ut
2994 1425 3253 1482 Ecclesiae
3289 1438 3506 1480 causam
3528 1464 3543 1488 ,
3565 1420 3696 1476 divi-

2105 1527 2189 1584 nis
2216 1527 2536 1584 testimoniis
2583 1525 2771 1580 fultam
2797 1532 2958 1592 atque
3000 1520 3296 1586 munitam,
3323 1518 3377 1573 in
3420 1515 3697 1571 hominum

2105 1621 2279 1676 causis
2309 1618 2518 1674 ratione
2562 1616 2898 1672 exorbitante
2950 1626 3214 1683 ponamus
3261 1629 3275 1664 :
3325 1626 3448 1666 cum
3489 1609 3697 1665 etiamsi

2105 1713 2225 1769 illos
2254 1713 2424 1768 malos
2451 1709 2888 1766 manifestissime
2916 1707 3244 1770 videremus,
3268 1719 3368 1760 nec
3389 1704 3500 1775 jam
3539 1717 3696 1773 sepa-

2104 1820 2227 1862 rare
2251 1820 2281 1858 a
2311 1801 2674 1859 Sacramentis
2714 1800 2968 1856 Ecclesiae
2995 1798 3299 1854 valeremus
3321 1839 3336 1864 ,
3370 1811 3475 1851 non
3523 1803 3698 1849 tamen

2105 1899 2353 1970 impediri
2396 1898 2622 1953 deberet
2668 1904 2761 1950 aut
2801 1893 2932 1948 ﬁdes
2983 1900 3076 1947 aut
3099 1892 3334 1946 Charitas
3385 1895 3612 1952 nostra;
3643 1893 3701 1941 ut

2106 1995 2356 2064 quoniam
2386 2000 2440 2048 et
2464 1991 2596 2046 istos
2639 1989 2780 2044 inter
2808 1987 3010 2042 zizania
3033 2000 3153 2041 esse
3184 1985 3237 2039 in
3261 1983 3498 2038 Ecclesia
3520 1996 3700 2037 cerne-

2107 2100 2308 2148 remus,
2340 2083 2439 2154 ipsi
2470 2081 2537 2136 de
2569 2081 2810 2136 Ecclesia
2857 2077 3111 2134 recedere
3139 2076 3477 2132 deberemus.
3526 2074 3585 2129 Si
3611 2089 3698 2129 re-

2107 2173 2376 2244 spondere
2422 2172 2624 2242 cogitas
2644 2212 2660 2239 ,
2693 2170 2802 2225 noli
2833 2183 3049 2224 causam
3078 2166 3405 2237 relinquere,
3428 2172 3486 2220 et
3515 2165 3571 2218 in
3612 2178 3697 2218 su-

2107 2265 2459 2336 pervacaneis
2481 2251 2719 2334 evagari.
2751 2261 2826 2317 Ea
2857 2277 2976 2333 quae
3003 2260 3141 2314 dicta
3166 2267 3325 2323 sunt,
3350 2258 3560 2312 intuere
3592 2273 3604 2309 :
3633 2254 3701 2310 ad

2109 2374 2173 2415 ea
2202 2375 2320 2429 quae
2349 2358 2493 2414 dicta
2536 2364 2683 2422 sunt,
2713 2370 2819 2410 non
2859 2354 3118 2408 fallaciter
3160 2349 3423 2408 eludendo
3444 2390 3459 2413 ,
3487 2349 3584 2406 sed
3612 2363 3700 2404 ra-

2109 2452 2433 2508 tionabiliter
2483 2447 2810 2520 disputando
2857 2445 3150 2518 responde.
3183 2443 3316 2499 Nam
3361 2443 3450 2498 illa
3492 2442 3695 2513 prolixa

2109 2533 2459 2617 responsione
2483 2543 2609 2616 quid
2637 2542 2832 2614 egeris,
2854 2541 2940 2597 vel
2965 2541 3144 2612 potius
3159 2553 3320 2609 quam
3343 2537 3475 2592 nihil
3501 2536 3696 2606 egeris,

2112 2639 2153 2695 si
2183 2639 2545 2696 necessarium
2581 2637 2760 2692 visum
2789 2634 2988 2700 fuerit,
3012 2633 3374 2702 Dominusque
3401 2627 3697 2696 donaverit,

2111 2747 2274 2802 opere
2295 2732 2400 2787 alio
2429 2730 2735 2803 diligentius
2757 2727 3159 2785 demonstrabo.

408 2821 533 2868 sunt
567 2813 684 2870 Dei.
717 2815 858 2872 Ecce
883 2816 1026 2887 quod
1068 2815 1191 2873 audi
1211 2858 1227 2886 ,
1261 2831 1388 2874 ecce
1410 2817 1554 2888 quod
1582 2832 1713 2873 cave
1732 2859 1746 2883 ,
1771 2827 1829 2872 ut
1851 2817 2004 2888 adju-
3701 2888 3710 2904 ο

454 2947 3683 3000 ama-rm

452 2995 3282 3004 _—_______—_—_____——_—__—____

3288 2994 3394 3003 _—-—
3411 2995 3426 3001 ι.

751 3095 1426 3181 ADMONITIO
1468 3097 1592 3180 IN
1647 3086 2598 3207 SUBSEQUENTEM
2649 3091 3339 3177 SERMONEM.

483 3282 639 3339 Hunc
661 3295 966 3339 sermonem
989 3296 1062 3337 ex
1087 3280 1316 3337 Cellensi
1345 3279 1532 3337 codice
1555 3279 1694 3336 eruit
1719 3279 2074 3351 Hieronymus
2089 3277 2414 3351 Vignierius,
2459 3283 2514 3333 et
2550 3277 2602 3332 in
2647 3275 2939 3332 secundum
2981 3284 3182 3330 tomum
3218 3272 3522 3329 concinnati
3568 3287 3602 3328 a
3642 3285 3701 3330 se

407 3377 773 3449 Supplementi
802 3377 1171 3448 Augusti-iani
1192 3377 1390 3444 retulit,
1414 3375 1545 3430 nihil
1574 3376 1687 3446 ipse
1708 3373 1956 3430 dubitans
1982 3377 2109 3447 quin
2132 3391 2258 3431 vere
2284 3375 2456 3431 dictus
2481 3374 2549 3429 ab
2587 3374 2886 3445 Augustino
2911 3373 3072 3427 fuerit
3090 3415 3104 3440 ,
3149 3380 3204 3428 et
3241 3370 3456 3442 quidem
3499 3370 3701 3440 primus

409 3484 596 3524 eorum
624 3483 931 3524 sermonum
953 3482 1087 3539 quos
1117 3467 1177 3522 Β.
1211 3467 1510 3538 Episcopus
1537 3475 1656 3537 post
1685 3466 1875 3521 Valerii
1899 3467 2241 3536 praecessoris
2269 3467 2350 3520 sui
2374 3466 2576 3522 obitum
2603 3465 2729 3521 fecit
2769 3465 2835 3520 ad
2874 3464 3100 3535 plebem.
3129 3463 3325 3519 Verum
3369 3473 3425 3517 ut
3464 3478 3573 3517 non
3618 3461 3698 3517 hic

413 3562 766 3617 intmoremur
795 3561 848 3616 in
870 3559 1224 3631 expendenda
1247 3559 1405 3629 stylo,
1437 3559 1528 3629 qui
1549 3573 1648 3614 nec
1679 3559 1807 3613 satis
1835 3559 2112 3628 gravitatis
2131 3567 2184 3614 et
2205 3557 2496 3628 dignitatis,
2526 3573 2626 3614 nec
2652 3558 2900 3612 dictionis
2928 3558 3146 3612 omnino
3168 3555 3562 3625 AttguSlinianm
3583 3569 3697 3609 mo-

409 3652 536 3708 dum
567 3653 767 3709 habere
795 3653 1024 3718 videtur,
1053 3661 1198 3708 certe
1236 3665 1416 3707 sermo
1445 3650 1696 3706 historias
1718 3650 1871 3716 duas,
1896 3651 2118 3706 alteram
2145 3649 2352 3706 dieeoni
2374 3650 2648 3719 cujusdam
2674 3649 3130 3721 Mutugennensis,
3155 3650 3374 3703 alteram
3405 3646 3696 3702 Rusticiani

410 3745 550 3817 (seu,
578 3746 708 3800 utin
735 3746 958 3816 antiquo
982 3742 1271 3814 exemplari
1304 3743 1558 3813 scriptum
1583 3750 1682 3806 est,
1714 3740 2036 3813 Rusticani),
2067 3756 2190 3811 qua:
2228 3756 2297 3796 ex
2337 3751 2575 3809 tempore
2603 3749 2764 3810 atque
2795 3740 2912 3794 aliis
2956 3739 3368 3793 circumstantiis
3405 3739 3696 3808 probantur

408 3837 569 3908 longe
592 3837 836 3902 diversae,
868 3837 1153 3907 permiscet
1181 3834 1576 3905 confunditque.
1604 3831 1735 3888 Nam
1769 3833 1821 3887 in
1865 3832 2050 3902 primis
2079 3832 2404 3886 Rusticanus
2434 3830 2524 3886 ille
2561 3831 2654 3901 qui
2699 3832 2751 3884 in
2798 3829 2900 3884 hoc
2941 3845 3190 3884 sermone
3228 3831 3489 3884 diaconus
3525 3827 3698 3882 Mutuv

407 3933 586 4004 gensis
615 3941 853 3995 vocatur,
884 3941 932 3986 et
958 3945 1078 3985 cum
1105 3929 1172 3984 ab
1195 3929 1434 3986 Ecclesia
1463 3927 1722 3983 catholica
1751 3926 2035 3981 defecisset
2062 3925 2127 3980 ad
2167 3925 2470 3980 Donatistas
2491 3965 2504 3989 ,
2535 3939 2566 3978 a
2597 3923 2863 3978 Macrobio
2893 3923 3251 3991 rebaptizatus
3281 3922 3476 3976 dicitur
3503 3930 3558 3976 et
3583 3921 3699 3976 dia-

408 4042 576 4084 conus
602 4027 798 4094 factus;
830 4027 894 4090 is,
920 4026 1157 4096 inquam.
1185 4023 1433 4095 plurimis
1459 4022 1667 4078 indiciis
1695 4018 2019 4090 signiﬁcatur
2047 4018 2191 4074 idem
2219 4033 2439 4088 prorsus
2467 4031 2588 4072 esse
2607 4033 2727 4072 cum
2759 4015 2985 4071 diacono
3024 4017 3117 4070 illo
3164 4016 3566 4086 Mutugennensi
3611 4030 3697 4069 re-

411 4119 704 4189 baptizato,
736 4118 888 4187 cujus
936 4131 1096 4171 causa
1145 4115 1474 4185 Augustinus
1540 4113 1817 4182 epistolam
1841 4110 1933 4176 23,
1957 4109 2114 4165 tacito
2135 4109 2302 4180 ipsius
2321 4109 2530 4164 diaconi
2553 4108 2789 4174 nomine,
2808 4108 3020 4177 scripsit
3039 4107 3105 4162 ad
3127 4107 3467 4161 Maximinum
3490 4107 3700 4161 circiter

408 4222 606 4264 annum
635 4209 830 4264 Christi
861 4209 986 4265 399..
1017 4207 1331 4277 Quanquam
1365 4206 1524 4260 etiam
1563 4204 1665 4258 alia
1691 4204 1936 4275 legantur
1967 4201 2052 4257 hic
2078 4217 2187 4257 non
2217 4216 2385 4272 pauca
2427 4216 2546 4272 quae
2581 4201 2634 4255 in
2677 4201 2849 4270 ipsum
2877 4201 3094 4255 minime
3122 4200 3464 4256 conveniunt.
3495 4199 3704 4269 Quippe

409 4316 476 4356 eo
501 4310 740 4372 tempore
761 4318 866 4372 quo
885 4303 1142 4356 diaconus
1172 4300 1263 4354 ille
1289 4315 1318 4353 a
1351 4299 1639 4354 Donatistis
1672 4305 1920 4366 receptus
1953 4295 2070 4362 fuit,
2109 4303 2225 4351 erat
2252 4295 2426 4350 adhuc
2453 4294 2736 4366 presbyter
2766 4294 3112 4364 Augustinus,
3138 4293 3213 4348 uti
3244 4309 3311 4349 ex
3344 4293 3533 4348 eadem
3584 4292 3701 4361 epi-

409 4393 548 4449 stola
572 4393 645 4447 23
664 4393 848 4464 liquet.
880 4394 947 4446 At
971 4392 1246 4446 Sermonis
1268 4398 1456 4445 auctor
1483 4405 1630 4444 num.
1664 4389 1698 4442 5
1729 4397 1952 4443 testatur
1978 4402 2036 4444 se
2065 4387 2120 4442 in
2135 4387 2257 4457 ipso
2283 4387 2448 4441 oneris
2476 4387 2557 4440 sui
2585 4386 2792 4441 exordio
2826 4387 3021 4441 dedisse
3047 4402 3275 4458 operam,
3304 4396 3358 4441 ut
3383 4387 3436 4439 in
3463 4383 3702 4456 praecipi-

412 4484 537 4536 tium
565 4491 790 4537 ruentem
816 4483 866 4535 in
898 4481 1052 4552 plano
1073 4479 1359 4533 collocaret.
1392 4479 1500 4534 Nec
1521 4479 1664 4533 enim
1687 4478 1788 4534 dici
1811 4487 1983 4548 potest
2007 4478 2172 4532 oneris
2195 4479 2410 4532 nomine
2434 4478 2861 4548 presbyteratum
2882 4478 3158 4548 Augustini
3185 4479 3286 4533 hoc
3305 4477 3424 4534 loco
3454 4476 3698 4546 indicari,

412 4590 536 4631 cum
565 4573 710 4629 dicat
738 4573 930 4626 ibidem
963 4572 1328 4636 concionator,
1360 4567 1503 4639 quod
1530 4585 1652 4623 eum
1695 4569 1895 4623 nolebat
1927 4568 2021 4622 sibi
2050 4567 2276 4622 subtrahi
2301 4568 2355 4622 in
2383 4568 2494 4640 ipso
2523 4569 2689 4622 oneris
2730 4569 2811 4623 sui
2850 4569 3085 4635 exordio,
3133 4585 3280 4642 quem
3327 4586 3362 4622 a
3396 4570 3522 4623 satis
3551 4569 3700 4640 longa

413 4678 637 4739 tempore
659 4667 853 4722 uidebat
880 4676 1118 4738 tanquam
1144 4665 1318 4736 fulgur
1343 4666 1406 4720 de
1425 4664 1549 4720 caelo
1575 4665 1851 4718 cadentem.
1883 4661 2032 4718 Haud
2054 4663 2195 4718 enim
2218 4663 2377 4732 longo
2406 4671 2645 4731 tempore
2673 4673 2794 4718 ante
2821 4663 3244 4734 prcsbyteratum
3276 4677 3432 4717 suum
3457 4661 3700 4732 Hippone

413 4758 642 4830 degebat
663 4759 1008 4828 Augustinus.
1038 4756 1221 4827 Neque
1247 4757 1418 4811 solum
1450 4764 1638 4810 auctor
1665 4754 1915 4826 supponit
1957 4755 2098 4809 hunc
2137 4753 2421 4809 diaconum
2450 4753 2661 4808 nonnisi
2699 4769 2728 4808 a
2759 4762 2999 4824 tempore
3027 4754 3111 4809 sui
3150 4753 3490 4824 episcopatus
3522 4760 3699 4825 (quem

413 4853 627 4925 quidem
650 4853 976 4922 Augustinus
1001 4851 1210 4906 vivente
1237 4849 1410 4905 adhuc
1442 4849 1654 4904 Valerio
1680 4847 1934 4919 suscepit)
1975 4848 2283 4918 prolapsum
2313 4860 2451 4911 esse,
2481 4861 2663 4901 verum
2693 4848 2853 4904 etiam
2885 4849 2938 4902 in
2967 4848 3068 4903 hoc
3096 4863 3364 4916 sermone,
3396 4862 3698 4920 quanquam

414 4955 542 5016 post
566 4945 766 5001 obitum
801 4944 992 4999 Valerii
1023 4944 1232 4998 habitus
1257 4943 1359 5008 sit,
1407 4941 1472 4997 de
1509 4942 1646 4996 illius
1671 4941 1879 4995 diaconi
1921 4939 2211 4996 miserabili
2240 4953 2367 4993 casu
2389 4979 2405 5006 ,
2447 4938 2591 4993 velut
2613 4938 2679 4993 de
2705 4954 2764 4994 re
2799 4953 3021 5009 prorsus
3048 4941 3250 4996 recenti
3292 4939 3422 4995 dicit
3446 4957 3598 4996 num.
3625 4940 3657 4993 5
3681 4956 3695 4993 :

413 5041 566 5096 Dum‘
593 5043 656 5096 de
710 5050 908 5109 pastore
958 5050 1128 5110 erepto
1182 5042 1407 5110 [agemus
1440 5079 1453 5102 ,
1526 5036 1734 5108 inquit,
1803 5035 2025 5089 nascitur
2074 5033 2136 5088 de
2183 5032 2378 5104 perdito
2431 5031 2591 5100 fratre
2648 5031 2853 5085 dolendi
2906 5033 3122 5088 occasio.
3172 5032 3412 5088 Meminit
3461 5048 3609 5088 num.
3663 5031 3696 5085 6

415 5133 670 5192 Feliciani
697 5143 750 5189 et
779 5133 1124 5199 Praetextati,
1169 5145 1303 5201 quos
1319 5129 1431 5200 jam
1456 5129 1742 5183 Donttlistze
1764 5133 2082 5197 receperant
2103 5141 2207 5181 una
2246 5139 2369 5180 cum
2407 5122 2474 5178 iis
2515 5138 2650 5194 quos
2692 5124 3124 5196 baptizaverant:
3149 5125 3292 5197 quod
3328 5140 3436 5182 non
3479 5123 3698 5195 contigit

412 5229 514 5284 nisi
541 5242 683 5281 anno
703 5225 827 5280 597.
1358 5209 1362 5212 ’
2748 5289 2754 5295 1

484 5321 703 5377 Accedit
731 5319 876 5386 illud,
910 5319 1051 5391 quod
1076 5319 1128 5373 in
1151 5315 1396 5373 eamdem
1420 5329 1534 5370 rem
1561 5314 1646 5369 hic
1669 5329 1816 5368 num.
1845 5314 1878 5368 5
1906 5312 2107 5370 referat
2141 5308 2300 5367 verba
2331 5310 2569 5381 epistolae
2597 5310 2721 5377 107,
2758 5311 3055 5383 Augustino
3094 5311 3308 5382 scriptae
3342 5326 3373 5367 a
3412 5310 3693 5367 Theodoro

411 5423 466 5468 et
491 5411 721 5468 Maximo
747 5429 762 5466 :
791 5427 912 5483 quae
938 5425 1068 5465 sane
1091 5409 1254 5464 verba
1277 5406 1344 5462 ad
1372 5406 1528 5460 aliam
1556 5419 1770 5460 causam
1796 5412 2056 5474 spectant,
2083 5401 2378 5458 Rusticiani
2406 5400 2656 5458 videlicet
2679 5401 3010 5470 subdiaconi,
3054 5403 3144 5474 qui
3174 5403 3376 5473 pariter
3411 5402 3481 5457 ab
3514 5404 3693 5470 Augu-

415 5506 554 5560 stino
574 5505 817 5570 descivit,
845 5513 901 5558 ut
928 5518 959 5557 a
987 5501 1255 5556 Macrohio
1281 5498 1734 5568 rebaptizaretur;
1781 5497 1831 5551 in
1855 5511 1958 5568 qua
1981 5495 2262 5552 occasione
2288 5492 2410 5548 huic
2445 5491 2592 5549 dedit
2624 5493 2952 5563 Augustinus
2990 5493 3268 5564 epistolam
3314 5493 3438 5558 108,
3480 5489 3693 5546 circiter

413 5614 610 5653 annum
632 5597 756 5653 409.
788 5596 855 5653 Ει
881 5609 1008 5651 vero
1035 5591 1330 5650 Rusticiani
1359 5590 1581 5661 hujusce
1616 5588 1926 5645 subdiaconi
1952 5602 2108 5644 casus
2135 5586 2342 5641 nonnisi
2369 5592 2494 5657 post
2529 5583 2748 5639 Honorii
2780 5584 2925 5655 leges
2961 5594 3148 5640 contra
3174 5583 3480 5640 Donatistas
3519 5581 3691 5637 contio

411 5693 555 5763 gisse
579 5690 892 5761 intelligitur
910 5704 979 5744 ex
995 5686 1181 5744 eadem
1215 5683 1439 5756 epistola
1468 5682 1589 5748 108,
1625 5681 1677 5738 id
1703 5692 1804 5748 est,
1840 5688 1957 5752 post
1983 5695 2180 5738 annum
2210 5677 2336 5734 405.
2365 5676 2532 5732 Nemo
2560 5685 2760 5743 autem,
2788 5675 2866 5731 uti
2890 5676 3278 5745 existimamus,
3297 5691 3362 5732 eo
3391 5689 3560 5752 usque
3589 5671 3691 5725 Va-

415 5784 535 5838 lerii
560 5784 721 5836 vitam
750 5781 1037 5836 extendere
1065 5787 1308 5844 conetur,
1329 5791 1452 5831 cum
1471 5775 1644 5831 videat
1664 5775 2015 5845 Augustinum
2041 5771 2110 5827 ab
2135 5769 2354 5827 exordio
2377 5768 2459 5823 sui
2485 5767 2823 5838 episcopatus
2845 5783 3114 5840 nunquam
3137 5767 3335 5826 Valerii
3357 5765 3684 5831 meminisse,

411 5881 764 5946 praeterquam
789 5874 837 5925 in
874 5871 1112 5941 epistolis
1131 5871 1192 5924 51
1224 5878 1273 5923 ct
1303 5869 1372 5923 35
1400 5885 1530 5937 quas
1559 5869 1696 5924 haud
1745 5868 1898 5924 dubie
1928 5866 2142 5924 circiter
2175 5876 2373 5919 annum
2402 5859 2506 5917 596
2545 5860 2862 5932 conscripsit
2901 5877 2913 5915 :
2945 5861 3030 5917 vix
3080 5861 3240 5918 etiam
3281 5859 3566 5918 verisimile
3603 5861 3686 5912 est
