4026 6488
346 449 449 509 ηδ
948 414 1039 531 nr;
1072 444 1479 505 RUSTICIANO
1519 443 1944 503 SUBDIACONO
1982 444 2216 504 SERMO
2253 439 2643 501 aucusrmo
2680 443 3045 503 mauros.
3528 452 3632 512 πει

346 571 490 627 hunc
516 565 820 637 diaconum,
851 566 897 623 si
932 567 1045 638 ipse
1078 576 1161 623 est
1186 567 1278 638 qui
1300 566 1411 637 jam
1436 580 1466 620 a
1492 564 1754 637 principio
1779 562 2117 635 episcopatus
2149 563 2430 633 Augustini
2468 563 2770 631 vacillabat,
2810 565 3022 621 nonnisi
3047 564 3310 621 decennio
3342 575 3463 637 post
3487 570 3632 626 ceci-

346 663 513 721 disse.
545 661 715 717 Porro
738 660 980 733 quaedam
1002 675 1031 715 a
1055 661 1429 715 coucionatore
1458 655 1803 729 proferuntur
1833 664 2084 725 tanquam
2108 669 2175 711 ex
2196 654 2579 726 Augustiniana
2615 656 2683 712 ad
2708 655 3029 713 Macrobfum
3091 658 3335 729 epistola,
3364 675 3486 730 qua:
3520 677 3631 720 non

344 758 397 813 in
420 758 555 827 ipsa,
580 755 675 812 sed
701 756 755 811 iu
794 755 1015 825 epistola
1039 752 1110 809 25
1136 753 1205 809 ad
1224 753 1568 808 Maximinum
1590 764 1843 820 expresse
1866 748 2149 804 habentur.

412 850 638 907 Silentio
661 849 920 906 mittimus
947 848 1049 904 alia
1074 862 1195 919 qua:
1230 846 1449 903 dubium
1486 858 1793 901 sermonem
1834 843 1975 898 hunc
2000 842 2252 908 reddunt,
2283 842 2444 898 veluti
2482 857 2603 899 cum
2632 844 2686 899 in
2729 859 2795 900 eo
2817 846 3164 902 concionator
3183 847 3433 905 eumdem
3475 848 3628 909 illum

342 957 501 1015 quem
528 957 678 998 num.
708 942 744 997 4
773 941 1093 997 dissolutum
1136 939 1408 995 hominem
1452 952 1517 993 ac
1558 936 1896 1008 proﬂigatum
1934 933 2213 1005 praedicat,
2264 934 2486 989 militem
2536 935 2745 991 Domini
2782 945 2837 991 et
2862 951 2956 991 vas
2984 936 3205 994 honoris
3231 937 3361 995 dicit
3387 956 3537 996 num.
3571 943 3628 998 5.

341 1038 476 1094 Cum
502 1051 617 1092 rem
640 1036 753 1106 ipsa
794 1034 1050 1105 Baptismi
1076 1034 1359 1089 iteratione
1383 1032 1552 1103 magis
1578 1031 1861 1103 lugendam
1883 1030 2106 1100 judicat,
2137 1029 2277 1099 quod
2305 1029 2396 1084 ille
2424 1028 2681 1085 Ecclesiae
2723 1031 2969 1087 desertor
2997 1034 3158 1087 etiam
3184 1032 3442 1090 diaconus
3467 1051 3495 1089 a
3526 1036 3633 1091 Do-

340 1132 551 1189 natistis
571 1130 741 1185 factus
768 1128 954 1185 fuisset
985 1148 997 1183 :
1026 1144 1147 1184 cum
1179 1127 1393 1184 eosdem
1424 1125 1703 1181 luereticos
1726 1124 2142 1193 rebaptizatores
2165 1123 2413 1193 exemplo
2436 1123 2689 1194 Baptismi
2724 1124 2976 1179 Primiani
3002 1134 3157 1197 urget
3206 1144 3221 1182 :
3268 1142 3331 1182 ac
3369 1137 3632 1199 praeterea

345 1224 634 1279 Maximum
663 1231 717 1278 et
743 1221 1102 1287 Theodorum,
1130 1220 1218 1292 qui
1242 1220 1308 1275 ab
1337 1218 1634 1291 Augustino
1660 1218 1713 1271 in
1752 1217 1977 1287 epistola
2002 1216 2105 1272 108
2132 1216 2228 1286 lilii
2257 1225 2304 1269 et
2333 1215 2651 1272 honorabiles
2676 1218 2769 1271 viri
2795 1219 3146 1288 appellantur,
3171 1218 3371 1291 absque
3396 1222 3499 1276 ulla
3528 1223 3632 1277 ho-

340 1317 488 1373 noris
518 1315 889 1371 testificatione
915 1315 1172 1369 nominat.
1200 1312 1427 1383 Usurpat
1453 1328 1600 1367 num.
1630 1313 1656 1366 1
1688 1310 1909 1366 verbum
1942 1309 2120 1378 Omen,
2151 1309 2291 1380 quod
2317 1309 2369 1365 in
2402 1310 2536 1366 libro
2564 1311 2590 1365 1
2620 1310 3095 1379 Retractatiouum,
3122 1328 3247 1383 cap.
3278 1316 3329 1379 1,
3358 1314 3629 1383 improba-

340 1417 430 1463 tur
454 1408 520 1462 ab
546 1407 863 1478 Augustino.
897 1405 1134 1461 Tandem
1157 1405 1243 1459 hic
1269 1421 1415 1459 num.
1440 1405 1473 1458 4
1493 1404 1560 1458 de
1580 1402 1833 1457 Primiani
1860 1401 1997 1457 facto
2020 1401 2239 1471 perinde
2262 1400 2358 1455 iste
2379 1402 2715 1477 loquiturLac
2735 1404 2776 1457 si
2796 1419 2881 1459 res
2897 1404 3142 1459 omnibus
3168 1415 3442 1476 perspecta
3464 1415 3628 1474 esset,

340 1500 409 1556 de
438 1516 543 1570 qua
569 1509 744 1555 tamen
772 1500 824 1553 in
854 1514 917 1552 co
947 1513 1192 1553 sermone
1224 1497 1423 1552 nullum
1451 1495 1622 1551 adhuc
1644 1495 1865 1550 verbum
1894 1494 1961 1549 ad
1992 1494 2243 1566 pupulum
2265 1493 2479 1549 fecerat.

1782 1750 2183 1833 SERMO

1517 1906 1969 1971 AUGUSTINO
2012 1905 2403 1969 TRIBUTUS

580 2170 584 2174 _
652 2077 891 2190 DE
966 2066 1959 2188 RUSTIGIAN
1963 2064 2075 2177 0
2149 2061 3287 2179 SUBDIACONO

966 2270 1013 2326 Α
1052 2263 1452 2324 DONATISTIS
1489 2256 1969 2319 REBAPTIZATO
2009 2256 2096 2312 ET
2135 2256 2203 2312 IN
2242 2255 2595 2315 DlACONUM
2634 2257 3003 2315 0RD1NATO.

1818 2390 2137 2445 αωοβ»

407 2551 462 2606 1.
502 2546 691 2604 Adhuc
740 2557 975 2600 moerens
1028 2550 1085 2597 et
1129 2540 1334 2603 dolens,
1387 2537 1603 2598 fratres,
1651 2532 1784 2588 sisto
1838 2544 1927 2585 me

334 2639 616 2700 Sanctitati
653 2645 845 2692 vestra:
874 2653 886 2686 :
919 2649 1017 2688 nec
1062 2632 1203 2688 enim
1245 2629 1497 2701 praeteriti
1544 2640 1699 2681 casus
1732 2621 1928 2695 (dicam

337 2735 467 2799 mei,
494 2732 666 2787 dicam
690 2726 914 2795 vestri?)
942 2725 1183 2779 dolorem
1219 2721 1366 2791 potui
1395 2719 1655 2789 digerere.
1703 2714 1808 2769 Ter
1833 2728 1927 2767 co-

339 2834 498 2882 natus
545 2837 662 2875 sum
697 2818 939 2883 verbum,
964 2814 1100 2870 unde
1121 2813 1329 2868 debitor
1367 2825 1506 2873 sum,
1538 2806 1690 2862 vobis
1720 2802 1927 2859 submi—

336 2922 604 2982 nistrare;
637 2914 794 2970 toties
814 2910 1029 2967 et'meae
1060 2919 1115 2964 et
1157 2915 1351 2961 vestrae
1380 2905 1630 2973 lacryma:
1685 2894 1928 2953 conantis

336 3028 525 3070 vocem
545 3013 958 3081 suppresserunt
986 3022 997 3057 :
1031 3018 1129 3059 nec
1151 3000 1299 3073 potui
1328 2999 1516 3053 melius
1541 3009 1699 3051 curas
1736 2992 1928 3064 quibus

337 3104 637 3179 premebar,
667 3115 822 3171 quam
841 3098 1083 3153 ubertate
1110 3096 1464 3165 lacrymarum
1485 3088 1767 3158 explicare.
1791 3082 1928 3151 Quid

338 3177 466 3271 ergo
496 3196 632 3252 fiet?
659 3194 1010 3263 Nunquamne
1061 3206 1202 3257 meo,
1248 3201 1517 3257 nunquam
1555 3191 1737 3239 vestro
1764 3177 1928 3235 luctui

336 3293 493 3349 limes
518 3287 812 3344 statuetur?
834 3286 1053 3353 Quoties
1082 3300 1168 3339 me
1202 3281 1448 3337 videbitis
1486 3279 1791 3339 intrantem,
1820 3287 1925 3326 non

338 3381 615 3439 cessabitis
644 3388 854 3449 pectora
887 3376 1132 3441 tundere,
1156 3381 1210 3428 et
1247 3372 1474 3442 gemitus
1504 3367 1670 3423 dare?
1709 3363 1928 3431 Quoties

339 3489 435 3529 vos
458 3479 813 3541 congregatos
834 3468 1043 3533 videro,
1071 3467 1121 3518 iu
1166 3464 1429 3533 laerymas
1450 3460 1537 3513 ibo
1563 3468 1616 3513 et
1659 3452 1930 3525 suspiria?

338 3562 559 3635 Tempus
583 3560 785 3632 lugendi
809 3557 1006 3628 (Eccle.
1054 3571 1133 3621 ιιι,
1165 3555 1242 3623 4),
1279 3561 1333 3607 et
1368 3549 1497 3604 mihi
1523 3557 1577 3602 et
1627 3547 1778 3603 vobis
1819 3545 1927 3598 cir-

339 3654 790 3723 cumscripserunt
822 3648 1033 3720 eloquia
1083 3646 1281 3699 divina.
1310 3642 1417 3697 Nec
1444 3639 1609 3702 dolui,
1661 3652 1780 3692 cum
1830 3649 1930 3690 vos

341 3751 697 3821 lacrymantes
726 3744 831 3799 vidi
873 3742 949 3814 (et
975 3740 1041 3795 ad
1092 3738 1275 3794 Lazari
1322 3733 1743 3791 recordationem
1785 3727 1931 3783 ﬂevit

341 3819 598 3897 Dominus
646 3838 802 3894 Jesus
851 3835 1136 3897 Christus;
1179 3837 1232 3885 et
1254 3829 1341 3899 qui
1384 3825 1750 3885 eumqﬂeutem
1781 3819 1929 3874 vide-

340 3936 471 3991 bant
517 3931 684 3988 Judzei
736 3929 1002 3992 dixerunt,
1053 3923 1185 3977 Ecce
1217 3918 1467 3993 quomodo
1507 3915 1745 3987 diligebat
1783 3911 1931 3966 eum!

345 4025 523 4099 [Ιοαη.
555 4039 633 4089 x1,
666 4021 754 4086 55,
786 4018 874 4091 56]
903 4020 955 4088 );
987 4017 1094 4071 imo
1125 4014 1319 4085 potius,
1350 4012 1394 4066 si
1424 4009 1647 4099 quidrini
1678 4004 1930 4078 lacrymis

342 4096 660 4186 jucundum,
691 4110 733 4163 si
767 4108 891 4179 quid
918 4118 1124 4178 gratum
1151 4118 1271 4160 esse
1298 4108 1492 4172 potest,
1524 4098 1653 4154 illud
1682 4112 1713 4152 e
1737 4096 1931 4151 vestris

343 4206 535 4276 collegi
568 4223 580 4257 :
611 4202 852 4259 dicebam
883 4201 1022 4256 enim
1064 4201 1200 4253 intra
1228 4212 1334 4263 me,
1368 4195 1509 4250 Ecce
1551 4190 1819 4264 quomodo
1845 4190 1930 4244 di-

344 4300 577 4369 ligebant
602 4310 719 4349 eum
746 4311 759 4359 ;
790 4294 879 4363 qui
907 4300 1111 4362 patrem
1144 4297 1289 4344 tanto
1316 4288 1504 4342 aﬂ'ectu
1535 4282 1932 4357 prosequeban-

346 4400 453 4455 tur,
466 4386 711 4442 eumdem
729 4385 930 4440 dabunt
945 4392 998 4440 et
1018 4384 1147 4450 filio,
1162 4382 1249 4453 qui
1267 4396 1450 4436 eorum
1468 4388 1617 4449 pater
1634 4376 1803 4431 factus
1824 4383 1926 4440 est;

347 4476 616 4533 haeredem
646 4476 824 4531 oneris
857 4475 1048 4529 facient
1073 4472 1340 4527 hzeredem
1366 4470 1599 4535 amoris;
1631 4469 1720 4539 qui
1747 4481 1932 4523 succe-

346 4570 425 4625 dit
450 4568 661 4635 honori,
685 4567 937 4623 succedet
967 4575 1022 4621 et
1054 4564 1319 4621 charitati.
1358 4563 1561 4618 Bonum
1613 4558 1931 4632 ingredienti

346 4678 505 4718 omen
536 4670 616 4717 est
644 4660 735 4732 (a),
768 4661 997 4730 antiquae
1023 4659 1074 4714 in
1105 4669 1372 4729 pastorem
1408 4654 1708 4710 dilectionis
1735 4655 1787 4707 in
1813 4652 1930 4706 ovi-

347 4755 445 4810 bus
472 4753 619 4822 signa
641 4754 844 4808 videre.
877 4752 993 4806 Fiet
1038 4752 1235 4805 amoris
1278 4748 1555 4803 translatio
1598 4748 1652 4801 in
1701 4760 1821 4800 cum
1846 4744 1931 4799 cui

344 4844 483 4899 facta
501 4852 583 4899 est
604 4858 850 4899 curarum
877 4843 1090 4896 collatio
1117 4861 1129 4896 :
1160 4856 1259 4895 nec
1285 4849 1490 4894 mutato
1516 4847 1730 4908 pastore
1756 4851 1933 4893 cessa-

344 4936 477 4990 bunt
504 4950 624 4989 eum
655 4934 894 5004 diligere,
918 4933 1004 5003 qui
1024 4932 1181 4987 debet
1208 4947 1335 4986 oves
1377 4945 1612 5000 pascere,
1643 4928 1793 4997 cujus
1841 4942 1933 4981 vo-

344 5040 460 5081 cem
490 5026 724 5090 audient,
752 5035 807 5082 et
829 5026 917 5098 qui
943 5027 958 5057 ί
991 5026 1100 5080 Deo
1123 5032 1276 5087 teste,
1310 5022 1635 5078 conscientia
1664 5029 1817 5087 teste,
1842 5035 1934 5090 pa-

349 5127 499 5173 ratus
525 5129 606 5172 est
634 5132 752 5173 cum
779 5116 1044 5187 adjutorio
1068 5115 1278 5171 Domini
1304 5128 1401 5184 pro
1420 5112 1747 5167 ovicularum
1777 5111 1933 5168 mini-

348 5226 431 5265 ma
457 5212 691 5265 animam
714 5225 863 5265 suam
890 5209 1196 5279 impendere
1224 5218 1278 5263 et
1307 5205 1796 5277 superimpendere.

415 5302 470 5357 2.
496 5300 693 5373 Siqua:
713 5302 847 5356 ratio
872 5301 1109 5367 dolendi,
1140 5300 1183 5354 si
1214 5298 1401 5365 ﬂendi;
1431 5305 1541 5353 tota
1563 5312 1680 5353 mea
1701 5306 1803 5362 est,
1827 5312 1932 5352 non

352 5402 550 5459 vestra,
582 5410 688 5448 non
731 5393 866 5463 ejus,
896 5393 1048 5463 cujus
1076 5393 1339 5462 tangimur
1375 5392 1660 5447 desiderio.
1717 5390 1935 5447 Solutus

350 5496 433 5541 est
454 5486 566 5555 ille,
597 5486 807 5542 vinctus
830 5500 929 5556 ego
954 5501 967 5550 ;
991 5483 1220 5539 stadium
1241 5498 1511 5548 emensus,
1547 5498 1724 5539 curro.
1749 5482 1805 5537 In
1840 5499 1934 5553 pa~

353 5578 452 5632 tria
479 5587 581 5646 est,
636 5577 777 5633 unde
823 5578 1130 5647 peregrinor
1161 5594 1174 5631 :
1200 5590 1355 5629 curas
1394 5590 1525 5645 quas
1574 5574 1838 5644 deposuit,
1882 5574 1935 5630 in

356 5670 473 5723 sinu
503 5684 624 5725 meo
652 5669 908 5740 reposuit.
953 5667 1173 5722 Clavum
1210 5667 1347 5721 bene
1388 5665 1577 5733 tenuit,
1611 5664 1678 5720 de
1706 5680 1790 5720 me
1812 5664 1938 5736 quid

357 5761 447 5818 ﬂet
475 5763 655 5819 nescio
684 5781 697 5817 :
728 5762 949 5834 appulit,
998 5761 1213 5815 ﬂuctuo.
1266 5760 1307 5814 E
1354 5760 1531 5816 littore
1572 5757 1717 5816 videt
1743 5758 1937 5816 iratum

419 5896 437 5959 1
461 5902 621 5959 Forte,
642 5902 687 5948 et
702 5895 806 5959 ejus
826 5910 988 5948 vocem
1008 5896 1202 5947 audient
1219 5906 1320 5959 qui.

418 5958 494 6023 (α)
525 5968 542 6010 ι
565 5958 790 6023 neu-aet.,
811 5974 916 6023 cap.
939 5961 985 6022 l,
1007 5971 1058 6009 ιι.
1083 5959 1131 6009 3.

2032 2531 2271 2602 pelagus,
2292 2532 2529 2589 furentes
2555 2533 2819 2603 procellas
2851 2552 2865 2589 :
2896 2535 3142 2590 exclamo
3167 2536 3220 2590 in
3241 2535 3433 2591 mediis
3446 2535 3623 2593 ﬂucti-

2032 2625 2150 2689 bus,
2180 2625 2339 2681 Salva
2376 2642 2501 2691 nos,
2546 2628 2764 2698 perimus
2796 2626 3011 2697 (Matth.
3057 2644 3169 2694 vm,
3216 2628 3345 2699 25)!
3393 2630 3459 2685 Et
3498 2646 3629 2687 vere

2032 2719 2287 2789 perimus,
2319 2727 2374 2774 et
2388 2734 2511 2775 vere
2538 2721 2828 2790 periculum
2847 2730 3019 2791 urget,
3044 2729 3098 2776 et
3122 2737 3249 2777 vere
3266 2732 3424 2792 caput
3438 2739 3619 2779 meum

2032 2809 2274 2880 impellit,
2295 2826 2404 2866 non
2418 2826 2595 2867 meum
2616 2821 2816 2867 tantum
2837 2813 3149 2884 periculum,
3170 2814 3265 2870 sed
3282 2824 3337 2871 et
3353 2824 3622 2884 vestrum;

2032 2916 2156 2956 nam
2206 2902 2321 2958 sine
2358 2903 2512 2979 vobis
2553 2905 2731 2959 salvus
2756 2920 2875 2960 esse
2908 2921 3013 2961 non
3046 2920 3284 2975 possum.
3313 2905 3628 2962 Vestrarum

2032 2994 2328 3051 animarum
2345 2996 2567 3067 jactura,
2602 3013 2719 3053 mea
2749 3006 2849 3054 est.
2872 2998 3139 3069 Quidquid
3164 2999 3391 3057 Domino
3415 3015 3537 3055 meo
3556 3000 3626 3056 de

2032 3089 2183 3145 vobis
2205 3090 2363 3160 perit,
2394 3091 2629 3160 periculo
2647 3106 2767 3146 meo
2795 3092 2930 3161 perit
2959 3110 2971 3145 :
3004 3092 3264 3147 rationem
3297 3109 3413 3147 sum
3440 3093 3624 3149 reddi-

2033 3190 2216 3250 turus,
2267 3181 2447 3253 pellem
2488 3201 2581 3251 pro
2620 3184 2749 3254 pelle
2804 3183 2941 3253 (Job
2976 3200 3048 3249 ιι,
3079 3186 3169 3255 4).
3226 3185 3631 3243 Misericordem

2033 3274 2318 3329 Dominum
2341 3275 2532 3343 habeo,
2561 3275 2656 3330 sed
2687 3275 2915 3346 rigidum
2937 3283 3365 3346 computatorem
3395 3295 3409 3331 :
3440 3280 3626 3333 ovicu-

2034 3367 2115 3422 las
2144 3382 2266 3422 suas
2297 3369 2534 3439 quotidie
2556 3379 2821 3436 numerat,
2853 3370 2949 3424 has
2978 3369 3030 3424 in
3058 3370 3305 3426 manibus
3327 3370 3628 3441 descriptas

2034 3458 2215 3527 habet,
2240 3462 2406 3531 exigit
2430 3477 2734 3527 numerum,
2776 3477 2933 3532 quem
2961 3464 3005 3517 si
3035 3478 3140 3517 non
3189 3462 3494 3532 reddidero,
3542 3463 3631 3518 in-

2034 3568 2164 3623 gens
2193 3552 2351 3621 capiti
2401 3568 2521 3607 meo
2562 3555 2855 3624 periculum
2886 3563 3117 3610 creatur.
3149 3554 3360 3624 Videte,
3410 3554 3627 3622 fratres,

2034 3648 2081 3699 si
2124 3646 2386 3700 sarcinam
2436 3662 2609 3701 meam
2665 3647 3013 3703 considerans
3056 3663 3087 3701 a
3117 3648 3367 3718 lacrymis
3409 3662 3631 3717 possum

2035 3744 2354 3806 temperare,
2379 3737 2423 3789 si
2446 3736 2511 3791 de
2538 3738 2686 3806 gravi
2715 3753 2880 3793 onere
2908 3752 3031 3793 meo
3055 3752 3161 3791 non
3182 3737 3311 3792 mihi
3334 3737 3627 3794 dolendum

2036 3836 2137 3881 est.
2188 3826 2406 3881 Pondus
2444 3843 2621 3881 meum
2654 3827 2928 3894 alleviate;
2971 3826 3131 3882 faciet
3170 3828 3403 3883 Charitas
3450 3839 3630 3885 vestra

2036 3916 2176 3989 quod
2206 3917 2439 3972 immane
2488 3926 2572 3973 est
2599 3919 2823 3974 mitius:
2861 3926 2919 3974 et
2960 3918 3244 3989 adjuvante
3284 3919 3531 3985 Domino,
3573 3928 3633 3975 et

2035 4022 2222 4081 pastor
2251 4020 2303 4064 et
2325 4010 2548 4065 oviculze
2591 4026 2787 4081 pascua
2833 4012 3123 4080 invenient,
3167 4021 3221 4068 et
3264 4023 3543 4084 postquam
3570 4014 3628 4070 in

2036 4102 2259 4157 meridie
2281 4103 2611 4170 cubaverint,
2640 4105 2929 4159 accumbam
2949 4122 3064 4158 cum
3090 4104 3369 4173 Abraham,
3402 4106 3555 4161 Isaac
3580 4115 3631 4161 et

2034 4194 2197 4248 Iacob
2229 4195 2440 4263 (Matth.
2472 4212 2588 4261 vni,
2641 4195 2754 4267 il),
2783 4196 2871 4251 ubi
2896 4212 2996 4249 non
3025 4198 3117 4250 erit
3162 4198 3261 4263 sol,
3302 4214 3460 4269 neque
3491 4198 3630 4254 ullus

2035 4295 2187 4340 (Batus
2212 4284 2393 4357 (Apoc.
2424 4302 2515 4353 vu,
2544 4286 2655 4359 16),
2685 4287 2779 4343 sed
2809 4288 2860 4341 in
2883 4287 3069 4343 umbra
3098 4288 3309 4344 Domini
3337 4304 3438 4359 pax
3464 4297 3519 4345 et
3537 4305 3631 4344 re-

2035 4380 2328 4451 frigerium,
2353 4379 2565 4451 quando
2593 4380 2766 4437 luctus
2794 4389 2979 4437 noster
3000 4391 3236 4438 vertetur
3252 4382 3305 4438 in
3322 4384 3627 4455 cytharam,

2037 4483 2089 4529 et
2111 4488 2274 4529 voces
2296 4473 2536 4529 ﬂentium
2569 4474 2621 4529 in
2644 4483 2834 4530 cautus
2857 4475 3261 4531 exsultantium.

2109 4569 2163 4623 '5.
2197 4567 2487 4633 Caeterum,
2532 4567 2887 4635 dilectissimi,
2918 4569 3043 4623 dum
3083 4568 3151 4625 de
3176 4577 3391 4640 pastore
3441 4577 3628 4638 erepto

2037 4661 2299 4732 lugemus,
2347 4660 2584 4715 nascitur
2608 4660 2676 4715 de
2717 4661 2923 4729 perdito
2962 4660 3124 4716 fratre
3148 4661 3362 4717 dolendi
3388 4660 3624 4717 occasio.

2038 4753 2326 4808 Prmeisum
2358 4759 2441 4806 est
2480 4766 2510 4804 a
2541 4750 2694 4805 nobis
2736 4750 3055 4819 membrum,
3087 4768 3211 4822 pars
3268 4753 3437 4808 nostri
3488 4751 3625 4805 facta

2038 4856 2121 4900 est
2148 4860 2270 4913 pars
2315 4844 2528 4907 Donati,
2552 4843 2763 4898 transiit
2792 4844 2947 4899 miles
2974 4845 3183 4900 Domini
3208 4845 3275 4899 ad
3304 4853 3474 4899 castra
3503 4842 3630 4896 Phi-

2040 4937 2362 5001 listinorum,
2395 4944 2448 4989 et
2474 4934 2539 4989 de
2568 4950 2693 4990 vase
2721 4936 2942 4991 honoris
2983 4935 3177 4991 factum
3203 4945 3281 4989 est
3322 4949 3415 4988 vas
3457 4933 3626 4989 dede-

2039 5027 2198 5082 coris.
2231 5025 2521 5096 lntelligitis
2544 5025 2670 5096 quid
2700 5026 2840 5082 dico.
2863 5026 3024 5082 Miser
3044 5028 3130 5081 ille
3157 5024 3496 5083 Rusticianus
3516 5025 3630 5080 Mu-

2040 5120 2258 5190 tigeusis
2287 5119 2542 5174 diaconus
2571 5119 2971 5176 Sacramentum
3007 5118 3147 5190 quod
3180 5117 3436 5174 Ecclesia
3464 5117 3634 5174 debe-

2039 5213 2151 5278 bat,
2190 5211 2405 5281 abjeeit,
2439 5220 2495 5267 et
2519 5212 2762 5269 ordinem
2809 5228 2957 5268 suum
2993 5210 3191 5266 infideli
3222 5210 3630 5282 participatione

2042 5304 2248 5376 polluit.
2279 5304 2413 5372 Quid
2458 5320 2563 5360 non
2594 5305 2715 5372 feci,
2744 5318 2879 5374 quos
2908 5318 3013 5357 non
3042 5302 3258 5357 adhibui
3288 5310 3533 5366 conatus,
3564 5308 3625 5357 ut

2042 5398 2095 5453 in
2128 5397 2477 5468 prmeipitium
2504 5405 2746 5452 ruentem
2778 5396 2831 5450 in
2862 5395 3018 5465 plano
3047 5395 3389 5460 collocarem,
3425 5400 3480 5449 et
3523 5407 3625 5448 ex-

2045 5490 2267 5545 imerem
2298 5490 2553 5559 periculo,
2579 5487 2670 5556 qui
2693 5486 2981 5557 periculum
3001 5486 3212 5541 amabat
3232 5486 3284 5539 in
3306 5499 3413 5554 quo
3438 5482 3632 5553 periit-7

2044 5580 2093 5635 Is
2125 5580 2292 5649 prima
2316 5588 2372 5635 et
2403 5594 2598 5649 urgens
2626 5577 2724 5631 fuit
2752 5592 2877 5631 cura
2907 5592 3047 5646 mea,
3078 5577 3169 5648 qui
3208 5590 3351 5631 nunc
3375 5582 3459 5631 est
3475 5574 3634 5631 dolor

2045 5689 2218 5729 meus.
2271 5672 2529 5728 Nolebam
2582 5672 2711 5726 mihi
2763 5671 3001 5726 subtrahi
3055 5672 3108 5726 in
3156 5672 3272 5741 ipso
3307 5671 3487 5726 oneris
3528 5670 3635 5726 mei

2046 5765 2287 5830 exordio,
2310 5780 2463 5834 quem
2485 5780 2515 5819 a
2531 5763 2660 5821 satis
2681 5764 2840 5836 longo
2861 5772 3101 5834 tempore
3122 5764 3367 5819 videbam
3383 5772 3634 5835 tanquam

2048 5856 2223 5927 fulgur
2243 5856 2312 5910 de
2338 5856 2476 5911 caelo
2503 5856 2781 5913 cadentem
2816 5855 2967 5925 (Luc.
2998 5872 3054 5922 ι,
3086 5855 3199 5927 18).
3230 5855 3299 5911 Et
3327 5855 3451 5911 licet
3495 5857 3641 5924 ipse,

2050 5947 2384 6021 exigentibus
2410 5951 2641 6019 peccatis
2671 5950 2804 6022 suis,
2825 5963 2858 6005 a
2883 5948 3111 6007 Domino
3143 5947 3321 6006 deseri
3344 5946 3632 6005 meruerit°
