  <div class='ocr_page' id='page_1' title='image "/cluster/home/n/w/nwhite01/storage/ocr_20150623/43/hvd.32044012717385/383.png"; bbox 0 0 4026 6474; ppageno 0'>
   <div class='ocr_carea' id='block_1_1' title="bbox 412 463 517 519">
    <p class='ocr_par' dir='ltr' id='par_1_1' title="bbox 412 463 517 519">
     <span class='ocr_line' id='line_1_1' title="bbox 412 463 517 519; baseline 0.01 -1"><span class='ocrx_word' id='word_1_1' title='bbox 412 463 517 519; x_wconf 78' lang='lat'><strong>755</strong></span> 
     </span>
    </p>
   </div>
   <div class='ocr_carea' id='block_1_2' title="bbox 405 555 1996 641">
    <p class='ocr_par' dir='ltr' id='par_1_2' title="bbox 405 555 1996 641">
     <span class='ocr_line' id='line_1_2' title="bbox 405 555 1996 641; baseline -0.013 -9"><span class='ocrx_word' id='word_1_2' title='bbox 405 576 565 631; x_wconf 90' lang='lat' dir='ltr'><strong>doleo</strong></span> <span class='ocrx_word' id='word_1_3' title='bbox 606 579 787 629; x_wconf 85' lang='lat' dir='ltr'><strong>tamen</strong></span> <span class='ocrx_word' id='word_1_4' title='bbox 827 567 967 641; x_wconf 90' lang='lat' dir='ltr'><strong>quod</strong></span> <span class='ocrx_word' id='word_1_5' title='bbox 990 568 1058 624; x_wconf 89' lang='lat' dir='ltr'><strong>de</strong></span> <span class='ocrx_word' id='word_1_6' title='bbox 1095 581 1162 623; x_wconf 91' lang='lat' dir='ltr'><strong>eo</strong></span> <span class='ocrx_word' id='word_1_7' title='bbox 1206 564 1270 622; x_wconf 89' lang='lat' dir='ltr'><strong>ad</strong></span> <span class='ocrx_word' id='word_1_8' title='bbox 1296 564 1581 620; x_wconf 91' lang='lat' dir='ltr'><strong>Dominum</strong></span> <span class='ocrx_word' id='word_1_9' title='bbox 1606 572 1786 616; x_wconf 90' lang='lat' dir='ltr'><strong>meum</strong></span> <span class='ocrx_word' id='word_1_10' title='bbox 1814 555 1996 615; x_wconf 80' lang='lat' dir='ltr'><strong>dicere</strong></span> 
     </span>
    </p>
   </div>
   <div class='ocr_carea' id='block_1_3' title="bbox 411 649 1998 740">
    <p class='ocr_par' dir='ltr' id='par_1_3' title="bbox 411 649 1998 740">
     <span class='ocr_line' id='line_1_3' title="bbox 411 649 1998 740; baseline -0.013 -15"><span class='ocrx_word' id='word_1_11' title='bbox 411 684 519 724; x_wconf 91' lang='lat' dir='ltr'><strong>non</strong></span> <span class='ocrx_word' id='word_1_12' title='bbox 548 680 787 740; x_wconf 86' lang='lat' dir='ltr'><strong>possum,</strong></span> <span class='ocrx_word' id='word_1_13' title='bbox 816 662 948 719; x_wconf 82' lang='lat' dir='ltr'><strong>Ecce</strong></span> <span class='ocrx_word' id='word_1_14' title='bbox 994 677 1075 716; x_wconf 83' lang='lat' dir='ltr'><strong>me</strong></span> <span class='ocrx_word' id='word_1_15' title='bbox 1120 674 1235 715; x_wconf 81' lang='lat' dir='ltr'><strong>cum</strong></span> <span class='ocrx_word' id='word_1_16' title='bbox 1265 660 1439 730; x_wconf 80' lang='lat' dir='ltr'><strong>pueris</strong></span> <span class='ocrx_word' id='word_1_17' title='bbox 1490 670 1615 728; x_wconf 80' lang='lat' dir='ltr'><strong>quos</strong></span> <span class='ocrx_word' id='word_1_18' title='bbox 1666 652 1849 709; x_wconf 76' lang='lat' dir='ltr'><strong>dedisti</strong></span> <span class='ocrx_word' id='word_1_19' title='bbox 1873 649 1998 705; x_wconf 62' lang='lat' dir='ltr'><strong>mild</strong></span> 
     </span>
    </p>
   </div>
   <div class='ocr_carea' id='block_1_4' title="bbox 416 754 855 832">
    <p class='ocr_par' dir='ltr' id='par_1_4' title="bbox 416 754 855 832">
     <span class='ocr_line' id='line_1_4' title="bbox 416 754 855 832; baseline -0.011 -18"><span class='ocrx_word' id='word_1_20' title='bbox 416 756 568 832; x_wconf 75' lang='lat' dir='ltr'><strong>(lani.</strong></span> <span class='ocrx_word' id='word_1_21' title='bbox 591 773 708 824; x_wconf 82' lang='lat' dir='ltr'><strong>vui,</strong></span> <span class='ocrx_word' id='word_1_22' title='bbox 742 754 855 826; x_wconf 81' lang='grc'><strong>18).</strong></span> 
     </span>
    </p>
   </div>
   <div class='ocr_carea' id='block_1_5' title="bbox 442 835 2001 909">
    <p class='ocr_par' dir='ltr' id='par_1_5' title="bbox 442 835 2001 909">
     <span class='ocr_line' id='line_1_5' title="bbox 442 835 2001 909; baseline -0.012 -1"><span class='ocrx_word' id='word_1_23' title='bbox 442 890 449 899; x_wconf 71' lang='grc' dir='ltr'>ι</span> <span class='ocrx_word' id='word_1_24' title='bbox 486 854 538 907; x_wconf 79' lang='grc'><strong>4.</strong></span> <span class='ocrx_word' id='word_1_25' title='bbox 563 850 722 907; x_wconf 83' lang='lat' dir='ltr'><strong>Vobis</strong></span> <span class='ocrx_word' id='word_1_26' title='bbox 738 848 986 903; x_wconf 87' lang='lat' dir='ltr'><strong>omnibus</strong></span> <span class='ocrx_word' id='word_1_27' title='bbox 998 854 1182 901; x_wconf 90' lang='lat' dir='ltr'><strong>notum</strong></span> <span class='ocrx_word' id='word_1_28' title='bbox 1206 843 1338 909; x_wconf 90' lang='lat' dir='ltr'><strong>scio,</strong></span> <span class='ocrx_word' id='word_1_29' title='bbox 1358 851 1411 897; x_wconf 89' lang='lat' dir='ltr'><strong>et</strong></span> <span class='ocrx_word' id='word_1_30' title='bbox 1437 850 1545 897; x_wconf 89' lang='lat' dir='ltr'><strong>tam</strong></span> <span class='ocrx_word' id='word_1_31' title='bbox 1569 839 1709 895; x_wconf 84' lang='lat' dir='ltr'><strong>bene</strong></span> <span class='ocrx_word' id='word_1_32' title='bbox 1728 838 1859 906; x_wconf 93' lang='lat' dir='ltr'><strong>scio,</strong></span> <span class='ocrx_word' id='word_1_33' title='bbox 1878 835 2001 907; x_wconf 83' lang='lat' dir='ltr'><strong>quia</strong></span> 
     </span>
    </p>
   </div>
   <div class='ocr_carea' id='block_1_6' title="bbox 411 928 1995 1006">
    <p class='ocr_par' dir='ltr' id='par_1_6' title="bbox 411 928 1995 1006">
     <span class='ocr_line' id='line_1_6' title="bbox 411 928 1995 1006; baseline -0.012 -5"><span class='ocrx_word' id='word_1_34' title='bbox 411 946 526 1001; x_wconf 91' lang='lat' dir='ltr'><strong>seio</strong></span> <span class='ocrx_word' id='word_1_35' title='bbox 580 952 880 999; x_wconf 85' lang='lat' dir='ltr'><strong>vestrorum</strong></span> <span class='ocrx_word' id='word_1_36' title='bbox 930 939 1113 995; x_wconf 88' lang='lat' dir='ltr'><strong>multis</strong></span> <span class='ocrx_word' id='word_1_37' title='bbox 1168 951 1345 993; x_wconf 87' lang='lat' dir='ltr'><strong>moras</strong></span> <span class='ocrx_word' id='word_1_38' title='bbox 1404 949 1537 1006; x_wconf 90' lang='lat' dir='ltr'><strong>quas</strong></span> <span class='ocrx_word' id='word_1_39' title='bbox 1588 928 1676 988; x_wconf 89' lang='lat' dir='ltr'><strong>hic</strong></span> <span class='ocrx_word' id='word_1_40' title='bbox 1720 929 1995 997; x_wconf 79' lang='lat' dir='ltr'><strong>trahebat,</strong></span> 
     </span>
    </p>
   </div>
   <div class='ocr_carea' id='block_1_7' title="bbox 412 1024 2001 1107">
    <p class='ocr_par' dir='ltr' id='par_1_7' title="bbox 412 1024 2001 1107">
     <span class='ocr_line' id='line_1_7' title="bbox 412 1024 2001 1107; baseline -0.011 -14"><span class='ocrx_word' id='word_1_41' title='bbox 412 1034 768 1107; x_wconf 80' lang='lat' dir='ltr'><strong>displicuisse.</strong></span> <span class='ocrx_word' id='word_1_42' title='bbox 798 1032 1018 1101; x_wconf 84' lang='lat' dir='ltr'><strong>Quoties</strong></span> <span class='ocrx_word' id='word_1_43' title='bbox 1046 1027 1382 1086; x_wconf 81' lang='lat' dir='ltr'><strong>venerandus</strong></span> <span class='ocrx_word' id='word_1_44' title='bbox 1408 1035 1592 1083; x_wconf 81' lang='lat' dir='ltr'><strong>noster</strong></span> <span class='ocrx_word' id='word_1_45' title='bbox 1620 1024 1885 1090; x_wconf 81' lang='lat' dir='ltr'><strong>Valerius,</strong></span> <span class='ocrx_word' id='word_1_46' title='bbox 1914 1036 2001 1076; x_wconf 89' lang='lat' dir='ltr'><strong>me</strong></span> 
     </span>
    </p>
   </div>
   <div class='ocr_carea' id='block_1_8' title="bbox 416 1114 2001 1200">
    <p class='ocr_par' dir='ltr' id='par_1_8' title="bbox 416 1114 2001 1200">
     <span class='ocr_line' id='line_1_8' title="bbox 416 1114 2001 1200; baseline -0.009 -16"><span class='ocrx_word' id='word_1_47' title='bbox 416 1138 697 1200; x_wconf 63' lang='lat' dir='ltr'><strong>praesente,</strong></span> <span class='ocrx_word' id='word_1_48' title='bbox 726 1141 848 1182; x_wconf 91' lang='lat' dir='ltr'><strong>cum</strong></span> <span class='ocrx_word' id='word_1_49' title='bbox 877 1124 1167 1181; x_wconf 82' lang='lat' dir='ltr'><strong>visceribus</strong></span> <span class='ocrx_word' id='word_1_50' title='bbox 1191 1122 1425 1194; x_wconf 79' lang='lat' dir='ltr'><strong>paternis</strong></span> <span class='ocrx_word' id='word_1_51' title='bbox 1444 1119 1576 1175; x_wconf 85' lang='lat' dir='ltr'><strong>dixit</strong></span> <span class='ocrx_word' id='word_1_52' title='bbox 1602 1118 1665 1173; x_wconf 93' lang='lat' dir='ltr'><strong>ad</strong></span> <span class='ocrx_word' id='word_1_53' title='bbox 1696 1133 1838 1183; x_wconf 89' lang='lat' dir='ltr'><strong>eum,</strong></span> <span class='ocrx_word' id='word_1_54' title='bbox 1862 1114 2001 1182; x_wconf 84' lang='lat' dir='ltr'><strong>Quid</strong></span> 
     </span>
    </p>
   </div>
   <div class='ocr_carea' id='block_1_9' title="bbox 419 1209 2004 1293">
    <p class='ocr_par' dir='ltr' id='par_1_9' title="bbox 419 1209 2004 1293">
     <span class='ocr_line' id='line_1_9' title="bbox 419 1209 2004 1293; baseline -0.01 -15"><span class='ocrx_word' id='word_1_55' title='bbox 419 1223 506 1278; x_wconf 90' lang='lat' dir='ltr'><strong>hic</strong></span> <span class='ocrx_word' id='word_1_56' title='bbox 532 1222 689 1293; x_wconf 82' lang='lat' dir='ltr'><strong>agis?</strong></span> <span class='ocrx_word' id='word_1_57' title='bbox 709 1220 822 1277; x_wconf 80' lang='lat' dir='ltr'><strong>Cur</strong></span> <span class='ocrx_word' id='word_1_58' title='bbox 843 1220 1125 1275; x_wconf 87' lang='lat' dir='ltr'><strong>stationem</strong></span> <span class='ocrx_word' id='word_1_59' title='bbox 1149 1227 1294 1273; x_wconf 91' lang='lat' dir='ltr'><strong>tuam</strong></span> <span class='ocrx_word' id='word_1_60' title='bbox 1316 1212 1560 1270; x_wconf 82' lang='lat' dir='ltr'><strong>deseris!</strong></span> <span class='ocrx_word' id='word_1_61' title='bbox 1587 1213 1697 1265; x_wconf 76' lang='lat' dir='ltr'><strong>Cur</strong></span> <span class='ocrx_word' id='word_1_62' title='bbox 1724 1209 2004 1280; x_wconf 82' lang='lat' dir='ltr'><strong>presbyte-</strong></span> 
     </span>
    </p>
   </div>
   <div class='ocr_carea' id='block_1_10' title="bbox 417 1305 2003 1380">
    <p class='ocr_par' dir='ltr' id='par_1_10' title="bbox 417 1305 2003 1380">
     <span class='ocr_line' id='line_1_10' title="bbox 417 1305 2003 1380; baseline -0.011 -7"><span class='ocrx_word' id='word_1_63' title='bbox 417 1332 478 1375; x_wconf 81' lang='lat' dir='ltr'><strong>ro</strong></span> <span class='ocrx_word' id='word_1_64' title='bbox 502 1324 593 1371; x_wconf 92' lang='lat' dir='ltr'><strong>tuo</strong></span> <span class='ocrx_word' id='word_1_65' title='bbox 621 1330 728 1371; x_wconf 93' lang='lat' dir='ltr'><strong>non</strong></span> <span class='ocrx_word' id='word_1_66' title='bbox 757 1312 1095 1370; x_wconf 86' lang='lat' dir='ltr'><strong>collaboras?</strong></span> <span class='ocrx_word' id='word_1_67' title='bbox 1120 1309 1540 1380; x_wconf 74' lang='lat' dir='ltr'><strong>Cur&#39;llipponem</strong></span> <span class='ocrx_word' id='word_1_68' title='bbox 1557 1305 1834 1375; x_wconf 77' lang='lat' dir='ltr'><strong>Mutigenae</strong></span> <span class='ocrx_word' id='word_1_69' title='bbox 1862 1318 2003 1374; x_wconf 84' lang='lat' dir='ltr'><strong>prae-</strong></span> 
     </span>
    </p>
   </div>
   <div class='ocr_carea' id='block_1_11' title="bbox 416 1395 2006 1476">
    <p class='ocr_par' dir='ltr' id='par_1_11' title="bbox 416 1395 2006 1476">
     <span class='ocr_line' id='line_1_11' title="bbox 416 1395 2006 1476; baseline -0.008 -12"><span class='ocrx_word' id='word_1_70' title='bbox 416 1407 543 1474; x_wconf 86' lang='lat' dir='ltr'><strong>fers,</strong></span> <span class='ocrx_word' id='word_1_71' title='bbox 603 1407 688 1464; x_wconf 87' lang='lat' dir='ltr'><strong>cui</strong></span> <span class='ocrx_word' id='word_1_72' title='bbox 740 1407 984 1476; x_wconf 88' lang='lat' dir='ltr'><strong>alligatus</strong></span> <span class='ocrx_word' id='word_1_73' title='bbox 1022 1403 1123 1460; x_wconf 79' lang='lat' dir='ltr'><strong>es?</strong></span> <span class='ocrx_word' id='word_1_74' title='bbox 1172 1404 1239 1459; x_wconf 88' lang='lat' dir='ltr'><strong>Et</strong></span> <span class='ocrx_word' id='word_1_75' title='bbox 1282 1416 1404 1456; x_wconf 92' lang='lat' dir='ltr'><strong>cum</strong></span> <span class='ocrx_word' id='word_1_76' title='bbox 1462 1397 1812 1470; x_wconf 80' lang='lat' dir='ltr'><strong>responderet</strong></span> <span class='ocrx_word' id='word_1_77' title='bbox 1850 1409 1908 1451; x_wconf 90' lang='lat' dir='ltr'><strong>se</strong></span> <span class='ocrx_word' id='word_1_78' title='bbox 1937 1395 2006 1451; x_wconf 89' lang='lat' dir='ltr'><strong>ad</strong></span> 
     </span>
    </p>
   </div>
   <div class='ocr_carea' id='block_1_12' title="bbox 419 1493 2010 1557">
    <p class='ocr_par' dir='ltr' id='par_1_12' title="bbox 419 1493 2010 1557">
     <span class='ocr_line' id='line_1_12' title="bbox 419 1493 2010 1557; baseline -0.009 -1"><span class='ocrx_word' id='word_1_79' title='bbox 419 1499 759 1556; x_wconf 85' lang='lat' dir='ltr'><strong>solitudinem</strong></span> <span class='ocrx_word' id='word_1_80' title='bbox 778 1498 999 1554; x_wconf 89' lang='lat' dir='ltr'><strong>minime</strong></span> <span class='ocrx_word' id='word_1_81' title='bbox 1030 1496 1277 1552; x_wconf 92' lang='lat' dir='ltr'><strong>idoneum</strong></span> <span class='ocrx_word' id='word_1_82' title='bbox 1308 1493 1639 1557; x_wconf 86' lang='lat' dir='ltr'><strong>clericatum,</strong></span> <span class='ocrx_word' id='word_1_83' title='bbox 1691 1504 1798 1544; x_wconf 91' lang='lat' dir='ltr'><strong>non</strong></span> <span class='ocrx_word' id='word_1_84' title='bbox 1822 1501 2010 1543; x_wconf 90' lang='lat' dir='ltr'><strong>mona-</strong></span> 
     </span>
    </p>
   </div>
   <div class='ocr_carea' id='block_1_13' title="bbox 418 1580 2009 1669">
    <p class='ocr_par' dir='ltr' id='par_1_13' title="bbox 418 1580 2009 1669">
     <span class='ocr_line' id='line_1_13' title="bbox 418 1580 2009 1669; baseline -0.008 -22"><span class='ocrx_word' id='word_1_85' title='bbox 418 1594 632 1669; x_wconf 85' lang='lat' dir='ltr'><strong>chatum</strong></span> <span class='ocrx_word' id='word_1_86' title='bbox 658 1591 858 1655; x_wconf 87' lang='lat' dir='ltr'><strong>iniisse,</strong></span> <span class='ocrx_word' id='word_1_87' title='bbox 884 1606 942 1646; x_wconf 88' lang='lat' dir='ltr'><strong>se</strong></span> <span class='ocrx_word' id='word_1_88' title='bbox 962 1588 1138 1669; x_wconf 77' lang='lat' dir='ltr'><strong>nullos</strong></span> <span class='ocrx_word' id='word_1_89' title='bbox 1158 1587 1441 1657; x_wconf 78' lang='lat' dir='ltr'><strong>Mutigena:</strong></span> <span class='ocrx_word' id='word_1_90' title='bbox 1456 1583 1653 1640; x_wconf 87' lang='lat' dir='ltr'><strong>habere</strong></span> <span class='ocrx_word' id='word_1_91' title='bbox 1680 1598 1800 1638; x_wconf 89' lang='lat' dir='ltr'><strong>cum</strong></span> <span class='ocrx_word' id='word_1_92' title='bbox 1817 1580 2009 1651; x_wconf 87' lang='lat' dir='ltr'><strong>quibus</strong></span> 
     </span>
    </p>
   </div>
   <div class='ocr_carea' id='block_1_14' title="bbox 422 1664 2009 1753">
    <p class='ocr_par' dir='ltr' id='par_1_14' title="bbox 422 1664 2009 1753">
     <span class='ocr_line' id='line_1_14' title="bbox 422 1664 2009 1753; baseline -0.007 -15"><span class='ocrx_word' id='word_1_93' title='bbox 422 1666 760 1751; x_wconf 79' lang='lat' dir='ltr'><strong>versaretur;</strong></span> <span class='ocrx_word' id='word_1_94' title='bbox 808 1664 1166 1753; x_wconf 83' lang='lat' dir='ltr'><strong>respondebat</strong></span> <span class='ocrx_word' id='word_1_95' title='bbox 1202 1692 1419 1735; x_wconf 90' lang='lat' dir='ltr'><strong>sanctus</strong></span> <span class='ocrx_word' id='word_1_96' title='bbox 1463 1692 1650 1744; x_wconf 85' lang='lat' dir='ltr'><strong>senex,</strong></span> <span class='ocrx_word' id='word_1_97' title='bbox 1683 1676 1934 1746; x_wconf 81' lang='lat' dir='ltr'><strong>Alligatus</strong></span> <span class='ocrx_word' id='word_1_98' title='bbox 1958 1689 2009 1727; x_wconf 83' lang='lat' dir='ltr'><strong>es</strong></span> 
     </span>
    </p>
   </div>
   <div class='ocr_carea' id='block_1_15' title="bbox 423 1768 2010 1848">
    <p class='ocr_par' dir='ltr' id='par_1_15' title="bbox 423 1768 2010 1848">
     <span class='ocr_line' id='line_1_15' title="bbox 423 1768 2010 1848; baseline -0.006 -17"><span class='ocrx_word' id='word_1_99' title='bbox 423 1777 591 1843; x_wconf 74' lang='lat' dir='ltr'><strong>uxori,</strong></span> <span class='ocrx_word' id='word_1_100' title='bbox 638 1776 745 1831; x_wconf 85' lang='lat' dir='ltr'><strong>noli</strong></span> <span class='ocrx_word' id='word_1_101' title='bbox 793 1790 1015 1848; x_wconf 67' lang='lat' dir='ltr'><strong>quaerere</strong></span> <span class='ocrx_word' id='word_1_102' title='bbox 1059 1773 1360 1828; x_wconf 76' lang='lat' dir='ltr'><strong>solutionem</strong></span> <span class='ocrx_word' id='word_1_103' title='bbox 1386 1769 1573 1845; x_wconf 83' lang='lat' dir='ltr'><strong>(lCor.</strong></span> <span class='ocrx_word' id='word_1_104' title='bbox 1614 1785 1709 1835; x_wconf 79' lang='lat' dir='ltr'><strong>vn,</strong></span> <span class='ocrx_word' id='word_1_105' title='bbox 1736 1768 1828 1840; x_wconf 71' lang='lat'><strong>27)</strong></span> <span class='ocrx_word' id='word_1_106' title='bbox 1863 1785 1878 1822; x_wconf 89' lang='lat'><strong>:</strong></span> <span class='ocrx_word' id='word_1_107' title='bbox 1920 1775 2010 1821; x_wconf 82' lang='lat' dir='ltr'><strong>tua</strong></span> 
     </span>
    </p>
   </div>
   <div class='ocr_carea' id='block_1_16' title="bbox 424 1860 2004 1938">
    <p class='ocr_par' dir='ltr' id='par_1_16' title="bbox 424 1860 2004 1938">
     <span class='ocr_line' id='line_1_16' title="bbox 424 1860 2004 1938; baseline -0.008 -12"><span class='ocrx_word' id='word_1_108' title='bbox 424 1879 509 1926; x_wconf 89' lang='lat' dir='ltr'><strong>est</strong></span> <span class='ocrx_word' id='word_1_109' title='bbox 538 1870 777 1925; x_wconf 80' lang='lat' dir='ltr'><strong>Ecclesia</strong></span> <span class='ocrx_word' id='word_1_110' title='bbox 808 1866 1138 1938; x_wconf 81' lang='lat' dir='ltr'><strong>Mutigensis,</strong></span> <span class='ocrx_word' id='word_1_111' title='bbox 1158 1880 1263 1921; x_wconf 92' lang='lat' dir='ltr'><strong>non</strong></span> <span class='ocrx_word' id='word_1_112' title='bbox 1292 1873 1508 1929; x_wconf 90' lang='lat' dir='ltr'><strong>nostra;</strong></span> <span class='ocrx_word' id='word_1_113' title='bbox 1542 1862 1608 1918; x_wconf 87' lang='lat' dir='ltr'><strong>ad</strong></span> <span class='ocrx_word' id='word_1_114' title='bbox 1636 1876 1756 1921; x_wconf 86' lang='lat' dir='ltr'><strong>eam</strong></span> <span class='ocrx_word' id='word_1_115' title='bbox 1788 1860 2004 1927; x_wconf 77' lang='lat' dir='ltr'><strong>nomen,</strong></span> 
     </span>
    </p>
   </div>
   <div class='ocr_carea' id='block_1_17' title="bbox 424 1952 2013 2033">
    <p class='ocr_par' dir='ltr' id='par_1_17' title="bbox 424 1952 2013 2033">
     <span class='ocr_line' id='line_1_17' title="bbox 424 1952 2013 2033; baseline -0.008 -15"><span class='ocrx_word' id='word_1_116' title='bbox 424 1977 534 2018; x_wconf 90' lang='lat' dir='ltr'><strong>non</strong></span> <span class='ocrx_word' id='word_1_117' title='bbox 564 1962 629 2017; x_wconf 91' lang='lat' dir='ltr'><strong>ad</strong></span> <span class='ocrx_word' id='word_1_118' title='bbox 653 1961 949 2033; x_wconf 84' lang='lat' dir='ltr'><strong>Hipponem</strong></span> <span class='ocrx_word' id='word_1_119' title='bbox 977 1958 1200 2015; x_wconf 90' lang='lat' dir='ltr'><strong>dedisti:</strong></span> <span class='ocrx_word' id='word_1_120' title='bbox 1220 1972 1401 2013; x_wconf 88' lang='lat' dir='ltr'><strong>nonne</strong></span> <span class='ocrx_word' id='word_1_121' title='bbox 1436 1956 1633 2013; x_wconf 64' lang='lat' dir='ltr'><strong>saeculo</strong></span> <span class='ocrx_word' id='word_1_122' title='bbox 1658 1952 2013 2010; x_wconf 85' lang='lat' dir='ltr'><strong>renuntiasti?</strong></span> 
     </span>
    </p>
   </div>
   <div class='ocr_carea' id='block_1_18' title="bbox 422 2046 2008 2121">
    <p class='ocr_par' dir='ltr' id='par_1_18' title="bbox 422 2046 2008 2121">
     <span class='ocr_line' id='line_1_18' title="bbox 422 2046 2008 2121; baseline -0.005 -13"><span class='ocrx_word' id='word_1_123' title='bbox 422 2068 603 2109; x_wconf 85' lang='lat' dir='ltr'><strong>nonne</strong></span> <span class='ocrx_word' id='word_1_124' title='bbox 630 2052 838 2118; x_wconf 88' lang='lat' dir='ltr'><strong>amicis,</strong></span> <span class='ocrx_word' id='word_1_125' title='bbox 878 2066 1056 2107; x_wconf 87' lang='lat' dir='ltr'><strong>nonne</strong></span> <span class='ocrx_word' id='word_1_126' title='bbox 1101 2049 1385 2121; x_wconf 75' lang='lat' dir='ltr'><strong>sanguini?</strong></span> <span class='ocrx_word' id='word_1_127' title='bbox 1426 2046 1688 2105; x_wconf 80' lang='lat' dir='ltr'><strong>Audiebat</strong></span> <span class='ocrx_word' id='word_1_128' title='bbox 1724 2046 2008 2111; x_wconf 85' lang='lat' dir='ltr'><strong>dicentem,</strong></span> 
     </span>
    </p>
   </div>
   <div class='ocr_carea' id='block_1_19' title="bbox 426 2138 2011 2212">
    <p class='ocr_par' dir='ltr' id='par_1_19' title="bbox 426 2138 2011 2212">
     <span class='ocr_line' id='line_1_19' title="bbox 426 2138 2011 2212; baseline -0.006 -13"><span class='ocrx_word' id='word_1_129' title='bbox 426 2144 521 2199; x_wconf 88' lang='lat' dir='ltr'><strong>sed</strong></span> <span class='ocrx_word' id='word_1_130' title='bbox 550 2144 689 2199; x_wconf 89' lang='lat' dir='ltr'><strong>male</strong></span> <span class='ocrx_word' id='word_1_131' title='bbox 735 2144 1003 2208; x_wconf 86' lang='lat' dir='ltr'><strong>audiebat,</strong></span> <span class='ocrx_word' id='word_1_132' title='bbox 1060 2142 1147 2212; x_wconf 90' lang='lat' dir='ltr'><strong>qui</strong></span> <span class='ocrx_word' id='word_1_133' title='bbox 1193 2140 1392 2196; x_wconf 80' lang='lat' dir='ltr'><strong>dicenti</strong></span> <span class='ocrx_word' id='word_1_134' title='bbox 1437 2155 1541 2194; x_wconf 93' lang='lat' dir='ltr'><strong>non</strong></span> <span class='ocrx_word' id='word_1_135' title='bbox 1600 2138 2011 2209; x_wconf 83' lang='lat' dir='ltr'><strong>obsequebatur.</strong></span> 
     </span>
    </p>
   </div>
   <div class='ocr_carea' id='block_1_20' title="bbox 429 2230 2016 2307">
    <p class='ocr_par' dir='ltr' id='par_1_20' title="bbox 429 2230 2016 2307">
     <span class='ocr_line' id='line_1_20' title="bbox 429 2230 2016 2307; baseline -0.006 -13"><span class='ocrx_word' id='word_1_136' title='bbox 429 2239 569 2307; x_wconf 87' lang='lat' dir='ltr'><strong>Quid</strong></span> <span class='ocrx_word' id='word_1_137' title='bbox 600 2238 793 2293; x_wconf 87' lang='lat' dir='ltr'><strong>factum</strong></span> <span class='ocrx_word' id='word_1_138' title='bbox 825 2245 906 2293; x_wconf 88' lang='lat' dir='ltr'><strong>est</strong></span> <span class='ocrx_word' id='word_1_139' title='bbox 927 2237 950 2291; x_wconf 91' lang='lat'><strong>?</strong></span> <span class='ocrx_word' id='word_1_140' title='bbox 975 2236 1105 2293; x_wconf 89' lang='lat' dir='ltr'><strong>Cum</strong></span> <span class='ocrx_word' id='word_1_141' title='bbox 1133 2236 1261 2290; x_wconf 84' lang='lat' dir='ltr'><strong>satis</strong></span> <span class='ocrx_word' id='word_1_142' title='bbox 1283 2234 1504 2291; x_wconf 87' lang='lat' dir='ltr'><strong>festivus</strong></span> <span class='ocrx_word' id='word_1_143' title='bbox 1532 2234 1837 2297; x_wconf 81' lang='lat' dir='ltr'><strong>haberetur,</strong></span> <span class='ocrx_word' id='word_1_144' title='bbox 1864 2230 2016 2286; x_wconf 88' lang='lat' dir='ltr'><strong>indo-</strong></span> 
     </span>
    </p>
   </div>
   <div class='ocr_carea' id='block_1_21' title="bbox 427 2327 2015 2405">
    <p class='ocr_par' dir='ltr' id='par_1_21' title="bbox 427 2327 2015 2405">
     <span class='ocr_line' id='line_1_21' title="bbox 427 2327 2015 2405; baseline -0.006 -16"><span class='ocrx_word' id='word_1_145' title='bbox 427 2334 602 2405; x_wconf 91' lang='lat' dir='ltr'><strong>lisque</strong></span> <span class='ocrx_word' id='word_1_146' title='bbox 616 2331 683 2387; x_wconf 91' lang='lat' dir='ltr'><strong>ad</strong></span> <span class='ocrx_word' id='word_1_147' title='bbox 700 2331 1073 2387; x_wconf 82' lang='lat' dir='ltr'><strong>scurrilitatem</strong></span> <span class='ocrx_word' id='word_1_148' title='bbox 1096 2327 1447 2400; x_wconf 90' lang='lat' dir='ltr'><strong>proclivioris,</strong></span> <span class='ocrx_word' id='word_1_149' title='bbox 1472 2328 1615 2383; x_wconf 83' lang='lat' dir='ltr'><strong>inter</strong></span> <span class='ocrx_word' id='word_1_150' title='bbox 1649 2341 1815 2397; x_wconf 81' lang='lat' dir='ltr'><strong>nugas</strong></span> <span class='ocrx_word' id='word_1_151' title='bbox 1841 2340 2015 2381; x_wconf 67' lang='grc' dir='ltr'><strong>δωρη-</strong></span> 
     </span>
    </p>
   </div>
   <div class='ocr_carea' id='block_1_22' title="bbox 427 2419 2017 2495">
    <p class='ocr_par' dir='ltr' id='par_1_22' title="bbox 427 2419 2017 2495">
     <span class='ocr_line' id='line_1_22' title="bbox 427 2419 2017 2495; baseline -0.006 -12"><span class='ocrx_word' id='word_1_152' title='bbox 427 2427 487 2495; x_wconf 91' lang='lat' dir='ltr'><strong>li,</strong></span> <span class='ocrx_word' id='word_1_153' title='bbox 518 2428 657 2482; x_wconf 91' lang='lat' dir='ltr'><strong>inter</strong></span> <span class='ocrx_word' id='word_1_154' title='bbox 700 2424 941 2480; x_wconf 86' lang='lat' dir='ltr'><strong>convivia</strong></span> <span class='ocrx_word' id='word_1_155' title='bbox 967 2432 1061 2492; x_wconf 91' lang='lat' dir='ltr'><strong>,et</strong></span> <span class='ocrx_word' id='word_1_156' title='bbox 1102 2422 1525 2493; x_wconf 89' lang='lat' dir='ltr'><strong>compotationes</strong></span> <span class='ocrx_word' id='word_1_157' title='bbox 1573 2419 1825 2485; x_wconf 90' lang='lat' dir='ltr'><strong>diurnas,</strong></span> <span class='ocrx_word' id='word_1_158' title='bbox 1873 2433 2017 2488; x_wconf 62' lang='lat' dir='ltr'><strong>saepe</strong></span> 
     </span>
    </p>
   </div>
   <div class='ocr_carea' id='block_1_23' title="bbox 432 2510 2016 2584">
    <p class='ocr_par' dir='ltr' id='par_1_23' title="bbox 432 2510 2016 2584">
     <span class='ocr_line' id='line_1_23' title="bbox 432 2510 2016 2584; baseline -0.007 -7"><span class='ocrx_word' id='word_1_159' title='bbox 432 2520 592 2577; x_wconf 87' lang='lat' dir='ltr'><strong>etiam</strong></span> <span class='ocrx_word' id='word_1_160' title='bbox 618 2526 926 2584; x_wconf 89' lang='lat' dir='ltr'><strong>nocturnas,</strong></span> <span class='ocrx_word' id='word_1_161' title='bbox 958 2515 1185 2572; x_wconf 79' lang='lat' dir='ltr'><strong>tandem</strong></span> <span class='ocrx_word' id='word_1_162' title='bbox 1207 2514 1437 2572; x_wconf 87' lang='lat' dir='ltr'><strong>defecit:</strong></span> <span class='ocrx_word' id='word_1_163' title='bbox 1465 2512 1757 2569; x_wconf 81' lang='lat' dir='ltr'><strong>exstinctus</strong></span> <span class='ocrx_word' id='word_1_164' title='bbox 1786 2518 1872 2568; x_wconf 90' lang='lat' dir='ltr'><strong>est</strong></span> <span class='ocrx_word' id='word_1_165' title='bbox 1901 2510 2016 2583; x_wconf 91' lang='lat' dir='ltr'><strong>spi-</strong></span> 
     </span>
    </p>
   </div>
   <div class='ocr_carea' id='block_1_24' title="bbox 437 2606 2014 2677">
    <p class='ocr_par' dir='ltr' id='par_1_24' title="bbox 437 2606 2014 2677">
     <span class='ocr_line' id='line_1_24' title="bbox 437 2606 2014 2677; baseline -0.006 -7"><span class='ocrx_word' id='word_1_166' title='bbox 437 2615 575 2670; x_wconf 89' lang='lat' dir='ltr'><strong>ritus</strong></span> <span class='ocrx_word' id='word_1_167' title='bbox 598 2612 804 2668; x_wconf 86' lang='lat' dir='ltr'><strong>timoris</strong></span> <span class='ocrx_word' id='word_1_168' title='bbox 831 2611 1045 2667; x_wconf 90' lang='lat' dir='ltr'><strong>Domini</strong></span> <span class='ocrx_word' id='word_1_169' title='bbox 1075 2628 1089 2665; x_wconf 87' lang='lat'><strong>:</strong></span> <span class='ocrx_word' id='word_1_170' title='bbox 1122 2609 1189 2667; x_wconf 88' lang='lat' dir='ltr'><strong>de</strong></span> <span class='ocrx_word' id='word_1_171' title='bbox 1214 2610 1325 2665; x_wconf 90' lang='lat' dir='ltr'><strong>luto</strong></span> <span class='ocrx_word' id='word_1_172' title='bbox 1352 2608 1407 2664; x_wconf 89' lang='lat' dir='ltr'><strong>in</strong></span> <span class='ocrx_word' id='word_1_173' title='bbox 1435 2608 1603 2664; x_wconf 91' lang='lat' dir='ltr'><strong>lutum</strong></span> <span class='ocrx_word' id='word_1_174' title='bbox 1649 2606 2014 2677; x_wconf 74' lang='lat' dir='ltr'><strong>provolvitur:</strong></span> 
     </span>
    </p>
   </div>
   <div class='ocr_carea' id='block_1_25' title="bbox 431 2700 2017 2767">
    <p class='ocr_par' dir='ltr' id='par_1_25' title="bbox 431 2700 2017 2767">
     <span class='ocr_line' id='line_1_25' title="bbox 431 2700 2017 2767; baseline -0.004 -6"><span class='ocrx_word' id='word_1_175' title='bbox 431 2704 653 2767; x_wconf 85' lang='lat' dir='ltr'><strong>alternis</strong></span> <span class='ocrx_word' id='word_1_176' title='bbox 674 2704 878 2760; x_wconf 86' lang='lat' dir='ltr'><strong>vicibus</strong></span> <span class='ocrx_word' id='word_1_177' title='bbox 907 2711 962 2759; x_wconf 93' lang='lat' dir='ltr'><strong>et</strong></span> <span class='ocrx_word' id='word_1_178' title='bbox 978 2702 1115 2759; x_wconf 89' lang='lat' dir='ltr'><strong>alios</strong></span> <span class='ocrx_word' id='word_1_179' title='bbox 1159 2702 1391 2758; x_wconf 74' lang='lat' dir='ltr'><strong>inritans</strong></span> <span class='ocrx_word' id='word_1_180' title='bbox 1415 2709 1472 2758; x_wconf 86' lang='lat' dir='ltr'><strong>et</strong></span> <span class='ocrx_word' id='word_1_181' title='bbox 1506 2702 1575 2757; x_wconf 87' lang='lat' dir='ltr'><strong>ab</strong></span> <span class='ocrx_word' id='word_1_182' title='bbox 1601 2700 1720 2757; x_wconf 91' lang='lat' dir='ltr'><strong>aliis</strong></span> <span class='ocrx_word' id='word_1_183' title='bbox 1742 2700 2017 2767; x_wconf 81' lang='lat' dir='ltr'><strong>invitatus,</strong></span> 
     </span>
    </p>
   </div>
   <div class='ocr_carea' id='block_1_26' title="bbox 429 2795 2021 2867">
    <p class='ocr_par' dir='ltr' id='par_1_26' title="bbox 429 2795 2021 2867">
     <span class='ocr_line' id='line_1_26' title="bbox 429 2795 2021 2867; baseline -0.003 -13"><span class='ocrx_word' id='word_1_184' title='bbox 429 2806 487 2854; x_wconf 89' lang='lat' dir='ltr'><strong>et</strong></span> <span class='ocrx_word' id='word_1_185' title='bbox 505 2799 733 2854; x_wconf 89' lang='lat' dir='ltr'><strong>conviva</strong></span> <span class='ocrx_word' id='word_1_186' title='bbox 779 2806 835 2853; x_wconf 89' lang='lat' dir='ltr'><strong>et</strong></span> <span class='ocrx_word' id='word_1_187' title='bbox 873 2798 1195 2863; x_wconf 89' lang='lat' dir='ltr'><strong>convivans,</strong></span> <span class='ocrx_word' id='word_1_188' title='bbox 1224 2811 1348 2853; x_wconf 91' lang='lat' dir='ltr'><strong>cum</strong></span> <span class='ocrx_word' id='word_1_189' title='bbox 1387 2796 1480 2852; x_wconf 65' lang='lat' dir='ltr'><strong>aeri</strong></span> <span class='ocrx_word' id='word_1_190' title='bbox 1509 2795 1652 2867; x_wconf 91' lang='lat' dir='ltr'><strong>quod</strong></span> <span class='ocrx_word' id='word_1_191' title='bbox 1681 2803 2021 2851; x_wconf 81' lang='lat' dir='ltr'><strong>contraxerat</strong></span> 
     </span>
    </p>
   </div>
   <div class='ocr_carea' id='block_1_27' title="bbox 433 2888 2024 2963">
    <p class='ocr_par' dir='ltr' id='par_1_27' title="bbox 433 2888 2024 2963">
     <span class='ocr_line' id='line_1_27' title="bbox 433 2888 2024 2963; baseline -0.003 -16"><span class='ocrx_word' id='word_1_192' title='bbox 433 2889 689 2947; x_wconf 85' lang='lat' dir='ltr'><strong>solvendo</strong></span> <span class='ocrx_word' id='word_1_193' title='bbox 728 2904 835 2945; x_wconf 91' lang='lat' dir='ltr'><strong>non</strong></span> <span class='ocrx_word' id='word_1_194' title='bbox 863 2898 1025 2954; x_wconf 87' lang='lat' dir='ltr'><strong>esset,</strong></span> <span class='ocrx_word' id='word_1_195' title='bbox 1077 2898 1132 2945; x_wconf 90' lang='lat' dir='ltr'><strong>et</strong></span> <span class='ocrx_word' id='word_1_196' title='bbox 1157 2904 1187 2943; x_wconf 91' lang='lat' dir='ltr'><strong>a</strong></span> <span class='ocrx_word' id='word_1_197' title='bbox 1230 2888 1605 2963; x_wconf 34' lang='lat' dir='ltr'><strong>creditoribus.</strong></span> <span class='ocrx_word' id='word_1_198' title='bbox 1630 2897 1935 2958; x_wconf 76' lang='lat' dir='ltr'><strong>urgeretur,</strong></span> <span class='ocrx_word' id='word_1_199' title='bbox 1967 2896 2024 2944; x_wconf 90' lang='lat' dir='ltr'><strong>et</strong></span> 
     </span>
    </p>
   </div>
   <div class='ocr_carea' id='block_1_28' title="bbox 436 2980 2022 3053">
    <p class='ocr_par' dir='ltr' id='par_1_28' title="bbox 436 2980 2022 3053">
     <span class='ocr_line' id='line_1_28' title="bbox 436 2980 2022 3053; baseline -0.001 -16"><span class='ocrx_word' id='word_1_200' title='bbox 436 2995 497 3037; x_wconf 89' lang='lat' dir='ltr'><strong>se</strong></span> <span class='ocrx_word' id='word_1_201' title='bbox 526 2981 848 3051; x_wconf 87' lang='lat' dir='ltr'><strong>quotidianis</strong></span> <span class='ocrx_word' id='word_1_202' title='bbox 876 2980 1178 3053; x_wconf 87' lang='lat' dir='ltr'><strong>implicaret</strong></span> <span class='ocrx_word' id='word_1_203' title='bbox 1198 2982 1492 3048; x_wconf 90' lang='lat' dir='ltr'><strong>erroribus,</strong></span> <span class='ocrx_word' id='word_1_204' title='bbox 1519 2991 1573 3037; x_wconf 88' lang='lat' dir='ltr'><strong>et</strong></span> <span class='ocrx_word' id='word_1_205' title='bbox 1600 2980 1844 3051; x_wconf 88' lang='lat' dir='ltr'><strong>plurimis</strong></span> <span class='ocrx_word' id='word_1_206' title='bbox 1864 2996 2022 3037; x_wconf 86' lang='lat' dir='ltr'><strong>scan-</strong></span> 
     </span>
    </p>
   </div>
   <div class='ocr_carea' id='block_1_29' title="bbox 439 3074 2027 3146">
    <p class='ocr_par' dir='ltr' id='par_1_29' title="bbox 439 3074 2027 3146">
     <span class='ocr_line' id='line_1_29' title="bbox 439 3074 2027 3146; baseline 0.001 -16"><span class='ocrx_word' id='word_1_207' title='bbox 439 3074 621 3131; x_wconf 87' lang='lat' dir='ltr'><strong>dalum</strong></span> <span class='ocrx_word' id='word_1_208' title='bbox 652 3085 881 3142; x_wconf 89' lang='lat' dir='ltr'><strong>crearet,</strong></span> <span class='ocrx_word' id='word_1_209' title='bbox 915 3075 1127 3129; x_wconf 82' lang='lat' dir='ltr'><strong>tandem</strong></span> <span class='ocrx_word' id='word_1_210' title='bbox 1147 3090 1177 3130; x_wconf 89' lang='lat' dir='ltr'><strong>a</strong></span> <span class='ocrx_word' id='word_1_211' title='bbox 1208 3076 1522 3146; x_wconf 86' lang='lat' dir='ltr'><strong>presbytero</strong></span> <span class='ocrx_word' id='word_1_212' title='bbox 1546 3090 1643 3130; x_wconf 90' lang='lat' dir='ltr'><strong>suo</strong></span> <span class='ocrx_word' id='word_1_213' title='bbox 1663 3077 2027 3131; x_wconf 85' lang='lat' dir='ltr'><strong>excommuni-</strong></span> 
     </span>
    </p>
   </div>
   <div class='ocr_carea' id='block_1_30' title="bbox 441 3167 2026 3239">
    <p class='ocr_par' dir='ltr' id='par_1_30' title="bbox 441 3167 2026 3239">
     <span class='ocr_line' id='line_1_30' title="bbox 441 3167 2026 3239; baseline 0.001 -18"><span class='ocrx_word' id='word_1_214' title='bbox 441 3176 613 3235; x_wconf 89' lang='lat' dir='ltr'><strong>catus,</strong></span> <span class='ocrx_word' id='word_1_215' title='bbox 641 3167 709 3233; x_wconf 88' lang='lat' dir='ltr'><strong>ad</strong></span> <span class='ocrx_word' id='word_1_216' title='bbox 736 3167 1039 3223; x_wconf 87' lang='lat' dir='ltr'><strong>Donatistas</strong></span> <span class='ocrx_word' id='word_1_217' title='bbox 1064 3167 1364 3239; x_wconf 83' lang='lat' dir='ltr'><strong>transfugit,</strong></span> <span class='ocrx_word' id='word_1_218' title='bbox 1390 3178 1443 3223; x_wconf 90' lang='lat' dir='ltr'><strong>et</strong></span> <span class='ocrx_word' id='word_1_219' title='bbox 1468 3170 1536 3224; x_wconf 87' lang='lat' dir='ltr'><strong>ab</strong></span> <span class='ocrx_word' id='word_1_220' title='bbox 1558 3182 1744 3223; x_wconf 90' lang='lat' dir='ltr'><strong>eorum</strong></span> <span class='ocrx_word' id='word_1_221' title='bbox 1774 3171 2026 3239; x_wconf 86' lang='lat' dir='ltr'><strong>episcopo</strong></span> 
     </span>
    </p>
   </div>
   <div class='ocr_carea' id='block_1_31' title="bbox 442 3257 2027 3330">
    <p class='ocr_par' dir='ltr' id='par_1_31' title="bbox 442 3257 2027 3330">
     <span class='ocr_line' id='line_1_31' title="bbox 442 3257 2027 3330; baseline 0 -17"><span class='ocrx_word' id='word_1_222' title='bbox 442 3272 552 3313; x_wconf 90' lang='lat' dir='ltr'><strong>non</strong></span> <span class='ocrx_word' id='word_1_223' title='bbox 582 3266 783 3314; x_wconf 88' lang='lat' dir='ltr'><strong>tantum</strong></span> <span class='ocrx_word' id='word_1_224' title='bbox 806 3266 1084 3328; x_wconf 86' lang='lat' dir='ltr'><strong>exceptus,</strong></span> <span class='ocrx_word' id='word_1_225' title='bbox 1128 3257 1271 3330; x_wconf 87' lang='lat' dir='ltr'><strong>quod</strong></span> <span class='ocrx_word' id='word_1_226' title='bbox 1316 3267 1502 3315; x_wconf 88' lang='lat' dir='ltr'><strong>contra</strong></span> <span class='ocrx_word' id='word_1_227' title='bbox 1528 3259 1616 3329; x_wconf 90' lang='lat' dir='ltr'><strong>jus</strong></span> <span class='ocrx_word' id='word_1_228' title='bbox 1663 3258 2027 3315; x_wconf 87' lang='lat' dir='ltr'><strong>Ecclesiarum</strong></span> 
     </span>
    </p>
   </div>
   <div class='ocr_carea' id='block_1_32' title="bbox 442 3351 2025 3427">
    <p class='ocr_par' dir='ltr' id='par_1_32' title="bbox 442 3351 2025 3427">
     <span class='ocr_line' id='line_1_32' title="bbox 442 3351 2025 3427; baseline 0.002 -22"><span class='ocrx_word' id='word_1_229' title='bbox 442 3360 557 3427; x_wconf 79' lang='lat' dir='ltr'><strong>est;</strong></span> <span class='ocrx_word' id='word_1_230' title='bbox 586 3365 692 3406; x_wconf 93' lang='lat' dir='ltr'><strong>non</strong></span> <span class='ocrx_word' id='word_1_231' title='bbox 725 3359 929 3405; x_wconf 91' lang='lat' dir='ltr'><strong>tantum</strong></span> <span class='ocrx_word' id='word_1_232' title='bbox 956 3351 1312 3422; x_wconf 84' lang='lat' dir='ltr'><strong>rebaptizatus</strong></span> <span class='ocrx_word' id='word_1_233' title='bbox 1349 3361 1452 3420; x_wconf 89' lang='lat' dir='ltr'><strong>est,</strong></span> <span class='ocrx_word' id='word_1_234' title='bbox 1478 3352 1621 3424; x_wconf 90' lang='lat' dir='ltr'><strong>quod</strong></span> <span class='ocrx_word' id='word_1_235' title='bbox 1647 3353 1868 3423; x_wconf 89' lang='lat' dir='ltr'><strong>impium</strong></span> <span class='ocrx_word' id='word_1_236' title='bbox 1896 3360 1981 3409; x_wconf 87' lang='lat' dir='ltr'><strong>est</strong></span> <span class='ocrx_word' id='word_1_237' title='bbox 2011 3371 2025 3408; x_wconf 90' lang='lat'><strong>:</strong></span> 
     </span>
    </p>
   </div>
   <div class='ocr_carea' id='block_1_33' title="bbox 441 3444 2031 3519">
    <p class='ocr_par' dir='ltr' id='par_1_33' title="bbox 441 3444 2031 3519">
     <span class='ocr_line' id='line_1_33' title="bbox 441 3444 2031 3519; baseline 0.003 -20"><span class='ocrx_word' id='word_1_238' title='bbox 441 3444 536 3500; x_wconf 87' lang='lat' dir='ltr'><strong>sed</strong></span> <span class='ocrx_word' id='word_1_239' title='bbox 566 3444 727 3503; x_wconf 88' lang='lat' dir='ltr'><strong>etiam</strong></span> <span class='ocrx_word' id='word_1_240' title='bbox 753 3445 1030 3514; x_wconf 81' lang='lat' dir='ltr'><strong>diaconus,</strong></span> <span class='ocrx_word' id='word_1_241' title='bbox 1059 3446 1202 3517; x_wconf 90' lang='lat' dir='ltr'><strong>quod</strong></span> <span class='ocrx_word' id='word_1_242' title='bbox 1240 3446 1472 3503; x_wconf 79' lang='lat' dir='ltr'><strong>maxime</strong></span> <span class='ocrx_word' id='word_1_243' title='bbox 1499 3447 1809 3519; x_wconf 89' lang='lat' dir='ltr'><strong>lugendum,</strong></span> <span class='ocrx_word' id='word_1_244' title='bbox 1859 3445 2031 3504; x_wconf 88' lang='lat' dir='ltr'><strong>factus</strong></span> 
     </span>
    </p>
   </div>
   <div class='ocr_carea' id='block_1_34' title="bbox 438 3544 540 3595">
    <p class='ocr_par' dir='ltr' id='par_1_34' title="bbox 438 3544 540 3595">
     <span class='ocr_line' id='line_1_34' title="bbox 438 3544 540 3595; baseline -0.039 0"><span class='ocrx_word' id='word_1_245' title='bbox 438 3544 540 3595; x_wconf 84' lang='lat' dir='ltr'><strong>est.</strong></span> 
     </span>
    </p>
   </div>
   <div class='ocr_carea' id='block_1_35' title="bbox 514 3630 2034 3705">
    <p class='ocr_par' dir='ltr' id='par_1_35' title="bbox 514 3630 2034 3705">
     <span class='ocr_line' id='line_1_35' title="bbox 514 3630 2034 3705; baseline 0.003 -16"><span class='ocrx_word' id='word_1_246' title='bbox 514 3631 569 3689; x_wconf 78' lang='lat'><strong>5.</strong></span> <span class='ocrx_word' id='word_1_247' title='bbox 604 3630 734 3688; x_wconf 66' lang='lat' dir='ltr'><strong>Haac</strong></span> <span class='ocrx_word' id='word_1_248' title='bbox 773 3647 874 3703; x_wconf 88' lang='lat' dir='ltr'><strong>ego</strong></span> <span class='ocrx_word' id='word_1_249' title='bbox 918 3646 1040 3689; x_wconf 86' lang='lat' dir='ltr'><strong>cum</strong></span> <span class='ocrx_word' id='word_1_250' title='bbox 1067 3632 1297 3703; x_wconf 89' lang='lat' dir='ltr'><strong>primum</strong></span> <span class='ocrx_word' id='word_1_251' title='bbox 1324 3634 1529 3705; x_wconf 83' lang='lat' dir='ltr'><strong>accepi,</strong></span> <span class='ocrx_word' id='word_1_252' title='bbox 1559 3634 1745 3691; x_wconf 85' lang='lat' dir='ltr'><strong>aberat</strong></span> <span class='ocrx_word' id='word_1_253' title='bbox 1771 3652 2034 3695; x_wconf 83' lang='lat' dir='ltr'><strong>veneran-</strong></span> 
     </span>
    </p>
   </div>
   <div class='ocr_carea' id='block_1_36' title="bbox 446 3724 2035 3788">
    <p class='ocr_par' dir='ltr' id='par_1_36' title="bbox 446 3724 2035 3788">
     <span class='ocr_line' id='line_1_36' title="bbox 446 3724 2035 3788; baseline 0.004 -6"><span class='ocrx_word' id='word_1_254' title='bbox 446 3724 549 3782; x_wconf 89' lang='lat' dir='ltr'><strong>dus</strong></span> <span class='ocrx_word' id='word_1_255' title='bbox 570 3738 734 3781; x_wconf 81' lang='lat' dir='ltr'><strong>senex</strong></span> <span class='ocrx_word' id='word_1_256' title='bbox 758 3734 944 3783; x_wconf 87' lang='lat' dir='ltr'><strong>noster</strong></span> <span class='ocrx_word' id='word_1_257' title='bbox 969 3726 1248 3784; x_wconf 80' lang='lat' dir='ltr'><strong>Valerius:</strong></span> <span class='ocrx_word' id='word_1_258' title='bbox 1281 3726 1377 3784; x_wconf 89' lang='lat' dir='ltr'><strong>sed</strong></span> <span class='ocrx_word' id='word_1_259' title='bbox 1415 3737 1682 3785; x_wconf 91' lang='lat' dir='ltr'><strong>commota</strong></span> <span class='ocrx_word' id='word_1_260' title='bbox 1708 3729 1915 3787; x_wconf 87' lang='lat' dir='ltr'><strong>viscera</strong></span> <span class='ocrx_word' id='word_1_261' title='bbox 1954 3730 2035 3788; x_wconf 89' lang='lat' dir='ltr'><strong>di-</strong></span> 
     </span>
    </p>
   </div>
   <div class='ocr_carea' id='block_1_37' title="bbox 444 3816 2035 3896">
    <p class='ocr_par' dir='ltr' id='par_1_37' title="bbox 444 3816 2035 3896">
     <span class='ocr_line' id='line_1_37' title="bbox 444 3816 2035 3896; baseline 0.004 -21"><span class='ocrx_word' id='word_1_262' title='bbox 444 3816 701 3875; x_wconf 86' lang='lat' dir='ltr'><strong>lationem</strong></span> <span class='ocrx_word' id='word_1_263' title='bbox 731 3819 953 3879; x_wconf 86' lang='lat' dir='ltr'><strong>minime</strong></span> <span class='ocrx_word' id='word_1_264' title='bbox 980 3835 1135 3892; x_wconf 89' lang='lat' dir='ltr'><strong>passa</strong></span> <span class='ocrx_word' id='word_1_265' title='bbox 1165 3831 1308 3877; x_wconf 87' lang='lat' dir='ltr'><strong>sunt.</strong></span> <span class='ocrx_word' id='word_1_266' title='bbox 1339 3822 1598 3893; x_wconf 86' lang='lat' dir='ltr'><strong>Ingemui,</strong></span> <span class='ocrx_word' id='word_1_267' title='bbox 1634 3824 1794 3891; x_wconf 90' lang='lat' dir='ltr'><strong>dolui,</strong></span> <span class='ocrx_word' id='word_1_268' title='bbox 1848 3840 1943 3896; x_wconf 93' lang='lat' dir='ltr'><strong>pro</strong></span> <span class='ocrx_word' id='word_1_269' title='bbox 1970 3840 2035 3882; x_wconf 92' lang='lat' dir='ltr'><strong>eo</strong></span> 
     </span>
    </p>
   </div>
   <div class='ocr_carea' id='block_1_38' title="bbox 446 3911 2037 3984">
    <p class='ocr_par' dir='ltr' id='par_1_38' title="bbox 446 3911 2037 3984">
     <span class='ocr_line' id='line_1_38' title="bbox 446 3911 2037 3984; baseline 0.005 -17"><span class='ocrx_word' id='word_1_270' title='bbox 446 3911 504 3979; x_wconf 77' lang='lat' dir='ltr'><strong>in</strong></span> <span class='ocrx_word' id='word_1_271' title='bbox 533 3924 824 3984; x_wconf 89' lang='lat' dir='ltr'><strong>conspectu</strong></span> <span class='ocrx_word' id='word_1_272' title='bbox 852 3914 1065 3970; x_wconf 90' lang='lat' dir='ltr'><strong>Domini</strong></span> <span class='ocrx_word' id='word_1_273' title='bbox 1105 3916 1211 3971; x_wconf 91' lang='lat' dir='ltr'><strong>mei</strong></span> <span class='ocrx_word' id='word_1_274' title='bbox 1239 3914 1402 3972; x_wconf 83' lang='lat' dir='ltr'><strong>effudi</strong></span> <span class='ocrx_word' id='word_1_275' title='bbox 1444 3917 1676 3972; x_wconf 88' lang='lat' dir='ltr'><strong>animam</strong></span> <span class='ocrx_word' id='word_1_276' title='bbox 1721 3932 1916 3973; x_wconf 87' lang='lat' dir='ltr'><strong>meam.</strong></span> <span class='ocrx_word' id='word_1_277' title='bbox 1968 3918 2037 3975; x_wconf 88' lang='lat' dir='ltr'><strong>Et</strong></span> 
     </span>
    </p>
   </div>
   <div class='ocr_carea' id='block_1_39' title="bbox 447 4005 2038 4081">
    <p class='ocr_par' dir='ltr' id='par_1_39' title="bbox 447 4005 2038 4081">
     <span class='ocr_line' id='line_1_39' title="bbox 447 4005 2038 4081; baseline 0.004 -21"><span class='ocrx_word' id='word_1_278' title='bbox 447 4005 572 4075; x_wconf 82' lang='lat' dir='ltr'><strong>quia</strong></span> <span class='ocrx_word' id='word_1_279' title='bbox 602 4006 733 4063; x_wconf 84' lang='lat' dir='ltr'><strong>mihi</strong></span> <span class='ocrx_word' id='word_1_280' title='bbox 754 4022 786 4062; x_wconf 86' lang='lat' dir='ltr'><strong>a</strong></span> <span class='ocrx_word' id='word_1_281' title='bbox 812 4007 995 4063; x_wconf 89' lang='lat' dir='ltr'><strong>multis</strong></span> <span class='ocrx_word' id='word_1_282' title='bbox 1012 4008 1237 4063; x_wconf 88' lang='lat' dir='ltr'><strong>relatum</strong></span> <span class='ocrx_word' id='word_1_283' title='bbox 1266 4008 1458 4077; x_wconf 85' lang='lat' dir='ltr'><strong>fuerat,</strong></span> <span class='ocrx_word' id='word_1_284' title='bbox 1478 4009 1803 4065; x_wconf 83' lang='lat' dir='ltr'><strong>Macrobium</strong></span> <span class='ocrx_word' id='word_1_285' title='bbox 1831 4011 2038 4081; x_wconf 85' lang='lat' dir='ltr'><strong>episco-</strong></span> 
     </span>
    </p>
   </div>
   <div class='ocr_carea' id='block_1_40' title="bbox 448 4098 2039 4173">
    <p class='ocr_par' dir='ltr' id='par_1_40' title="bbox 448 4098 2039 4173">
     <span class='ocr_line' id='line_1_40' title="bbox 448 4098 2039 4173; baseline 0.005 -20"><span class='ocrx_word' id='word_1_286' title='bbox 448 4112 574 4168; x_wconf 89' lang='lat' dir='ltr'><strong>pum</strong></span> <span class='ocrx_word' id='word_1_287' title='bbox 618 4098 962 4169; x_wconf 86' lang='lat' dir='ltr'><strong>donatistam,</strong></span> <span class='ocrx_word' id='word_1_288' title='bbox 1011 4100 1078 4155; x_wconf 90' lang='lat' dir='ltr'><strong>ad</strong></span> <span class='ocrx_word' id='word_1_289' title='bbox 1106 4116 1263 4171; x_wconf 89' lang='lat' dir='ltr'><strong>quem</strong></span> <span class='ocrx_word' id='word_1_290' title='bbox 1304 4102 1633 4173; x_wconf 79' lang='lat' dir='ltr'><strong>confugerat,</strong></span> <span class='ocrx_word' id='word_1_291' title='bbox 1686 4104 1862 4159; x_wconf 90' lang='lat' dir='ltr'><strong>virum</strong></span> <span class='ocrx_word' id='word_1_292' title='bbox 1918 4119 2039 4161; x_wconf 90' lang='lat' dir='ltr'><strong>esse</strong></span> 
     </span>
    </p>
   </div>
   <div class='ocr_carea' id='block_1_41' title="bbox 450 4190 2038 4265">
    <p class='ocr_par' dir='ltr' id='par_1_41' title="bbox 450 4190 2038 4265">
     <span class='ocr_line' id='line_1_41' title="bbox 450 4190 2038 4265; baseline 0.004 -18"><span class='ocrx_word' id='word_1_293' title='bbox 450 4190 757 4260; x_wconf 82' lang='lat' dir='ltr'><strong>paciﬁcum,</strong></span> <span class='ocrx_word' id='word_1_294' title='bbox 787 4209 894 4249; x_wconf 90' lang='lat' dir='ltr'><strong>non</strong></span> <span class='ocrx_word' id='word_1_295' title='bbox 922 4192 1078 4263; x_wconf 89' lang='lat' dir='ltr'><strong>longe</strong></span> <span class='ocrx_word' id='word_1_296' title='bbox 1103 4209 1133 4248; x_wconf 93' lang='lat' dir='ltr'><strong>a</strong></span> <span class='ocrx_word' id='word_1_297' title='bbox 1163 4200 1327 4265; x_wconf 86' lang='lat' dir='ltr'><strong>regno</strong></span> <span class='ocrx_word' id='word_1_298' title='bbox 1354 4195 1449 4250; x_wconf 90' lang='lat' dir='ltr'><strong>Dei</strong></span> <span class='ocrx_word' id='word_1_299' title='bbox 1493 4204 1549 4251; x_wconf 89' lang='lat' dir='ltr'><strong>et</strong></span> <span class='ocrx_word' id='word_1_300' title='bbox 1572 4211 1602 4250; x_wconf 89' lang='lat' dir='ltr'><strong>a</strong></span> <span class='ocrx_word' id='word_1_301' title='bbox 1624 4197 1911 4253; x_wconf 89' lang='lat' dir='ltr'><strong>concordia</strong></span> <span class='ocrx_word' id='word_1_302' title='bbox 1933 4196 2038 4253; x_wconf 87' lang='lat' dir='ltr'><strong>fra-</strong></span> 
     </span>
    </p>
   </div>
   <div class='ocr_carea' id='block_1_42' title="bbox 454 4286 2035 4360">
    <p class='ocr_par' dir='ltr' id='par_1_42' title="bbox 454 4286 2035 4360">
     <span class='ocr_line' id='line_1_42' title="bbox 454 4286 2035 4360; baseline 0.008 -22"><span class='ocrx_word' id='word_1_303' title='bbox 454 4292 617 4349; x_wconf 90' lang='lat' dir='ltr'><strong>trum,</strong></span> <span class='ocrx_word' id='word_1_304' title='bbox 643 4287 734 4355; x_wconf 84' lang='lat' dir='ltr'><strong>qui</strong></span> <span class='ocrx_word' id='word_1_305' title='bbox 761 4286 804 4342; x_wconf 91' lang='lat' dir='ltr'><strong>si</strong></span> <span class='ocrx_word' id='word_1_306' title='bbox 829 4287 1036 4358; x_wconf 87' lang='lat' dir='ltr'><strong>aliquos</strong></span> <span class='ocrx_word' id='word_1_307' title='bbox 1074 4289 1449 4360; x_wconf 90' lang='lat' dir='ltr'><strong>rebaptizarct,</strong></span> <span class='ocrx_word' id='word_1_308' title='bbox 1489 4291 1539 4345; x_wconf 91' lang='lat' dir='ltr'><strong>id</strong></span> <span class='ocrx_word' id='word_1_309' title='bbox 1564 4292 1758 4347; x_wconf 90' lang='lat' dir='ltr'><strong>invitus</strong></span> <span class='ocrx_word' id='word_1_310' title='bbox 1786 4293 1987 4350; x_wconf 86' lang='lat' dir='ltr'><strong>faceret</strong></span> <span class='ocrx_word' id='word_1_311' title='bbox 2022 4314 2035 4350; x_wconf 91' lang='lat'><strong>:</strong></span> 
     </span>
    </p>
   </div>
   <div class='ocr_carea' id='block_1_43' title="bbox 449 4374 2043 4457">
    <p class='ocr_par' dir='ltr' id='par_1_43' title="bbox 449 4374 2043 4457">
     <span class='ocr_line' id='line_1_43' title="bbox 449 4374 2043 4457; baseline 0.009 -27"><span class='ocrx_word' id='word_1_312' title='bbox 449 4374 596 4432; x_wconf 86' lang='lat' dir='ltr'><strong>hunc</strong></span> <span class='ocrx_word' id='word_1_313' title='bbox 618 4375 813 4435; x_wconf 79' lang='lat' dir='ltr'><strong>litteris</strong></span> <span class='ocrx_word' id='word_1_314' title='bbox 840 4380 1125 4434; x_wconf 90' lang='lat' dir='ltr'><strong>convenire</strong></span> <span class='ocrx_word' id='word_1_315' title='bbox 1150 4383 1329 4446; x_wconf 88' lang='lat' dir='ltr'><strong>statui,</strong></span> <span class='ocrx_word' id='word_1_316' title='bbox 1371 4392 1423 4437; x_wconf 86' lang='lat' dir='ltr'><strong>et</strong></span> <span class='ocrx_word' id='word_1_317' title='bbox 1456 4400 1612 4454; x_wconf 90' lang='lat' dir='ltr'><strong>quam</strong></span> <span class='ocrx_word' id='word_1_318' title='bbox 1637 4385 1844 4441; x_wconf 81' lang='lat' dir='ltr'><strong>obnixis</strong></span> <span class='ocrx_word' id='word_1_319' title='bbox 1871 4390 2043 4457; x_wconf 89' lang='lat' dir='ltr'><strong>preci-</strong></span> 
     </span>
    </p>
   </div>
   <div class='ocr_carea' id='block_1_44' title="bbox 452 4468 2040 4543">
    <p class='ocr_par' dir='ltr' id='par_1_44' title="bbox 452 4468 2040 4543">
     <span class='ocr_line' id='line_1_44' title="bbox 452 4468 2040 4543; baseline 0.008 -17"><span class='ocrx_word' id='word_1_320' title='bbox 452 4468 553 4526; x_wconf 85' lang='lat' dir='ltr'><strong>bus</strong></span> <span class='ocrx_word' id='word_1_321' title='bbox 578 4468 645 4525; x_wconf 91' lang='lat' dir='ltr'><strong>ad</strong></span> <span class='ocrx_word' id='word_1_322' title='bbox 667 4485 787 4525; x_wconf 91' lang='lat' dir='ltr'><strong>eum</strong></span> <span class='ocrx_word' id='word_1_323' title='bbox 816 4485 911 4541; x_wconf 86' lang='lat' dir='ltr'><strong>per</strong></span> <span class='ocrx_word' id='word_1_324' title='bbox 934 4472 1137 4527; x_wconf 89' lang='lat' dir='ltr'><strong>amicos</strong></span> <span class='ocrx_word' id='word_1_325' title='bbox 1155 4488 1334 4543; x_wconf 83' lang='lat' dir='ltr'><strong>agere,</strong></span> <span class='ocrx_word' id='word_1_326' title='bbox 1358 4484 1416 4529; x_wconf 90' lang='lat' dir='ltr'><strong>ut</strong></span> <span class='ocrx_word' id='word_1_327' title='bbox 1440 4477 1491 4530; x_wconf 93' lang='lat' dir='ltr'><strong>in</strong></span> <span class='ocrx_word' id='word_1_328' title='bbox 1511 4477 1835 4534; x_wconf 89' lang='lat' dir='ltr'><strong>subdiacono</strong></span> <span class='ocrx_word' id='word_1_329' title='bbox 1853 4490 2040 4538; x_wconf 82' lang='lat' dir='ltr'><strong>nestro</strong></span> 
     </span>
    </p>
   </div>
   <div class='ocr_carea' id='block_1_45' title="bbox 451 4562 2042 4645">
    <p class='ocr_par' dir='ltr' id='par_1_45' title="bbox 451 4562 2042 4645">
     <span class='ocr_line' id='line_1_45' title="bbox 451 4562 2042 4645; baseline 0.007 -25"><span class='ocrx_word' id='word_1_330' title='bbox 451 4562 787 4636; x_wconf 88' lang='lat' dir='ltr'><strong>Baptismum</strong></span> <span class='ocrx_word' id='word_1_331' title='bbox 816 4564 1015 4621; x_wconf 88' lang='lat' dir='ltr'><strong>Christi</strong></span> <span class='ocrx_word' id='word_1_332' title='bbox 1038 4582 1142 4623; x_wconf 92' lang='lat' dir='ltr'><strong>non</strong></span> <span class='ocrx_word' id='word_1_333' title='bbox 1170 4568 1497 4637; x_wconf 84' lang='lat' dir='ltr'><strong>exsufﬂaret,</strong></span> <span class='ocrx_word' id='word_1_334' title='bbox 1531 4586 1630 4628; x_wconf 91' lang='lat' dir='ltr'><strong>nec</strong></span> <span class='ocrx_word' id='word_1_335' title='bbox 1658 4573 1845 4629; x_wconf 83' lang='lat' dir='ltr'><strong>iterum</strong></span> <span class='ocrx_word' id='word_1_336' title='bbox 1868 4575 2042 4645; x_wconf 85' lang='lat' dir='ltr'><strong>bapti-</strong></span> 
     </span>
    </p>
   </div>
   <div class='ocr_carea' id='block_1_46' title="bbox 451 4659 2041 4740">
    <p class='ocr_par' dir='ltr' id='par_1_46' title="bbox 451 4659 2041 4740">
     <span class='ocr_line' id='line_1_46' title="bbox 451 4659 2041 4740; baseline 0.008 -26"><span class='ocrx_word' id='word_1_337' title='bbox 451 4667 618 4724; x_wconf 85' lang='lat' dir='ltr'><strong>zaret,</strong></span> <span class='ocrx_word' id='word_1_338' title='bbox 640 4672 799 4727; x_wconf 89' lang='lat' dir='ltr'><strong>quem</strong></span> <span class='ocrx_word' id='word_1_339' title='bbox 838 4659 892 4714; x_wconf 88' lang='lat' dir='ltr'><strong>in</strong></span> <span class='ocrx_word' id='word_1_340' title='bbox 916 4661 1130 4718; x_wconf 89' lang='lat' dir='ltr'><strong>nomine</strong></span> <span class='ocrx_word' id='word_1_341' title='bbox 1156 4662 1248 4718; x_wconf 90' lang='lat' dir='ltr'><strong>Dei</strong></span> <span class='ocrx_word' id='word_1_342' title='bbox 1277 4672 1331 4719; x_wconf 90' lang='lat' dir='ltr'><strong>et</strong></span> <span class='ocrx_word' id='word_1_343' title='bbox 1350 4665 1669 4737; x_wconf 85' lang='lat' dir='ltr'><strong>baptizatum</strong></span> <span class='ocrx_word' id='word_1_344' title='bbox 1702 4678 1755 4723; x_wconf 92' lang='lat' dir='ltr'><strong>ct</strong></span> <span class='ocrx_word' id='word_1_345' title='bbox 1782 4668 2041 4740; x_wconf 83' lang='lat' dir='ltr'><strong>signatum</strong></span> 
     </span>
    </p>
   </div>
   <div class='ocr_carea' id='block_1_47' title="bbox 452 4749 2045 4827">
    <p class='ocr_par' dir='ltr' id='par_1_47' title="bbox 452 4749 2045 4827">
     <span class='ocr_line' id='line_1_47' title="bbox 452 4749 2045 4827; baseline 0.009 -21"><span class='ocrx_word' id='word_1_346' title='bbox 452 4749 614 4809; x_wconf 78' lang='lat' dir='ltr'><strong>fuisse</strong></span> <span class='ocrx_word' id='word_1_347' title='bbox 634 4767 739 4809; x_wconf 89' lang='lat' dir='ltr'><strong>non</strong></span> <span class='ocrx_word' id='word_1_348' title='bbox 768 4754 1017 4810; x_wconf 89' lang='lat' dir='ltr'><strong>nesciret.</strong></span> <span class='ocrx_word' id='word_1_349' title='bbox 1037 4755 1202 4827; x_wconf 68' lang='lat' dir='ltr'><strong>Egre</strong></span> <span class='ocrx_word' id='word_1_350' title='bbox 1228 4757 1431 4815; x_wconf 88' lang='lat' dir='ltr'><strong>litteras</strong></span> <span class='ocrx_word' id='word_1_351' title='bbox 1459 4769 1668 4816; x_wconf 91' lang='lat' dir='ltr'><strong>nostras</strong></span> <span class='ocrx_word' id='word_1_352' title='bbox 1686 4762 1930 4819; x_wconf 90' lang='lat' dir='ltr'><strong>admisit:</strong></span> <span class='ocrx_word' id='word_1_353' title='bbox 1950 4764 2045 4821; x_wconf 91' lang='lat' dir='ltr'><strong>sed</strong></span> 
     </span>
    </p>
   </div>
   <div class='ocr_carea' id='block_1_48' title="bbox 453 4844 2046 4929">
    <p class='ocr_par' dir='ltr' id='par_1_48' title="bbox 453 4844 2046 4929">
     <span class='ocr_line' id='line_1_48' title="bbox 453 4844 2046 4929; baseline 0.009 -29"><span class='ocrx_word' id='word_1_354' title='bbox 453 4844 668 4902; x_wconf 83' lang='lat' dir='ltr'><strong>tandem</strong></span> <span class='ocrx_word' id='word_1_355' title='bbox 691 4846 899 4903; x_wconf 80' lang='lat' dir='ltr'><strong>Maximi</strong></span> <span class='ocrx_word' id='word_1_356' title='bbox 919 4859 972 4904; x_wconf 89' lang='lat' dir='ltr'><strong>et</strong></span> <span class='ocrx_word' id='word_1_357' title='bbox 991 4848 1278 4917; x_wconf 78' lang='lat' dir='ltr'><strong>Theodori,</strong></span> <span class='ocrx_word' id='word_1_358' title='bbox 1303 4853 1490 4923; x_wconf 82' lang='lat' dir='ltr'><strong>quibus</strong></span> <span class='ocrx_word' id='word_1_359' title='bbox 1512 4854 1639 4909; x_wconf 90' lang='lat' dir='ltr'><strong>illud</strong></span> <span class='ocrx_word' id='word_1_360' title='bbox 1655 4852 2046 4929; x_wconf 83' lang='lat' dir='ltr'><strong>negotiiinjun-</strong></span> 
     </span>
    </p>
   </div>
   <div class='ocr_carea' id='block_1_49' title="bbox 454 4942 2041 5018">
    <p class='ocr_par' dir='ltr' id='par_1_49' title="bbox 454 4942 2041 5018">
     <span class='ocr_line' id='line_1_49' title="bbox 454 4942 2041 5018; baseline 0.008 -24"><span class='ocrx_word' id='word_1_361' title='bbox 454 4954 726 5009; x_wconf 83' lang='lat' dir='ltr'><strong>xeramus,</strong></span> <span class='ocrx_word' id='word_1_362' title='bbox 758 4942 1006 5013; x_wconf 87' lang='lat' dir='ltr'><strong>precibus</strong></span> <span class='ocrx_word' id='word_1_363' title='bbox 1027 4942 1246 5000; x_wconf 83' lang='lat' dir='ltr'><strong>adactus</strong></span> <span class='ocrx_word' id='word_1_364' title='bbox 1272 4957 1372 5011; x_wconf 92' lang='lat' dir='ltr'><strong>est,</strong></span> <span class='ocrx_word' id='word_1_365' title='bbox 1403 4956 1459 5001; x_wconf 90' lang='lat' dir='ltr'><strong>ut</strong></span> <span class='ocrx_word' id='word_1_366' title='bbox 1481 4963 1570 5003; x_wconf 86' lang='lat' dir='ltr'><strong>cas</strong></span> <span class='ocrx_word' id='word_1_367' title='bbox 1594 4949 1801 5004; x_wconf 87' lang='lat' dir='ltr'><strong>recitari</strong></span> <span class='ocrx_word' id='word_1_368' title='bbox 1823 4950 2041 5018; x_wconf 89' lang='lat' dir='ltr'><strong>sineret,</strong></span> 
     </span>
    </p>
   </div>
   <div class='ocr_carea' id='block_1_50' title="bbox 460 5031 2043 5114">
    <p class='ocr_par' dir='ltr' id='par_1_50' title="bbox 460 5031 2043 5114">
     <span class='ocr_line' id='line_1_50' title="bbox 460 5031 2043 5114; baseline 0.006 -26"><span class='ocrx_word' id='word_1_369' title='bbox 460 5031 655 5103; x_wconf 84' lang='lat' dir='ltr'><strong>ctipsc</strong></span> <span class='ocrx_word' id='word_1_370' title='bbox 696 5033 856 5089; x_wconf 89' lang='lat' dir='ltr'><strong>etiam</strong></span> <span class='ocrx_word' id='word_1_371' title='bbox 887 5033 1088 5105; x_wconf 85' lang='lat' dir='ltr'><strong>legeret</strong></span> <span class='ocrx_word' id='word_1_372' title='bbox 1116 5038 1342 5107; x_wconf 87' lang='lat' dir='ltr'><strong>:quibus</strong></span> <span class='ocrx_word' id='word_1_373' title='bbox 1382 5038 1512 5093; x_wconf 88' lang='lat' dir='ltr'><strong>nihil</strong></span> <span class='ocrx_word' id='word_1_374' title='bbox 1557 5040 1698 5096; x_wconf 87' lang='lat' dir='ltr'><strong>aliud</strong></span> <span class='ocrx_word' id='word_1_375' title='bbox 1744 5042 2043 5114; x_wconf 86' lang='lat' dir='ltr'><strong>respondit,</strong></span> 
     </span>
    </p>
   </div>
   <div class='ocr_carea' id='block_1_51' title="bbox 458 5124 2050 5203">
    <p class='ocr_par' dir='ltr' id='par_1_51' title="bbox 458 5124 2050 5203">
     <span class='ocr_line' id='line_1_51' title="bbox 458 5124 2050 5203; baseline 0.008 -24"><span class='ocrx_word' id='word_1_376' title='bbox 458 5138 641 5196; x_wconf 84' lang='lat' dir='ltr'><strong>quam,</strong></span> <span class='ocrx_word' id='word_1_377' title='bbox 672 5124 794 5181; x_wconf 88' lang='lat' dir='ltr'><strong>Non</strong></span> <span class='ocrx_word' id='word_1_378' title='bbox 822 5142 1027 5197; x_wconf 77' lang='lat' dir='ltr'><strong>possunt</strong></span> <span class='ocrx_word' id='word_1_379' title='bbox 1053 5129 1153 5182; x_wconf 81' lang='lat' dir='ltr'><strong>nisi</strong></span> <span class='ocrx_word' id='word_1_380' title='bbox 1180 5129 1249 5182; x_wconf 87' lang='lat' dir='ltr'><strong>ad</strong></span> <span class='ocrx_word' id='word_1_381' title='bbox 1296 5146 1374 5183; x_wconf 84' lang='lat' dir='ltr'><strong>me</strong></span> <span class='ocrx_word' id='word_1_382' title='bbox 1399 5131 1644 5186; x_wconf 82' lang='lat' dir='ltr'><strong>venientes</strong></span> <span class='ocrx_word' id='word_1_383' title='bbox 1686 5136 1955 5203; x_wconf 79' lang='lat' dir='ltr'><strong>suscipere,</strong></span> <span class='ocrx_word' id='word_1_384' title='bbox 2002 5144 2050 5190; x_wconf 86' lang='lat' dir='ltr'><strong>et</strong></span> 
     </span>
    </p>
   </div>
   <div class='ocr_carea' id='block_1_52' title="bbox 461 5218 2049 5299">
    <p class='ocr_par' dir='ltr' id='par_1_52' title="bbox 461 5218 2049 5299">
     <span class='ocr_line' id='line_1_52' title="bbox 461 5218 2049 5299; baseline 0.008 -26"><span class='ocrx_word' id='word_1_385' title='bbox 461 5218 651 5274; x_wconf 77' lang='lat' dir='ltr'><strong>eisdem</strong></span> <span class='ocrx_word' id='word_1_386' title='bbox 671 5218 825 5289; x_wconf 79' lang='lat' dir='ltr'><strong>[idem</strong></span> <span class='ocrx_word' id='word_1_387' title='bbox 857 5230 1008 5291; x_wconf 80' lang='lat' dir='ltr'><strong>quam</strong></span> <span class='ocrx_word' id='word_1_388' title='bbox 1052 5222 1411 5292; x_wconf 80' lang='lat' dir='ltr'><strong>postulaverint</strong></span> <span class='ocrx_word' id='word_1_389' title='bbox 1451 5223 1573 5278; x_wconf 85' lang='lat' dir='ltr'><strong>dare</strong></span> <span class='ocrx_word' id='word_1_390' title='bbox 1599 5224 1693 5297; x_wconf 80' lang='grc' dir='ltr'><strong>(η).</strong></span> <span class='ocrx_word' id='word_1_391' title='bbox 1714 5225 1951 5299; x_wconf 90' lang='lat' dir='ltr'><strong>Cumque</strong></span> <span class='ocrx_word' id='word_1_392' title='bbox 1980 5228 2049 5285; x_wconf 89' lang='lat' dir='ltr'><strong>de</strong></span> 
     </span>
    </p>
   </div>
   <div class='ocr_carea' id='block_1_53' title="bbox 462 5308 2050 5389">
    <p class='ocr_par' dir='ltr' id='par_1_53' title="bbox 462 5308 2050 5389">
     <span class='ocr_line' id='line_1_53' title="bbox 462 5308 2050 5389; baseline 0.008 -25"><span class='ocrx_word' id='word_1_393' title='bbox 462 5308 717 5365; x_wconf 83' lang='lat' dir='ltr'><strong>Primiani</strong></span> <span class='ocrx_word' id='word_1_394' title='bbox 742 5309 886 5366; x_wconf 87' lang='lat' dir='ltr'><strong>facto</strong></span> <span class='ocrx_word' id='word_1_395' title='bbox 913 5312 1194 5375; x_wconf 89' lang='lat' dir='ltr'><strong>instarent,</strong></span> <span class='ocrx_word' id='word_1_396' title='bbox 1219 5313 1353 5368; x_wconf 85' lang='lat' dir='ltr'><strong>dixit</strong></span> <span class='ocrx_word' id='word_1_397' title='bbox 1379 5330 1482 5369; x_wconf 91' lang='lat' dir='ltr'><strong>non</strong></span> <span class='ocrx_word' id='word_1_398' title='bbox 1514 5331 1633 5372; x_wconf 85' lang='lat' dir='ltr'><strong>esse</strong></span> <span class='ocrx_word' id='word_1_399' title='bbox 1651 5317 1741 5373; x_wconf 92' lang='lat' dir='ltr'><strong>ﬁlii</strong></span> <span class='ocrx_word' id='word_1_400' title='bbox 1774 5318 1825 5374; x_wconf 92' lang='lat' dir='ltr'><strong>in</strong></span> <span class='ocrx_word' id='word_1_401' title='bbox 1845 5329 2050 5389; x_wconf 89' lang='lat' dir='ltr'><strong>patrem</strong></span> 
     </span>
    </p>
   </div>
   <div class='ocr_carea' id='block_1_54' title="bbox 468 5399 2049 5476">
    <p class='ocr_par' dir='ltr' id='par_1_54' title="bbox 468 5399 2049 5476">
     <span class='ocr_line' id='line_1_54' title="bbox 468 5399 2049 5476; baseline 0.009 -21"><span class='ocrx_word' id='word_1_402' title='bbox 468 5399 760 5471; x_wconf 87' lang='lat' dir='ltr'><strong>inquirere.</strong></span> <span class='ocrx_word' id='word_1_403' title='bbox 792 5402 862 5456; x_wconf 88' lang='lat' dir='ltr'><strong>Et</strong></span> <span class='ocrx_word' id='word_1_404' title='bbox 889 5401 1011 5473; x_wconf 82' lang='lat' dir='ltr'><strong>quia</strong></span> <span class='ocrx_word' id='word_1_405' title='bbox 1057 5419 1155 5473; x_wconf 85' lang='lat' dir='ltr'><strong>per</strong></span> <span class='ocrx_word' id='word_1_406' title='bbox 1182 5404 1387 5461; x_wconf 86' lang='lat' dir='ltr'><strong>litteras</strong></span> <span class='ocrx_word' id='word_1_407' title='bbox 1426 5423 1559 5476; x_wconf 88' lang='lat' dir='ltr'><strong>quas</strong></span> <span class='ocrx_word' id='word_1_408' title='bbox 1607 5409 1673 5464; x_wconf 92' lang='lat' dir='ltr'><strong>ad</strong></span> <span class='ocrx_word' id='word_1_409' title='bbox 1726 5412 2049 5469; x_wconf 81' lang='lat' dir='ltr'><strong>Macrobium</strong></span> 
     </span>
    </p>
   </div>
   <div class='ocr_carea' id='block_1_55' title="bbox 432 5491 2052 5575">
    <p class='ocr_par' dir='ltr' id='par_1_55' title="bbox 432 5491 2052 5575">
     <span class='ocr_line' id='line_1_55' title="bbox 432 5491 2052 5575; baseline 0.01 -30"><span class='ocrx_word' id='word_1_410' title='bbox 432 5556 437 5569; x_wconf 40' lang='grc' dir='ltr'><strong>Ι</strong></span> <span class='ocrx_word' id='word_1_411' title='bbox 469 5491 614 5559; x_wconf 87' lang='lat' dir='ltr'><strong>dedi,</strong></span> <span class='ocrx_word' id='word_1_412' title='bbox 647 5495 899 5565; x_wconf 86' lang='lat' dir='ltr'><strong>rogabam</strong></span> <span class='ocrx_word' id='word_1_413' title='bbox 928 5504 983 5548; x_wconf 87' lang='lat' dir='ltr'><strong>ut</strong></span> <span class='ocrx_word' id='word_1_414' title='bbox 1014 5497 1361 5565; x_wconf 76' lang='lat' dir='ltr'><strong>responderet</strong></span> <span class='ocrx_word' id='word_1_415' title='bbox 1388 5516 1506 5569; x_wconf 56' lang='lat' dir='ltr'><strong>quas</strong></span> <span class='ocrx_word' id='word_1_416' title='bbox 1534 5516 1716 5556; x_wconf 80' lang='lat' dir='ltr'><strong>coram</strong></span> <span class='ocrx_word' id='word_1_417' title='bbox 1738 5503 1935 5575; x_wconf 89' lang='lat' dir='ltr'><strong>populo</strong></span> <span class='ocrx_word' id='word_1_418' title='bbox 1956 5522 2052 5560; x_wconf 84' lang='lat' dir='ltr'><strong>no-</strong></span> 
     </span>
    </p>
   </div>
   <div class='ocr_carea' id='block_1_56' title="bbox 470 5586 2053 5659">
    <p class='ocr_par' dir='ltr' id='par_1_56' title="bbox 470 5586 2053 5659">
     <span class='ocr_line' id='line_1_56' title="bbox 470 5586 2053 5659; baseline 0.011 -22"><span class='ocrx_word' id='word_1_419' title='bbox 470 5593 584 5638; x_wconf 88' lang='lat' dir='ltr'><strong>stro</strong></span> <span class='ocrx_word' id='word_1_420' title='bbox 604 5586 941 5656; x_wconf 83' lang='lat' dir='ltr'><strong>legerentur;</strong></span> <span class='ocrx_word' id='word_1_421' title='bbox 969 5589 1013 5643; x_wconf 90' lang='lat' dir='ltr'><strong>si</strong></span> <span class='ocrx_word' id='word_1_422' title='bbox 1043 5606 1169 5644; x_wconf 85' lang='lat' dir='ltr'><strong>vero</strong></span> <span class='ocrx_word' id='word_1_423' title='bbox 1200 5602 1492 5659; x_wconf 78' lang='lat' dir='ltr'><strong>recusaret,</strong></span> <span class='ocrx_word' id='word_1_424' title='bbox 1518 5611 1601 5649; x_wconf 84' lang='lat' dir='ltr'><strong>me</strong></span> <span class='ocrx_word' id='word_1_425' title='bbox 1634 5604 1841 5653; x_wconf 79' lang='lat' dir='ltr'><strong>nostras</strong></span> <span class='ocrx_word' id='word_1_426' title='bbox 1862 5599 2053 5653; x_wconf 84' lang='lat' dir='ltr'><strong>recita-</strong></span> 
     </span>
    </p>
   </div>
   <div class='ocr_carea' id='block_1_57' title="bbox 471 5683 2055 5762">
    <p class='ocr_par' dir='ltr' id='par_1_57' title="bbox 471 5683 2055 5762">
     <span class='ocr_line' id='line_1_57' title="bbox 471 5683 2055 5762; baseline 0.011 -28"><span class='ocrx_word' id='word_1_427' title='bbox 471 5686 664 5743; x_wconf 82' lang='lat' dir='ltr'><strong>turum,</strong></span> <span class='ocrx_word' id='word_1_428' title='bbox 717 5696 836 5736; x_wconf 88' lang='lat' dir='ltr'><strong>cum</strong></span> <span class='ocrx_word' id='word_1_429' title='bbox 885 5683 1113 5752; x_wconf 87' lang='lat' dir='ltr'><strong>primum</strong></span> <span class='ocrx_word' id='word_1_430' title='bbox 1168 5685 1416 5741; x_wconf 75' lang='lat' dir='ltr'><strong>abessent</strong></span> <span class='ocrx_word' id='word_1_431' title='bbox 1462 5690 1655 5744; x_wconf 84' lang='lat' dir='ltr'><strong>milites</strong></span> <span class='ocrx_word' id='word_1_432' title='bbox 1710 5689 1825 5761; x_wconf 79' lang='lat' dir='ltr'><strong>(b);</strong></span> <span class='ocrx_word' id='word_1_433' title='bbox 1874 5691 2055 5762; x_wconf 83' lang='lat' dir='ltr'><strong>hodie,</strong></span> 
     </span>
    </p>
   </div>
   <div class='ocr_carea' id='block_1_58' title="bbox 473 5768 2059 5858">
    <p class='ocr_par' dir='ltr' id='par_1_58' title="bbox 473 5768 2059 5858">
     <span class='ocr_line' id='line_1_58' title="bbox 473 5768 2059 5858; baseline 0.009 -31"><span class='ocrx_word' id='word_1_434' title='bbox 473 5771 684 5838; x_wconf 66' lang='lat' dir='ltr'><strong>fratres,</strong></span> <span class='ocrx_word' id='word_1_435' title='bbox 709 5775 863 5829; x_wconf 86' lang='lat' dir='ltr'><strong>Iidem</strong></span> <span class='ocrx_word' id='word_1_436' title='bbox 893 5790 1063 5830; x_wconf 88' lang='lat' dir='ltr'><strong>meam</strong></span> <span class='ocrx_word' id='word_1_437' title='bbox 1111 5777 1300 5846; x_wconf 89' lang='lat' dir='ltr'><strong>libero,</strong></span> <span class='ocrx_word' id='word_1_438' title='bbox 1340 5781 1512 5837; x_wconf 90' lang='lat' dir='ltr'><strong>nullus</strong></span> <span class='ocrx_word' id='word_1_439' title='bbox 1565 5782 1717 5839; x_wconf 87' lang='lat' dir='ltr'><strong>adest</strong></span> <span class='ocrx_word' id='word_1_440' title='bbox 1756 5785 1846 5857; x_wconf 90' lang='lat' dir='ltr'><strong>qui</strong></span> <span class='ocrx_word' id='word_1_441' title='bbox 1891 5768 2059 5858; x_wconf 87' lang='lat' dir='ltr'><strong>possit</strong></span> 
     </span>
    </p>
   </div>
   <div class='ocr_carea' id='block_1_59' title="bbox 447 5902 1382 6029">
    <p class='ocr_par' dir='ltr' id='par_1_59' title="bbox 447 5902 1382 6029">
     <span class='ocr_line' id='line_1_59' title="bbox 447 5902 1382 6029; baseline 0.002 -72"><span class='ocrx_word' id='word_1_442' title='bbox 447 5924 455 5957; x_wconf 65' lang='grc' dir='ltr'><strong>τ</strong></span> <span class='ocrx_word' id='word_1_443' title='bbox 534 5902 612 6029; x_wconf 46' lang='lat' dir='ltr'><strong>in;</strong></span> <span class='ocrx_word' id='word_1_444' title='bbox 644 5904 759 5954; x_wconf 77' lang='lat' dir='ltr'><strong>Vide</strong></span> <span class='ocrx_word' id='word_1_445' title='bbox 778 5903 1029 5968; x_wconf 85' lang='lat' dir='ltr'><strong>epistolam</strong></span> <span class='ocrx_word' id='word_1_446' title='bbox 1056 5906 1141 5957; x_wconf 75' lang='grc'><strong>107</strong></span> <span class='ocrx_word' id='word_1_447' title='bbox 1168 5910 1296 5959; x_wconf 86' lang='lat' dir='ltr'><strong>inter</strong></span> <span class='ocrx_word' id='word_1_448' title='bbox 1321 5919 1382 5960; x_wconf 80' lang='lat' dir='ltr'><strong>Au</strong></span> 
     </span>
     <span class='ocr_line' id='line_1_60' title="bbox 560 5965 1360 6029; baseline 0.008 -12"><span class='ocrx_word' id='word_1_449' title='bbox 560 5965 589 6017; x_wconf 72' lang='grc' dir='ltr'><strong>ὁ</strong></span> <span class='ocrx_word' id='word_1_450' title='bbox 642 5966 811 6017; x_wconf 77' lang='lat' dir='ltr'><strong>Confer</strong></span> <span class='ocrx_word' id='word_1_451' title='bbox 834 5970 1083 6029; x_wconf 77' lang='lat' dir='ltr'><strong>Augustini</strong></span> <span class='ocrx_word' id='word_1_452' title='bbox 1108 5970 1360 6029; x_wconf 79' lang='lat' dir='ltr'><strong>epistolam</strong></span> 
     </span>
    </p>
   </div>
   <div class='ocr_carea' id='block_1_60' title="bbox 560 5919 1697 6033">
    <p class='ocr_par' dir='ltr' id='par_1_60' title="bbox 560 5919 1697 6033">
     <span class='ocr_line' id='line_1_61' title="bbox 560 5919 1697 5968; baseline 0.008 -13"><span class='ocrx_word' id='word_1_453' title='bbox 560 5919 588 5955; x_wconf 76' lang='grc' dir='ltr'><em>α</em></span> <span class='ocrx_word' id='word_1_454' title='bbox 645 5919 759 5954; x_wconf 77' lang='lat' dir='ltr'><strong>Viae</strong></span> <span class='ocrx_word' id='word_1_455' title='bbox 778 5919 1029 5968; x_wconf 84' lang='lat' dir='ltr'><strong>eptswtam</strong></span> <span class='ocrx_word' id='word_1_456' title='bbox 1056 5919 1139 5957; x_wconf 78' lang='lat'><strong>107</strong></span> <span class='ocrx_word' id='word_1_457' title='bbox 1168 5919 1296 5959; x_wconf 85' lang='lat' dir='ltr'><strong>inter</strong></span> <span class='ocrx_word' id='word_1_458' title='bbox 1321 5919 1382 5960; x_wconf 80' lang='lat' dir='ltr'><strong>Au</strong></span> <span class='ocrx_word' id='word_1_459' title='bbox 1480 5919 1697 5966; x_wconf 85' lang='lat' dir='ltr'><strong>tinianas.</strong></span> 
     </span>
     <span class='ocr_line' id='line_1_62' title="bbox 560 5919 1694 6033; baseline 0.008 -16"><span class='ocrx_word' id='word_1_460' title='bbox 560 5919 612 6029; x_wconf 60' lang='grc' dir='ltr'><strong>ιζ</strong></span> <span class='ocrx_word' id='word_1_461' title='bbox 642 5966 811 6017; x_wconf 77' lang='lat' dir='ltr'><strong>Confer</strong></span> <span class='ocrx_word' id='word_1_462' title='bbox 834 5970 1083 6030; x_wconf 77' lang='lat' dir='ltr'><strong>Augustini</strong></span> <span class='ocrx_word' id='word_1_463' title='bbox 1108 5970 1360 6033; x_wconf 79' lang='lat' dir='ltr'><strong>epistolam</strong></span> <span class='ocrx_word' id='word_1_464' title='bbox 1382 5925 1568 6033; x_wconf 43' lang='grc' dir='ltr'><strong>ἔξω.</strong></span> <span class='ocrx_word' id='word_1_465' title='bbox 1594 5978 1641 6033; x_wconf 82' lang='grc' dir='ltr'>ϐ,</span> <span class='ocrx_word' id='word_1_466' title='bbox 1663 5978 1694 6027; x_wconf 84' lang='lat'><strong>7</strong></span> 
     </span>
    </p>
   </div>
   <div class='ocr_carea' id='block_1_61' title="bbox 1445 5978 1714 6039">
    <p class='ocr_par' dir='ltr' id='par_1_61' title="bbox 1445 5978 1714 6039">
     <span class='ocr_line' id='line_1_63' title="bbox 1445 5978 1714 6039; baseline 0.015 -16"><span class='ocrx_word' id='word_1_467' title='bbox 1445 6007 1460 6037; x_wconf 91' lang='lat'><strong>,</strong></span> <span class='ocrx_word' id='word_1_468' title='bbox 1485 5984 1568 6025; x_wconf 88' lang='lat' dir='ltr'><strong>nn.</strong></span> <span class='ocrx_word' id='word_1_469' title='bbox 1594 5978 1641 6039; x_wconf 82' lang='grc' dir='ltr'><strong>ϐ,</strong></span> <span class='ocrx_word' id='word_1_470' title='bbox 1663 5978 1714 6027; x_wconf 85' lang='lat'><strong>7.</strong></span> 
     </span>
    </p>
   </div>
   <div class='ocr_carea' id='block_1_62' title="bbox 948 436 3145 512">
    <p class='ocr_par' dir='ltr' id='par_1_62' title="bbox 948 436 3145 512">
     <span class='ocr_line' id='line_1_64' title="bbox 948 436 3145 512; baseline -0.009 0"><span class='ocrx_word' id='word_1_471' title='bbox 948 453 1038 512; x_wconf 86' lang='lat' dir='ltr'><strong>DE</strong></span> <span class='ocrx_word' id='word_1_472' title='bbox 1076 448 1487 511; x_wconf 80' lang='lat' dir='ltr'><strong>RUSTICIANO</strong></span> <span class='ocrx_word' id='word_1_473' title='bbox 1522 440 1954 507; x_wconf 80' lang='lat' dir='ltr'><strong>SUBDIACONO</strong></span> <span class='ocrx_word' id='word_1_474' title='bbox 1990 436 2223 497; x_wconf 80' lang='lat' dir='ltr'><strong>SERMO</strong></span> <span class='ocrx_word' id='word_1_475' title='bbox 2255 436 2311 495; x_wconf 90' lang='lat' dir='ltr'><strong>S.</strong></span> <span class='ocrx_word' id='word_1_476' title='bbox 2355 436 2747 497; x_wconf 81' lang='lat' dir='ltr'><strong>AUGUSTINO</strong></span> <span class='ocrx_word' id='word_1_477' title='bbox 2782 436 3145 497; x_wconf 82' lang='lat' dir='ltr'><strong>TRIBUTUS.</strong></span> 
     </span>
    </p>
   </div>
   <div class='ocr_carea' id='block_1_63' title="bbox 3593 441 3695 500">
    <p class='ocr_par' dir='ltr' id='par_1_63' title="bbox 3593 441 3695 500">
     <span class='ocr_line' id='line_1_65' title="bbox 3593 441 3695 500; baseline 0.029 -3"><span class='ocrx_word' id='word_1_478' title='bbox 3593 441 3695 500; x_wconf 81' lang='lat'><strong>756</strong></span> 
     </span>
    </p>
   </div>
   <div class='ocr_carea' id='block_1_64' title="bbox 2107 552 3695 623">
    <p class='ocr_par' dir='ltr' id='par_1_64' title="bbox 2107 552 3695 623">
     <span class='ocr_line' id='line_1_66' title="bbox 2107 552 3695 623; baseline 0.003 -14"><span class='ocrx_word' id='word_1_479' title='bbox 2107 554 2292 610; x_wconf 85' lang='lat' dir='ltr'><strong>turbas</strong></span> <span class='ocrx_word' id='word_1_480' title='bbox 2307 552 2471 623; x_wconf 91' lang='lat' dir='ltr'><strong>ciere,</strong></span> <span class='ocrx_word' id='word_1_481' title='bbox 2499 555 2624 610; x_wconf 87' lang='lat' dir='ltr'><strong>novi</strong></span> <span class='ocrx_word' id='word_1_482' title='bbox 2654 569 2749 611; x_wconf 89' lang='lat' dir='ltr'><strong>vos</strong></span> <span class='ocrx_word' id='word_1_483' title='bbox 2772 569 2961 612; x_wconf 90' lang='lat' dir='ltr'><strong>omnes</strong></span> <span class='ocrx_word' id='word_1_484' title='bbox 2974 553 3041 610; x_wconf 88' lang='lat' dir='ltr'><strong>ad</strong></span> <span class='ocrx_word' id='word_1_485' title='bbox 3056 553 3395 611; x_wconf 88' lang='lat' dir='ltr'><strong>concordiam</strong></span> <span class='ocrx_word' id='word_1_486' title='bbox 3412 563 3471 611; x_wconf 90' lang='lat' dir='ltr'><strong>et</strong></span> <span class='ocrx_word' id='word_1_487' title='bbox 3488 554 3553 611; x_wconf 87' lang='lat' dir='ltr'><strong>ad</strong></span> <span class='ocrx_word' id='word_1_488' title='bbox 3571 557 3695 615; x_wconf 83' lang='lat' dir='ltr'><strong>alie-</strong></span> 
     </span>
    </p>
   </div>
   <div class='ocr_carea' id='block_1_65' title="bbox 2108 646 3691 719">
    <p class='ocr_par' dir='ltr' id='par_1_65' title="bbox 2108 646 3691 719">
     <span class='ocr_line' id='line_1_67' title="bbox 2108 646 3691 719; baseline 0.002 -18"><span class='ocrx_word' id='word_1_489' title='bbox 2108 660 2207 701; x_wconf 90' lang='lat' dir='ltr'><strong>nos</strong></span> <span class='ocrx_word' id='word_1_490' title='bbox 2234 646 2633 718; x_wconf 89' lang='lat' dir='ltr'><strong>amplectendos</strong></span> <span class='ocrx_word' id='word_1_491' title='bbox 2657 649 3014 719; x_wconf 88' lang='lat' dir='ltr'><strong>promptiores</strong></span> <span class='ocrx_word' id='word_1_492' title='bbox 3036 662 3156 703; x_wconf 88' lang='lat' dir='ltr'><strong>esse</strong></span> <span class='ocrx_word' id='word_1_493' title='bbox 3177 663 3335 717; x_wconf 90' lang='lat' dir='ltr'><strong>quam</strong></span> <span class='ocrx_word' id='word_1_494' title='bbox 3355 654 3414 703; x_wconf 92' lang='lat' dir='ltr'><strong>ut</strong></span> <span class='ocrx_word' id='word_1_495' title='bbox 3443 649 3691 719; x_wconf 77' lang='lat' dir='ltr'><strong>excitem,</strong></span> 
     </span>
    </p>
   </div>
   <div class='ocr_carea' id='block_1_66' title="bbox 2109 739 3693 814">
    <p class='ocr_par' dir='ltr' id='par_1_66' title="bbox 2109 739 3693 814">
     <span class='ocr_line' id='line_1_68' title="bbox 2109 739 3693 814; baseline 0.003 -21"><span class='ocrx_word' id='word_1_496' title='bbox 2109 739 2313 797; x_wconf 86' lang='lat' dir='ltr'><strong>litteras</strong></span> <span class='ocrx_word' id='word_1_497' title='bbox 2340 741 2407 796; x_wconf 91' lang='lat' dir='ltr'><strong>ad</strong></span> <span class='ocrx_word' id='word_1_498' title='bbox 2428 740 2753 798; x_wconf 84' lang='lat' dir='ltr'><strong>Macrobium</strong></span> <span class='ocrx_word' id='word_1_499' title='bbox 2784 741 3020 814; x_wconf 90' lang='lat' dir='ltr'><strong>profero,</strong></span> <span class='ocrx_word' id='word_1_500' title='bbox 3054 751 3111 797; x_wconf 89' lang='lat' dir='ltr'><strong>ut</strong></span> <span class='ocrx_word' id='word_1_501' title='bbox 3137 751 3376 798; x_wconf 90' lang='lat' dir='ltr'><strong>actorum</strong></span> <span class='ocrx_word' id='word_1_502' title='bbox 3408 742 3540 798; x_wconf 86' lang='lat' dir='ltr'><strong>nihil</strong></span> <span class='ocrx_word' id='word_1_503' title='bbox 3569 759 3693 803; x_wconf 83' lang='lat' dir='ltr'><strong>con-</strong></span> 
     </span>
    </p>
   </div>
   <div class='ocr_carea' id='block_1_67' title="bbox 2109 832 3695 907">
    <p class='ocr_par' dir='ltr' id='par_1_67' title="bbox 2109 832 3695 907">
     <span class='ocr_line' id='line_1_69' title="bbox 2109 832 3695 907; baseline 0.003 -19"><span class='ocrx_word' id='word_1_504' title='bbox 2109 834 2386 889; x_wconf 86' lang='lat' dir='ltr'><strong>scientiam</strong></span> <span class='ocrx_word' id='word_1_505' title='bbox 2412 843 2643 891; x_wconf 87' lang='lat' dir='ltr'><strong>vestram</strong></span> <span class='ocrx_word' id='word_1_506' title='bbox 2667 836 2864 903; x_wconf 89' lang='lat' dir='ltr'><strong>lateat;</strong></span> <span class='ocrx_word' id='word_1_507' title='bbox 2896 834 2989 892; x_wconf 92' lang='lat' dir='ltr'><strong>scd</strong></span> <span class='ocrx_word' id='word_1_508' title='bbox 3019 833 3157 907; x_wconf 89' lang='lat' dir='ltr'><strong>apud</strong></span> <span class='ocrx_word' id='word_1_509' title='bbox 3192 836 3356 891; x_wconf 91' lang='lat' dir='ltr'><strong>Deum</strong></span> <span class='ocrx_word' id='word_1_510' title='bbox 3383 846 3436 891; x_wconf 90' lang='lat' dir='ltr'><strong>et</strong></span> <span class='ocrx_word' id='word_1_511' title='bbox 3454 832 3695 893; x_wconf 84' lang='lat' dir='ltr'><strong>homines</strong></span> 
     </span>
    </p>
   </div>
   <div class='ocr_carea' id='block_1_68' title="bbox 2112 927 3694 1000">
    <p class='ocr_par' dir='ltr' id='par_1_68' title="bbox 2112 927 3694 1000">
     <span class='ocr_line' id='line_1_70' title="bbox 2112 927 3694 1000; baseline 0.002 -18"><span class='ocrx_word' id='word_1_512' title='bbox 2112 927 2431 997; x_wconf 88' lang='lat' dir='ltr'><strong>innotescat,</strong></span> <span class='ocrx_word' id='word_1_513' title='bbox 2460 944 2615 1000; x_wconf 90' lang='lat' dir='ltr'><strong>quam</strong></span> <span class='ocrx_word' id='word_1_514' title='bbox 2638 929 2847 985; x_wconf 89' lang='lat' dir='ltr'><strong>sincero</strong></span> <span class='ocrx_word' id='word_1_515' title='bbox 2870 930 3050 995; x_wconf 89' lang='lat' dir='ltr'><strong>corde,</strong></span> <span class='ocrx_word' id='word_1_516' title='bbox 3076 946 3231 1000; x_wconf 91' lang='lat' dir='ltr'><strong>quam</strong></span> <span class='ocrx_word' id='word_1_517' title='bbox 3251 929 3469 999; x_wconf 86' lang='lat' dir='ltr'><strong>paciﬁco</strong></span> <span class='ocrx_word' id='word_1_518' title='bbox 3484 928 3694 999; x_wconf 87' lang='lat' dir='ltr'><strong>affectu,</strong></span> 
     </span>
    </p>
   </div>
   <div class='ocr_carea' id='block_1_69' title="bbox 2114 1019 3697 1094">
    <p class='ocr_par' dir='ltr' id='par_1_69' title="bbox 2114 1019 3697 1094">
     <span class='ocr_line' id='line_1_71' title="bbox 2114 1019 3697 1094; baseline 0.003 -19"><span class='ocrx_word' id='word_1_519' title='bbox 2114 1019 2406 1090; x_wconf 88' lang='lat' dir='ltr'><strong>inspirante</strong></span> <span class='ocrx_word' id='word_1_520' title='bbox 2451 1020 2678 1077; x_wconf 91' lang='lat' dir='ltr'><strong>Domino</strong></span> <span class='ocrx_word' id='word_1_521' title='bbox 2705 1038 2816 1077; x_wconf 91' lang='lat' dir='ltr'><strong>rem</strong></span> <span class='ocrx_word' id='word_1_522' title='bbox 2853 1023 3209 1077; x_wconf 88' lang='lat' dir='ltr'><strong>traetaverim.</strong></span> <span class='ocrx_word' id='word_1_523' title='bbox 3239 1022 3392 1090; x_wconf 86' lang='lat' dir='ltr'><strong>Quod</strong></span> <span class='ocrx_word' id='word_1_524' title='bbox 3446 1023 3490 1094; x_wconf 79' lang='lat' dir='ltr'><strong>si</strong></span> <span class='ocrx_word' id='word_1_525' title='bbox 3520 1034 3697 1094; x_wconf 82' lang='lat' dir='ltr'><strong>postea</strong></span> 
     </span>
    </p>
   </div>
   <div class='ocr_carea' id='block_1_70' title="bbox 2112 1091 3697 1185">
    <p class='ocr_par' dir='ltr' id='par_1_70' title="bbox 2112 1091 3697 1185">
     <span class='ocr_line' id='line_1_72' title="bbox 2112 1091 3697 1185; baseline 0.003 -18"><span class='ocrx_word' id='word_1_526' title='bbox 2112 1113 2251 1183; x_wconf 90' lang='lat' dir='ltr'><strong>perit</strong></span> <span class='ocrx_word' id='word_1_527' title='bbox 2272 1113 2437 1169; x_wconf 88' lang='lat' dir='ltr'><strong>frater</strong></span> <span class='ocrx_word' id='word_1_528' title='bbox 2457 1123 2655 1181; x_wconf 91' lang='lat' dir='ltr'><strong>noster,</strong></span> <span class='ocrx_word' id='word_1_529' title='bbox 2701 1115 2899 1185; x_wconf 81' lang='lat' dir='ltr'><strong>in&#39;sua,</strong></span> <span class='ocrx_word' id='word_1_530' title='bbox 2928 1130 3035 1172; x_wconf 91' lang='lat' dir='ltr'><strong>non</strong></span> <span class='ocrx_word' id='word_1_531' title='bbox 3075 1115 3129 1170; x_wconf 92' lang='lat' dir='ltr'><strong>in</strong></span> <span class='ocrx_word' id='word_1_532' title='bbox 3153 1126 3331 1171; x_wconf 90' lang='lat' dir='ltr'><strong>nostra</strong></span> <span class='ocrx_word' id='word_1_533' title='bbox 3376 1091 3697 1171; x_wconf 71' lang='lat' dir='ltr'><strong>coriscienlia</strong></span> 
     </span>
    </p>
   </div>
   <div class='ocr_carea' id='block_1_71' title="bbox 2113 1205 3698 1279">
    <p class='ocr_par' dir='ltr' id='par_1_71' title="bbox 2113 1205 3698 1279">
     <span class='ocr_line' id='line_1_73' title="bbox 2113 1205 3698 1279; baseline 0.002 -20"><span class='ocrx_word' id='word_1_534' title='bbox 2113 1205 2326 1275; x_wconf 90' lang='lat' dir='ltr'><strong>peribit.</strong></span> <span class='ocrx_word' id='word_1_535' title='bbox 2374 1205 2562 1262; x_wconf 85' lang='lat' dir='ltr'><strong>Veniet</strong></span> <span class='ocrx_word' id='word_1_536' title='bbox 2602 1206 2885 1275; x_wconf 87' lang='lat' dir='ltr'><strong>Dominus,</strong></span> <span class='ocrx_word' id='word_1_537' title='bbox 2917 1208 3006 1279; x_wconf 90' lang='lat' dir='ltr'><strong>qui</strong></span> <span class='ocrx_word' id='word_1_538' title='bbox 3038 1207 3137 1263; x_wconf 87' lang='lat' dir='ltr'><strong>hos</strong></span> <span class='ocrx_word' id='word_1_539' title='bbox 3178 1213 3234 1263; x_wconf 87' lang='lat' dir='ltr'><strong>et</strong></span> <span class='ocrx_word' id='word_1_540' title='bbox 3271 1223 3358 1264; x_wconf 91' lang='lat' dir='ltr'><strong>me</strong></span> <span class='ocrx_word' id='word_1_541' title='bbox 3395 1206 3698 1278; x_wconf 74' lang='lat' dir='ltr'><strong>iudicabit:</strong></span> 
     </span>
    </p>
   </div>
   <div class='ocr_carea' id='block_1_72' title="bbox 2116 1297 3698 1372">
    <p class='ocr_par' dir='ltr' id='par_1_72' title="bbox 2116 1297 3698 1372">
     <span class='ocr_line' id='line_1_74' title="bbox 2116 1297 3698 1372; baseline 0.003 -21"><span class='ocrx_word' id='word_1_542' title='bbox 2116 1298 2299 1353; x_wconf 84' lang='lat' dir='ltr'><strong>veniet</strong></span> <span class='ocrx_word' id='word_1_543' title='bbox 2323 1307 2489 1366; x_wconf 84' lang='lat' dir='ltr'><strong>certe,</strong></span> <span class='ocrx_word' id='word_1_544' title='bbox 2520 1297 2847 1356; x_wconf 84' lang='lat' dir='ltr'><strong>frumentum</strong></span> <span class='ocrx_word' id='word_1_545' title='bbox 2889 1310 3217 1370; x_wconf 88' lang='lat' dir='ltr'><strong>asscrturus,</strong></span> <span class='ocrx_word' id='word_1_546' title='bbox 3247 1302 3452 1372; x_wconf 91' lang='lat' dir='ltr'><strong>paleam</strong></span> <span class='ocrx_word' id='word_1_547' title='bbox 3494 1300 3698 1372; x_wconf 81' lang='lat' dir='ltr'><strong>disper-</strong></span> 
     </span>
    </p>
   </div>
   <div class='ocr_carea' id='block_1_73' title="bbox 2115 1392 3700 1464">
    <p class='ocr_par' dir='ltr' id='par_1_73' title="bbox 2115 1392 3700 1464">
     <span class='ocr_line' id='line_1_75' title="bbox 2115 1392 3700 1464; baseline 0.001 -19"><span class='ocrx_word' id='word_1_548' title='bbox 2115 1404 2290 1447; x_wconf 89' lang='lat' dir='ltr'><strong>surus.</strong></span> <span class='ocrx_word' id='word_1_549' title='bbox 2321 1392 2500 1463; x_wconf 82' lang='lat' dir='ltr'><strong>Aquas</strong></span> <span class='ocrx_word' id='word_1_550' title='bbox 2531 1401 2760 1460; x_wconf 90' lang='lat' dir='ltr'><strong>nostras,</strong></span> <span class='ocrx_word' id='word_1_551' title='bbox 2792 1408 2924 1464; x_wconf 88' lang='lat' dir='ltr'><strong>quas</strong></span> <span class='ocrx_word' id='word_1_552' title='bbox 2951 1400 3229 1464; x_wconf 91' lang='lat' dir='ltr'><strong>tantopere</strong></span> <span class='ocrx_word' id='word_1_553' title='bbox 3254 1392 3567 1461; x_wconf 85' lang='lat' dir='ltr'><strong>formidant,</strong></span> <span class='ocrx_word' id='word_1_554' title='bbox 3592 1393 3700 1461; x_wconf 87' lang='lat' dir='ltr'><strong>ipso</strong></span> 
     </span>
    </p>
   </div>
   <div class='ocr_carea' id='block_1_74' title="bbox 2117 1483 3699 1554">
    <p class='ocr_par' dir='ltr' id='par_1_74' title="bbox 2117 1483 3699 1554">
     <span class='ocr_line' id='line_1_76' title="bbox 2117 1483 3699 1554; baseline 0.001 -15"><span class='ocrx_word' id='word_1_555' title='bbox 2117 1484 2442 1539; x_wconf 83' lang='lat' dir='ltr'><strong>examinabit</strong></span> <span class='ocrx_word' id='word_1_556' title='bbox 2468 1492 2523 1539; x_wconf 89' lang='lat' dir='ltr'><strong>et</strong></span> <span class='ocrx_word' id='word_1_557' title='bbox 2550 1498 2730 1539; x_wconf 85' lang='lat' dir='ltr'><strong>coram</strong></span> <span class='ocrx_word' id='word_1_558' title='bbox 2761 1484 3007 1540; x_wconf 91' lang='lat' dir='ltr'><strong>omnibus</strong></span> <span class='ocrx_word' id='word_1_559' title='bbox 3039 1483 3472 1541; x_wconf 84' lang='lat' dir='ltr'><strong>manifestissime</strong></span> <span class='ocrx_word' id='word_1_560' title='bbox 3494 1483 3699 1554; x_wconf 88' lang='lat' dir='ltr'><strong>judica-</strong></span> 
     </span>
    </p>
   </div>
   <div class='ocr_carea' id='block_1_75' title="bbox 2116 1575 3702 1649">
    <p class='ocr_par' dir='ltr' id='par_1_75' title="bbox 2116 1575 3702 1649">
     <span class='ocr_line' id='line_1_77' title="bbox 2116 1575 3702 1649; baseline 0.002 -18"><span class='ocrx_word' id='word_1_561' title='bbox 2116 1575 2213 1641; x_wconf 90' lang='lat' dir='ltr'><strong>bit,</strong></span> <span class='ocrx_word' id='word_1_562' title='bbox 2246 1592 2313 1631; x_wconf 90' lang='lat' dir='ltr'><strong>an</strong></span> <span class='ocrx_word' id='word_1_563' title='bbox 2347 1592 2478 1647; x_wconf 88' lang='lat' dir='ltr'><strong>quas</strong></span> <span class='ocrx_word' id='word_1_564' title='bbox 2509 1577 2739 1649; x_wconf 88' lang='lat' dir='ltr'><strong>pollutas</strong></span> <span class='ocrx_word' id='word_1_565' title='bbox 2782 1578 3052 1644; x_wconf 87' lang='lat' dir='ltr'><strong>duxerint,</strong></span> <span class='ocrx_word' id='word_1_566' title='bbox 3102 1578 3218 1649; x_wconf 89' lang='lat' dir='ltr'><strong>ipse</strong></span> <span class='ocrx_word' id='word_1_567' title='bbox 3255 1577 3702 1649; x_wconf 53' lang='lat' dir='ltr'><strong>quoquerhabeat.</strong></span> 
     </span>
    </p>
   </div>
   <div class='ocr_carea' id='block_1_76' title="bbox 2117 1670 3706 1744">
    <p class='ocr_par' dir='ltr' id='par_1_76' title="bbox 2117 1670 3706 1744">
     <span class='ocr_line' id='line_1_78' title="bbox 2117 1670 3706 1744; baseline 0.001 -17"><span class='ocrx_word' id='word_1_568' title='bbox 2117 1671 2274 1727; x_wconf 89' lang='lat' dir='ltr'><strong>Certe</strong></span> <span class='ocrx_word' id='word_1_569' title='bbox 2311 1673 2547 1726; x_wconf 79' lang='lat' dir='ltr'><strong>videbunt</strong></span> <span class='ocrx_word' id='word_1_570' title='bbox 2596 1675 2647 1727; x_wconf 85' lang='lat' dir='ltr'><strong>in</strong></span> <span class='ocrx_word' id='word_1_571' title='bbox 2677 1689 2825 1744; x_wconf 85' lang='lat' dir='ltr'><strong>quem</strong></span> <span class='ocrx_word' id='word_1_572' title='bbox 2862 1681 3181 1744; x_wconf 78' lang='lat' dir='ltr'><strong>pupugerunt</strong></span> <span class='ocrx_word' id='word_1_573' title='bbox 3229 1671 3406 1742; x_wconf 84' lang='lat' dir='ltr'><strong>(Joan.</strong></span> <span class='ocrx_word' id='word_1_574' title='bbox 3455 1670 3706 1743; x_wconf 70' lang='lat' dir='ltr'><strong>Itx,37).</strong></span> 
     </span>
    </p>
   </div>
   <div class='ocr_carea' id='block_1_77' title="bbox 2117 1765 3706 1835">
    <p class='ocr_par' dir='ltr' id='par_1_77' title="bbox 2117 1765 3706 1835">
     <span class='ocr_line' id='line_1_79' title="bbox 2117 1765 3706 1835; baseline -0.002 -14"><span class='ocrx_word' id='word_1_575' title='bbox 2117 1766 2254 1835; x_wconf 86' lang='lat' dir='ltr'><strong>Quid</strong></span> <span class='ocrx_word' id='word_1_576' title='bbox 2282 1767 2423 1822; x_wconf 91' lang='lat' dir='ltr'><strong>enim</strong></span> <span class='ocrx_word' id='word_1_577' title='bbox 2466 1766 2715 1822; x_wconf 88' lang='lat' dir='ltr'><strong>estaliud</strong></span> <span class='ocrx_word' id='word_1_578' title='bbox 2764 1765 3115 1822; x_wconf 85' lang='lat' dir='ltr'><strong>christianum</strong></span> <span class='ocrx_word' id='word_1_579' title='bbox 3153 1765 3504 1835; x_wconf 82' lang='lat' dir='ltr'><strong>rebaptizare,</strong></span> <span class='ocrx_word' id='word_1_580' title='bbox 3550 1779 3706 1834; x_wconf 88' lang='lat' dir='ltr'><strong>quam</strong></span> 
     </span>
    </p>
   </div>
   <div class='ocr_carea' id='block_1_78' title="bbox 2119 1856 3705 1929">
    <p class='ocr_par' dir='ltr' id='par_1_78' title="bbox 2119 1856 3705 1929">
     <span class='ocr_line' id='line_1_80' title="bbox 2119 1856 3705 1929; baseline -0.005 -11"><span class='ocrx_word' id='word_1_581' title='bbox 2119 1862 2403 1919; x_wconf 88' lang='lat' dir='ltr'><strong>Dominum</strong></span> <span class='ocrx_word' id='word_1_582' title='bbox 2452 1861 2644 1915; x_wconf 91' lang='lat' dir='ltr'><strong>iterum</strong></span> <span class='ocrx_word' id='word_1_583' title='bbox 2686 1859 2963 1929; x_wconf 84' lang='lat' dir='ltr'><strong>pungere?</strong></span> <span class='ocrx_word' id='word_1_584' title='bbox 3010 1859 3231 1929; x_wconf 86' lang='lat' dir='ltr'><strong>Signum</strong></span> <span class='ocrx_word' id='word_1_585' title='bbox 3276 1857 3437 1929; x_wconf 82' lang='lat' dir='ltr'><strong>Regis</strong></span> <span class='ocrx_word' id='word_1_586' title='bbox 3481 1856 3705 1926; x_wconf 89' lang='lat' dir='ltr'><strong>accepit,</strong></span> 
     </span>
    </p>
   </div>
   <div class='ocr_carea' id='block_1_79' title="bbox 2120 1950 3709 2021">
    <p class='ocr_par' dir='ltr' id='par_1_79' title="bbox 2120 1950 3709 2021">
     <span class='ocr_line' id='line_1_81' title="bbox 2120 1950 3709 2021; baseline -0.003 -11"><span class='ocrx_word' id='word_1_587' title='bbox 2120 1970 2333 2011; x_wconf 90' lang='lat' dir='ltr'><strong>crucem</strong></span> <span class='ocrx_word' id='word_1_588' title='bbox 2374 1952 2612 2019; x_wconf 90' lang='lat' dir='ltr'><strong>admisit,</strong></span> <span class='ocrx_word' id='word_1_589' title='bbox 2656 1952 2708 2006; x_wconf 92' lang='lat' dir='ltr'><strong>in</strong></span> <span class='ocrx_word' id='word_1_590' title='bbox 2748 1960 2921 2007; x_wconf 92' lang='lat' dir='ltr'><strong>morte</strong></span> <span class='ocrx_word' id='word_1_591' title='bbox 2963 1951 3159 2006; x_wconf 80' lang='lat' dir='ltr'><strong>Christi</strong></span> <span class='ocrx_word' id='word_1_592' title='bbox 3187 1952 3383 2007; x_wconf 86' lang='lat' dir='ltr'><strong>tinctus</strong></span> <span class='ocrx_word' id='word_1_593' title='bbox 3436 1950 3709 2021; x_wconf 79' lang='lat' dir='ltr'><strong>estzquid</strong></span> 
     </span>
    </p>
   </div>
   <div class='ocr_carea' id='block_1_80' title="bbox 2119 2036 3707 2115">
    <p class='ocr_par' dir='ltr' id='par_1_80' title="bbox 2119 2036 3707 2115">
     <span class='ocr_line' id='line_1_82' title="bbox 2119 2036 3707 2115; baseline -0.001 -14"><span class='ocrx_word' id='word_1_594' title='bbox 2119 2045 2265 2101; x_wconf 84' lang='lat' dir='ltr'><strong>aliud</strong></span> <span class='ocrx_word' id='word_1_595' title='bbox 2291 2044 2441 2110; x_wconf 79' lang='lat' dir='ltr'><strong>facis,</strong></span> <span class='ocrx_word' id='word_1_596' title='bbox 2472 2043 2560 2115; x_wconf 92' lang='lat' dir='ltr'><strong>qui</strong></span> <span class='ocrx_word' id='word_1_597' title='bbox 2587 2042 2748 2109; x_wconf 85' lang='lat' dir='ltr'><strong>talem</strong></span> <span class='ocrx_word' id='word_1_598' title='bbox 2772 2042 2857 2099; x_wconf 88' lang='lat' dir='ltr'><strong>bis</strong></span> <span class='ocrx_word' id='word_1_599' title='bbox 2885 2042 3146 2114; x_wconf 84' lang='lat' dir='ltr'><strong>baptizas,</strong></span> <span class='ocrx_word' id='word_1_600' title='bbox 3178 2044 3266 2114; x_wconf 90' lang='lat' dir='ltr'><strong>qui</strong></span> <span class='ocrx_word' id='word_1_601' title='bbox 3294 2036 3458 2114; x_wconf 74' lang='lat' dir='ltr'><strong>Regis</strong></span> <span class='ocrx_word' id='word_1_602' title='bbox 3498 2044 3707 2115; x_wconf 88' lang='lat' dir='ltr'><strong>signum</strong></span> 
     </span>
    </p>
   </div>
   <div class='ocr_carea' id='block_1_81' title="bbox 2122 2136 3709 2209">
    <p class='ocr_par' dir='ltr' id='par_1_81' title="bbox 2122 2136 3709 2209">
     <span class='ocr_line' id='line_1_83' title="bbox 2122 2136 3709 2209; baseline -0.003 -14"><span class='ocrx_word' id='word_1_603' title='bbox 2122 2138 2395 2205; x_wconf 84' lang='lat' dir='ltr'><strong>exsufﬁas,</strong></span> <span class='ocrx_word' id='word_1_604' title='bbox 2428 2138 2515 2209; x_wconf 89' lang='lat' dir='ltr'><strong>qui</strong></span> <span class='ocrx_word' id='word_1_605' title='bbox 2544 2152 2757 2194; x_wconf 90' lang='lat' dir='ltr'><strong>crucem</strong></span> <span class='ocrx_word' id='word_1_606' title='bbox 2782 2138 3064 2208; x_wconf 79' lang='lat' dir='ltr'><strong>expungis,</strong></span> <span class='ocrx_word' id='word_1_607' title='bbox 3092 2152 3251 2207; x_wconf 87' lang='lat' dir='ltr'><strong>quam</strong></span> <span class='ocrx_word' id='word_1_608' title='bbox 3273 2147 3500 2192; x_wconf 87' lang='lat' dir='ltr'><strong>mortem</strong></span> <span class='ocrx_word' id='word_1_609' title='bbox 3526 2136 3709 2191; x_wconf 91' lang='lat' dir='ltr'><strong>Domi-</strong></span> 
     </span>
    </p>
   </div>
   <div class='ocr_carea' id='block_1_82' title="bbox 2120 2229 3711 2295">
    <p class='ocr_par' dir='ltr' id='par_1_82' title="bbox 2120 2229 3711 2295">
     <span class='ocr_line' id='line_1_84' title="bbox 2120 2229 3711 2295; baseline -0.002 -5"><span class='ocrx_word' id='word_1_610' title='bbox 2120 2235 2175 2290; x_wconf 93' lang='lat' dir='ltr'><strong>ni</strong></span> <span class='ocrx_word' id='word_1_611' title='bbox 2199 2235 2414 2290; x_wconf 89' lang='lat' dir='ltr'><strong>inanem</strong></span> <span class='ocrx_word' id='word_1_612' title='bbox 2451 2240 2505 2288; x_wconf 90' lang='lat' dir='ltr'><strong>et</strong></span> <span class='ocrx_word' id='word_1_613' title='bbox 2531 2246 2754 2288; x_wconf 83' lang='lat' dir='ltr'><strong>vacuam</strong></span> <span class='ocrx_word' id='word_1_614' title='bbox 2781 2230 3027 2295; x_wconf 86' lang='lat' dir='ltr'><strong>reddere,</strong></span> <span class='ocrx_word' id='word_1_615' title='bbox 3076 2240 3131 2286; x_wconf 91' lang='lat' dir='ltr'><strong>et</strong></span> <span class='ocrx_word' id='word_1_616' title='bbox 3179 2230 3485 2287; x_wconf 90' lang='lat' dir='ltr'><strong>universam</strong></span> <span class='ocrx_word' id='word_1_617' title='bbox 3528 2229 3711 2288; x_wconf 83' lang='lat' dir='ltr'><strong>salutis</strong></span> 
     </span>
    </p>
   </div>
   <div class='ocr_carea' id='block_1_83' title="bbox 2122 2324 3289 2399">
    <p class='ocr_par' dir='ltr' id='par_1_83' title="bbox 2122 2324 3289 2399">
     <span class='ocr_line' id='line_1_85' title="bbox 2122 2324 3289 2399; baseline -0.004 -15"><span class='ocrx_word' id='word_1_618' title='bbox 2122 2337 2320 2385; x_wconf 68' lang='lat' dir='ltr'><strong>nostra:</strong></span> <span class='ocrx_word' id='word_1_619' title='bbox 2338 2326 2788 2399; x_wconf 89' lang='lat' dir='ltr'><strong>dispensationem</strong></span> <span class='ocrx_word' id='word_1_620' title='bbox 2814 2326 3047 2381; x_wconf 91' lang='lat' dir='ltr'><strong>ostentui</strong></span> <span class='ocrx_word' id='word_1_621' title='bbox 3067 2324 3289 2381; x_wconf 88' lang='lat' dir='ltr'><strong>habere?</strong></span> 
     </span>
    </p>
   </div>
   <div class='ocr_carea' id='block_1_84' title="bbox 2194 2419 3711 2491">
    <p class='ocr_par' dir='ltr' id='par_1_84' title="bbox 2194 2419 3711 2491">
     <span class='ocr_line' id='line_1_86' title="bbox 2194 2419 3711 2491; baseline -0.003 -14"><span class='ocrx_word' id='word_1_622' title='bbox 2194 2422 2248 2477; x_wconf 88' lang='lat'><strong>6.</strong></span> <span class='ocrx_word' id='word_1_623' title='bbox 2277 2423 2426 2491; x_wconf 84' lang='lat' dir='ltr'><strong>Aqua</strong></span> <span class='ocrx_word' id='word_1_624' title='bbox 2453 2427 2636 2475; x_wconf 90' lang='lat' dir='ltr'><strong>nostra</strong></span> <span class='ocrx_word' id='word_1_625' title='bbox 2664 2434 2772 2475; x_wconf 88' lang='lat' dir='ltr'><strong>non</strong></span> <span class='ocrx_word' id='word_1_626' title='bbox 2799 2427 2883 2474; x_wconf 91' lang='lat' dir='ltr'><strong>est</strong></span> <span class='ocrx_word' id='word_1_627' title='bbox 2909 2419 3103 2484; x_wconf 87' lang='lat' dir='ltr'><strong>aliena,</strong></span> <span class='ocrx_word' id='word_1_628' title='bbox 3134 2419 3284 2489; x_wconf 85' lang='lat' dir='ltr'><strong>virgo</strong></span> <span class='ocrx_word' id='word_1_629' title='bbox 3315 2425 3397 2473; x_wconf 90' lang='lat' dir='ltr'><strong>est</strong></span> <span class='ocrx_word' id='word_1_630' title='bbox 3424 2425 3482 2473; x_wconf 90' lang='lat' dir='ltr'><strong>et</strong></span> <span class='ocrx_word' id='word_1_631' title='bbox 3509 2424 3711 2487; x_wconf 83' lang='lat' dir='ltr'><strong>sancta;</strong></span> 
     </span>
    </p>
   </div>
   <div class='ocr_carea' id='block_1_85' title="bbox 2125 2504 3716 2580">
    <p class='ocr_par' dir='ltr' id='par_1_85' title="bbox 2125 2504 3716 2580">
     <span class='ocr_line' id='line_1_87' title="bbox 2125 2504 3716 2580; baseline -0.003 -9"><span class='ocrx_word' id='word_1_632' title='bbox 2125 2513 2181 2571; x_wconf 89' lang='lat' dir='ltr'><strong>in</strong></span> <span class='ocrx_word' id='word_1_633' title='bbox 2220 2511 2423 2569; x_wconf 87' lang='lat' dir='ltr'><strong>fontem</strong></span> <span class='ocrx_word' id='word_1_634' title='bbox 2463 2518 2705 2567; x_wconf 91' lang='lat' dir='ltr'><strong>nostrum</strong></span> <span class='ocrx_word' id='word_1_635' title='bbox 2739 2510 3019 2566; x_wconf 80' lang='lat' dir='ltr'><strong>descendit</strong></span> <span class='ocrx_word' id='word_1_636' title='bbox 3053 2509 3317 2579; x_wconf 78' lang='lat' dir='ltr'><strong>Spiritus,</strong></span> <span class='ocrx_word' id='word_1_637' title='bbox 3345 2522 3481 2580; x_wconf 84' lang='lat' dir='ltr'><strong>quos</strong></span> <span class='ocrx_word' id='word_1_638' title='bbox 3510 2504 3716 2566; x_wconf 72' lang='lat' dir='ltr'><strong>‘irrorat</strong></span> 
     </span>
    </p>
   </div>
   <div class='ocr_carea' id='block_1_86' title="bbox 2122 2594 3712 2675">
    <p class='ocr_par' dir='ltr' id='par_1_86' title="bbox 2122 2594 3712 2675">
     <span class='ocr_line' id='line_1_88' title="bbox 2122 2594 3712 2675; baseline -0.002 -14"><span class='ocrx_word' id='word_1_639' title='bbox 2122 2606 2296 2663; x_wconf 84' lang='lat' dir='ltr'><strong>sancti</strong></span> <span class='ocrx_word' id='word_1_640' title='bbox 2324 2612 2449 2661; x_wconf 90' lang='lat' dir='ltr'><strong>sunt</strong></span> <span class='ocrx_word' id='word_1_641' title='bbox 2473 2621 2485 2659; x_wconf 90' lang='lat'>:</span> <span class='ocrx_word' id='word_1_642' title='bbox 2512 2602 2727 2659; x_wconf 88' lang='lat' dir='ltr'><strong>videant</strong></span> <span class='ocrx_word' id='word_1_643' title='bbox 2751 2618 2854 2675; x_wconf 91' lang='lat' dir='ltr'><strong>qua</strong></span> <span class='ocrx_word' id='word_1_644' title='bbox 2882 2603 3179 2659; x_wconf 88' lang='lat' dir='ltr'><strong>temeritate</strong></span> <span class='ocrx_word' id='word_1_645' title='bbox 3199 2603 3430 2674; x_wconf 88' lang='lat' dir='ltr'><strong>pollutos</strong></span> <span class='ocrx_word' id='word_1_646' title='bbox 3454 2594 3712 2672; x_wconf 79' lang='lat' dir='ltr'><strong>astruant,</strong></span> 
     </span>
    </p>
   </div>
   <div class='ocr_carea' id='block_1_87' title="bbox 2126 2694 3717 2770">
    <p class='ocr_par' dir='ltr' id='par_1_87' title="bbox 2126 2694 3717 2770">
     <span class='ocr_line' id='line_1_89' title="bbox 2126 2694 3717 2770; baseline -0.001 -18"><span class='ocrx_word' id='word_1_647' title='bbox 2126 2712 2262 2770; x_wconf 88' lang='lat' dir='ltr'><strong>quos</strong></span> <span class='ocrx_word' id='word_1_648' title='bbox 2300 2698 2490 2752; x_wconf 91' lang='lat' dir='ltr'><strong>talibus</strong></span> <span class='ocrx_word' id='word_1_649' title='bbox 2535 2694 2695 2751; x_wconf 91' lang='lat' dir='ltr'><strong>undis</strong></span> <span class='ocrx_word' id='word_1_650' title='bbox 2738 2709 2988 2766; x_wconf 86' lang='lat' dir='ltr'><strong>aspersos</strong></span> <span class='ocrx_word' id='word_1_651' title='bbox 3027 2695 3297 2750; x_wconf 89' lang='lat' dir='ltr'><strong>noverint.</strong></span> <span class='ocrx_word' id='word_1_652' title='bbox 3328 2694 3374 2751; x_wconf 93' lang='grc' dir='ltr'>Ο</span> <span class='ocrx_word' id='word_1_653' title='bbox 3407 2695 3717 2767; x_wconf 87' lang='lat' dir='ltr'><strong>sacrilegam</strong></span> 
     </span>
    </p>
   </div>
   <div class='ocr_carea' id='block_1_88' title="bbox 2127 2787 3719 2860">
    <p class='ocr_par' dir='ltr' id='par_1_88' title="bbox 2127 2787 3719 2860">
     <span class='ocr_line' id='line_1_90' title="bbox 2127 2787 3719 2860; baseline -0.004 -11"><span class='ocrx_word' id='word_1_654' title='bbox 2127 2789 2451 2849; x_wconf 87' lang='lat' dir='ltr'><strong>novitatem!</strong></span> <span class='ocrx_word' id='word_1_655' title='bbox 2473 2806 2505 2845; x_wconf 94' lang='lat' dir='ltr'><strong>o</strong></span> <span class='ocrx_word' id='word_1_656' title='bbox 2532 2805 2716 2845; x_wconf 84' lang='lat' dir='ltr'><strong>vocem</strong></span> <span class='ocrx_word' id='word_1_657' title='bbox 2735 2790 2985 2860; x_wconf 82' lang='lat' dir='ltr'><strong>impiam!</strong></span> <span class='ocrx_word' id='word_1_658' title='bbox 3013 2788 3372 2845; x_wconf 88' lang='lat' dir='ltr'><strong>Sanctificavit</strong></span> <span class='ocrx_word' id='word_1_659' title='bbox 3397 2787 3540 2843; x_wconf 92' lang='lat' dir='ltr'><strong>Dcus</strong></span> <span class='ocrx_word' id='word_1_660' title='bbox 3560 2802 3719 2859; x_wconf 80' lang='lat' dir='ltr'><strong>aquas</strong></span> 
     </span>
    </p>
   </div>
   <div class='ocr_carea' id='block_1_89' title="bbox 2126 2882 3721 2955">
    <p class='ocr_par' dir='ltr' id='par_1_89' title="bbox 2126 2882 3721 2955">
     <span class='ocr_line' id='line_1_91' title="bbox 2126 2882 3721 2955; baseline -0.003 -12"><span class='ocrx_word' id='word_1_661' title='bbox 2126 2888 2183 2943; x_wconf 88' lang='lat' dir='ltr'><strong>in</strong></span> <span class='ocrx_word' id='word_1_662' title='bbox 2222 2887 2374 2942; x_wconf 89' lang='lat' dir='ltr'><strong>initio</strong></span> <span class='ocrx_word' id='word_1_663' title='bbox 2418 2884 2602 2940; x_wconf 89' lang='lat' dir='ltr'><strong>mundi</strong></span> <span class='ocrx_word' id='word_1_664' title='bbox 2651 2900 2747 2955; x_wconf 90' lang='lat' dir='ltr'><strong>per</strong></span> <span class='ocrx_word' id='word_1_665' title='bbox 2790 2883 3019 2954; x_wconf 89' lang='lat' dir='ltr'><strong>Spiritus</strong></span> <span class='ocrx_word' id='word_1_666' title='bbox 3063 2882 3459 2939; x_wconf 90' lang='lat' dir='ltr'><strong>incubationem</strong></span> <span class='ocrx_word' id='word_1_667' title='bbox 3484 2924 3502 2950; x_wconf 95' lang='lat'><strong>,</strong></span> <span class='ocrx_word' id='word_1_668' title='bbox 3534 2897 3600 2939; x_wconf 82' lang='lat' dir='ltr'><strong>ex</strong></span> <span class='ocrx_word' id='word_1_669' title='bbox 3646 2882 3721 2939; x_wconf 90' lang='lat' dir='ltr'><strong>eis</strong></span> 
     </span>
    </p>
   </div>
   <div class='ocr_carea' id='block_1_90' title="bbox 2128 2975 3722 3049">
    <p class='ocr_par' dir='ltr' id='par_1_90' title="bbox 2128 2975 3722 3049">
     <span class='ocr_line' id='line_1_92' title="bbox 2128 2975 3722 3049; baseline -0.003 -13"><span class='ocrx_word' id='word_1_670' title='bbox 2128 2986 2211 3036; x_wconf 92' lang='lat' dir='ltr'><strong>tot</strong></span> <span class='ocrx_word' id='word_1_671' title='bbox 2254 2990 2306 3036; x_wconf 91' lang='lat' dir='ltr'><strong>et</strong></span> <span class='ocrx_word' id='word_1_672' title='bbox 2358 2988 2506 3035; x_wconf 90' lang='lat' dir='ltr'><strong>tanta</strong></span> <span class='ocrx_word' id='word_1_673' title='bbox 2542 2978 2853 3049; x_wconf 90' lang='lat' dir='ltr'><strong>prodierunt</strong></span> <span class='ocrx_word' id='word_1_674' title='bbox 2881 2977 3137 3032; x_wconf 88' lang='lat' dir='ltr'><strong>miracula</strong></span> <span class='ocrx_word' id='word_1_675' title='bbox 3167 3018 3183 3045; x_wconf 92' lang='lat'><strong>,</strong></span> <span class='ocrx_word' id='word_1_676' title='bbox 3214 2992 3333 3048; x_wconf 75' lang='lat' dir='ltr'><strong>qua:</strong></span> <span class='ocrx_word' id='word_1_677' title='bbox 3376 2975 3445 3032; x_wconf 91' lang='lat' dir='ltr'><strong>de</strong></span> <span class='ocrx_word' id='word_1_678' title='bbox 3467 2992 3722 3048; x_wconf 89' lang='lat' dir='ltr'><strong>aquarum</strong></span> 
     </span>
    </p>
   </div>
   <div class='ocr_carea' id='block_1_91' title="bbox 2131 3070 3722 3138">
    <p class='ocr_par' dir='ltr' id='par_1_91' title="bbox 2131 3070 3722 3138">
     <span class='ocr_line' id='line_1_93' title="bbox 2131 3070 3722 3138; baseline -0.003 -8"><span class='ocrx_word' id='word_1_679' title='bbox 2131 3084 2436 3131; x_wconf 88' lang='lat' dir='ltr'><strong>nostrarum</strong></span> <span class='ocrx_word' id='word_1_680' title='bbox 2479 3075 2760 3129; x_wconf 88' lang='lat' dir='ltr'><strong>sanctitate</strong></span> <span class='ocrx_word' id='word_1_681' title='bbox 2807 3085 2905 3126; x_wconf 90' lang='lat' dir='ltr'><strong>nos</strong></span> <span class='ocrx_word' id='word_1_682' title='bbox 2957 3070 3269 3138; x_wconf 87' lang='lat' dir='ltr'><strong>erudirent,</strong></span> <span class='ocrx_word' id='word_1_683' title='bbox 3295 3079 3351 3127; x_wconf 92' lang='lat' dir='ltr'><strong>et</strong></span> <span class='ocrx_word' id='word_1_684' title='bbox 3387 3070 3457 3127; x_wconf 90' lang='lat' dir='ltr'><strong>de</strong></span> <span class='ocrx_word' id='word_1_685' title='bbox 3504 3071 3722 3127; x_wconf 81' lang='lat' dir='ltr'><strong>veritate</strong></span> 
     </span>
    </p>
   </div>
   <div class='ocr_carea' id='block_1_92' title="bbox 2132 3163 3723 3239">
    <p class='ocr_par' dir='ltr' id='par_1_92' title="bbox 2132 3163 3723 3239">
     <span class='ocr_line' id='line_1_94' title="bbox 2132 3163 3723 3239; baseline -0.002 -18"><span class='ocrx_word' id='word_1_686' title='bbox 2132 3181 2357 3239; x_wconf 89' lang='lat' dir='ltr'><strong>quorum</strong></span> <span class='ocrx_word' id='word_1_687' title='bbox 2380 3166 2581 3221; x_wconf 73' lang='lat' dir='ltr'><strong>umbra:</strong></span> <span class='ocrx_word' id='word_1_688' title='bbox 2606 3174 2777 3232; x_wconf 90' lang='lat' dir='ltr'><strong>erant,</strong></span> <span class='ocrx_word' id='word_1_689' title='bbox 2796 3164 3140 3234; x_wconf 90' lang='lat' dir='ltr'><strong>instruerent,</strong></span> <span class='ocrx_word' id='word_1_690' title='bbox 3162 3171 3215 3218; x_wconf 90' lang='lat' dir='ltr'><strong>et</strong></span> <span class='ocrx_word' id='word_1_691' title='bbox 3233 3163 3301 3219; x_wconf 92' lang='lat' dir='ltr'><strong>de</strong></span> <span class='ocrx_word' id='word_1_692' title='bbox 3324 3164 3723 3235; x_wconf 83' lang='lat' dir='ltr'><strong>regeneratione</strong></span> 
     </span>
    </p>
   </div>
   <div class='ocr_carea' id='block_1_93' title="bbox 2133 3258 3724 3333">
    <p class='ocr_par' dir='ltr' id='par_1_93' title="bbox 2133 3258 3724 3333">
     <span class='ocr_line' id='line_1_95' title="bbox 2133 3258 3724 3333; baseline 0 -18"><span class='ocrx_word' id='word_1_693' title='bbox 2133 3276 2292 3333; x_wconf 90' lang='lat' dir='ltr'><strong>quam</strong></span> <span class='ocrx_word' id='word_1_694' title='bbox 2321 3260 2373 3315; x_wconf 91' lang='lat' dir='ltr'><strong>in</strong></span> <span class='ocrx_word' id='word_1_695' title='bbox 2406 3259 2558 3330; x_wconf 91' lang='lat' dir='ltr'><strong>aquis</strong></span> <span class='ocrx_word' id='word_1_696' title='bbox 2588 3260 2863 3315; x_wconf 88' lang='lat' dir='ltr'><strong>haurimus</strong></span> <span class='ocrx_word' id='word_1_697' title='bbox 2901 3267 3079 3314; x_wconf 89' lang='lat' dir='ltr'><strong>certos</strong></span> <span class='ocrx_word' id='word_1_698' title='bbox 3108 3259 3371 3325; x_wconf 68' lang='lat' dir='ltr'><strong>faderent;</strong></span> <span class='ocrx_word' id='word_1_699' title='bbox 3402 3266 3457 3314; x_wconf 91' lang='lat' dir='ltr'><strong>et</strong></span> <span class='ocrx_word' id='word_1_700' title='bbox 3484 3274 3578 3314; x_wconf 85' lang='lat' dir='ltr'><strong>eas</strong></span> <span class='ocrx_word' id='word_1_701' title='bbox 3602 3258 3724 3315; x_wconf 89' lang='lat' dir='ltr'><strong>alie-</strong></span> 
     </span>
    </p>
   </div>
   <div class='ocr_carea' id='block_1_94' title="bbox 2135 3349 3759 3427">
    <p class='ocr_par' dir='ltr' id='par_1_94' title="bbox 2135 3349 3759 3427">
     <span class='ocr_line' id='line_1_96' title="bbox 2135 3349 3759 3427; baseline -0.002 -17"><span class='ocrx_word' id='word_1_702' title='bbox 2135 3368 2232 3411; x_wconf 90' lang='lat' dir='ltr'><strong>nas</strong></span> <span class='ocrx_word' id='word_1_703' title='bbox 2260 3362 2482 3418; x_wconf 90' lang='lat' dir='ltr'><strong>vocant,</strong></span> <span class='ocrx_word' id='word_1_704' title='bbox 2513 3361 2567 3408; x_wconf 89' lang='lat' dir='ltr'><strong>et</strong></span> <span class='ocrx_word' id='word_1_705' title='bbox 2589 3352 2656 3405; x_wconf 90' lang='lat' dir='ltr'><strong>ab</strong></span> <span class='ocrx_word' id='word_1_706' title='bbox 2681 3352 2766 3406; x_wconf 91' lang='lat' dir='ltr'><strong>his</strong></span> <span class='ocrx_word' id='word_1_707' title='bbox 2791 3352 3083 3420; x_wconf 82' lang='lat' dir='ltr'><strong>abstinent,</strong></span> <span class='ocrx_word' id='word_1_708' title='bbox 3102 3354 3165 3407; x_wconf 88' lang='lat' dir='ltr'><strong>&#39;et</strong></span> <span class='ocrx_word' id='word_1_709' title='bbox 3190 3350 3479 3408; x_wconf 89' lang='lat' dir='ltr'><strong>mendaces</strong></span> <span class='ocrx_word' id='word_1_710' title='bbox 3504 3349 3722 3418; x_wconf 88' lang='lat' dir='ltr'><strong>dicunt,</strong></span> <span class='ocrx_word' id='word_1_711' title='bbox 3756 3422 3759 3427; x_wconf 87' lang='lat'><em>_</em></span> 
     </span>
    </p>
   </div>
   <div class='ocr_carea' id='block_1_95' title="bbox 2136 3445 3725 3539">
    <p class='ocr_par' dir='ltr' id='par_1_95' title="bbox 2136 3445 3725 3539">
     <span class='ocr_line' id='line_1_97' title="bbox 2136 3445 3725 3539; baseline -0.003 -33"><span class='ocrx_word' id='word_1_712' title='bbox 2136 3457 2191 3506; x_wconf 91' lang='lat' dir='ltr'><strong>et</strong></span> <span class='ocrx_word' id='word_1_713' title='bbox 2214 3463 2427 3504; x_wconf 91' lang='lat' dir='ltr'><strong>omnem</strong></span> <span class='ocrx_word' id='word_1_714' title='bbox 2454 3448 2531 3503; x_wconf 89' lang='lat' dir='ltr'><strong>eis</strong></span> <span class='ocrx_word' id='word_1_715' title='bbox 2555 3446 2712 3503; x_wconf 86' lang='lat' dir='ltr'><strong>ﬁdem</strong></span> <span class='ocrx_word' id='word_1_716' title='bbox 2740 3445 3030 3519; x_wconf 89' lang='lat' dir='ltr'><strong>abrogant!</strong></span> <span class='ocrx_word' id='word_1_717' title='bbox 3062 3445 3177 3502; x_wconf 89' lang='lat' dir='ltr'><strong>Erit</strong></span> <span class='ocrx_word' id='word_1_718' title='bbox 3202 3446 3383 3525; x_wconf 83' lang='lat' dir='ltr'><strong>itaque</strong></span> <span class='ocrx_word' id='word_1_719' title='bbox 3407 3461 3575 3501; x_wconf 87' lang='lat' dir='ltr'><strong>verax</strong></span> <span class='ocrx_word' id='word_1_720' title='bbox 3595 3460 3725 3539; x_wconf 45' lang='lat' dir='ltr'><strong>aqu:</strong></span> 
     </span>
    </p>
   </div>
   <div class='ocr_carea' id='block_1_96' title="bbox 2137 3534 3722 3613">
    <p class='ocr_par' dir='ltr' id='par_1_96' title="bbox 2137 3534 3722 3613">
     <span class='ocr_line' id='line_1_98' title="bbox 2137 3534 3722 3613; baseline -0.003 -14"><span class='ocrx_word' id='word_1_721' title='bbox 2137 3540 2412 3609; x_wconf 87' lang='lat' dir='ltr'><strong>Primiani,</strong></span> <span class='ocrx_word' id='word_1_722' title='bbox 2430 3556 2587 3613; x_wconf 87' lang='lat' dir='ltr'><strong>quem</strong></span> <span class='ocrx_word' id='word_1_723' title='bbox 2616 3549 2722 3597; x_wconf 89' lang='lat' dir='ltr'><strong>tam</strong></span> <span class='ocrx_word' id='word_1_724' title='bbox 2755 3534 2973 3595; x_wconf 79' lang='lat' dir='ltr'><strong>immani</strong></span> <span class='ocrx_word' id='word_1_725' title='bbox 3001 3536 3342 3596; x_wconf 85' lang='lat' dir='ltr'><strong>anathemate</strong></span> <span class='ocrx_word' id='word_1_726' title='bbox 3366 3534 3722 3611; x_wconf 75' lang='lat' dir='ltr'><strong>percussiStis,</strong></span> 
     </span>
    </p>
   </div>
   <div class='ocr_carea' id='block_1_97' title="bbox 2139 3624 3725 3710">
    <p class='ocr_par' dir='ltr' id='par_1_97' title="bbox 2139 3624 3725 3710">
     <span class='ocr_line' id='line_1_99' title="bbox 2139 3624 3725 3710; baseline -0.002 -17"><span class='ocrx_word' id='word_1_727' title='bbox 2139 3653 2297 3710; x_wconf 89' lang='lat' dir='ltr'><strong>quem</strong></span> <span class='ocrx_word' id='word_1_728' title='bbox 2342 3646 2606 3692; x_wconf 91' lang='lat' dir='ltr'><strong>tantorum</strong></span> <span class='ocrx_word' id='word_1_729' title='bbox 2649 3637 2913 3692; x_wconf 90' lang='lat' dir='ltr'><strong>scelerum</strong></span> <span class='ocrx_word' id='word_1_730' title='bbox 2952 3634 3007 3691; x_wconf 91' lang='lat' dir='ltr'><strong>in</strong></span> <span class='ocrx_word' id='word_1_731' title='bbox 3050 3642 3230 3691; x_wconf 90' lang='lat' dir='ltr'><strong>vestro</strong></span> <span class='ocrx_word' id='word_1_732' title='bbox 3269 3624 3542 3692; x_wconf 83' lang='lat' dir='ltr'><strong>conventu</strong></span> <span class='ocrx_word' id='word_1_733' title='bbox 3582 3644 3725 3702; x_wconf 65' lang='lat' dir='ltr'><strong>neunt</strong></span> 
     </span>
    </p>
   </div>
   <div class='ocr_carea' id='block_1_98' title="bbox 2136 3727 3724 3801">
    <p class='ocr_par' dir='ltr' id='par_1_98' title="bbox 2136 3727 3724 3801">
     <span class='ocr_line' id='line_1_100' title="bbox 2136 3727 3724 3801; baseline -0.001 -17"><span class='ocrx_word' id='word_1_734' title='bbox 2136 3727 2433 3801; x_wconf 88' lang='lat' dir='ltr'><strong>judieastis;</strong></span> <span class='ocrx_word' id='word_1_735' title='bbox 2457 3743 2557 3783; x_wconf 89' lang='lat' dir='ltr'><strong>nec</strong></span> <span class='ocrx_word' id='word_1_736' title='bbox 2580 3738 2755 3783; x_wconf 88' lang='lat' dir='ltr'><strong>tamen</strong></span> <span class='ocrx_word' id='word_1_737' title='bbox 2775 3742 2910 3799; x_wconf 92' lang='lat' dir='ltr'><strong>quos</strong></span> <span class='ocrx_word' id='word_1_738' title='bbox 2922 3727 3227 3798; x_wconf 87' lang='lat' dir='ltr'><strong>baptizavit,</strong></span> <span class='ocrx_word' id='word_1_739' title='bbox 3248 3728 3439 3783; x_wconf 90' lang='lat' dir='ltr'><strong>iterum</strong></span> <span class='ocrx_word' id='word_1_740' title='bbox 3458 3727 3689 3782; x_wconf 88' lang='lat' dir='ltr'><strong>tinxistis</strong></span> <span class='ocrx_word' id='word_1_741' title='bbox 3710 3740 3724 3782; x_wconf 68' lang='grc' dir='ltr'><strong>ξ</strong></span> 
     </span>
    </p>
   </div>
   <div class='ocr_carea' id='block_1_99' title="bbox 2141 3824 3723 3897">
    <p class='ocr_par' dir='ltr' id='par_1_99' title="bbox 2141 3824 3723 3897">
     <span class='ocr_line' id='line_1_101' title="bbox 2141 3824 3723 3897; baseline -0.001 -15"><span class='ocrx_word' id='word_1_742' title='bbox 2141 3834 2196 3882; x_wconf 93' lang='lat' dir='ltr'><strong>et</strong></span> <span class='ocrx_word' id='word_1_743' title='bbox 2216 3825 2470 3881; x_wconf 64' lang='lat' dir='ltr'><strong>Ecclesia)</strong></span> <span class='ocrx_word' id='word_1_744' title='bbox 2496 3824 2771 3880; x_wconf 76' lang='lat' dir='ltr'><strong>catholicae</strong></span> <span class='ocrx_word' id='word_1_745' title='bbox 2792 3866 2805 3890; x_wconf 96' lang='lat'><strong>,</strong></span> <span class='ocrx_word' id='word_1_746' title='bbox 2833 3825 3094 3880; x_wconf 77' lang='lat' dir='ltr'><strong>columbae</strong></span> <span class='ocrx_word' id='word_1_747' title='bbox 3126 3835 3325 3880; x_wconf 78' lang='lat' dir='ltr'><strong>nostra:</strong></span> <span class='ocrx_word' id='word_1_748' title='bbox 3345 3868 3359 3892; x_wconf 93' lang='lat'><strong>,</strong></span> <span class='ocrx_word' id='word_1_749' title='bbox 3388 3841 3603 3897; x_wconf 76' lang='lat' dir='ltr'><strong>sponsa:</strong></span> <span class='ocrx_word' id='word_1_750' title='bbox 3628 3825 3723 3880; x_wconf 85' lang='lat' dir='ltr'><strong>im-</strong></span> 
     </span>
    </p>
   </div>
   <div class='ocr_carea' id='block_1_100' title="bbox 2140 3906 3729 3989">
    <p class='ocr_par' dir='ltr' id='par_1_100' title="bbox 2140 3906 3729 3989">
     <span class='ocr_line' id='line_1_102' title="bbox 2140 3906 3729 3989; baseline 0 -16"><span class='ocrx_word' id='word_1_751' title='bbox 2140 3920 2416 3974; x_wconf 71' lang='lat' dir='ltr'><strong>maculata:</strong></span> <span class='ocrx_word' id='word_1_752' title='bbox 2436 3958 2451 3983; x_wconf 95' lang='lat'><strong>,</strong></span> <span class='ocrx_word' id='word_1_753' title='bbox 2478 3916 2717 3971; x_wconf 86' lang='lat' dir='ltr'><strong>inﬁdeles</strong></span> <span class='ocrx_word' id='word_1_754' title='bbox 2742 3960 2757 3983; x_wconf 90' lang='lat'><strong>,</strong></span> <span class='ocrx_word' id='word_1_755' title='bbox 2785 3916 3005 3986; x_wconf 78' lang='lat' dir='ltr'><strong>impurae</strong></span> <span class='ocrx_word' id='word_1_756' title='bbox 3029 3958 3046 3985; x_wconf 93' lang='lat'><strong>,</strong></span> <span class='ocrx_word' id='word_1_757' title='bbox 3075 3906 3363 3973; x_wconf 79' lang='lat' dir='ltr'><strong>mendaces</strong></span> <span class='ocrx_word' id='word_1_758' title='bbox 3395 3910 3549 3989; x_wconf 83' lang='lat' dir='ltr'><strong>aquae</strong></span> <span class='ocrx_word' id='word_1_759' title='bbox 3594 3916 3729 3989; x_wconf 89' lang='lat' dir='ltr'><strong>apud</strong></span> 
     </span>
    </p>
   </div>
   <div class='ocr_carea' id='block_1_101' title="bbox 2142 4008 3730 4084">
    <p class='ocr_par' dir='ltr' id='par_1_101' title="bbox 2142 4008 3730 4084">
     <span class='ocr_line' id='line_1_103' title="bbox 2142 4008 3730 4084; baseline 0 -17"><span class='ocrx_word' id='word_1_760' title='bbox 2142 4027 2235 4067; x_wconf 88' lang='lat' dir='ltr'><strong>eos</strong></span> <span class='ocrx_word' id='word_1_761' title='bbox 2258 4012 2453 4066; x_wconf 71' lang='lat' dir='ltr'><strong>erunt!</strong></span> <span class='ocrx_word' id='word_1_762' title='bbox 2479 4011 2663 4065; x_wconf 88' lang='lat' dir='ltr'><strong>Dicent</strong></span> <span class='ocrx_word' id='word_1_763' title='bbox 2686 4008 2863 4065; x_wconf 84' lang='lat' dir='ltr'><strong>forsan</strong></span> <span class='ocrx_word' id='word_1_764' title='bbox 2887 4029 2899 4065; x_wconf 93' lang='lat'><strong>:</strong></span> <span class='ocrx_word' id='word_1_765' title='bbox 2919 4010 3202 4066; x_wconf 79' lang='lat' dir='ltr'><strong>Mendaces</strong></span> <span class='ocrx_word' id='word_1_766' title='bbox 3223 4020 3375 4067; x_wconf 90' lang='lat' dir='ltr'><strong>erant</strong></span> <span class='ocrx_word' id='word_1_767' title='bbox 3397 4013 3487 4084; x_wconf 85' lang='lat' dir='ltr'><strong>qui</strong></span> <span class='ocrx_word' id='word_1_768' title='bbox 3511 4011 3730 4068; x_wconf 85' lang='lat' dir='ltr'><strong>Primia-</strong></span> 
     </span>
    </p>
   </div>
   <div class='ocr_carea' id='block_1_102' title="bbox 2143 4103 3729 4177">
    <p class='ocr_par' dir='ltr' id='par_1_102' title="bbox 2143 4103 3729 4177">
     <span class='ocr_line' id='line_1_104' title="bbox 2143 4103 3729 4177; baseline -0.001 -16"><span class='ocrx_word' id='word_1_769' title='bbox 2143 4122 2270 4161; x_wconf 86' lang='lat' dir='ltr'><strong>num</strong></span> <span class='ocrx_word' id='word_1_770' title='bbox 2299 4106 2635 4160; x_wconf 88' lang='lat' dir='ltr'><strong>innocentem</strong></span> <span class='ocrx_word' id='word_1_771' title='bbox 2668 4103 3009 4172; x_wconf 88' lang='lat' dir='ltr'><strong>damnarunt,</strong></span> <span class='ocrx_word' id='word_1_772' title='bbox 3035 4112 3089 4159; x_wconf 90' lang='lat' dir='ltr'><strong>et</strong></span> <span class='ocrx_word' id='word_1_773' title='bbox 3112 4104 3234 4159; x_wconf 90' lang='lat' dir='ltr'><strong>ideo</strong></span> <span class='ocrx_word' id='word_1_774' title='bbox 3259 4103 3375 4177; x_wconf 86' lang='lat' dir='ltr'><strong>ejus</strong></span> <span class='ocrx_word' id='word_1_775' title='bbox 3399 4110 3555 4176; x_wconf 74' lang='lat' dir='ltr'><strong>aqum</strong></span> <span class='ocrx_word' id='word_1_776' title='bbox 3583 4120 3729 4161; x_wconf 82' lang='lat' dir='ltr'><strong>men-</strong></span> 
     </span>
    </p>
   </div>
   <div class='ocr_carea' id='block_1_103' title="bbox 2143 4192 3731 4266">
    <p class='ocr_par' dir='ltr' id='par_1_103' title="bbox 2143 4192 3731 4266">
     <span class='ocr_line' id='line_1_105' title="bbox 2143 4192 3731 4266; baseline -0.002 -12"><span class='ocrx_word' id='word_1_777' title='bbox 2143 4199 2302 4254; x_wconf 87' lang='lat' dir='ltr'><strong>daces</strong></span> <span class='ocrx_word' id='word_1_778' title='bbox 2353 4214 2455 4253; x_wconf 88' lang='lat' dir='ltr'><strong>non</strong></span> <span class='ocrx_word' id='word_1_779' title='bbox 2505 4196 2740 4251; x_wconf 83' lang='lat' dir='ltr'><strong>fuerunt.</strong></span> <span class='ocrx_word' id='word_1_780' title='bbox 2772 4195 2878 4251; x_wconf 90' lang='lat' dir='ltr'><strong>Sed</strong></span> <span class='ocrx_word' id='word_1_781' title='bbox 2909 4195 3036 4266; x_wconf 89' lang='lat' dir='ltr'><strong>quid</strong></span> <span class='ocrx_word' id='word_1_782' title='bbox 3066 4192 3240 4251; x_wconf 89' lang='lat' dir='ltr'><strong>dicent</strong></span> <span class='ocrx_word' id='word_1_783' title='bbox 3268 4194 3335 4251; x_wconf 93' lang='lat' dir='ltr'><strong>de</strong></span> <span class='ocrx_word' id='word_1_784' title='bbox 3362 4195 3634 4252; x_wconf 87' lang='lat' dir='ltr'><strong>Feliciano</strong></span> <span class='ocrx_word' id='word_1_785' title='bbox 3679 4203 3731 4251; x_wconf 88' lang='lat' dir='ltr'><strong>et</strong></span> 
     </span>
    </p>
   </div>
   <div class='ocr_carea' id='block_1_104' title="bbox 2143 4289 3732 4361">
    <p class='ocr_par' dir='ltr' id='par_1_104' title="bbox 2143 4289 3732 4361">
     <span class='ocr_line' id='line_1_106' title="bbox 2143 4289 3732 4361; baseline -0.001 -13"><span class='ocrx_word' id='word_1_786' title='bbox 2143 4292 2464 4349; x_wconf 61' lang='lat' dir='ltr'><strong>Praetextato</strong></span> <span class='ocrx_word' id='word_1_787' title='bbox 2485 4332 2499 4357; x_wconf 94' lang='lat'><strong>,</strong></span> <span class='ocrx_word' id='word_1_788' title='bbox 2528 4290 2618 4361; x_wconf 89' lang='lat' dir='ltr'><strong>qui</strong></span> <span class='ocrx_word' id='word_1_789' title='bbox 2647 4290 2975 4345; x_wconf 86' lang='lat' dir='ltr'><strong>Primianum</strong></span> <span class='ocrx_word' id='word_1_790' title='bbox 3011 4289 3433 4358; x_wconf 88' lang='lat' dir='ltr'><strong>damnaverunt,</strong></span> <span class='ocrx_word' id='word_1_791' title='bbox 3465 4298 3521 4347; x_wconf 90' lang='lat' dir='ltr'><strong>et</strong></span> <span class='ocrx_word' id='word_1_792' title='bbox 3550 4291 3617 4346; x_wconf 92' lang='lat' dir='ltr'><strong>ab</strong></span> <span class='ocrx_word' id='word_1_793' title='bbox 3645 4290 3732 4346; x_wconf 92' lang='lat' dir='ltr'><strong>illo</strong></span> 
     </span>
    </p>
   </div>
   <div class='ocr_carea' id='block_1_105' title="bbox 2146 4372 3733 4455">
    <p class='ocr_par' dir='ltr' id='par_1_105' title="bbox 2146 4372 3733 4455">
     <span class='ocr_line' id='line_1_107' title="bbox 2146 4372 3733 4455; baseline -0.004 -15"><span class='ocrx_word' id='word_1_794' title='bbox 2146 4393 2251 4440; x_wconf 88' lang='lat' dir='ltr'><strong>tam</strong></span> <span class='ocrx_word' id='word_1_795' title='bbox 2282 4382 2465 4455; x_wconf 88' lang='lat' dir='ltr'><strong>grandi</strong></span> <span class='ocrx_word' id='word_1_796' title='bbox 2496 4372 2783 4439; x_wconf 83' lang='lat' dir='ltr'><strong>schismate</strong></span> <span class='ocrx_word' id='word_1_797' title='bbox 2809 4380 3204 4437; x_wconf 85' lang='lat' dir='ltr'><strong>discesserant?</strong></span> <span class='ocrx_word' id='word_1_798' title='bbox 3226 4383 3306 4437; x_wconf 81' lang='lat' dir='ltr'><strong>Au</strong></span> <span class='ocrx_word' id='word_1_799' title='bbox 3338 4397 3473 4453; x_wconf 92' lang='lat' dir='ltr'><strong>quos</strong></span> <span class='ocrx_word' id='word_1_800' title='bbox 3501 4381 3733 4452; x_wconf 78' lang='lat' dir='ltr'><strong>baptiza-</strong></span> 
     </span>
    </p>
   </div>
   <div class='ocr_carea' id='block_1_106' title="bbox 2147 4472 3733 4544">
    <p class='ocr_par' dir='ltr' id='par_1_106' title="bbox 2147 4472 3733 4544">
     <span class='ocr_line' id='line_1_108' title="bbox 2147 4472 3733 4544; baseline -0.005 -10"><span class='ocrx_word' id='word_1_801' title='bbox 2147 4485 2351 4541; x_wconf 88' lang='lat' dir='ltr'><strong>verant,</strong></span> <span class='ocrx_word' id='word_1_802' title='bbox 2372 4491 2505 4531; x_wconf 89' lang='lat' dir='ltr'><strong>nova</strong></span> <span class='ocrx_word' id='word_1_803' title='bbox 2527 4483 2582 4531; x_wconf 92' lang='lat' dir='ltr'><strong>et</strong></span> <span class='ocrx_word' id='word_1_804' title='bbox 2598 4474 2800 4529; x_wconf 88' lang='lat' dir='ltr'><strong>recenti</strong></span> <span class='ocrx_word' id='word_1_805' title='bbox 2824 4474 3082 4529; x_wconf 89' lang='lat' dir='ltr'><strong>tinctione</strong></span> <span class='ocrx_word' id='word_1_806' title='bbox 3103 4472 3357 4529; x_wconf 70' lang='lat' dir='ltr'><strong>Ecclesim</strong></span> <span class='ocrx_word' id='word_1_807' title='bbox 3378 4489 3489 4528; x_wconf 66' lang='lat' dir='ltr'><strong>suae</strong></span> <span class='ocrx_word' id='word_1_808' title='bbox 3515 4487 3733 4544; x_wconf 87' lang='lat' dir='ltr'><strong>pepere-</strong></span> 
     </span>
    </p>
   </div>
   <div class='ocr_carea' id='block_1_107' title="bbox 2147 4566 3734 4639">
    <p class='ocr_par' dir='ltr' id='par_1_107' title="bbox 2147 4566 3734 4639">
     <span class='ocr_line' id='line_1_109' title="bbox 2147 4566 3734 4639; baseline -0.003 -14"><span class='ocrx_word' id='word_1_809' title='bbox 2147 4568 2317 4625; x_wconf 86' lang='lat' dir='ltr'><strong>runt?</strong></span> <span class='ocrx_word' id='word_1_810' title='bbox 2368 4568 2731 4639; x_wconf 84' lang='lat' dir='ltr'><strong>Nequaquam.</strong></span> <span class='ocrx_word' id='word_1_811' title='bbox 2794 4566 3051 4623; x_wconf 88' lang='lat' dir='ltr'><strong>Feliciani</strong></span> <span class='ocrx_word' id='word_1_812' title='bbox 3110 4574 3164 4623; x_wconf 91' lang='lat' dir='ltr'><strong>et</strong></span> <span class='ocrx_word' id='word_1_813' title='bbox 3230 4567 3542 4622; x_wconf 72' lang='lat' dir='ltr'><strong>Praetextati</strong></span> <span class='ocrx_word' id='word_1_814' title='bbox 3589 4580 3734 4639; x_wconf 65' lang='lat' dir='ltr'><strong>aqua!</strong></span> 
     </span>
    </p>
   </div>
   <div class='ocr_carea' id='block_1_108' title="bbox 2150 4659 3735 4731">
    <p class='ocr_par' dir='ltr' id='par_1_108' title="bbox 2150 4659 3735 4731">
     <span class='ocr_line' id='line_1_110' title="bbox 2150 4659 3735 4731; baseline -0.001 -14"><span class='ocrx_word' id='word_1_815' title='bbox 2150 4662 2332 4718; x_wconf 89' lang='lat' dir='ltr'><strong>ﬁdeles</strong></span> <span class='ocrx_word' id='word_1_816' title='bbox 2380 4661 2468 4731; x_wconf 93' lang='lat' dir='ltr'><strong>qui</strong></span> <span class='ocrx_word' id='word_1_817' title='bbox 2508 4659 2847 4731; x_wconf 82' lang='lat' dir='ltr'><strong>posti-nodum</strong></span> <span class='ocrx_word' id='word_1_818' title='bbox 2879 4660 3160 4726; x_wconf 90' lang='lat' dir='ltr'><strong>coierunt,</strong></span> <span class='ocrx_word' id='word_1_819' title='bbox 3188 4664 3243 4716; x_wconf 88' lang='lat' dir='ltr'><strong>et</strong></span> <span class='ocrx_word' id='word_1_820' title='bbox 3266 4660 3525 4716; x_wconf 89' lang='lat' dir='ltr'><strong>adversus</strong></span> <span class='ocrx_word' id='word_1_821' title='bbox 3553 4660 3735 4716; x_wconf 74' lang='lat' dir='ltr'><strong>Eccle-</strong></span> 
     </span>
    </p>
   </div>
   <div class='ocr_carea' id='block_1_109' title="bbox 2150 4756 3735 4827">
    <p class='ocr_par' dir='ltr' id='par_1_109' title="bbox 2150 4756 3735 4827">
     <span class='ocr_line' id='line_1_111' title="bbox 2150 4756 3735 4827; baseline -0.003 -13"><span class='ocrx_word' id='word_1_822' title='bbox 2150 4758 2282 4814; x_wconf 90' lang='lat' dir='ltr'><strong>siam</strong></span> <span class='ocrx_word' id='word_1_823' title='bbox 2310 4757 2625 4813; x_wconf 91' lang='lat' dir='ltr'><strong>catholicam</strong></span> <span class='ocrx_word' id='word_1_824' title='bbox 2660 4758 2828 4812; x_wconf 90' lang='lat' dir='ltr'><strong>insani</strong></span> <span class='ocrx_word' id='word_1_825' title='bbox 2861 4757 3079 4814; x_wconf 65' lang='lat' dir='ltr'><strong>foederis</strong></span> <span class='ocrx_word' id='word_1_826' title='bbox 3107 4758 3483 4813; x_wconf 88' lang='lat' dir='ltr'><strong>communione</strong></span> <span class='ocrx_word' id='word_1_827' title='bbox 3526 4756 3735 4827; x_wconf 88' lang='lat' dir='ltr'><strong>conspi-</strong></span> 
     </span>
    </p>
   </div>
   <div class='ocr_carea' id='block_1_110' title="bbox 2150 4850 3738 4931">
    <p class='ocr_par' dir='ltr' id='par_1_110' title="bbox 2150 4850 3738 4931">
     <span class='ocr_line' id='line_1_112' title="bbox 2150 4850 3738 4931; baseline 0.001 -24"><span class='ocrx_word' id='word_1_828' title='bbox 2150 4859 2435 4931; x_wconf 51' lang='lat' dir='ltr'><strong>raveruntg</strong></span> <span class='ocrx_word' id='word_1_829' title='bbox 2458 4867 2607 4923; x_wconf 83' lang='lat' dir='ltr'><strong>aquae</strong></span> <span class='ocrx_word' id='word_1_830' title='bbox 2633 4866 2763 4931; x_wconf 83' lang='lat' dir='ltr'><strong>vero</strong></span> <span class='ocrx_word' id='word_1_831' title='bbox 2806 4862 3002 4907; x_wconf 81' lang='lat' dir='ltr'><strong>nostrae</strong></span> <span class='ocrx_word' id='word_1_832' title='bbox 3033 4850 3275 4908; x_wconf 88' lang='lat' dir='ltr'><strong>inﬁdeles</strong></span> <span class='ocrx_word' id='word_1_833' title='bbox 3302 4860 3359 4909; x_wconf 90' lang='lat' dir='ltr'><strong>et</strong></span> <span class='ocrx_word' id='word_1_834' title='bbox 3396 4851 3672 4924; x_wconf 66' lang='lat' dir='ltr'><strong>profante?</strong></span> <span class='ocrx_word' id='word_1_835' title='bbox 3696 4851 3738 4908; x_wconf 90' lang='lat'><strong>0</strong></span> 
     </span>
    </p>
   </div>
   <div class='ocr_carea' id='block_1_111' title="bbox 2151 4946 3009 5018">
    <p class='ocr_par' dir='ltr' id='par_1_111' title="bbox 2151 4946 3009 5018">
     <span class='ocr_line' id='line_1_113' title="bbox 2151 4946 3009 5018; baseline -0.002 -15"><span class='ocrx_word' id='word_1_836' title='bbox 2151 4947 2337 5004; x_wconf 89' lang='lat' dir='ltr'><strong>insana</strong></span> <span class='ocrx_word' id='word_1_837' title='bbox 2366 4955 2420 5002; x_wconf 91' lang='lat' dir='ltr'><strong>et</strong></span> <span class='ocrx_word' id='word_1_838' title='bbox 2448 4960 2696 5017; x_wconf 85' lang='lat' dir='ltr'><strong>perversa</strong></span> <span class='ocrx_word' id='word_1_839' title='bbox 2726 4946 3009 5018; x_wconf 84' lang='lat' dir='ltr'><strong>cogitatio!</strong></span> 
     </span>
    </p>
   </div>
   <div class='ocr_carea' id='block_1_112' title="bbox 2228 5036 3742 5115">
    <p class='ocr_par' dir='ltr' id='par_1_112' title="bbox 2228 5036 3742 5115">
     <span class='ocr_line' id='line_1_114' title="bbox 2228 5036 3742 5115; baseline -0.001 -19"><span class='ocrx_word' id='word_1_840' title='bbox 2228 5040 2281 5097; x_wconf 87' lang='lat'><strong>7.</strong></span> <span class='ocrx_word' id='word_1_841' title='bbox 2324 5038 2539 5093; x_wconf 84' lang='lat' dir='ltr'><strong>Addunt</strong></span> <span class='ocrx_word' id='word_1_842' title='bbox 2590 5037 2785 5115; x_wconf 85' lang='lat' dir='ltr'><strong>etiam,</strong></span> <span class='ocrx_word' id='word_1_843' title='bbox 2817 5036 2918 5103; x_wconf 84' lang='lat' dir='ltr'><strong>Qui</strong></span> <span class='ocrx_word' id='word_1_844' title='bbox 2956 5038 3238 5110; x_wconf 79' lang='lat' dir='ltr'><strong>baptizatur</strong></span> <span class='ocrx_word' id='word_1_845' title='bbox 3288 5053 3319 5091; x_wconf 94' lang='lat' dir='ltr'><strong>a</strong></span> <span class='ocrx_word' id='word_1_846' title='bbox 3359 5036 3742 5113; x_wconf 44' lang='lat' dir='ltr'><strong>martuo,,q‘tu&#39;d</strong></span> 
     </span>
    </p>
   </div>
   <div class='ocr_carea' id='block_1_113' title="bbox 2154 5132 3739 5206">
    <p class='ocr_par' dir='ltr' id='par_1_113' title="bbox 2154 5132 3739 5206">
     <span class='ocr_line' id='line_1_115' title="bbox 2154 5132 3739 5206; baseline 0.001 -17"><span class='ocrx_word' id='word_1_847' title='bbox 2154 5142 2226 5190; x_wconf 80' lang='lat' dir='ltr'><strong>est</strong></span> <span class='ocrx_word' id='word_1_848' title='bbox 2254 5133 2508 5188; x_wconf 83' lang='lat' dir='ltr'><strong>lavacrum</strong></span> <span class='ocrx_word' id='word_1_849' title='bbox 2538 5134 2648 5206; x_wconf 82' lang='lat' dir='ltr'><strong>ejus</strong></span> <span class='ocrx_word' id='word_1_850' title='bbox 2676 5132 2863 5206; x_wconf 84' lang='lat' dir='ltr'><strong>(Eccli.</strong></span> <span class='ocrx_word' id='word_1_851' title='bbox 2891 5148 3078 5198; x_wconf 80' lang='lat' dir='ltr'><strong>xxxiv,</strong></span> <span class='ocrx_word' id='word_1_852' title='bbox 3108 5134 3196 5203; x_wconf 80' lang='lat'><strong>&#39;50)</strong></span> <span class='ocrx_word' id='word_1_853' title='bbox 3220 5133 3242 5187; x_wconf 88' lang='lat'><strong>?</strong></span> <span class='ocrx_word' id='word_1_854' title='bbox 3273 5133 3495 5198; x_wconf 85' lang='lat' dir='ltr'><strong>Erratis,</strong></span> <span class='ocrx_word' id='word_1_855' title='bbox 3522 5134 3739 5202; x_wconf 86' lang='lat' dir='ltr'><strong>miseri,</strong></span> 
     </span>
    </p>
   </div>
   <div class='ocr_carea' id='block_1_114' title="bbox 2156 5210 3740 5298">
    <p class='ocr_par' dir='ltr' id='par_1_114' title="bbox 2156 5210 3740 5298">
     <span class='ocr_line' id='line_1_116' title="bbox 2156 5210 3740 5298; baseline 0.001 -17"><span class='ocrx_word' id='word_1_856' title='bbox 2156 5240 2264 5281; x_wconf 93' lang='lat' dir='ltr'><strong>non</strong></span> <span class='ocrx_word' id='word_1_857' title='bbox 2286 5225 2643 5297; x_wconf 87' lang='lat' dir='ltr'><strong>intelligentes</strong></span> <span class='ocrx_word' id='word_1_858' title='bbox 2666 5224 2987 5296; x_wconf 89' lang='lat' dir='ltr'><strong>Scripturas.</strong></span> <span class='ocrx_word' id='word_1_859' title='bbox 3016 5210 3130 5280; x_wconf 83' lang='lat' dir='ltr'><strong>Non</strong></span> <span class='ocrx_word' id='word_1_860' title='bbox 3152 5224 3394 5291; x_wconf 90' lang='lat' dir='ltr'><strong>dicimus,</strong></span> <span class='ocrx_word' id='word_1_861' title='bbox 3416 5226 3740 5298; x_wconf 83' lang='lat' dir='ltr'><strong>Baptismum</strong></span> 
     </span>
    </p>
   </div>
   <div class='ocr_carea' id='block_1_115' title="bbox 2159 5319 3745 5392">
    <p class='ocr_par' dir='ltr' id='par_1_115' title="bbox 2159 5319 3745 5392">
     <span class='ocr_line' id='line_1_117' title="bbox 2159 5319 3745 5392; baseline 0.003 -19"><span class='ocrx_word' id='word_1_862' title='bbox 2159 5334 2267 5392; x_wconf 90' lang='lat' dir='ltr'><strong>quo</strong></span> <span class='ocrx_word' id='word_1_863' title='bbox 2297 5319 2506 5390; x_wconf 87' lang='lat' dir='ltr'><strong>tingunt</strong></span> <span class='ocrx_word' id='word_1_864' title='bbox 2528 5319 2621 5385; x_wconf 93' lang='lat' dir='ltr'><strong>illi,</strong></span> <span class='ocrx_word' id='word_1_865' title='bbox 2657 5334 2791 5391; x_wconf 86' lang='lat' dir='ltr'><strong>quos</strong></span> <span class='ocrx_word' id='word_1_866' title='bbox 2822 5320 2965 5374; x_wconf 90' lang='lat' dir='ltr'><strong>velut</strong></span> <span class='ocrx_word' id='word_1_867' title='bbox 2993 5328 3230 5375; x_wconf 88' lang='lat' dir='ltr'><strong>mortuos</strong></span> <span class='ocrx_word' id='word_1_868' title='bbox 3261 5334 3289 5374; x_wconf 90' lang='lat' dir='ltr'><strong>a</strong></span> <span class='ocrx_word' id='word_1_869' title='bbox 3328 5321 3583 5376; x_wconf 89' lang='lat' dir='ltr'><strong>vivorum</strong></span> <span class='ocrx_word' id='word_1_870' title='bbox 3614 5337 3745 5377; x_wconf 83' lang='lat' dir='ltr'><strong>com-</strong></span> 
     </span>
    </p>
   </div>
   <div class='ocr_carea' id='block_1_116' title="bbox 2161 5390 3781 5489">
    <p class='ocr_par' dir='ltr' id='par_1_116' title="bbox 2161 5390 3781 5489">
     <span class='ocr_line' id='line_1_118' title="bbox 2161 5390 3781 5489; baseline -0.001 -21"><span class='ocrx_word' id='word_1_871' title='bbox 2161 5411 2412 5468; x_wconf 90' lang='lat' dir='ltr'><strong>munione</strong></span> <span class='ocrx_word' id='word_1_872' title='bbox 2440 5427 2747 5483; x_wconf 88' lang='lat' dir='ltr'><strong>separamus</strong></span> <span class='ocrx_word' id='word_1_873' title='bbox 2779 5452 2793 5477; x_wconf 95' lang='lat'><strong>,</strong></span> <span class='ocrx_word' id='word_1_874' title='bbox 2825 5411 2953 5466; x_wconf 89' lang='lat' dir='ltr'><strong>nihil</strong></span> <span class='ocrx_word' id='word_1_875' title='bbox 2984 5426 3103 5467; x_wconf 88' lang='lat' dir='ltr'><strong>esse</strong></span> <span class='ocrx_word' id='word_1_876' title='bbox 3124 5428 3138 5477; x_wconf 88' lang='lat'><strong>;</strong></span> <span class='ocrx_word' id='word_1_877' title='bbox 3162 5410 3255 5466; x_wconf 88' lang='lat' dir='ltr'><strong>sed</strong></span> <span class='ocrx_word' id='word_1_878' title='bbox 3288 5411 3418 5469; x_wconf 88' lang='lat' dir='ltr'><strong>nihil</strong></span> <span class='ocrx_word' id='word_1_879' title='bbox 3461 5414 3737 5483; x_wconf 86' lang='lat' dir='ltr'><strong>prodesse,</strong></span> 
     </span>
    </p>
   </div>
   <div class='ocr_carea' id='block_1_117' title="bbox 2162 5505 3739 5580">
    <p class='ocr_par' dir='ltr' id='par_1_117' title="bbox 2162 5505 3739 5580">
     <span class='ocr_line' id='line_1_119' title="bbox 2162 5505 3739 5580; baseline -0.003 -18"><span class='ocrx_word' id='word_1_880' title='bbox 2162 5508 2417 5580; x_wconf 85' lang='lat' dir='ltr'><strong>quamdiu</strong></span> <span class='ocrx_word' id='word_1_881' title='bbox 2445 5506 2581 5561; x_wconf 70' lang='lat' dir='ltr'><strong>inter</strong></span> <span class='ocrx_word' id='word_1_882' title='bbox 2603 5514 2841 5561; x_wconf 90' lang='lat' dir='ltr'><strong>mortuos</strong></span> <span class='ocrx_word' id='word_1_883' title='bbox 2865 5505 3082 5561; x_wconf 86' lang='lat' dir='ltr'><strong>vivitur.</strong></span> <span class='ocrx_word' id='word_1_884' title='bbox 3106 5505 3256 5565; x_wconf 87' lang='lat' dir='ltr'><strong>Tolle</strong></span> <span class='ocrx_word' id='word_1_885' title='bbox 3284 5506 3423 5575; x_wconf 83' lang='lat' dir='ltr'><strong>quod</strong></span> <span class='ocrx_word' id='word_1_886' title='bbox 3447 5507 3624 5574; x_wconf 82' lang='lat' dir='ltr'><strong>obest,</strong></span> <span class='ocrx_word' id='word_1_887' title='bbox 3642 5506 3739 5577; x_wconf 84' lang='lat' dir='ltr'><strong>jam</strong></span> 
     </span>
    </p>
   </div>
   <div class='ocr_carea' id='block_1_118' title="bbox 2165 5586 3746 5672">
    <p class='ocr_par' dir='ltr' id='par_1_118' title="bbox 2165 5586 3746 5672">
     <span class='ocr_line' id='line_1_120' title="bbox 2165 5586 3746 5672; baseline -0.002 -18"><span class='ocrx_word' id='word_1_888' title='bbox 2165 5599 2402 5672; x_wconf 88' lang='lat' dir='ltr'><strong>prodest.</strong></span> <span class='ocrx_word' id='word_1_889' title='bbox 2426 5598 2576 5666; x_wconf 87' lang='lat' dir='ltr'><strong>Quod</strong></span> <span class='ocrx_word' id='word_1_890' title='bbox 2596 5606 2741 5654; x_wconf 85' lang='lat' dir='ltr'><strong>extra</strong></span> <span class='ocrx_word' id='word_1_891' title='bbox 2761 5597 3033 5668; x_wconf 88' lang='lat' dir='ltr'><strong>accepisti,</strong></span> <span class='ocrx_word' id='word_1_892' title='bbox 3066 5586 3306 5667; x_wconf 80' lang='lat' dir='ltr'><strong>proﬁciet</strong></span> <span class='ocrx_word' id='word_1_893' title='bbox 3325 5613 3447 5653; x_wconf 91' lang='lat' dir='ltr'><strong>cum</strong></span> <span class='ocrx_word' id='word_1_894' title='bbox 3474 5599 3617 5655; x_wconf 89' lang='lat' dir='ltr'><strong>intus</strong></span> <span class='ocrx_word' id='word_1_895' title='bbox 3640 5596 3746 5652; x_wconf 84' lang='lat' dir='ltr'><strong>fue-</strong></span> 
     </span>
    </p>
   </div>
   <div class='ocr_carea' id='block_1_119' title="bbox 2164 5684 3743 5761">
    <p class='ocr_par' dir='ltr' id='par_1_119' title="bbox 2164 5684 3743 5761">
     <span class='ocr_line' id='line_1_121' title="bbox 2164 5684 3743 5761; baseline -0.003 -12"><span class='ocrx_word' id='word_1_896' title='bbox 2164 5693 2262 5750; x_wconf 89' lang='lat' dir='ltr'><strong>ris.</strong></span> <span class='ocrx_word' id='word_1_897' title='bbox 2292 5690 2527 5747; x_wconf 82' lang='lat' dir='ltr'><strong>Emeuda</strong></span> <span class='ocrx_word' id='word_1_898' title='bbox 2572 5684 2896 5761; x_wconf 83' lang='lat' dir='ltr'><strong>baptizatum</strong></span> <span class='ocrx_word' id='word_1_899' title='bbox 2918 5734 2934 5760; x_wconf 94' lang='lat'><strong>,</strong></span> <span class='ocrx_word' id='word_1_900' title='bbox 2963 5690 3162 5746; x_wconf 81' lang='lat' dir='ltr'><strong>sufﬁcit</strong></span> <span class='ocrx_word' id='word_1_901' title='bbox 3191 5709 3203 5746; x_wconf 88' lang='lat'><strong>:</strong></span> <span class='ocrx_word' id='word_1_902' title='bbox 3234 5692 3406 5747; x_wconf 88' lang='lat' dir='ltr'><strong>latens</strong></span> <span class='ocrx_word' id='word_1_903' title='bbox 3445 5694 3497 5747; x_wconf 93' lang='lat' dir='ltr'><strong>iu</strong></span> <span class='ocrx_word' id='word_1_904' title='bbox 3549 5690 3743 5747; x_wconf 80' lang='lat' dir='ltr'><strong>semine</strong></span> 
     </span>
    </p>
   </div>
   <div class='ocr_carea' id='block_1_120' title="bbox 2166 5782 3740 5853">
    <p class='ocr_par' dir='ltr' id='par_1_120' title="bbox 2166 5782 3740 5853">
     <span class='ocr_line' id='line_1_122' title="bbox 2166 5782 3740 5853; baseline -0.003 -13"><span class='ocrx_word' id='word_1_905' title='bbox 2166 5786 2334 5840; x_wconf 86' lang='lat' dir='ltr'><strong>virtus</strong></span> <span class='ocrx_word' id='word_1_906' title='bbox 2358 5824 2373 5849; x_wconf 94' lang='lat'><strong>,</strong></span> <span class='ocrx_word' id='word_1_907' title='bbox 2399 5784 2726 5839; x_wconf 84' lang='lat' dir='ltr'><strong>incrementa</strong></span> <span class='ocrx_word' id='word_1_908' title='bbox 2755 5791 2970 5838; x_wconf 87' lang='lat' dir='ltr'><strong>sumet:</strong></span> <span class='ocrx_word' id='word_1_909' title='bbox 3002 5782 3256 5853; x_wconf 89' lang='lat' dir='ltr'><strong>Spiritum</strong></span> <span class='ocrx_word' id='word_1_910' title='bbox 3298 5784 3393 5838; x_wconf 88' lang='lat' dir='ltr'><strong>Dei</strong></span> <span class='ocrx_word' id='word_1_911' title='bbox 3424 5798 3491 5838; x_wconf 84' lang='lat' dir='ltr'><strong>ex</strong></span> <span class='ocrx_word' id='word_1_912' title='bbox 3532 5784 3640 5837; x_wconf 90' lang='lat' dir='ltr'><strong>alto</strong></span> <span class='ocrx_word' id='word_1_913' title='bbox 3664 5782 3740 5835; x_wconf 51' lang='lat' dir='ltr'><strong>iu‘</strong></span> 
     </span>
    </p>
   </div>
   <div class='ocr_carea' id='block_1_121' title="bbox 2169 5875 3740 5949">
    <p class='ocr_par' dir='ltr' id='par_1_121' title="bbox 2169 5875 3740 5949">
     <span class='ocr_line' id='line_1_123' title="bbox 2169 5875 3740 5949; baseline -0.001 -15"><span class='ocrx_word' id='word_1_914' title='bbox 2169 5878 2326 5944; x_wconf 88' lang='lat' dir='ltr'><strong>duet;</strong></span> <span class='ocrx_word' id='word_1_915' title='bbox 2354 5886 2407 5935; x_wconf 81' lang='lat' dir='ltr'><strong>ct</strong></span> <span class='ocrx_word' id='word_1_916' title='bbox 2432 5877 2522 5948; x_wconf 92' lang='lat' dir='ltr'><strong>qui</strong></span> <span class='ocrx_word' id='word_1_917' title='bbox 2552 5877 2605 5931; x_wconf 93' lang='lat' dir='ltr'><strong>in</strong></span> <span class='ocrx_word' id='word_1_918' title='bbox 2634 5876 2850 5933; x_wconf 86' lang='lat' dir='ltr'><strong>Christo</strong></span> <span class='ocrx_word' id='word_1_919' title='bbox 2875 5892 2978 5949; x_wconf 90' lang='lat' dir='ltr'><strong>per</strong></span> <span class='ocrx_word' id='word_1_920' title='bbox 3001 5876 3331 5948; x_wconf 79' lang='lat' dir='ltr'><strong>Baptismum</strong></span> <span class='ocrx_word' id='word_1_921' title='bbox 3359 5875 3602 5947; x_wconf 85' lang='lat' dir='ltr'><strong>sepultus</strong></span> <span class='ocrx_word' id='word_1_922' title='bbox 3639 5875 3740 5932; x_wconf 79' lang='lat' dir='ltr'><strong>fuc-</strong></span> 
     </span>
    </p>
   </div>
   <div class='ocr_carea' id='block_1_122' title="bbox 2168 5964 3741 6044">
    <p class='ocr_par' dir='ltr' id='par_1_122' title="bbox 2168 5964 3741 6044">
     <span class='ocr_line' id='line_1_124' title="bbox 2168 5964 3741 6044; baseline -0.004 -12"><span class='ocrx_word' id='word_1_923' title='bbox 2168 5980 2288 6043; x_wconf 83' lang='lat' dir='ltr'><strong>rat,</strong></span> <span class='ocrx_word' id='word_1_924' title='bbox 2316 5971 2443 6029; x_wconf 90' lang='lat' dir='ltr'><strong>licet</strong></span> <span class='ocrx_word' id='word_1_925' title='bbox 2466 5968 2596 6029; x_wconf 86' lang='lat' dir='ltr'><strong>foris</strong></span> <span class='ocrx_word' id='word_1_926' title='bbox 2617 6011 2633 6043; x_wconf 94' lang='lat'><strong>,</strong></span> <span class='ocrx_word' id='word_1_927' title='bbox 2668 5967 3032 6044; x_wconf 45' lang='lat' dir='ltr'><strong>postquam‘in</strong></span> <span class='ocrx_word' id='word_1_928' title='bbox 3058 5964 3312 6028; x_wconf 66' lang='lat' dir='ltr'><strong>Ecclesiae</strong></span> <span class='ocrx_word' id='word_1_929' title='bbox 3353 5968 3531 6040; x_wconf 61' lang='lat' dir='ltr'><strong>suum</strong></span> <span class='ocrx_word' id='word_1_930' title='bbox 3555 5965 3741 6029; x_wconf 83' lang='lat' dir='ltr'><strong>admis-</strong></span> 
     </span>
    </p>
   </div>
  </div>
