4026 6492
2414 306 2467 319 ⁸-

199 428 286 487 761
878 423 1197 485 CENSURA
1231 426 1740 490 wVANlENSlUM
1776 425 2116 485 THEOLOG.
2159 429 2249 487 ET
2288 429 2488 489 BERN.
2529 430 2853 492 VINDINGI.
3358 438 3463 496 ’162

264 541 389 612 Quid
406 583 421 608 ,
447 536 599 612 quod
626 538 680 595 in
707 538 934 597 citandis
962 542 1356 615 tractandisque
1383 544 1673 615 Scripturis
1703 558 1812 601 non
1829 560 1935 600 uno
1956 545 2074 601 loco
2100 545 2166 600 ab
2190 561 2255 601 eo
2269 546 2492 604 dissidet
2510 564 2573 604 ac
2590 550 2795 605 variat?
2823 548 3060 607 Primum
3085 551 3231 608 enim
3254 567 3373 625 cap.
3396 556 3462 614 I6

206 635 317 709 (nisi
344 633 476 688 forte
500 631 793 687 mendosus
813 640 896 688 est
922 632 1092 689 codex
1122 633 1326 706 noster)
1358 634 1601 705 producit
1620 635 1799 691 locum
1826 650 1893 691 ex
1914 650 2036 707 cap.
2065 636 2134 692 65
2164 636 2312 693 Isaiae
2337 638 2484 708 juxta
2513 640 2778 712 vulgatam
2816 642 3133 711 lectionem,
3165 658 3288 699 cum
3325 659 3461 701 sem.

210 740 294 795 per
320 722 635 793 Augustinus
659 722 893 779 editione
919 733 1099 780 utatur
1119 724 1263 780 LXX
1283 768 1297 791 ,
1332 725 1491 780 ctiam
1520 727 1571 780 in
1603 727 1690 780 illa
1712 727 1825 796 ipsa
1848 729 2109 798 scriptura
2128 771 2142 795 ,
2166 738 2270 784 etc.
2303 730 2568 787 Prteterea
2590 732 2719 788 illud
2746 733 2992 791 Jeremite
3017 736 3085 790 17
3104 778 3120 803 ,
3159 737 3471 795 Recedentes

210 832 238 868 a
263 824 306 868 te
323 814 594 868 scribentur
618 814 672 868 in
702 824 873 881 terra;
899 816 943 870 is
963 830 1081 886 cap.
1110 818 1143 871 5
1173 816 1244 871 ita
1272 816 1463 887 legisse
1485 817 1711 885 videtur,
1744 816 2045 874 Recedentes
2071 836 2103 873 a
2131 830 2177 874 te
2195 819 2473 877 scribentur
2491 824 2543 878 in
2574 824 2702 880 libro
2723 826 2917 892 mortis,
2941 828 3208 896 quomodo
3236 829 3457 887 arbitror

209 921 303 962 non
332 907 484 961 modo
505 906 564 960 Β.
596 906 949 979 Augustinum
970 950 984 975 ,
1014 909 1109 965 sed
1130 920 1366 965 veterum
1396 921 1652 981 praeterea
1681 912 1875 968 citasse
1904 912 2196 968 nemiuem.
2229 914 2296 968 Et
2321 924 2445 970 sunt
2471 917 2685 987 quidem
2715 919 2804 975 illa
2831 921 3123 977 Donatistae
3141 923 3300 978 verba
3320 966 3336 991 ,
3373 924 3463 980 sed

214 999 289 1054 vel
313 1000 537 1055 breviter
564 1000 754 1055 saltem
775 1001 1063 1057 admonere
1082 1002 1345 1069 debebat,
1376 1004 1450 1058 uti
1480 1004 1604 1059 facit
1635 1019 1754 1075 cap.
1790 1007 1858 1074 2,
1911 1020 2017 1060 non
2048 1006 2118 1060 ita
2140 1007 2375 1061 locutum
2408 1008 2748 1079 Prophetam.
2776 1010 2917 1067 Sane
2966 1011 3092 1067 facit
3117 1012 3218 1069 hoc
3256 1028 3469 1086 semper

206 1093 534 1164 Augustinus.
561 1093 659 1149 Cui
689 1096 861 1151 simile
883 1105 999 1165 est,
1032 1097 1172 1169 quod
1200 1113 1320 1153 cum
1351 1099 1632 1154 Donatista
1659 1115 1778 1171 cap.
1804 1102 1837 1159 5
1868 1102 2199 1158 Ezechielem
2229 1118 2325 1173 pro
2349 1101 2483 1159 Isaia
2515 1105 2781 1173 nominet,
2807 1115 2993 1162 auctor
3025 1108 3110 1163 hic
3138 1123 3206 1164 ne
3244 1108 3470 1164 verbulo

206 1188 402 1260 quidem
433 1188 483 1243 id
509 1190 773 1260 corrigat,
801 1190 943 1261 quod
969 1207 1073 1246 non
1107 1193 1358 1257 arbitror,
1392 1203 1448 1248 ut
1475 1194 1605 1249 alias
1630 1211 1921 1266 nunquam,
1950 1195 2410 1251 dissimulaturum
2439 1197 2815 1267 Augustinum.
2844 1199 3080 1271 Denique
3097 1216 3217 1271 cap.
3247 1200 3333 1265 18,
3362 1201 3471 1256 duo

205 1280 530 1352 proferuntur
551 1282 765 1337 Davidis
797 1284 1097 1340 testimonia
1124 1285 1305 1341 addito
1326 1286 1660 1343 Psalmorum
1692 1304 1914 1344 numero
1938 1331 1952 1355 ,
1981 1289 2279 1360 cujusmodi
2307 1290 2611 1360 exemplum
2650 1293 2830 1347 nescio
2856 1307 2923 1347 an
2951 1292 3093 1363 apud
3119 1294 3469 1363 Augustinum

204 1372 501 1445 reperiatur.
540 1374 596 1429 In
626 1372 916 1445 Scripturis
947 1392 1158 1447 quoque
1186 1379 1515 1449 exponendis
1548 1379 1687 1436 haud
1735 1382 1892 1450 plane
1917 1396 2037 1435 cum
2077 1381 2372 1452 Augustino
2398 1383 2684 1438 consentit.
2715 1382 2845 1453 Cap.
2890 1383 2924 1439 9
2948 1370 2987 1450 ,’
3006 1374 3367 1455 ἴεεροιιευτιιε
3405 1388 3472 1443 ad

202 1465 317 1520 illud
346 1466 482 1521 Psal.
512 1467 615 1522 I40
634 1507 649 1534 ,
682 1466 861 1523 Oleum
889 1471 1164 1539 peccatoris
1191 1487 1290 1526 non
1315 1472 1597 1543 impinguet
1617 1482 1767 1544 caput
1788 1490 1949 1528 meum
1970 1516 1985 1541 ,
2016 1482 2267 1544 tanquam
2297 1474 2365 1530 de
2390 1490 2519 1530 vera
2553 1474 2668 1545 ejus
2704 1474 3049 1545 intelligentia
3080 1474 3256 1531 adhuc
3295 1477 3470 1531 incer-

203 1568 308 1626 tus,
339 1560 410 1615 ait
434 1575 495 1616 se
525 1561 818 1629 interpretes
839 1565 990 1619 malle
1020 1566 1234 1637 desuper
1263 1565 1364 1639 (sic
1388 1569 1529 1623 enim
1563 1567 1855 1641 loquitur),
1884 1569 1938 1625 id
1967 1580 2050 1626 est
2071 1611 2087 1637 ,
2107 1570 2294 1626 audire
2319 1571 2447 1642 quid
2474 1572 2564 1627 alii
2600 1572 2667 1627 de
2698 1572 2801 1627 hoc
2844 1573 2965 1627 loco
3003 1575 3236 1628 sentiant
3271 1572 3371 1641 (a).
3406 1571 3475 1625 At

200 1668 316 1708 vero
336 1653 658 1722 Augustinus
682 1655 776 1710 lib.
800 1655 836 1708 2
861 1666 1047 1711 contra
1076 1657 1391 1713 Petilianum
1416 1701 1431 1726 ,
1461 1674 1577 1729 cap.
1615 1660 1747 1724 105,
1779 1669 1832 1715 et
1851 1660 1945 1715 lib.
1966 1664 2032 1727 5,
2061 1677 2181 1733 cap.
2209 1663 2279 1718 55
2302 1705 2317 1727 ,
2346 1670 2399 1717 et
2420 1662 2511 1718 lib.
2542 1661 2578 1716 2
2602 1670 2787 1718 contra
2813 1662 3161 1718 Cresconium
3183 1703 3197 1727 ,
3217 1676 3335 1731 cap.
3358 1660 3432 1714 24
3454 1701 3471 1727 ,

202 1745 554 1815 planissimum
582 1749 710 1804 illud
738 1759 792 1805 et
815 1751 1170 1807 clarissimum
1193 1768 1312 1809 esse
1332 1753 1423 1807 ait.
1457 1752 1590 1824 Cap.
1622 1754 1722 1820 12,
1754 1754 1927 1810 locum
1958 1756 2084 1810 olim
2110 1764 2164 1810 et
2189 1770 2219 1809 a
2248 1754 2514 1827 Cypriano
2542 1756 2636 1812 lib.
2669 1756 2693 1809 I
2724 1797 2739 1820 ,
2762 1757 2919 1825 epist.
2961 1753 3063 1819 I2,
3103 1754 3318 1809 citatum
3345 1794 3360 1818 ,
3394 1751 3470 1806 Ab

200 1850 320 1908 aqua
346 1838 513 1893 aliena
534 1841 725 1897 abstine
745 1852 791 1896 te
810 1883 825 1908 ,
854 1859 959 1898 non
988 1845 1127 1900 male
1158 1845 1371 1914 quidem
1404 1846 1490 1901 ille
1512 1846 1579 1902 de
1601 1847 1851 1917 pudicitia
1877 1847 2139 1917 conjugali
2157 1848 2357 1903 dictum
2380 1864 2501 1904 esse
2526 1850 2636 1915 ait,
2662 1864 2817 1904 secus
2840 1858 3014 1903 tamen
3036 1864 3192 1917 quam
3226 1847 3476 1917 Augusti-
3518 1832 3525 1841 ’

204 1945 321 1998 nus,
344 1933 429 2002 qui
450 1934 671 2003 maligni
690 1937 909 2006 spiritus
939 1938 1236 1993 doctrinam
1266 1938 1349 1992 hic
1377 1939 1607 2008 accipit,
1643 1939 1734 1993 lib.
1763 1939 1830 1993 de
1859 1939 2071 1994 Unilate
2100 1939 2375 2007 Ecclesize,
2404 1955 2521 2010 cap.
2549 1940 2641 2006 26,
2674 1950 2728 1995 et
2754 1940 2847 1994 lib.
2873 1939 2904 1994 6
2931 1948 3114 1994 contra
3150 1938 3474 2005 Donatistas,

199 2038 304 2094 cap.
336 2025 419 2080 12.
449 2026 587 2097 Cap.
617 2030 652 2081 2
675 2070 690 2096 ,
721 2031 1038 2098 probaturus
1067 2032 1526 2087 cireumcisionem
1558 2031 2011 2087 Samaritanorum
2038 2041 2217 2102 typum
2248 2033 2480 2103 gessisse
2510 2031 2767 2100 Baptismi
2794 2031 2934 2101 apud
2965 2030 3267 2085 Donatislas
3301 2029 3473 2083 admi-

200 2117 387 2173 nistrati
407 2161 422 2187 ,
452 2119 739 2192 detorquet
762 2122 865 2177 huc
888 2124 1063 2177 locum
1091 2123 1157 2177 ad
1184 2122 1393 2178 Coloss.
1422 2139 1519 2193 cap
1548 2124 1611 2189 2,
1645 2125 1733 2193 qui
1760 2124 1826 2179 de
1853 2124 2257 2179 circumcisione
2287 2133 2341 2178 et
2384 2124 2657 2192 Baptismo
2694 2122 2747 2177 in
2781 2138 3005 2193 genere,
3037 2130 3091 2177 et
3123 2122 3354 2191 legitime
3388 2134 3479 2175 ao-

197 2210 349 2281 ceptis
371 2254 384 2277 ,
410 2210 557 2268 haud
579 2213 736 2269 dubie
758 2215 992 2285 loquitur
1012 2259 1027 2283 ,
1051 2217 1321 2286 quomodo
1343 2217 1722 2286 interpretatur
1748 2226 1801 2271 et
1832 2218 2157 2287 Augustinus
2178 2259 2191 2282 ,
2238 2216 2330 2270 lib.
2363 2216 2396 2271 6
2436 2228 2620 2271 contra
2651 2215 2918 2272 Iulianum
2941 2258 2955 2281 ,
2984 2230 3104 2286 cap.
3144 2215 3197 2267 Ἰ.
3238 2212 3478 2284 Denique

198 2319 300 2376 cap.
326 2308 377 2374 4,
404 2322 532 2361 cum
582 2309 799 2364 citasset
825 2310 1095 2364 Donatista
1142 2311 1316 2365 locum
1338 2310 1604 2375 Jeremiac,
1631 2326 1749 2379 cap.
1776 2312 1863 2377 15,
1892 2311 1960 2366 de
1989 2326 2125 2381 aqua
2146 2310 2409 2376 mendaci,
2444 2325 2551 2364 non
2577 2309 2808 2365 habente
2838 2310 3017 2376 ﬁdem,
3047 2309 3113 2364 ad
3142 2323 3264 2364 eum
3292 2316 3479 2362 auctor

200 2395 290 2451 iste
314 2411 535 2467 prorsus
564 2398 694 2453 nihil
720 2401 1032 2470 respondet.
1064 2404 1132 2455 At
1156 2417 1261 2455 non
1290 2402 1359 2455 ita
1392 2402 1715 2471 Augustinus
1735 2444 1749 2468 ,
1777 2403 1870 2473 qui
1891 2402 2099 2473 quoties
2126 2403 2265 2457 inter
2286 2402 2714 2456 adversariorum
2742 2401 2885 2457 dicta
2911 2402 3175 2467 occurrit,
3204 2415 3477 2470 nunquam

197 2488 328 2544 abire
348 2490 462 2546 sine
486 2492 839 2561 responsione
865 2495 1160 2564 permittit,
1191 2503 1248 2548 ut
1277 2494 1348 2549 lib
1370 2496 1403 2550 5
1422 2504 1605 2550 contra
1630 2495 1933 2551 Douatistas
1955 2536 1970 2561 ,
2002 2510 2121 2565 cap.
2156 2495 2254 2561 15;
2287 2495 2379 2551 lib.
2410 2496 2445 2549 2
2469 2504 2656 2552 contra
2678 2495 2990 2552 Petilianum
3011 2538 3026 2564 ,
3054 2511 3170 2567 cap.
3203 2495 3340 2562 105;
3372 2494 3467 2551 lib.

195 2582 255 2639 de
278 2584 488 2642 Unitate
513 2587 764 2643 Ecclesia:
785 2632 799 2656 ,
828 2604 946 2659 cap.
970 2590 1039 2644 25
1060 2632 1075 2657 ,
1107 2598 1160 2646 et
1188 2590 1333 2644 alibi.

256 2677 384 2745 Quin
411 2689 466 2736 et
489 2692 779 2737 occurrunt
807 2683 1046 2753 quaedam
1075 2684 1141 2738 ab
1168 2683 1447 2753 Augustini
1477 2683 1862 2739 consuetudine
1902 2697 1964 2739 ac
1988 2682 2197 2739 dicendi
2228 2683 2437 2738 ratione
2465 2682 2659 2737 aliena.
2692 2682 2825 2738 Nam
2854 2683 3083 2752 primum
3111 2682 3325 2752 quidem
3348 2695 3475 2737 cum

194 2783 300 2840 cap.
329 2772 353 2827 1
384 2772 727 2844 Fulgentium
761 2773 905 2830 hunc
924 2775 1067 2829 haud
1095 2776 1320 2831 obscure
1355 2786 1659 2846 suspectum
1688 2777 1789 2832 sibi
1818 2791 1937 2833 esse
1980 2776 2241 2847 signiﬁcet
2260 2818 2274 2843 ,
2310 2785 2557 2847 tanquam
2587 2777 2727 2833 absit
2749 2777 2913 2833 libelli
2945 2776 3241 2831 transmissi
3268 2784 3474 2844 auctor,

194 2862 368 2919 eodem
397 2873 581 2921 tamen
612 2865 729 2922 loco
756 2867 1046 2938 religionem
1072 2867 1118 2922 ei
1142 2867 1359 2922 tribuit:
1391 2867 1532 2938 quod
1556 2869 1610 2923 in
1636 2867 1933 2926 Gaudentio
1966 2878 2140 2922 tamen
2173 2876 2323 2922 notat
2352 2868 2703 2938 Augustinus,
2726 2867 2818 2923 lib.
2848 2869 2874 2922 1
2896 2878 3081 2923 contra
3110 2883 3253 2935 eum,
3272 2882 3391 2937 cap.
3418 2866 3475 2930 2,

193 2966 241 3012 et
262 2958 350 3014 lib.
375 2958 430 3029 2,
465 2974 588 3030 cap.
622 2961 683 3015 11
718 2969 772 3016 et
801 2960 887 3016 12.
916 2961 1120 3017 Eodem
1151 2963 1270 3017 loco
1296 2963 1481 3017 tribuit
1507 2964 1557 3019 ei
1586 2964 1638 3017 in
1670 2963 1933 3018 dilatando
1969 2964 2160 3035 ingenii
2188 2963 2421 3029 laudem,
2451 2963 2596 3034 quod
2625 2974 2771 3020 certe
2797 2962 2883 3018 hic
2912 2962 3115 3017 nullum
3144 2971 3385 3031 apparet.
3418 2959 3478 3016 In

193 3050 297 3123 ejus
321 3052 649 3123 argumentis
671 3062 874 3109 tantum
899 3055 1139 3125 agnoscit
1163 3056 1371 3110 roboris
1392 3070 1455 3110 ac
1501 3056 1751 3125 potentiae
1771 3097 1787 3122 ,
1815 3065 1870 3109 ut
1896 3057 1966 3111 eis
2004 3056 2162 3109 videri
2186 3064 2350 3126 queat,
2384 3056 2585 3126 inquit,
2609 3055 2791 3109 ueritas
2818 3056 2930 3123 ipsa
2974 3054 3167 3109 deuinci
3192 3070 3211 3107 :
3235 3062 3289 3107 at
3324 3067 3386 3107 ea
3418 3052 3475 3105 in

194 3147 293 3202 suis
315 3148 465 3203 libris
488 3148 814 3219 Augustinus
844 3149 993 3205 velut
1017 3164 1149 3204 vana
1167 3158 1220 3205 et
1246 3150 1509 3205 imbecilla
1543 3150 1682 3205 ridet
1706 3166 1848 3222 saepe
1878 3165 1940 3205 ac
1958 3150 2270 3205 contemnit.
2299 3149 2430 3217 Cap.
2455 3151 2510 3215 5,
2525 3149 2731 3215 multos,
2758 3148 2862 3216 ait,
2891 3158 3067 3202 contra
3095 3148 3322 3218 regulam
3346 3148 3480 3202 data:

195 3233 305 3305 legis
329 3237 620 3308 baptizare,
658 3250 845 3295 contra
875 3241 1250 3311 Augustinum,
1278 3242 1368 3312 qui
1396 3241 1489 3296 lib.
1520 3241 1553 3295 6
1578 3249 1760 3296 contra
1813 3241 2117 3296 Donatistas
2140 3281 2153 3307 ,
2180 3256 2299 3311 cap.
2331 3239 2422 3305 25,
2451 3239 2658 3295 facilius
2691 3240 2765 3294 ait
2808 3239 3087 3294 btereticos
3132 3237 3356 3293 inveniri
3386 3240 3479 3309 qui

190 3343 397 3398 prorsus
424 3347 536 3387 non
586 3332 854 3403 baptizent
874 3377 889 3401 ,
922 3349 1079 3403 quam
1107 3335 1195 3404 qui
1229 3334 1549 3404 pra-scriptis
1579 3349 1607 3387 a
1639 3334 1855 3389 Christo
1885 3334 2062 3389 verbis
2093 3348 2197 3388 non
2244 3342 2477 3387 utantur.
2517 3332 2655 3400 Quin
2683 3339 2738 3386 et
2760 3346 2879 3402 cap.
2911 3332 2946 3385 4
2971 3330 3337 3387 contradicere
3374 3331 3478 3385 sibi

190 3421 296 3492 ipse
323 3426 553 3492 videtur,
583 3426 824 3481 Παπειὶσὶ
841 3469 855 3493 ,
886 3428 1090 3498 inquit,
1123 3444 1294 3481 omnes
1324 3429 1439 3481 licet
1462 3428 1516 3480 in
1541 3445 1633 3481 sua
1683 3428 1777 3481 sibi
1804 3429 2145 3499 disputatione
2172 3428 2482 3493 discordent,
2519 3428 2573 3483 in
2604 3427 2857 3501 Baptismi
2885 3437 3052 3482 tamen
3091 3426 3360 3481 traditione
3387 3441 3471 3479 so.

192 3516 336 3573 lemni
357 3522 504 3576 uerbo
525 3524 852 3577 concordant.
872 3521 999 3592 Cap.
1027 3522 1082 3587 2,
1113 3521 1497 3576 Donatistarum
1524 3524 1753 3592 appellat
1775 3523 2067 3594 Baptisma,
2098 3522 2240 3593 quod
2266 3523 2551 3580 dicendum
2596 3538 2716 3579 esse
2755 3532 2914 3595 negat
2940 3523 3268 3594 Augustinus
3293 3562 3308 3588 ,
3349 3535 3472 3575 cum

190 3610 307 3667 alibi
331 3655 345 3679 ,
374 3623 486 3669 tum
514 3614 609 3668 lib.
643 3614 679 3667 2
700 3624 883 3670 contra
915 3614 1229 3669 Petilianum
1252 3656 1267 3680 ,
1295 3629 1414 3683 cap.
1443 3614 1510 3668 ‘57
1532 3630 1546 3679 ;
1572 3629 1669 3668 nec
1694 3629 1925 3684 unquam
1975 3615 2052 3668 sic
2091 3622 2281 3678 vocat,
2306 3614 2405 3667 nisi
2430 3613 2609 3668 addita
2647 3628 2773 3668 mox
2802 3613 3133 3669 correctione
3164 3611 3262 3666 hac
3286 3618 3377 3664 aut
3401 3609 3473 3664 si-

189 3704 295 3760 mili
316 3748 331 3773 ,
352 3708 457 3762 imo
488 3724 588 3762 non
608 3718 824 3763 vestrum
847 3749 862 3771 ,
888 3708 975 3762 sed
1005 3707 1209 3761 Christi.
1228 3706 1359 3776 Cap.
1395 3706 1483 3771 IO,
1515 3706 1715 3761 Certant
1735 3715 1825 3775 est,
1852 3706 2041 3777 inquit,
2072 3706 2206 3776 quod
2230 3706 2503 3759 sacerdotis
2526 3714 2572 3758 et
2599 3704 2755 3775 plebis
2780 3713 3063 3758 exsecretur
3084 3702 3221 3755 Deus
3246 3717 3306 3754 ac
3343 3701 3463 3754 des-

195 3800 345 3868 piciat
364 3801 681 3869 holocausta,
704 3802 749 3856 si
780 3803 909 3856 bona
936 3818 1035 3854 non
1065 3801 1287 3872 adfuerit
1318 3801 1620 3854 conscientia
1648 3817 1667 3854 :
1692 3801 1835 3871 quod
1857 3801 2036 3855 nescio
2060 3815 2126 3853 an
2159 3814 2378 3867 usquam
2407 3797 2545 3867 apud
2568 3798 2917 3866 Augustinum
2944 3796 3202 3866 reperias,
3225 3796 3315 3864 qui
3337 3795 3478 3850 inter

188 3893 505 3948 sacriﬁcium
532 3894 674 3949 velut
700 3908 812 3947 rem
840 3907 1069 3958 sacram,
1107 3902 1159 3946 et
1179 3891 1514 3947 olTerentium
1536 3891 1721 3946 vitium
1747 3891 2028 3961 diligenter
2055 3888 2487 3958 distinguendum
2510 3887 2687 3943 docet.
2706 3886 2836 3958 Cap.
2862 3889 2914 3953 1,
2931 3886 3241 3950 Pertinaces,
3280 3887 3470 3957 inquit,

187 3989 510 4042 anathemate
534 3988 952 4050 condemnemus,
982 3998 1035 4041 ut
1066 3986 1304 4041 hactenus
1334 3986 1545 4039 victores
1566 4002 1672 4039 esse
1700 3985 1968 4055 possimus.
1999 3982 2223 4051 Quando
2252 3985 2328 4037 sic
2354 3997 2543 4052 aspere
2573 3982 2809 4051 loquitur
2838 3981 3162 4050 Augustinus
3187 3980 3210 4033 ?
3235 3981 3362 4051 Cap.
3385 3981 3474 4047 17,

186 4079 477 4136 Donatista:
504 4080 973 4135 criminationibus
993 4093 1372 4147 responsurus,
1404 4079 1758 4131 conscientiam
1780 4094 1924 4131 suam
1952 4076 2205 4146 opponit,
2234 4092 2386 4146 quam
2411 4076 2657 4129 munitam
2686 4091 2791 4129 esse
2811 4074 3071 4144 ait.,Facit
3100 4074 3201 4128 hoc
3220 4088 3473 4128 nonnun-

186 4187 344 4242 quam
373 4182 430 4228 et
458 4174 811 4243 Augustinus,
844 4179 903 4224 ut
929 4171 1021 4225 lib.
1046 4171 1080 4224 5
1104 4179 1284 4224 contra
1316 4170 1633 4225 Petilianum
1655 4211 1669 4233 ,
1700 4184 1819 4239 cap.
1850 4170 1886 4223 2
1908 4176 1962 4224 et
1989 4169 2076 4233 10,
2103 4168 2194 4223 lib.
2221 4168 2255 4223 5
2278 4176 2465 4223 contra
2490 4166 2860 4233 Cresconium,
2890 4181 3007 4236 cap.
3036 4166 3136 4231 80;
3162 4165 3253 4220 sed
3282 4172 3479 4234 quanta

184 4279 303 4320 cum
334 4264 596 4319 modestia
625 4278 687 4317 ac
730 4261 1049 4316 verecundia
1075 4261 1087 4315 l
1122 4261 1250 4330 Cap.
1278 4260 1372 4328 22,
1402 4260 1553 4315 Gesta
1602 4261 1733 4315 citat
1789 4260 2089 4315 Marcellini
2116 4276 2135 4314 :
2165 4275 2260 4329 pro
2291 4260 2482 4329 quibus
2512 4274 2723 4330 semper
2749 4258 3095 4330 Augustinus,
3123 4256 3188 4311 In
3213 4257 3482 4314 collatione

181 4366 357 4411 nostra
377 4395 393 4417 ,
426 4354 628 4423 inquit,
659 4370 811 4420 quam
841 4354 1121 4419 vobiscum,
1148 4354 1232 4407 vel
1270 4370 1397 4407 cum
1428 4354 1499 4408 eis
1522 4352 1832 4409 habuimus:
1858 4362 1917 4408 ut
1944 4353 2042 4408 lib.
2072 4362 2194 4424 post
2212 4352 2564 4408 Collationem
2585 4392 2600 4419 ,
2634 4351 2728 4408 lib.
2757 4352 2823 4409 de
2848 4350 3025 4409 Gestis
3055 4367 3174 4407 cum
3200 4350 3438 4406 Emerito
3458 4390 3474 4415 ,

178 4444 272 4499 lib.
308 4450 498 4497 contra
519 4441 873 4498 Gaudentium
892 4486 905 4509 ,
932 4453 985 4499 et
1011 4444 1133 4499 alibi
1160 4443 1280 4513 plus
1306 4443 1507 4499 centies
1530 4486 1545 4512 ,
1573 4452 1678 4499 etc.

250 4535 523 4591 Caeterum
558 4536 623 4590 ad
654 4537 831 4591 stilum
861 4536 1002 4607 quod
1038 4537 1229 4592 attinet
1251 4577 1267 4603 ,
1300 4537 1425 4592 licet
1450 4536 1503 4591 in
1534 4535 1849 4609 quibusdam
1872 4579 1886 4605 ,
1918 4536 2008 4592 ubi
2039 4544 2122 4593 est
2150 4536 2503 4609 Augustinum
2535 4536 2773 4593 imitatus
2792 4578 2808 4605 ,
2837 4538 3122 4593 convenire
3146 4552 3268 4592 cum
3305 4551 3370 4591 eo
3398 4536 3478 4590 vi-

150 4629 393 4702 ndeatur,
430 4638 606 4684 tamen
635 4644 721 4684 res
747 4629 861 4700 ipsa
890 4629 1159 4696 clamitat,
1188 4629 1375 4699 procul
1402 4629 1469 4683 ab
1512 4629 1771 4699 elegantia
1820 4630 2064 4684 dictionis
2093 4630 2210 4699 ejus
2234 4631 2441 4685 abesse.
2475 4629 2606 4684 Nam
2658 4638 2718 4685 ut
2760 4630 2991 4700 exempli
3041 4630 3207 4699 gratia
3253 4630 3477 4699 paucula

157 4793 159 4797 p
185 4723 430 4792 quaedam
461 4723 803 4795 attingamus,
841 4739 961 4793 cap.
993 4725 1019 4777 1
1046 4724 1209 4779 utitur
1241 4717 1404 4779 verbo
1432 4724 1677 4791 admiror,
1708 4740 1805 4795 pro
1832 4724 2074 4795 Intelligo
2098 4767 2109 4791 ,
2133 4726 2284 4795 capio
2303 4767 2318 4792 ,
2346 4740 2623 4796 assequor.
2653 4726 2719 4780 Et
2744 4726 2962 4794 ibidem,
2983 4738 3084 4781 tam
3106 4726 3249 4797 forti,
3274 4724 3475 4794 inquit,

186 4820 320 4873 obice
347 4820 626 4888 sumpsisti.
651 4819 728 4872 Ac
753 4833 964 4884 rursus,
997 4818 1049 4872 in
1076 4820 1227 4873 domo
1254 4822 1524 4889 confugere
1553 4820 1932 4889 compellamus.
1963 4820 2092 4890 Cap.
2119 4819 2175 4885 2,
2208 4819 2307 4874 Vos
2337 4822 2381 4874 ei
2411 4837 2500 4889 per
2548 4822 2719 4873 omnia
2760 4822 3014 4887 similatis,
3040 4822 3229 4891 inquit,
3255 4834 3352 4888 pro
3379 4820 3478 4872 As-

188 4911 515 4965 similamini.
567 4910 693 4979 Cap.
724 4909 775 4973 9,
808 4908 1114 4979 Interpretes
1135 4953 1149 4975 ,
1180 4910 1375 4979 inquit,
1396 4912 1529 4964 malo
1558 4911 1774 4980 desuper
1797 4928 1815 4965 :
1846 4929 1940 4981 pro
1970 4928 2034 4965 eo
2059 4910 2201 4981 quod
2222 4910 2503 4966 dicendum
2526 4922 2658 4976 erat,
2682 4912 2857 4966 Malim
2888 4913 2972 4968 hic
2995 4913 3427 4980 audireintcrpre
3447 4938 3471 4951 ο

189 5006 443 5060 talionem
470 5004 695 5058 aliorum
725 5002 821 5074 (b).
855 5003 982 5073 Cap.
1019 5004 1104 5069 I6,
1134 5006 1452 5074 pessimatur,
1478 5020 1574 5073 pro
1606 5006 1875 5062 Pcssimus
1904 5005 2100 5062 evadit.
2130 5004 2261 5076 Cap.
2288 5004 2378 5072 24,
2402 5013 2458 5059 ut
2485 5020 2567 5063 eos
2592 5023 2624 5060 a
2652 5007 2757 5062 suis
2796 5006 3017 5062 basilicis
3043 5004 3351 5077 depulisses,
3381 5019 3479 5073 pro

196 5099 527 5169 Depellercs.
562 5097 657 5153 Ubi
689 5097 767 5151 sic
794 5112 1023 5166 unquam
1050 5096 1276 5151 balbutit
1303 5098 1628 5166 Augustinus
1657 5099 1679 5150 ?

264 5193 341 5249 Ex
370 5192 454 5246 his
476 5192 654 5260 itaque
683 5206 802 5260 quae
827 5190 1064 5244 diximus
1084 5231 1097 5252 ,
1129 5184 1335 5243 abunde
1357 5199 1603 5245 constare
1627 5190 1859 5247 arbitror
1885 5206 1990 5246 non
2016 5205 2137 5246 esse
2162 5190 2353 5247 librum
2380 5191 2524 5247 hunc
2552 5194 2829 5264 Augustini
2852 5236 2865 5259 ,
2896 5192 3004 5246 imo
3024 5205 3152 5245 vero
3175 5203 3394 5260 prorsus
3415 5206 3477 5244 co

197 5288 490 5358 indignum.
514 5288 767 5357 Quisquis
791 5296 967 5341 tamen
1000 5287 1117 5357 ejus
1147 5294 1332 5343 auctor
1362 5287 1494 5352 fuit,
1518 5296 1783 5340 vetustum
1809 5285 1971 5342 fuisse
1993 5294 2225 5356 oportet,
2259 5295 2318 5341 ut
2344 5288 2431 5357 qui
2460 5289 2745 5343 concilium
2775 5286 2905 5339 illud
2933 5284 3355 5355 Carthaginense
3382 5282 3478 5337 ad-

195 5395 381 5436 versus
407 5379 748 5436 Cmcilianum
775 5379 998 5442 viderit,
1046 5381 1215 5433 citans
1238 5378 1361 5432 inde
1393 5388 1660 5447 postremo
1683 5377 1855 5447 capite
1883 5378 2132 5433 Marciani
2156 5379 2507 5445 sententiam,
2540 5394 2697 5449 quam
2746 5392 3005 5444 nusquam
3049 5374 3189 5445 apud
3228 5375 3486 5445 Augusti-

195 5488 317 5527 num
348 5474 620 5543 rcperias;
648 5487 755 5542 quo
777 5472 860 5526 vel
879 5470 995 5524 solo
1022 5470 1235 5524 nomine
1264 5470 1480 5539 dignum
1513 5470 1704 5524 librum
1736 5469 1875 5525 hunc
1919 5484 2114 5524 censeo
2147 5471 2237 5540 qui
2263 5470 2438 5526 locum
2469 5485 2622 5526 suum
2670 5469 2919 5524 retineat.
2951 5467 3190 5536 Apparet
3216 5475 3393 5520 autem
3425 5475 3480 5520 et

196 5565 377 5622 Afrum
411 5566 571 5621 fuisse
590 5608 605 5633 ,
630 5581 751 5620 nam
783 5574 834 5621 ct
857 5581 1006 5620 more
1032 5564 1201 5635 gentis
1243 5564 1358 5633 ejus
1380 5564 1570 5633 gaudet
1597 5563 1991 5618 liomoeteleutis
2010 5605 2025 5629 ,
2050 5572 2105 5618 ut
2125 5579 2244 5635 cap.
2272 5565 2327 5633 9,
2361 5564 2545 5619 Melior
2584 5571 2657 5619 est
2682 5562 2961 5617 misericors
2986 5561 3262 5631 increpatio
3282 5602 3296 5625 ,
3324 5575 3477 5630 quam

197 5660 318 5717 lenis
356 5662 581 5744 adulatio
608 5669 699 5717 :et
718 5661 907 5717 iterum
930 5703 943 5729 ,
977 5658 1157 5715 Oleum
1185 5660 1480 5731 peccatoris,
1501 5658 1892 5714 blandimentum
1918 5670 1991 5716 est
2013 5662 2314 5718 adulatoris.
2344 5663 2410 5719 Et
2430 5677 2549 5734 cap.
2582 5660 2673 5731 12,
2708 5660 2834 5727 Quis
2857 5675 2959 5714 non
2976 5659 3140 5715 uideat
3170 5658 3469 5731 prophetam

276 5829 308 5865 a
362 5816 479 5866 vide
503 5817 554 5866 in
574 5824 687 5868 nota
708 5818 820 5868 huic
835 5817 943 5868 loco
963 5818 1184 5880 subjecta
1206 5815 1462 5878 quomodo,
1484 5815 1623 5876 juxta
1649 5814 1813 5877 Morel,
1835 5816 1905 5866 ibi
1928 5817 1979 5866 Ie
2018 5817 2196 5867 endam
2218 5818 2300 5867 sit.
2365 5822 2424 5866 Il.

256 5815 330 5940 ξιξ
363 5878 479 5929 vide
502 5879 550 5932 in
575 5888 688 5932 nota
710 5880 822 5931 huic
843 5879 950 5933 loco
974 5881 1193 5940 subjecta
1214 5878 1476 5930 lectionem
1491 5889 1637 5940 quam
1652 5887 1827 5934 censet
1847 5831 2390 5940 ﬂoreigprtelercndam.

276 5875 330 5940 b)
363 5878 479 5929 vide
502 5879 550 5932 in
575 5888 688 5932 nota
710 5880 822 5931 huic
843 5879 950 5933 loco
974 5875 1193 5943 subjecta
1214 5875 1476 5930 lectionem
1489 5875 1637 5941 quam
1652 5875 1827 5934 censet
1847 5875 2009 5933 litorei
2020 5879 2390 5943 praeferendam.
2456 5886 2516 5929 Il.
