4026 6476
647 375 747 435 771

649 497 718 552 ibi
749 493 929 564 olere:
949 495 1380 550 holocamtomata
1408 501 1513 564 tuo,
1542 502 1588 548 et
1622 491 1690 547 ibi
1712 491 1867 564 facies
1894 507 2063 547 omma
2082 509 2224 564 qua:-

649 587 859 634 cumque
883 579 1131 634 pra‘cepta
1157 577 1270 621 sunt
1293 565 1398 620 tibi.
1425 567 1534 620 lloc
1556 565 1656 628 iac,
1681 575 1733 618 ct
1760 565 1923 620 vives.
2113 627 2117 632 ἡ

720 633 947 695 CAPUT
986 637 1123 693 XIX.
1153 669 1224 678 —
1271 639 1467 693 [)ONAT.
1515 635 1648 691 dixit
1696 653 1708 689 :
1752 635 2020 707 Baptisma
2048 633 2227 704 utique

652 713 752 766 dici
786 727 886 766 n0n
922 720 1112 779 potest,
1144 709 1281 779 quod
1322 725 1576 779 aquarum
1612 709 1762 761 turba
1791 707 2060 779 dispersit,
2086 707 2226 779 quod

652 785 718 837 ab
767 778 1018 836 Ecclesia:
1069 778 1212 835 futile
1264 778 1460 834 malitia
1508 780 1794 848 separavit,
1849 778 1988 846 quod
2034 778 2227 832 sterilis

649 854 788 910 unda
819 853 1062 918 siccavit,
1096 852 1234 922 quod
1268 868 1364 906 nec
1393 853 1636 921 angelum
1661 850 1822 914 vidit,
1855 865 1955 922 nec
1978 848 2226 922 prophe-

649 934 755 979 tam
787 925 874 994 qui
900 941 956 977 sc
988 920 1189 978 mederi
1223 931 1403 992 posset
1451 920 1668 994 invenit,
1689 922 1825 975 sicut
1853 920 1908 975 in
1953 921 2226 994 librolie-

647 991 869 1067 gnormn
904 1005 1090 1064 quarto
1132 991 1350 1049 Ietliales
1391 1009 1558 1067 aquas
1597 991 1822 1046 Elisaeus
1862 991 2227 1067 sanctissimus

648 1061 885 1122 discussa
910 1061 1080 1121 morte
1109 1067 1334 1127 sanavit,
1357 1076 1408 1118 et
1432 1061 1713 1118 maritaute
1733 1079 1979 1118 sermone
2004 1063 2058 1117 in
2091 1061 2226 1116 fetus

647 1138 839 1210 uberes
884 1153 1063 1210 meare
1109 1137 1364 1210 permisit.
1399 1135 1465 1188 Et
1506 1137 1747 1210 direrunt
1780 1135 1873 1188 viri
1913 1133 2126 1210 civitatis
2162 1132 2229 1186 ad

648 1208 896 1262 Eliswum
921 1224 939 1259 :
966 1207 1098 1274 Ecce
1129 1207 1452 1262 cominorutio
1481 1207 1693 1260 civitatis
1732 1207 1880 1270 bona,
1919 1207 2044 1268 sicut
2074 1213 2120 1258 et
2150 1214 2223 1274 tu,

646 1281 865 1345 domine,
907 1279 1078 1345 vides;
1108 1280 1195 1333 sed
1220 1295 1365 1348 aqua:
1392 1279 1561 1331 multa:
1590 1287 1635 1332 et
1663 1277 1852 1331 steriles
1877 1285 1993 1329 sunt
2021 1277 2121 1329 hic.
2160 1273 2228 1328 Et

646 1352 772 1404 dixit
802 1349 1018 1404 Eliswus
1043 1367 1060 1405 :
1090 1351 1311 1421 Accipite
1338 1350 1459 1403 milli
1483 1366 1634 1402 unum
1662 1365 1747 1421 _vas
1774 1348 1947 1416 ﬁctile,
1973 1347 2228 1421 etlintmit-

643 1424 731 1475 tite
761 1424 808 1476 in
838 1423 967 1474 illud
995 1422 1088 1475 sal.
1119 1420 1186 1473 Et
1212 1417 1511 1490 occeperunt
1541 1419 1712 1490 illud;
1741 1421 1934 1490 etvenit
1967 1417 2034 1490 od
2065 1420 2226 1471 exitus

645 1509 908 1562 (tquat‘ttttt,
937 1504 983 1546 et
1027 1493 1237 1564 projecit
1276 1488 1355 1547 sul
1383 1503 1425 1544 et
1457 1491 1604 1557 dixit,
1644 1488 1768 1564 Iltec
1797 1489 1916 1564 dicit
1955 1488 2224 1564 Dominus,

649 1561 843 1618 Sunuvi
873 1561 1036 1630 aquas
1057 1561 1195 1630 istius,
1229 1577 1274 1617 et
1301 1581 1397 1616 non
1425 1564 1515 1616 erit
1557 1579 1690 1616 mors
1719 1563 1772 1615 in
1799 1561 1870 1616 eis
1900 1561 2230 1632 nequesteri-

643 1636 803 1761 lita:
826 1645 1088 1761 (itﬁuium
1107 1645 1221 1689 sunt
1246 1651 1392 1706 aqua:
1421 1650 1574 1705 usque
1595 1635 1646 1687 in
1668 1633 1801 1686 [tunc
1827 1632 1957 1686 diem
1976 1630 2075 1703 (ιν
2093 1631 2224 1703 Reg.

643 1722 700 1761 ιι.
800 1710 848 1745 -"
865 1715 883 1734 “
929 1747 940 1760 .

641 1722 700 1762 tt.
730 1708 940 1762 49-22).

686 1710 1190 1847 ’(if'itif)resp0ttdit
1219 1796 1232 1831 :
1265 1770 1472 1832 Gratias
1505 1777 1613 1831 Deo
1639 1776 1819 1842 Patri,
1853 1776 1942 1846 qui
1969 1774 2109 1845 quod
2142 1773 2226 1828 fu-

643 1857 819 1903 turum
849 1850 1099 1909 ostendit,
1135 1851 1184 1902 in
1213 1849 1367 1902 nobis
1398 1849 1567 1903 lidelis
1596 1849 1852 1917 implevit.
1889 1847 2117 1908 Gratias,
2148 1847 2230 1900 in-

644 1935 823 1990 quam,
862 1921 967 1974 Deo
998 1920 1161 1986 Patri,
1201 1920 1289 1988 qui
1325 1921 1477 1973 nobis
1506 1937 1609 1973 non
1637 1919 1868 1988 Angelos
1894 1919 2092 1988 solum,
2121 1934 2227 1990 non

643 1989 968 2061 Prophetas,
1001 1993 1139 2046 sicut
1166 1994 1311 2060 prius
1341 1991 1394 2043 in
1425 1990 1642 2061 Jcricho
1673 2002 1932 2054 nostram,
1961 1989 2141 2061 idest,
2175 1989 2225 2042 in

645 2059 789 2115 hunc
817 2063 1092 2128 annulum,
1132 2059 1224 2114 sed
1265 2061 1534 2131 proprium
1564 2059 1752 2114 Filium
1780 2060 2084 2125 destinavit,
2123 2061 2226 2112 Do-

642 2135 845 2186 mimnn
873 2134 1118 2186 videlicet
1147 2133 1490 2201 AngelOrum,
1520 2141 1573 2185 et
1615 2132 1906 2201 principem
1938 2132 2228 2201 Propheta-

643 2219 786 2270 rum,
818 2205 906 2272 qui
945 2219 1200 2271 aquarum
1240 2204 1592 2266 sterilitatem,
1645 2202 1746 2255 hoc
1776 2212 1859 2256 est
1883 2202 2116 2271 gentium
2148 2203 2228 2255 in-

641 2275 1018 2330 fecunditatem
1066 2274 1304 2328 discussa
1361 2285 1531 2327 morte
1581 2280 1812 2326 sanaret.
1868 2274 2086 2341 Accepit
2135 2288 2227 2328 vas

640 2344 824 2413 ﬁctile,
853 2348 955 2398 hoc
995 2353 1075 2399 est
1101 2360 1297 2413 corpus
1325 2345 1622 2414 fragilitatis
1646 2344 1920 2407 humame;
1951 2345 2030 2398 sal
2061 2343 2223 2408 misit,

639 2417 692 2471 id
723 2428 823 2483 est,
855 2416 1110 2485 sapientia
1140 2415 1318 2469 divina
1359 2416 1582 2485 replevit
1624 2432 1636 2468 :
1667 2416 1718 2470 in
1758 2430 1948 2485 aquam
1979 2414 2221 2485 projecit,

639 2488 743 2544 hoc
763 2498 864 2554 est,
895 2490 945 2541 in
973 2487 1257 2543 Jordanem
1280 2486 1557 2541 descendit
1593 2504 1605 2538 :
1651 2502 1814 2556 aquas
1840 2502 1938 2542 suo
1965 2486 2226 2540 descensu

638 2559 863 2626 sanavit,
887 2560 938 2614 id
968 2569 1065 2625 est,
1096 2568 1281 2626 gentes
1309 2574 1407 2614 suo
1433 2557 1666 2612 adventu
1696 2557 1925 2614 redemit
1953 2575 1964 2610 :
1995 2566 2050 2612 et
2075 2558 2228 2610 mari-

639 2639 793 2686 taute
819 2645 1068 2685 sermone
1094 2627 1386 2684 Ecclesium
1415 2645 1478 2684 ex
1512 2629 1757 2699 gentibus
1779 2629 2145 2699 congregavit,
2174 2637 2227 2683 et

638 2701 692 2756 in
732 2702 868 2756 fetus
896 2706 1090 2757 uberes
1138 2702 1292 2770 longe
1337 2703 1546 2770 lateque
1574 2700 1798 2756 ditl'udit.
1846 2701 1957 2755 lloc
1985 2705 2037 2754 in
2073 2700 2226 2754 nobis

639 2773 916 2840 impletum
945 2773 1033 2842 qui
1071 2788 1174 2826 non
1217 2772 1380 2839 videt,
1411 2788 1623 2837 cmcus;
1672 2773 1762 2840 qui
1788 2787 1891 2825 non
1919 2771 2112 2837 credit,
2149 2771 2227 2824 iu-

642 2860 802 2899 sanus
831 2853 931 2900 est.
970 2844 1198 2898 Attende
1227 2845 1415 2898 uberes
1448 2844 1605 2908 fetus,
1648 2844 1734 2898 dic
1761 2843 1847 2896 ubi
1879 2843 1990 2896 haec
2023 2857 2126 2896 non
2156 2843 2225 2896 sit

643 2915 906 2980 Ecclesia,
937 2915 1024 2970 dic
1055 2915 1140 2969 ubi
1172 2926 1280 2982 tua,
1323 2913 1675 2985 prasterquam
1708 2916 1763 2968 in
1793 2913 1989 2982 angulo
2030 2913 2220 2967 Africa:

641 2987 940 3042 inveniatur
967 2987 1102 3040 male
1123 2986 1366 3052 Collccta,
1394 2995 1641 3055 tanquam
1666 2996 1993 3040 sarmentum
2017 2985 2222 3050 inutile,

641 3073 705 3113 ex
750 3058 848 3112 hac
887 3058 974 3111 ubi
1022 3059 1240 3125 praecisa
1269 3066 1368 3118 est,
1417 3057 1487 3110 ibi
1528 3057 1801 3120 remansit,
1846 3057 1978 3110 ultra
2011 3056 2226 3110 extendi

641 3144 749 3209 non
772 3130 958 3209 potuit,
979 3129 1115 3209 quia
1146 3128 1210 3181 de
1235 3127 1419 3209 radice
1446 3129 1667 3209 prmcisa
1686 3128 1867 3209 statim
1898 3129 2126 3208 exaruit.

711 3199 938 3254 CAPUT
979 3197 1096 3252 ΧΧ.
1124 3229 1194 3240 —-
1232 3198 1431 3253 Doxn.
1465 3199 1597 3252 dixit
1630 3215 1641 3251 :
1671 3198 1888 3266 Accepit
1909 3213 2010 3250 una
2033 3197 2222 3252 civitas

641 3270 890 3326 salutaris
911 3285 1057 3340 aquae
1092 3270 1436 3325 substantiam
1462 3311 1477 3334 ,
1505 3270 1707 3336 accepit
1737 3279 1792 3340 et
1817 3268 1922 3321 olei
1955 3268 2092 3326 dona
2122 3285 2226 3324 una

642 3359 765 3396 cum
815 3339 996 3396 liberis
1031 3342 1226 3406 vidua,
1275 3357 1373 3395 ucc
1419 3342 1730 3394 bcnelicium
1762 3339 1998 3393 divinum
2029 3342 2224 3408 passim

642 3413 900 3482 propheta
928 3413 1230 3479 commisit,
1274 3411 1377 3466 nisi
1419 3413 1466 3466 ei
1509 3428 1665 3480 quam
1697 3427 1858 3464 unum
1882 3427 1974 3464 vas
2001 3411 2100 3482 olei
2136 3411 2228 3465 ha-

639 3481 772 3539 bere
795 3484 1070 3552 cognovit,
1110 3483 1408 3551 Regnorum
1438 3483 1657 3536 veritate
1691 3482 1945 3550 probante
1979 3498 1990 3533 :
2024 3481 2086 3535 Et
2115 3499 2225 3552 mu~

641 3554 735 3608 lier
759 3551 950 3608 unan
975 3554 1264 3607 mulieribus
1292 3553 1664 3623 Prop/telarum
1697 3554 1944 3606 clamabat
1971 3563 2081 3622 post
2109 3551 2225 3607 Eli-

640 3641 799 3680 sazum
825 3626 995 3678 dicens
1022 3640 1040 3679 :
1069 3624 1255 3678 Servus
1287 3635 1400 3677 tuus
1428 3624 1501 3677 vir
1526 3640 1664 3676 meus
1693 3633 1917 3677 mortuus
1945 3634 2050 3687 est;
2096 3633 2141 3676 et
2173 3634 2226 3677 tu

639 3697 737 3752 rcis
758 3696 1007 3767 quomodo
1035 3711 1203 3749 servus
1233 3705 1348 3748 tuus
1365 3707 1469 3748 erat
1491 3694 1666 3767 timens
1698 3693 1970 3746 Dominum
2003 3709 2022 3747 :
2050 3705 2094 3767 et
2116 3711 2228 3750 ecce

640 3765 820 3840 quibus
851 3767 1000 3822 debeo
1019 3775 1303 3840 ,Jvcneruut
1323 3765 1694 3840 occipereduos
1715 3767 1848 3840 [ilics
1880 3782 2018 3840 meos
2039 3766 2093 3840 in
2119 3784 2226 3840 scr-_

639 3835 748 3894 nos.
774 3835 838 3891 Et
870 3840 994 3894 dixit
1021 3837 1236 3891 Elisu’us
1260 3853 1279 3892 :
1312 3836 1445 3902 Quid
1466 3836 1651 3908 faciam
1671 3838 1696 3890 ?
1721 3835 1902 3908 [ndica
1931 3837 2073 3902 mihi,
2101 3837 2224 3906 quid

641 3920 711 3963 est
740 3910 825 3963 tibi
857 3913 904 3962 in
933 3910 1080 3962 tlmno
1113 3919 1198 3962 tua
1219 3909 1245 3962 ?
1283 3909 1345 3961 At
1386 3905 1476 3961 illd
1502 3909 1628 3963 dixit
1659 3924 1678 3962 :
1708 3905 1830 3962 Non
1863 3917 1935 3962 est
1965 3909 2088 3962 milli
2114 3905 2224 3964 iuu-

639 3981 774 4052 cilia:
813 3980 1121 4052 tttwttquttid
1149 3982 1199 4032 iu
1240 3979 1388 4052 domo
1424 3980 1519 4034 nisi
1554 3997 1638 4052 rus
1664 3997 1815 4034 unum
1841 3980 1954 4033 olei.
2001 3980 2068 4033 Et
2098 3982 2225 4035 dixit

643 4051 861 4107 Eliswus
891 4068 908 4105 :
947 4051 1086 4104 Vade
1107 4093 1120 4116 ,
1155 4061 1262 4120 pete
1297 4051 1383 4104 tibi
1409 4068 1525 4105 vasa
1549 4051 1735 4122 dcj'oris
1760 4051 1820 4103 ub
1839 4052 2065 4104 omnibus
2088 4068 2223 4104 com-

641 4124 951 4178 moruntibus
973 4134 1133 4177 tecum
1161 4138 1279 4192 vasa
1309 4122 1551 4192 capiosa;
1583 4134 1628 4175 ct
1655 4122 1878 4175 introibis
1901 4162 1914 4185 ,
1945 4133 1986 4174 et
2022 4124 2224 4178 «laudes

641 4197 822 4249 ostium
843 4195 909 4246 ud
944 4204 988 4246 te
1011 4204 1055 4246 et
1086 4193 1151 4245 ad
1181 4191 1314 4260 ﬁlios
1345 4202 1455 4247 tuos
1475 4234 1490 4260 ,
1536 4204 1580 4246 ct
1613 4192 1838 4262 implebis
1866 4210 1981 4245 vasa
2003 4195 2110 4246 oleo
2132 4235 2144 4256 ,
2179 4206 2223 4248 et

642 4262 820 4319 reddes
847 4265 1063 4318 debitum
1088 4263 1319 4336 (lVch.
1339 4281 1409 4331 tv,
1436 4265 1571 4333 1-4).
1600 4265 1822 4336 Eliszcus
1842 4265 1984 4317 enim
2009 4267 2224 4334 perveri

641 4336 896 4406 Baptismi
939 4334 1243 4390 liniamenta
1271 4334 1542 4404 'opcratus
1585 4345 1684 4390 est.
1739 4334 1870 4389 Nam
1911 4337 2031 4406 quia
2077 4347 2222 4392 tuum

640 4423 749 4463 non
776 4406 1092 4476 comproho,
1123 4407 1241 4460 ideo
1269 4416 1387 4460 tuos
1415 4407 1597 4460 fideles
1622 4406 1864 4460 exsuitlo.

711 4478 882 4534 Cara.
912 4477 1182 4544 respomlit
1210 4494 1223 4529 :
1253 4477 1451 4547 Omnes
1474 4478 1615 4547 enim
1646 4477 1746 4533 hoc
1768 4477 1982 4542 faciunt,
2011 4479 2227 4547 quodet

587 4559 594 4564 '
646 4560 738 4616 tu;
785 4565 971 4603 omnes
998 4548 1180 4603 fideles
1206 4545 1491 4603 exsufflant
1512 4589 1527 4614 ,
1578 4549 1700 4601 dum
1728 4549 1940 4603 ttuicum
1971 4545 2223 4620 Baptismi

641 4623 741 4678 sibi
787 4621 1052 4675 vindicant
1089 4627 1499 4674 sacramentum.
1550 4621 1729 4675 'l‘aletn
1772 4635 1891 4674 cum
1938 4621 2221 4688 inveneris,

643 4712 746 4746 non
773 4694 949 4762 capies
971 4734 983 4755 ,
1027 4709 1129 4746 non
1155 4692 1378 4756 tenebis,
1413 4708 1518 4746 non
1544 4693 1644 4747 isto
1670 4692 1879 4746 vinculo
1907 4691 2211 4760 colligabis;

643 4765 735 4820 ενι]
776 4765 954 4833 agnito
984 4764 1133 4836 signo
1175 4763 1434 4832 piratico,
1482 4773 1539 4818 ut
1577 4775 1746 4818 tecum
1775 4773 1942 4817 artem
1987 4773 2220 4836 peragat,

642 4852 886 4893 hccurum
913 4835 1062 4903 abire
1093 4836 1369 4903 permittis.

711 4906 935 4962 CAPUT
980 4905 1118 4960 XXI.
1151 4935 1222 4946 —-
1249 4905 1588 4962 FULGENTIUS
1617 4905 1748 4960 dixit
1777 4923 1789 4959 :
1829 4905 1979 4959 Absit
2000 4915 2054 4959 ut
2078 4906 2223 4960 abire

642 4979 946 5050 permittam
974 4998 985 5030 :
1014 4978 1262 5047 quOniam
1289 4978 1426 5030 Deus
1451 4977 1615 5042 dixit,
1638 4976 1903 5050 Δ(έοιηρριιε
1937 4993 2106 5050 omnes
2147 4980 2223 5030 iu-

644 5046 794 5104 irOire
816 5091 830 5114 ,
882 5060 932 5108 ut
960 5046 1226 5120 impleatur
1251 5053 1431 5102 domus
1474 5064 1582 5101 mea
1625 5046 1775 5119 (Luc.
1805 5063 1890 5103 xlv
1916 5088 1929 5112 ,
1962 5049 2072 5117 ‘25).
2123 5049 2222 5116 Qui

644 5136 830 5177 omnes
858 5120 1010 5185 dixit,
1035 5119 1234 5174 nullum
1257 5120 1481 5190 excepit.
1564 5189 1567 5190 ν
1597 5167 1601 5174 .

712 5194 1050 5248 AUGUSTINUS
1097 5191 1371 5261 respondit
1392 5189 1410 5242 ξ
1440 5189 1573 5257 Quid
1597 5204 1724 5259 ergo
1751 5191 1911 5246 facies
1937 5193 1960 5247 ?

714 5263 876 5319 Foco.
913 5264 1045 5319 dixit
1076 5282 1088 5318 :
1118 5263 1330 5319 Docebo
1371 5262 1518 5316 illum
1557 5262 1843 5317 ecclesiam
1886 5280 2058 5320 meam
2105 5280 2223 5321 esse

645 5336 1010 5392 certissimam.

718 5410 848 5462 Anc.
874 5405 1146 5476 respondit
1175 5425 1186 5460 :
1213 5405 1267 5460 ln
1295 5407 1442 5475 quo?
1489 5404 1752 5474 Numquid
1781 5406 2050 5461 Chrislttm
2079 5409 2167 5476 qui
2193 5424 2221 5462 a

647 5478 804 5536 Patre
822 5493 1008 5533 (mutes
1033 5487 1218 5548 gentes
1241 5479 1462 5546 accepit,
1497 5477 1561 5531 ad
1585 5478 1886 5532 Africanam
1914 5481 2222 5549 particulam

649 5559 845 5616 tantum
871 5549 1188 5605 remansisse
1215 5549 1572 5604 monstrabis?

713 5621 878 5678 FULG.
907 5621 1039 5676 dixit
1064 5638 1078 5674 :
1109 5620 1286 5678 Dicam
1313 5620 1452 5688 quod
1483 5621 1533 5673 iu
1565 5620 1744 5690 paucis
1769 5629 1998 5676 constet.

714 5697 846 5754 Anc.
878 5692 1152 5762 respondit
1184 5708 1196 5744 :
1227 5693 1362 5758 Quid
1389 5691 1435 5746 si
1478 5701 1533 5746 et
1572 5694 1687 5760 ejus
1729 5707 1927 5761 paucos
1969 5693 2225 5749 habebit?

645 5761 842 5892 annos
865 5761 1007 5819 enim
1048 5765 1100 5819 in
1129 5765 1526 5832 comparatione
1568 5762 1854 5820 Catholica:
1901 5780 2098 5834 paucos
2129 5765 2224 5820 ha-

717 5844 794 5888 ιιι.
869 5881 871 5884 ι
1185 5885 1188 5890 .

717 5844 794 5888 nt.
869 5881 871 5884 ι
1185 5885 1188 5890 .

718 5904 876 5962 Fuw.
909 5904 1042 5959 dixit
1076 5924 1087 5960 :
1117 5905 1404 5962 Ostendam
1433 5906 1683 5977 quoniam
1709 5908 1824 5967 haec
1849 5919 1933 5968 est
1954 5926 2080 5969 vera
2109 5931 2226 5978 aure

2117 364 2481 433 APPENDIX.
3773 388 3858 447 τῃ

2343 489 2767 562 persecutionem
2795 489 2996 562 patitur
3013 529 3030 555 ,
3055 502 3162 562 non
3184 502 3302 560 quin
3321 489 3458 546 facit.

2408 564 2542 618 Avo.
2597 561 2869 635 respondit
2914 579 2928 616 :
2968 559 3216 630 Quidsi
3246 570 3300 616 et
3335 563 3445 632 ejus
3490 570 3852 635 persecutionem

2335 635 2552 690 omnino
2584 649 2686 688 nou
2713 633 2856 688 fecit.
3043 695 3046 698 ,

2409 705 2571 782 Foco.
2599 705 2731 760 dixit
2761 722 2776 761 :
2806 704 3084 760 lnsinuabo
3109 704 3392 782 secundum
3420 706 3724 782 Apostolum,
3744 719 3850 782 quod

2335 775 2578 847 Ecclesia
2632 793 2746 830 antra
2795 793 2952 847 rugas
3007 786 3061 831 et
3113 778 3345 831 rnaeulas
3394 775 3503 833 sola
3554 796 3653 836 n0u
3699 775 3851 840 habeat

2336 845 2550 919 (Ep/tes.
2582 864 2615 904 v
2629 890 2645 915 ,
2676 847 2792 919 27).

2406 923 2540 975 Auc.
2573 920 2846 988 respondit
2877 937 2890 974 :
2923 919 3185 975 Continuo
3213 918 3516 988 probabitur
3540 921 3729 979 habere.
3751 928 3855 983 Scri-

2335 996 2484 1058 ptum
2516 1001 2592 1045 cst
2633 992 2772 1046 enim
2799 1033 2812 1056 ,
2858 989 3024 1045 Nemo
3059 991 3276 1045 mundus
3305 1009 3336 1044 a
3355 993 3499 1045 sorde
3521 1034 3535 1056 ,
3573 1010 3653 1048 nec
3677 998 3714 1048 si
3740 1001 3853 1052 unius

2335 1060 2610 1136 dieifuerit
2629 1063 2732 1136 ritu
2771 1065 2882 1136 ejus
2915 1079 3065 1136 super
3094 1073 3279 1136 terram
3306 1061 3572 1136 (Jongw,
3599 1066 3654 1130 Ιι,
3679 1067 3744 1136 5).
3772 1069 3850 1123 Sed

2334 1131 2460 1201 quid
2508 1131 2804 1200 pluribus?
2829 1133 3068 1203 quolibet
3106 1131 3322 1203 ingenio
3342 1134 3548 1201 capies,
3587 1146 3634 1189 et
3672 1131 3851 1201 tenebis.

2335 1204 2600 1281 quomodo
2628 1205 2852 1273 suscipis
2875 1205 2966 1281 qui
2996 1203 3179 1281 fideles
3207 1216 3323 1281 tuos
3347 1204 3484 1281 forte
3526 1207 3746 1281 retiuxit,
3784 1213 3850 1281 qui

2335 1274 2587 1342 Spiritum
2616 1287 2855 1329 sanctum
2884 1276 2936 1329 in
2967 1275 3130 1330 Corde
3156 1275 3419 1329 credentis
3443 1277 3711 1332 exstinxit?

2407 1345 2629 1418 CAPUT
2684 1345 2849 1402 XXII.
2895 1376 2967 1387 —
3004 1345 3170 1402 FULG.
3218 1347 3389 1400 dixit:
3425 1348 3670 1418 Distringo
3709 1351 3851 1417 illum,

2333 1417 2598 1541 lestu't‘llo,
2644 1426 2698 1472 ct
2751 1419 2802 1472 iu
2853 1419 3170 1474 remissione
3219 1425 3554 1488 peccatorum
3599 1435 3708 1474 vera
3750 1437 3853 1491 aqua

2371 1496 2563 1541 aulico.

2371 1496 2563 1556 apuzo.

2405 1561 2538 1614 Acc.
2586 1558 2859 1627 respondit
2897 1577 2910 1616 :
2947 1560 3226 1628 Quomodo
3267 1559 3384 1626 eius
3424 1569 3625 1630 peccata
3662 1561 3854 1629 dimittis,

2334 1645 2453 1684 cum
2479 1630 2731 1698 scriptum
2759 1631 2850 1697 sit,
2875 1630 3260 1700 blasphemiam
3288 1631 3515 1700 Spiritus
3543 1635 3694 1688 sancti
3723 1637 3762 1686 in
3778 1652 3854 1688 sae-

2333 1703 2512 1756 culnm
2541 1702 2859 1774 dimittinou
2904 1718 3058 1771 posse
3086 1702 3297 1774 (ΜαιιΙι.
3327 1719 3398 1757 xu
3424 1747 3436 1767 ,
3465 1704 3554 1768 52)
3573 1705 3595 1754 ?
3633 1705 3722 1759 Sed
3753 1705 3856 1759 hunc

2337 1773 2666 1839 omittamus,
2706 1773 2932 1828 alterum
2962 1773 3257 1828 videamus.
3303 1775 3396 1830 Dic
3424 1776 3852 1843 etMaximianistzc,

2336 1845 2530 1898 annulo
2559 1855 2647 1899 tuo
2671 1887 2685 1911 ,
2715 1844 2856 1914 quod
2884 1854 2935 1898 ct
2966 1845 3095 1900 mihi
3133 1845 3314 1899 dixisti
3345 1862 3356 1896 :
3391 1845 3641 1912 Quomodo
3660 1848 3766 1901 alter
3785 1849 3854 1899 ltil-

2333 1914 2444 1968 bere
2464 1926 2621 1985 potest
2646 1958 2658 1978 ,
2682 1917 2726 1970 si
2751 1916 2873 1969 mihi
2903 1918 2999 1972 soli
3027 1934 3319 1970 concessum
3347 1916 3463 1970 est?
3491 1917 3586 1970 Aut
3615 1918 3654 1972 si
3680 1919 3771 1986 juri
3791 1928 3856 1972 tuo

2333 1989 2512 2058 usseris
2540 1987 2817 2052 traditum,
2852 2004 3007 2055 quare
3032 1987 3332 2057 comprobas
3363 1988 3618 2042 alienum?
3658 1988 3854 2058 Repon-

2333 2057 2479 2110 (it'Dii.
2501 2070 2553 2112 et
2580 2060 2675 2112 iste
2701 2059 3106 2124 Maximianista,
3127 2059 3408 2126 Quotuodo
3434 2060 3560 2112 alter
3590 2057 3759 2114 habere
3777 2075 3855 2114 non

2333 2139 2528 2198 potest,
2559 2144 2679 2181 cmn
2707 2138 2759 2183 et
2788 2131 2915 2182 mihi
2944 2132 3082 2184 sicut
3110 2132 3201 2184 tibi
3231 2141 3285 2184 tu
3320 2131 3616 2198 probaveris
3638 2145 3739 2185 esse
3759 2147 3856 2186 con-

2335 2202 2586 2254 cessum?
2642 2199 2979 2255 Christianos
3022 2203 3166 2255 enim
3213 2217 3368 2255 meos
3414 2211 3464 2255 et
3500 2202 3704 2256 clericos
3744 2213 3855 2256 extra

2333 2269 2630 2326 Ecclesium
2666 2284 2809 2325 tuam
2854 2273 3145 2341 baptizatos
3172 2273 3254 2326 vel
3280 2273 3554 2326 ordinatos
3590 2273 3760 2342 absque
3779 2275 3854 2327 ulla

2334 2342 2695 2398 dennnatione
2720 2344 2972 2412 Baptismi
2993 2345 3071 2398 vel
3092 2345 3308 2400 honoris
3335 2344 3390 2399 in
3417 2345 3611 2413 integro
3631 2345 3854 2412 recepisti;

2333 2413 2474 2488 quod
2522 2415 2605 2467 ubi
2652 2415 2939 2488 Marcellini
2966 2416 3127 2485 gestis
3149 2417 3418 2486 objectum
3439 2415 3639 2488 est(a),
3664 2416 3857 2470 refellere

2331 2484 2635 2539 nullatenus
2659 2486 2883 2539 valuisti.
2977 2484 2986 2485 7
3218 2484 3227 2486 ἡ
3547 2484 3556 2488 ’
3582 2533 3584 2540 ι

2403 2555 2532 2627 item
2568 2559 2699 2612 Atro.
2731 2558 3006 2626 reSpondit
3039 2577 3051 2613 :
3080 2558 3134 2613 St
3162 2559 3344 2627 justus
3389 2575 3481 2624 es,
3520 2574 3608 2613 cur
3647 2556 3855 2613 sententia

2331 2632 2418 2702 tua
2445 2626 2656 2702 diversa
2682 2627 2949 2702 est?‘Cur
2974 2626 3396 2686 lilaximianistas
3416 2631 3646 2702 suscipis,
3677 2640 3722 2684 et
3744 2643 3855 2684 meos

2331 2696 2522 2752 fideles
2543 2698 2832 2752 exsufllas?

2403 2769 2570 2825 Foco.
2595 2771 2726 2822 dixit
2759 2788 2771 2824 :
2804 2770 2935 2837 Quia
2959 2771 3046 2830 ille
3072 2787 3224 2828 meus
3250 2783 3413 2828 erat.-

2402 2842 2534 2895 Acc.
2581 2842 2854 2908 respondit
2886 2861 2897 2893 :
2929 2842 2998 2896 Et
3042 2852 3096 2898 tu
3145 2859 3297 2898 meus
3337 2860 3493 2910 eras;
3541 2859 3630 2899 cur
3668 2843 3714 2897 in
3752 2841 3854 2895 schi-

2331 2911 2556 2966 smatico
2584 2913 2812 3019 tuo)pius
2833 2953 2848 2978 ,
2883 2913 2937 2968 in
2967 2915 3230 2970 catholico
3259 2916 3461 2987 impius
3485 2924 3538 2971 et
3561 2913 3846 2984 implacabilis

2331 2997 2643 3019 mrcnvnwxc
2660 2990 2668 2999 '

2331 2997 2645 3053 perseveras
2660 2990 2674 3035 't

2393 3054 2627 3129 carur
2666 3053 2948 3129 xxtu.g—g
2977 3056 3140 3114 FnLG.
3189 3058 3372 3114 dixit:
3405 3060 3528 3115 Plus
3555 3057 3780 3129 peccasti,
3817 3062 3853 3109 et

2330 3124 2452 3180 ideo
2482 3126 2534 3178 in
2568 3134 2617 3178 te
2645 3127 2798 3180 aliter
2825 3128 3134 3182 vindicatur.

2401 3197 2538 3271 Anc.
2564 3197 2838 3271 respondit
2866 3215 2878 3250 :
2913 3198 3048 3265 Quid
3070 3215 3230 3269 ergo,
3264 3200 3535 3271 Baptisma
3570 3217 3656 3270 pro
3670 3197 3852 3252 vindicta

2332 3268 2508 3342 ponis,
2531 3278 2584 3323 et
2612 3269 2751 3342 quod
2778 3271 2841 3342 ad
2869 3271 3094 3325 salutem
3119 3268 3468 3340 promittitur,
3510 3290 3537 3324 a
3569 3268 3616 3327 te
3640 3287 3721 3342 pro
3740 3283 3852 3338 ptem

2330 3340 2610 3393 tribuitur?
2641 3339 2693 3392 Si
2728 3340 2778 3393 in
2807 3340 3078 3408 Baptismo
3105 3339 3208 3397 nou
3231 3342 3428 3400 delicta
3459 3339 3740 3404 donas—scd
3765 3353 3851 3407 pec-

2331 3419 2448 3464 cata
2476 3411 2703 3479 castigas
2729 3427 2743 3473 ;
2793 3411 2836 3464 si
2870 3412 2920 3465 in
2947 3428 3080 3482 aqua
3107 3429 3210 3467 non
3257 3415 3456 3470 liberas
3480 3457 3494 3482 ,
3526 3416 3610 3468 sed
3638 3412 3848 3482 ﬂagellas;

2334 3485 2553 3550 piratam
2593 3491 2642 3534 te
2684 3497 2804 3536 esse
2847 3479 3031 3551 aperte
3069 3485 3410 3540 demousuas
3440 3503 3452 3543 :
3482 3479 3536 3540 et
3573 3479 3725 3540 tamen
3759 3479 3849 3552 quid

2332 3553 2446 3622 plus
2477 3554 2732 3620 peccavi?
2758 3553 2881 3622 quid
2910 3553 3046 3608 feci?

2403 3623 2566 3679 FULG.
2588 3623 2718 3677 dixit
2749 3620 3016 3679 {Codices
3045 3625 3329 3689 tradidisti,
3357 3628 3577 3683 ctidolis
3604 3620 3847 3681 immolasti.

2404 3695 2845 3773 Arma-espondit
2874 3713 2887 3748 :
2923 3696 3100 3762 Doce;
3143 3712 3248 3752 non
3284 3698 3427 3768 feci,
3476 3700 3602 3754 facta
3643 3707 3717 3751 tua
3753 3691 3849 3749 mihi

2331 3779 2604 3833 supponis.

2450 3851 2568 3892 um.
2599 3836 2728 3897 dixit
2764 3856 2776 3892 :
2811 3837 2967 3894 Pater
2993 3845 3114 3894 tuus
3144 3839 3285 3896 fecit.

2403 3908 2536 3963 Anc.
2587 3911 2864 3974 respondit
2899 3929 2910 3964 :
2949 3912 3061 3980 Ego
3103 3923 3305 3980 patrem
3350 3915 3532 3969 nescio
3573 3913 3662 3969 nisi
3705 3912 3847 3964 Deum.

2331 3978 2598 4048 Scriptum
2631 3991 2714 4034 est
2756 3983 2932 4047 enim,
2989 3978 3342 4056 Nolite‘rvobis
3385 3997 3574 4056 putrem
3609 3994 3852 4056 ttocareflf

2331 4067 2421 4121 per
2450 4061 2674 4192 (erasin;
2722 4070 2849 4107 unus
2886 4065 2954 4107 est
2986 4055 3116 4108 enim
3160 4054 3320 4109 Pater
3366 4047 3521 4111 uester
3561 4047 3848 4118 calestisUd-

2332 4135 2496 4187 xxm,
2591 4159 2606 4175 .

2332 4135 2496 4187 χχιιι,
2527 4135 2606 4187 υ).

2406 4193 2565 4249 Fch.
2597 4194 2726 4247 dixit
2756 4213 2768 4246 :
2799 4194 3006 4248 Patrem
3042 4206 3186 4248 tuum
3230 4196 3355 4251 dico
3384 4199 3702 4252 Caecilianum
3731 4192 3851 4260 :ipse

2332 4265 2580 4332 tradidit,
2609 4268 2717 4332 ipse
2749 4265 3086 4328 thut'ilieavit,
3119 4268 3230 4334 ipse
3252 4270 3433 4323 onmia
3460 4271 3591 4322 mala
3620 4262 3848 4334 commisit.

2403 4337 2537 4392 Anc.
2593 4335 2861 4403 respondit
2888 4353 2900 4389 :
2932 4337 3072 4408 Lege
3112 4332 3231 4406 quis
3281 4341 3428 4393 illum
3459 4339 3734 4399 accusavit,
3764 4332 3849 4408 quis

2333 4408 2588 4465 convicit,
2620 4408 2736 4475 quis
2763 4424 2940 4461 Coram
2974 4405 3197 4477 positum
3229 4412 3614 4465 condemnavit.
3648 4409 3771 4468 Esto,
3798 4405 3850 4455 lc-

2333 4479 2407 4552 cit
2438 4479 2576 4548 quod
2612 4495 2714 4531 non
2743 4477 2866 4552 fecit
2903 4497 2914 4534 :
2946 4481 3198 4548 numquid
3233 4484 3372 4536 illius
3405 4498 3500 4551 pro
3526 4492 3663 4552 patre
3682 4479 3850 4552 damna-

2333 4548 2500 4622 bitur,
2527 4565 2644 4622 cum
2668 4550 2921 4618 scriptum
2952 4553 3050 4618 sit,
3081 4552 3263 4605 Anima
3290 4548 3453 4622 putris
3480 4548 3584 4607 mea
3606 4561 3684 4614 est,
3712 4548 3852 4622 claui:

2333 4637 2416 4696 mu
2444 4620 2539 4696 lilii
2572 4638 2678 4673 mea
2716 4632 2785 4696 est
2805 4623 3036 4696 [animo
3070 4639 3181 4692 qua:
3207 4618 3507 4696 peccaverit,
3549 4625 3647 4679 sola
3665 4618 3852 4674 morietur
3884 4635 3887 4644 ·

2335 4689 2542 4764 (ΕεβεΙι.
2576 4707 2726 4764 xvtu,
2757 4693 2859 4762 4)?
3083 4689 3091 4692 ⁷
3207 4689 3217 4696 ⁷
3495 4689 3499 4691 ’
3824 4755 3832 4764 .
3885 4703 3896 4757 ι

2403 4763 2569 4838 Ij‘ULc.
2595 4763 2728 4816 dixit
2760 4781 2772 4814 :
2798 4759 2840 4818 Τ
2847 4782 2890 4838 ιι
2910 4765 3050 4819 filius
3079 4766 3192 4838 ejus
3221 4781 3327 4821 non
3371 4767 3584 4838 quidem
3627 4759 3849 4820 tradidisti,

2333 4834 2424 4889 sed
2450 4835 2604 4888 nobis
2634 4837 3056 4903 persecutionem
3086 4834 3274 4892 fecisti.

2381 4909 2534 4980 ΔΑι;(;.
2569 4907 2840 4980 respondit
2871 4925 2882 4960 :
2918 4907 3179 4976 Equidem
3211 4925 3315 4964 non
3357 4910 3490 4970 feci,
3527 4907 3678 4963 credo
3714 4912 3849 4980 tamch

2332 4971 2470 5047 quod
2496 4979 2598 5033 mei
2623 4969 2796 5032 facere
2817 4969 3101 5049 potuerint.
3121 4981 3308 5049 Quterc
3322 4969 3534 5035 causam
3556 4969 3850 5049 quarczquid.

2335 5052 2377 5103 si
2406 5049 2793 5104 merebamini?
2837 5051 2951 5103 Non
2986 5053 3125 5105 enim
3155 5053 3323 5106 malos
3355 5053 3595 5121 persequi
3633 5054 3851 5121 peccatu!"

2335 5131 2446 5185 est;
2479 5137 2600 5174 nam
2643 5132 2697 5174 et
2725 5131 2936 5176 sanctos
2959 5133 3007 5174 et
3040 5133 3280 5177 sanctum
3305 5117 3604 5178 sanctorum
3629 5117 3853 5174 Dominum

2335 5193 2500 5245 malos
2528 5193 2750 5261 legimus
2793 5206 3098 5262 persecutos
3127 5213 3141 5247 :
3168 5195 3438 5249 damnoues
3470 5208 3682 5261 nmuque
3715 5195 3855 5262 ρετξίέ·

2335 5255 2603 5318 cutioncui
2635 5255 2843 5318 Danubi
2867 5283 2970 5319 non
2999 5269 3253 5330 ferentes,
3273 5266 3587 5328 clamabant,
3606 5255 3733 5326 ’ριιίᾱ
3748 5255 3854 5308 nobis

2335 5344 2381 5408 et
2425 5334 2510 5408 tibi
2528 5333 2707 5408 ,AJesu
2737 5333 2842 5389 Fili
2868 5337 3017 5408 ﬁliai?
3062 5339 3237 5392 venisti
3278 5337 3482 5407 perdere
3521 5352 3607 5390 nos
3642 5330 3800 5408 (Marc.
3820 5339 3851 5408 ι.

2333 5406 2474 5480 24η
2523 5406 2587 5459 Ει
2626 5407 2819 5480 Paulus
2861 5407 3084 5480 Elimam
3130 5402 3337 5480 tnagum
3379 5409 3521 5462 ultus
3555 5416 3632 5461 est
3667 5402 3854 5480 etet-ila“

2341 5471 2474 5548 (Act.
2506 5494 2628 5553 lilii,
2660 5479 2750 5548 Η)
2769 5518 2784 5543 ,
2808 5488 2885 5553 Aet
2907 5471 3272 5553 blaslihemuin
3296 5481 3559 5533 hominem
3588 5471 3856 5553 tradiditﬁlf

2335 5545 2473 5603 tante
2502 5549 2544 5618 (Ι
2565 5547 2698 5602 Tim.
2726 5545 2775 5614 ι,
2801 5550 2916 5619 20).
2962 5545 3035 5604 Et
3057 5552 3244 5608 Petrus
3275 5553 3529 5606 Ananiam
3554 5561 3598 5602 et
3630 5545 3854 5619 Snpllil'ﬁljl

2337 5622 2453 5689 ejus
2475 5612 2692 5693 uxorem
2731 5612 3016 5676 mendaces
3053 5624 3245 5678 occidit
3271 5625 3403 5693 (Act.
3436 5637 3465 5674 v
3489 5664 3503 5688 ,
3537 5612 3712 5693 1-10)}
3737 5612 3859 5693 ctSlj

2335 5687 2549 5764 monent
2582 5691 2789 5760 Magum
2829 5693 3025 5747 tamdiu
3061 5687 3366 5764 persecutus
3393 5702 3510 5764 est,
3547 5691 3702 5764 donec
3723 5687 3857 5764 mori?

2334 5763 2642 5836 perimeret.
2668 5754 2792 5817 ‘Sed
2825 5774 2880 5818 et
2909 5754 3077 5819 David
3095 5766 3145 5819 in
3174 5779 3397 5836 persona
3423 5754 3610 5818 Christi
3637 5761 3800 5836 clamat
3819 5754 3858 5802 εἴ

2334 5823 2465 5890 dicit
2503 5851 2516 5888 :
2570 5832 2856 5903 Persequar
2900 5837 3131 5892 inimicos
3175 5823 3312 5894 ineas
3330 5876 3346 5905 ,
3403 5846 3448 5891 et
3491 5823 3856 5904 comprehendam

2399 5923 2472 5989 (a)
2506 5926 2689 5983 Nempe
2710 5920 2759 5968 in
2781 5918 3059 5971 Collattone.
