4026 6486
172 429 282 489 ππ

163 546 303 606 illos;
340 548 513 594 etnon
547 533 820 607 convertar
843 535 1004 607 donec
1043 534 1282 604 deﬁciant
1306 552 1324 589 :
1353 535 1570 607 dﬂigam
1595 536 1744 603 illos,

167 633 243 672 nec
284 605 503 683 poterunt
541 605 905 683 “animat.
949 621 1092 668 xm,
1136 607 1232 669 38,
1260 605 1543 683 3_9).’Non
1575 608 1734 683 igitur

173 678 326 744 omnis
345 682 432 752 qui
472 678 896 752 persecutionem
929 691 1125 752 passus
1143 687 1271 752 est_,_
1283 679 1458 746 justus
1483 682 1738 734 continuo

173 748 420 840 putandus
449 760 530 806 est
548 769 576 840 ἐ
603 749 697 840 sed
727 749 816 820 qui
839 755 1072 840 ‘pronter
1105 748 1363 840 justitiam
1409 760 1597 840 passus
1631 758 1734 832 est,

174 817 249 884 ille
288 823 519 897 profecto
548 817 758 875 beatus'
777 817 891 897 est,
939 817 1150 897 dicente
1198 821 1354 897 lictrp
1377 817 1425 897 ε’
1438 821 1736 897 ’ρπβ-φάνη

171 890 318 971 gloria
347 905 436 959 est,
460 895 788 971 sipeccantes
804 890 1110 971 colaphizgati
1133 890 1403 971 stt/fertis?-
1429 890 1534 946 Sed
1553 893 1596 946 si
1614 891 1738 946 bene

175 960 389 1040 facientes
420 960 648 1040 patimini
671 973 759 1040 ,_et
788 960 1038 1040 patienter
1057 964 1311 1018 sustinetis
1335 1005 1350 1032 ,
1384 963 1491 1017 licet:
1521 971 1592 1018 est
1619 980 1739 1035 gra-

173 1033 233 1094 tia
259 1037 389 1105 apud
415 1034 657 1107 Deum“
677 1033 817 1088 Petr.
829 1050 904 1107 _tt,
934 1033 1076 1107 20).“
1123 1105 1132 1107 _
1240 1105 1262 1107 ῳ
1584 1104 1586 1107 τ

235 1107 450 1164 CAPUT
489 1104 678 1160 XXIV.
713 1136 780 1144 —
827 1105 990 1160 Foco.
1031 1105 1196 1159 dixit:
1231 1104 1586 1176 Sanctrquos’
1625 1121 1737 1160 me-

176 1194 363 1242 moras,
394 1178 564 1231 edicta
605 1176 840 1246 judicum
884 1177 1217 1232 s:ecularium
1255 1192 1361 1232 non
1404 1187 1733 1243 meruerunt,

174 1252 295 1322 quod
327 1251 482 1302 vestri
507 1249 762 1322 fecerunt.

234 1324 359 1376 Atio.
403 1319 674 1387 respondit
705 1337 716 1372 :
747 1319 895 1375 Licet
921 1361 936 1384 ,
967 1335 1033 1373 an
1058 1333 1161 1374 non
1190 1319 1353 1374 llcet?
1394 1320 1450 1374 Si
1482 1320 1639 1384 licet,
1669 1319 1738 1374 de

173 1393 302 1447 licito
341 1403 670 1446 murmurare
697 1407 798 1445 non
835 1391 987 1445 decet
1017 1408 1030 1445 :
1062 1391 1104 1445 si
1137 1406 1241 1445 non
1267 1392 1428 1454 licet,
1461 1401 1604 1444 ttmm
1634 1391 1740 1445 cri-

173 1479 280 1517 men
296 1461 534 1524 emenda,
572 1462 696 1516 dum
727 1464 871 1518 licet.
896 1460 1308 1516 Maximianistas
1331 1463 1472 1516 enim
1489 1463 1741 1515 schismao

178 1535 295 1588 ticos
319 1544 453 1596 tuos,
486 1534 626 1587 sicut
663 1543 808 1604 gesta
840 1534 1129 1599 declarant,
1162 1533 1564 1587 auctoritatibus
1592 1531 1737 1600 judi~

171 1620 280 1659 cum
308 1606 637 1658 sarcularium
660 1603 679 1664 ,
703 1615 756 1659 et
783 1605 1116 1658 adminiculis
1154 1605 1401 1658 ordinum
1436 1603 1672 1658 virorum
1697 1605 1736 1668 ‘,

173 1686 218 1730 et
239 1676 571 1730 exsecutione
597 1676 820 1730 militum
857 1675 1186 1730 diversorqu
1212 1716 1228 1740 ,
1261 1675 1515 1728 institutis
1543 1674 1738 1729 defen~

174 1748 366 1800 scribus
388 1747 637 1800 ecclesiae
664 1756 973 1816 persecutus
1000 1761 1078 1812 es,
1123 1754 1179 1800 ut
1199 1760 1291 1801 eos
1313 1760 1340 1800 a
1372 1747 1482 1800 suis
1506 1745 1738 1800 basilicis

174 1816 463 1886 depulisses.
512 1819 616 1884 Qui
659 1834 746 1875 me
792 1820 1070 1888 inerepas,
1119 1832 1214 1872 cur
1235 1833 1340 1871 non
1370 1817 1614 1887 teipsum
1639 1816 1740 1886 pri-

172 1903 298 1940 mum
321 1889 572 1943 emendas
599 1889 622 1940 ?

244 1956 455 2016 CAPUT
506 1959 674 2015 XXV.
720 1991 788 1999 —
840 1960 1005 2016 Foco.
1058 1958 1232 2014 dixit:
1266 1958 1391 2014 Ideo
1439 1957 1744 2013 schismati-

175 2028 239 2152 (ciis
267 2032 454 2086 nostris
511 2031 764 2086 basilicas
790 2031 1006 2087 tulimus
1028 2073 1042 2099 ,
1090 2037 1149 2086 ut
1176 2045 1314 2086 verte
1342 2030 1595 2085 Ecclesiae
1623 2029 1744 2085 red-

205 2114 416 2152 eremus.

205 2114 395 2156 eremus
403 2141 416 2154 .

235 2173 354 2227 Acc.
381 2174 659 2244 respondit
691 2191 703 2228 ε
729 2173 841 2228 Hoc
861 2183 912 2228 et
943 2174 1112 2228 nostri
1138 2174 1374 2228 iecerunt
1403 2173 1553 2227 vobis
1575 2215 1591 2238 ,
1633 2174 1743 2228 suis

175 2241 499 2300 schismaticis
519 2246 773 2308 tulerunt,
807 2256 856 2299 et
888 2247 1042 2298 matri
1062 2245 1350 2299 Catholicae
1376 2244 1740 2299 reddiderunt.

177 2311 305 2379 Quod
325 2319 480 2370 vestri
509 2317 754 2371 fecerunt
777 2332 870 2383 pro
897 2332 1024 2381 pace
1053 2317 1260 2381 Donati,
1291 2316 1392 2370 hoc
1410 2316 1574 2370 nostri
1601 2314 1746 2371 fece-

175 2395 278 2457 runt
305 2403 394 2453 pro
425 2404 555 2454 pace
586 2389 827 2457 corporis
853 2387 1072 2440 Christi.

231 2455 444 2514 CAPUT
469 2459 664 2513 XXVI.
686 2455 762 2498 '—
792 2457 952 2513 Fum.
982 2459 1113 2512 dixit
1145 2474 1159 2512 :
1193 2457 1298 2512 Vos
1333 2458 1462 2512 estis
1489 2456 1746 2512 schisma-

177 2524 250 2580 tici
269 2567 284 2592 ,
312 2530 395 2598 qui
420 2542 472 2584 et
495 2530 842 2585 thuriiicastis
872 2540 925 2584 et
949 2529 1160 2584 codices
1187 2529 1493 2583 tradidistis.

235 2599 357 2655 Acc.
392 2602 712 2671 respondit:
743 2601 1051 2656 Elﬁciamur
1075 2601 1296 2654 inlirmis
1326 2599 1517 2653 inliru'ii
1541 2641 1555 2666 ,
1589 2609 1642 2654 ut
1676 2600 1749 2654 in-

174 2666 333 2724 ﬁrmos
363 2666 778 2728 Ittcril'aciamus.
832 2672 997 2726 Video
1021 2671 1162 2741 quod
1209 2671 1322 2725 ﬁeri
1371 2687 1475 2724 non
1524 2680 1742 2740 potest:

171 2752 275 2811 pars
322 2742 513 2798 Donati
568 2753 734 2799 totum
778 2742 973 2797 Christi
1017 2757 1211 2811 corpus
1249 2741 1474 2805 devicit;
1522 2742 1747 2811 angulus

166 2808 419 2869 Africanus
445 2817 644 2870 orbem
677 2825 937 2869 terrarum
965 2808 1191 2868 exclusit
1218 2831 1231 2878 ;
1265 2829 1394 2881 gens
1419 2828 1520 2866 una
1542 2808 1750 2867 univcr-

164 2893 235 2934 sas
255 2895 429 2951 gentes
457 2887 703 2941 adduxit
731 2887 752 2916 ²
777 2903 792 2953 ;
820 2893 1148 2941 sarmentum
1175 2884 1240 2939 de
1268 2887 1371 2940 \ite
1399 2884 1657 2955 princidit,
1685 2891 1744 2938 et

217 2974 230 3039 ξ
262 2982 407 3039 Forte,
432 2977 712 3029 υιινὶοιηιηι.

217 3036 234 3066 ³
262 3036 409 3104 Forte,
434 3040 683 3103 addidit;
703 3039 751 3090 id
767 3047 861 3102 est,
885 3038 1146 3091 damnavit.
1215 3061 1217 3063 ί

170 3148 274 3158 ..μ--
807 3154 1264 3162 __________.

755 416 1121 477 EXCERP'I‘A
1159 418 1251 474 AD
1286 412 1838 479 DONATISTARUK
1862 414 2230 483 HISTORIAM
2267 418 2749 486 PERTINENTIA.

3327 424 3432 494 ττι

1845 543 2175 598 ramttsculos
2206 544 2453 600 arborum
2485 546 2798 616 amputavit.
2829 543 3029 602 Saltem
3053 547 3288 616 priorum
3321 555 3433 600 tuo-

1845 627 1962 688 rutn
1989 616 2126 669 circa
2159 631 2256 688 nos
2297 619 2607 673 constitutas
2642 633 2884 673 servares
2914 619 3096 688 leges;
3145 635 3252 673 non
3278 621 3432 674 reba-

1846 686 2094 759 ptizarcs,
2119 687 2211 742 sed
2241 703 2334 757 per
2362 689 2728 759 paenitentiam
2755 686 3064 754 errantium,
3092 698 3148 744 ut
3173 692 3430 758 restituas,

1845 758 2372 831 animasllherares.
2423 761 2616 831 Relege
2645 761 2819 816 decisa
2854 773 3060 830 patrum
3096 771 3300 815 tuorum
3327 803 3341 827 ,
3383 772 3435 817 et

1845 827 1964 883 vide
1992 829 2114 898 quid
2139 829 2204 884 de
2229 827 2569 887 traditoribus
2592 875 2607 899 ,
2643 827 2956 887 thurilicatis
2979 833 3429 893 et‘schismatieis.

1846 914 1964 975 cum
2010 900 2652 975 adversusCaecilianum
2710 905 3086 975 Carthaginem
3142 905 3431 974 conspirati

1846 971 2116 1044 venissent
2140 1015 2154 1038 ,
2188 973 2298 1027 ﬁeri
2339 982 2590 1044 oportere
2613 971 2984 1030 decreverunt.
3013 971 3310 1030 Marcianus
3345 991 3434 1030 ve-

1846 1049 1958 1096 ster‘
1982 1043 2118 1118 inter
2156 1043 2387 1099 caeteros
2415 1047 2571 1118 talem
2613 1047 2926 1118 sententiam
2968 1046 3187 1118 protulit
3226 1047 3431 1111 dicens,

1847 1129 2002 1187 cpiam
2048 1115 2227 1187 utique
2255 1117 2585 1187 septuaginta
2626 1118 2714 1187 qui
2755 1115 2983 1172 aderant
3014 1134 3118 1173 non
3160 1118 3432 1187 improba-

1848 1183 1972 1238 bant
2002 1184 2110 1260 n
2141 1183 2422 1260 Evangelia
2435 1183 2525 1241 suo
2546 1230 2560 1255 ,
2595 1183 2796 1258 inquit,
2837 1187 3086 1244 Dominus
3111 1191 3182 1243 ait
3212 1183 3286 1243 τ’(
3326 1188 3433 1260 Ego

1846 1272 1956 1309 sum
1977 1257 2100 1331 ritis
2121 1273 2235 1310 vera
2253 1300 2267 1322 ,
2314 1268 2361 1331 ct
2388 1257 2542 1311 Pater
2570 1257 2706 1313 meus
2731 1261 2954 1331 agricola
2983 1278 3002 1314 :
3028 1277 3224 1315 onmem
3253 1257 3432 1331 palmi-

1848 1334 1943 1378 tem
1971 1328 2021 1380 in
2048 1345 2126 1380 me
2148 1346 2248 1382 non
2281 1329 2572 1396 a/ferentem
2596 1328 2840 1402 (ructant,
2862 1331 3056 1385 excidet
3085 1341 3128 1384 et
3161 1328 3392 1402 proficiet
3415 1349 3430 1394 ;

1847 1406 1905 1472 et
1928 1415 2124 1472 omnem
2163 1412 2442 1453 manentem
2470 1403 2621 1455 inme
2647 1411 2691 1454 et
2720 1404 2938 1469 fructum
2967 1403 3228 1472 ferentem,
3255 1410 3452 1472 purgrlt'

1847 1471 2039 1544 illum)
2097 1470 2271 1542 (Joan.
2306 1488 2373 1526 xv
2397 1473 2470 1544 ,7I
2504 1515 2517 1538 ,
2549 1473 2628 1532 9.).
2672 1471 2816 1526 Sicut
2843 1470 3222 1544 ergo—palmites
3266 1470 3434 1542 infru-

1849 1543 2008 1595 ctuosi
2029 1544 2274 1611 amputati
2306 1543 2640 1612 projiciuntur
2660 1558 2680 1608 ;
2714 1544 2786 1596 ita
2811 1543 3112 1611 thurificati,
3146 1544 3434 1612 traditorcs,

1849 1623 1893 1666 et
1931 1614 2015 1670 aui
2052 1614 2103 1666 in
2139 1615 2408 1667 schismate
2436 1631 2468 1666 a
2502 1613 2830 1668 traditoribus
2856 1615 3191 1681 ordinantur,
3236 1629 3439 1667 manere

1849 1685 1900 1737 in
1930 1682 2158 1738 Ecclesia
2191 1684 2286 1738 Dei
2314 1701 2416 1738 non
2457 1695 2704 1754 possunt,
2754 1687 2850 1739 nisi
2888 1688 3084 1755 cognito
3118 1686 3316 1739 ululatu
3347 1700 3440 1736 suo

1851 1773 1938 1825 per
1971 1757 2311 1824 paenitentiam
2335 1757 2734 1810 reconcilientur.
2765 1755 2912 1812 Unde
2934 1759 3203 1811 Uteciliauo
3230 1758 3283 1809 in
3313 1756 3439 1808 schi-

1850 1837 2008 1898 smate
2037 1845 2066 1879 a
2089 1828 2418 1882 traditoribus
2439 1828 2672 1882 ordinato
2699 1845 2798 1882 non
2825 1830 3194 1883 communicare
3223 1835 3436 1898 oportet.

1852 1897 1976 1951 Ihec
2003 1905 2086 1952 cst
2127 1908 2334 1967 patrum
2369 1909 2580 1954 tuorum
2618 1900 2721 1954 lixa
2749 1902 3031 1955 sententia.
3084 1896 3262 1966 Ecce,
3297 1896 3440 1968 quod

1850 1969 2020 2034 absit,
2060 1985 2156 2023 nos
2186 1970 2496 2024 tradidimus
2521 2012 2534 2035 ,
2564 1986 2660 2025 nos
2688 1972 3123 2038 thuriiicavimns,
3155 1986 3251 2024 nos
3295 1967 3441 2021 Schi-

1852 2050 2021 2096 smata
2062 2041 2462 2107 commisimus;
2528 2056 2624 2096 cur
2665 2043 3088 2112 transgredimiui
3133 2040 3442 2112 mandatum

1853 2112 2149 2178 seniorum,
2181 2122 2235 2166 ut
2266 2123 2467 2166 vestras
2495 2110 3073 2168 tratlitionesstatuatis
3094 2115 3115 2150 "
3161 2113 3302 2166 Sicut
3326 2110 3442 2180 pat-

1855 2184 1995 2236 mites
2020 2225 2032 2245 ,
2082 2185 2287 2252 inquit,
2327 2183 2626 2252 infructuosi
2668 2186 2915 2253 amputati
2957 2181 3446 2254 projiciuntur;r_ita

1855 2251 2166 2322 tlmriﬁcati,
2185 2256 2470 2317 tradituros,
2504 2267 2550 2308 et
2573 2257 2659 2322 qui
2686 2257 2736 2308 in
2755 2251 3090 2309 schismate’a
3121 2251 3450 2307 traditoribus

1853 2327 2184 2385 ordinantur.
2232 2343 2435 2379 manere
2464 2328 2517 2379 in
2556 2323 2787 2378 Ecclesia
2823 2326 2918 2379 Dei
2941 2343 3042 2379 non
3070 2334 3311 2396 possunt,
3350 2323 3450 2377 nisi

1853 2399 2050 2466 cognito
2079 2396 2275 2468 ululatu
2298 2413 2390 2450 suo
2419 2414 2510 2464 per
2533 2397 2872 2465 pwnitentiam
2902 2398 3282 2468 reconcilientur
3307 2410 3332 2468 :_
3351 2409 3447 2468 per

1857 2464 2252 2537 ptiatiitentiam,
2283 2484 2386 2520 non
2409 2483 2504 2537 per
2528 2464 2855 2522 tinctionem.
2883 2469 2936 2522 Si
2967 2466 3225 2534 dignaris,
3256 2464 3448 2519 vel’tui

1857 2549 1906 2594 te
1933 2540 2200 2608 principes
2240 2539 2491 2600 vincant,
2541 2548 2633 2592 aut
2669 2539 2878 2592 illorum
2907 2539 3181 2606 ,‘coulirma
3209 2539 3446 2601 decreta,

1855 2619 1907 2663 et
1932 2621 2016 2664 tua
2047 2610 2256 2678 depone
2289 2611 2535 2680 ligmenta
2570 2627 2582 2663 :
2609 2618 2700 2663 aut
2725 2609 2765 2664 si
2797 2619 2882 2663 tua
2917 2611 2994 2665 vis
3024 2610 3201 2663 valere
3226 2615 3444 2673 statuta,

1859 2683 1975 2735 illos
2003 2698 2210 2735 errasse
2234 2683 2533 2750 promintia.
2569 2681 2722 2750 Apud
2757 2697 2852 2734 nos
2880 2680 3076 2735 veritas
3105 2687 3322 2750 regnat,
3353 2693 3450 2750 cur

1859 2753 2070 2807 traditio
2095 2749 2268 2805 vestra
2311 2749 2630 2806 discordat?
2677 2752 2920 2806 Salvator
2960 2752 3013 2805 iu
3045 2749 3332 2820 Evangelio
3367 2749 3450 2820 sic

1856 2825 1931 2876 ait
1965 2840 1977 2878 :
2013 2823 2170 2876 Omne
2201 2840 2409 2890 regnum
2433 2825 2486 2876 in
2506 2840 2560 2877 se
2593 2825 2759 2888 ipsum
2787 2822 3002 2878 divisum
3030 2839 3131 2878 non
3160 2817 3328 2890 stabit,
3360 2817 3450 2876 sed

1858 2895 2162 2949 desolabitur
2193 2893 2406 2964 (Matth.
2435 2910 2530 2964 xu,
2559 2893 2675 2967 25).

294 3263 1300 3386 EXCERPTA
1390 3271 1624 3381 ET
1705 3267 2498 3383 SCRIPTA
2577 3249 3350 3375 VE'EERA

853 3439 960 3499 AD
1002 3438 1631 3499 DONATISTARUM
1679 3436 2126 3498 HISTORIAM
2166 3433 2728 3508 PERTINENTIA,

177 3552 420 3607 QUORUM
466 3559 692 3606 LECTIO
735 3559 1192 3605 SUPERIOBIBUS
1220 3556 1580 3609 .AUGUSTINI
1624 3557 1875 3600 CONTRA
1934 3553 2186 3600 EOSDEM
2219 3553 2591 3599 HERETICOS
2635 3553 2841 3597 LIBRIS
2884 3553 3096 3597 LUCEM
3161 3553 3437 3598 AFFERT.

1549 3668 1968 3721 (86969909293

480 3781 635 3820 esteo
677 3749 982 3824 senisuuts
1025 3778 1301 3826 uomunt
1327 3770 1425 3836 to).

243 3859 422 3916 Primo
449 3861 574 3917 loco
597 3860 721 3916 audi
757 3861 844 3926 qui
873 3859 1074 3917 fuerint
1107 3858 1414 3923 traditores,
1441 3866 1495 3912 et
1541 3857 1748 3926 plenius

243 3876 422 3916 ιιι-ιιιιο
451 3876 574 3917 loco
597 3876 721 3916 auut
796 3878 844 3916 ut
873 3876 1074 3917 iuerint
1107 3876 1414 3923 trauuores,
1441 3876 1495 3912 et
1541 3876 1747 3926 piemus

175 3937 409 3988 auctores
433 3933 737 3992 schismatis
755 3876 920 3985 gisce.
956 3932 1008 3984 In
1042 3930 1217 3988 Africa
1243 3930 1350 3983 duo
1375 3928 1514 3981 mala
1540 3937 1594 3982 et
1623 3944 1747 3995 pes-

174 3995 299 4055 sima
328 4005 564 4061 admissa
592 4019 710 4058 esse
735 4011 978 4058 constat:
1010 4017 1174 4056 unum
1200 4001 1252 4053 in
1275 3998 1578 4062 traditione,
1608 3999 1745 4053 alte-

172 4079 280 4142 rum
308 4073 362 4128 in
393 4078 712 4134 schismate;
744 4075 837 4128 sed
863 4084 1088 4142 utraque
1111 4071 1244 4125 mala
1275 4079 1329 4123 cl
1351 4086 1455 4142 uno
1484 4080 1742 4142 tempore,

168 4146 214 4190 et
238 4141 425 4199 iisdem
460 4144 765 4200 auctoribus
791 4140 1037 4198 videntur
1065 4157 1186 4196 esse
1225 4140 1531 4196 commissa.
1577 4140 1748 4193 Debes

165 4219 309 4284 fimo,
351 4217 518 4271 l'rater
555 4215 938 4277 Parmenione,
970 4215 1200 4277 discere,
1246 4210 1383 4284 quod
1436 4210 1749 4284 intelligeris

161 4279 426 4346 ignorare.
477 4285 606 4338 Nam
639 4285 803 4338 ferme
837 4294 961 4338 ante
982 4299 1150 4338 annos
1202 4282 1476 4350 sexaginta
1517 4290 1569 4335 et
1607 4279 1749 4348 quod

163 4354 414 4416 excurrit,
453 4371 549 4424 per
593 4364 753 4408 totam
787 4355 1018 4408 Africam
1068 4352 1452 4422 persecutionis
1481 4360 1561 4424 est
1604 4351 1750 4405 diva-

155 4430 273 4495 gata
304 4423 626 4494 tempestas;
650 4441 768 4495 quae
791 4425 924 4480 alios
952 4424 1135 4480 fecerit
1158 4434 1438 4492 martyres,
1457 4423 1590 4476 alios
1613 4438 1747 4477 con-

161 4492 388 4546 tessores
407 4492 433 4558 ;’
456 4492 736 4551 nonnulle
763 4496 968 4551 funesta
993 4497 1277 4565 prostravit
1305 4496 1357 4547 in
1388 4505 1557 4548 morte
1588 4495 1626 4559 ‘,
1672 4495 1748 4548 la-

166 4569 334 4618 tentes
361 4565 562 4621 dimisit
593 4569 804 4623 illwsos.
834 4568 968 4634 Quid
997 4582 1408 4622 commemorem
1450 4566 1635 4629 laicos,
1659 4565 1748 4634 qui

164 4636 284 4714 ltuit:
306 4635 358 4689 in
385 4637 624 4714 Ecclesia
654 4640 792 4714 nulla
811 4638 1304 4714 fuerantdignilate
1327 4637 1525 4714 suil'ulti
1550 4639 1603 4714 f?
1628 4636 1749 4714 quid

166 4707 438 4764 ministros
488 4710 778 4778 plurimos?
825 4710 952 4778 quid
1003 4707 1255 4763 diaconos
1293 4709 1344 4761 iu
1378 4708 1571 4762 tertio?
1622 4709 1747 4776 quid

171 4779 504 4850 presbyteros
555 4782 605 4834 in
637 4781 872 4835 secundo
922 4781 1218 4834 sacerdotio
1261 4780 1617 4832 constitutos?
1649 4779 1750 4847 Ipsi

176 4849 342 4914 apices
384 4863 438 4908 et
484 4851 748 4921 principes
798 4852 1056 4915 onmium,
1125 4850 1287 4918 aliqui
1327 4850 1558 4918 episcopi
1610 4850 1750 4903 illius

180 4921 440 4990 letuporis,
466 4933 521 4976 ut
543 4923 742 4977 damno
768 4931 984 4975 mternze
1024 4923 1167 4986 vitae,
1204 4921 1353 4974 istius
1398 4921 1620 4974 incertae
1671 4921 1748 4990 lu-

173 4987 243 5060 cis
270 4987 450 5050 moras
481 4993 824 5048 brevissimus
850 5001 1243 5060 compararent,
1293 4990 1640 5045 instrumenta
1668 4989 1750 5043 di-

175 5059 463 5137 vinarlcgis
489 5066 648 5134 impie
677 5059 1025 5137 tradiderunt.
1055 5064 1130 5137 Ex
1167 5063 1354 5137 quibus
1385 5071 1544 5137 erant
1577 5061 1750 5137 Dona-

175 5135 252 5202 ius
277 5131 673 5202 Masculitanus,
722 5135 902 5189 Victor
942 5131 1371 5200 Rusiccadensis,
1421 5133 1652 5185 Marinus
1682 5131 1750 5184 ab

175 5199 678 5272 {\quis-Tibilitanis,
708 5207 946 5260 Donatus
1001 5203 1352 5268 (lalameusis,
1385 5213 1438 5256 et
1485 5203 1750 5256 homicida

176 5268 459 5346 Ptirpurius
481 5268 798 5333 Limatensis
829 5277 873 5342 ³,
906 5277 994 5343 qui
1026 5278 1375 5342 interrogatus
1405 5276 1469 5330 de
1501 5273 1621 5346 ﬁliis
1665 5289 1753 5326 so-

177 5345 303 5421 roris
327 5368 455 5416 sme,
485 5350 744 5421 quodeos
777 5351 846 5421 inf,
867 5363 1084 5421 carcere
1109 5345 1495 5421 Mileipecasse
1525 5345 1749 5421 dicere-

177 5420 288 5484 tur,
337 5416 614 5480 eonl'essus
655 5428 755 5485 est,
801 5420 1004 5483 dicens,
1037 5416 1102 5470 Et
1130 5417 1309 5482 occidi,
1357 5426 1399 5470 et
1431 5416 1754 5476 occido,,n0u

178 5498 254 5541 ωδ
281 5494 434 5560 solos,
455 5495 542 5550 sed
571 5503 619 5548 et
644 5493 941 5563 quicumque
968 5500 1142 5542 contra
1169 5505 1246 5542 me
1270 5488 1462 5556 fecerit.
1486 5487 1548 5540 Et
1571 5485 1752 5540 Mena-

236 5623 252 5654 ¹
284 5628 616 5681 Germancnsis
638 5633 782 5678 vetus
801 5623 983 5686 codex,
1007 5622 1243 5687 funestam
1271 5619 1525 5686 prostravit
1555 5617 1605 5670 in
1626 5633 1754 5670 mor~

235 5750 255 5815 ἶ
287 5755 511 5814 verbum,
534 5751 731 5815 sumdti,
753 5749 890 5815 abest
910 5762 941 5815 τι
959 5747 1267 5800 Gennanensi
1283 5747 1465 5797 codice.

241 5813 259 5874 Ξ
287 5819 334 5865 ιιι
356 5810 531 5867 eodem
557 5810 657 5874 31s.,
685 5810 983 5864 Iiniatensis.

239 5872 308 5938 (a)
353 5886 417 5928 Ex
458 5872 650 5940 Optato,
685 5875 768 5926 lin.
798 5876 845 5935 1,
884 5876 943 5925 ad
980 5881 1205 5927 veterem
1226 5872 1443 5925 codicem
1464 5877 1757 5922 Germancn-

185 5941 282 5989 δειη
309 5947 552 5996 recenstto
574 5946 627 5991 et
646 5945 884 5991 cat-recto.

1857 3763 1992 3826 lus',
2027 3766 2112 3834 qui
2144 3781 2209 3819 ne
2243 3765 2578 3819 thuriﬁeasse
2632 3780 2661 3818 ει
2709 3765 2819 3820 suis
2857 3765 3062 3820 civibus
3111 3765 3446 3834 probaretur,

1854 3837 2128 3889 oculorum
2160 3837 2399 3890 dolorem
2431 3837 2635 3906 fingens
2650 3836 2716 3890 ad
2741 3852 3053 3891 consessum
3078 3851 3297 3889 suorum
3327 3853 3450 3906 pro-

1854 3906 2047 3960 crdere
2088 3907 2389 3974 trepidavit.
2425 3905 2488 3960 lli
2520 3915 2575 3960 et
2615 3909 2816 3970 czeteri,
2847 3924 2980 3976 quos
3030 3906 3292 3976 principes
3332 3905 3449 3962 tuos

1856 3977 2020 4032 fuisse
2081 3980 2238 4046 paulo
2285 3987 2402 4046 post
2445 3977 2778 4044 docebimus,
2857 3987 2975 4046 post
3021 3979 3446 4047 persecutionem

1855 4049 1994 4118 apud
2025 4049 2220 4102 Cirtam
2249 4050 2513 4120 civitatem
2546 4047 2618 4120 (a)
2655 4048 3054 4120 (qui-.tbasilicm
3074 4049 3298 4102 necdum
3332 4050 3446 4104 fue-

1855 4132 1976 4174 rant
2014 4119 2316 4189 restitute),
2366 4121 2418 4173 in
2467 4118 2684 4173 domum
2726 4118 2924 4174 Urbani
2973 4121 3139 4172 Carisi
3186 4121 3448 4175 consede-

1855 4201 1980 4244 runt
2009 4191 2094 4243 die
2118 4208 2171 4244 ιιι
2201 4192 2381 4245 iduum
2431 4191 2712 4256 maiarum,
2743 4192 2878 4243 sicut
2904 4191 3097 4259 scripta
3130 4189 3445 4245 Nundinarii

1856 4260 1979 4314 tune
2002 4262 2210 4314 diaconi
2243 4271 2501 4316 testantur
2533 4259 2624 4331 (ὁ),
2652 4269 2706 4316 ct
2737 4270 2970 4314 vetustas
3018 4263 3446 4316 membranarum

1855 4334 2216 4385 testimonium
2250 4332 2508 4400 perhibet,
2543 4348 2674 4401 quas
2700 4332 3064 4386 dubitantibus
3087 4333 3323 4401 proferre
3350 4350 3447 4402 po-

1858 4403 2098 4456 terimus.
2131 4402 2326 4456 IIarum
2354 4419 2582 4473 namque
2613 4403 3045 4473 plenitudinem,’
3075 4405 3125 4458 iu
3160 4405 3446 4459 novissima

1857 4483 2004 4542 parte
2037 4477 2253 4528 istorqu
2286 4475 2608 4539 libellorum,
2640 4475 2703 4529 ad
2730 4474 3053 4544 implendam
3078 4476 3232 4528 ίίιιριιι
3256 4476 3446 4544 adjun—

1856 4550 2049 4600 ximus.
2081 4546 2142 4600 lli
2174 4545 2407 4615 episcopi
2451 4547 2811 4615 interrogante
2854 4547 3099 4600 Secundo
3127 4546 3439 4614 Tigisitano,

1857 4615 2140 4672 tradidisse
2159 4633 2214 4672 se
2231 4617 2459 4670 confessi
2477 4627 2618 4669 sunt.
2640 4617 2842 4670 Etcum
2858 4617 2969 4686 ipse
2986 4618 3258 4674 Secundus
3275 4634 3301 4670 τι
3319 4618 3449 4672 Ριιι·-

1856 4688 2008 4756 purio
2038 4691 2423 4757 inereparetur.
2475 4687 2612 4755 quod
2659 4697 2712 4740 et
2742 4688 2854 4757 ipse
2886 4688 2974 4741 diu
3017 4689 3153 4757 apud
3186 4691 3443 4742 stationa-

1857 4761 1965 4814 rios
1998 4760 2017 4790 ³
2051 4761 2226 4822 fuerit,
2271 4769 2319 4813 et
2356 4775 2457 4810 non
2505 4760 2716 4824 fugerit,
2762 4757 2852 4811 sed
2905 4760 3156 4814 dimissus
3200 4761 3287 4824 sit,
3341 4777 3445 4813 non

1855 4831 1970 4884 sine
2014 4847 2170 4884 causa
2221 4829 2499 4882 dimissum
2546 4828 2728 4894 fuisse,
2789 4827 2889 4882 nisi
2943 4831 3066 4900 quia
3108 4831 3441 4885 tradiderat:

1851 4900 1981 4980 jam
2009 4917 2193 4953 tntiues
2223 4900 2382 4983 erecti
2414 4901 2433 4928 “‘
2475 4909 2751 4968 cazperant
2808 4916 3169 4982 tntirnnu‘are;
3201 4918 3471 4983 .quorum,

1855 4972 2099 5037 spiritum
2133 4969 2406 5025 Secundus
2435 4979 2696 5040 metuens,
2723 4971 3004 5026 consiliqu
3033 4969 3236 5040 accepit
3278 4987 3306 5025 a
3331 4973 3440 5024 lilio

1857 5041 2034 5096 fratris
2080 5043 2160 5095 sui
2213 5041 2459 5095 Secundo
2503 5039 2732 5107 minore,
2780 5051 2836 5096 ut
2881 5045 3036 5096 talem
3078 5039 3289 5095 causam
3339 5043 3445 5096 Deo

1855 5124 2116 5167 servaret.
2145 5112 2382 5167 Consulti
2407 5121 2530 5166 sunt
2555 5112 2643 5182 qui
2664 5121 3054 5179 remanserant,
3079 5111 3130 5166 id
3158 5123 3239 5167 est
3267 5113 3445 5169 Victor

1923 5247 1937 5277 ι
1977 5245 2229 5313 Manutius,
2249 5247 2294 5295 in
2314 5249 2626 5298 Germanensi
2650 5254 2733 5297 Ms.
2759 5247 2875 5298 vide
2908 5247 3028 5298 infra
3054 5249 3305 5313 epistolam
3329 5262 3439 5302 Cott-

1855 5311 2049 5358 stantini
2074 5309 2130 5357 ad
2156 5311 2359 5358 Celsum.

1922 5373 1940 5402 ³
1976 5378 2022 5419 ιιι
2046 5375 2200 5433 ()ptati
2226 5371 2584 5434 editisadditur,
2613 5385 2794 5434 reruni.
2822 5373 2967 5423 Abest
2990 5385 3017 5423 a
3035 5380 3345 5427 Germanensi
3371 5393 3436 5426 c0-

1855 5431 1964 5497 dice
1987 5441 2039 5484 nt
2055 5431 2461 5497 subintelligatur,
2484 5431 2887 5497 membranarum.

1925 5496 1944 5526 ³
1975 5496 2322 5548 ϐειηιειιιριιδίέ
2356 5503 2459 5558 315.,
2502 5496 2634 5561 apud
2678 5496 3033 5560 stationarium,
3077 5499 3310 5564 singulari
3359 5515 3468 5550 nuv

1857 5569 2012 5607 mero.

1922 5620 1942 5650 δ
1977 5627 2026 5669 ιιι
2052 5621 2246 5670 excusis
2266 5657 2280 5680 ,
2301 5633 2464 5672 omnes
2495 5618 2730 5672 nteretici.
2753 5622 3073 5674 Emendantur
3099 5638 3162 5675 ex
3187 5627 3450 5676 manuscri-

1857 5689 1943 5745 pto
1963 5685 2287 5734 Germauensi.
2703 5744 2708 5745 ί
2853 5732 2867 5742 .

1925 5744 1996 5807 (a)
2021 5765 2056 5814 «_
2087 5746 2478 5814 I‘ersecutiopem
2512 5744 2854 5814 tradendorum
2894 5748 3111 5814 codicum
3157 5766 3179 5795 ιι
3232 5749 3447 5814 appellat

1861 5809 2154 5872 Augustinus
2173 5809 2223 5872 in
2249 5809 2331 5855 tib.
2357 5807 2389 5854 3
2411 5814 2577 5855 contra
2599 5811 2923 5867 Cresconium,
2940 5825 3000 5859 ιι.
3020 5813 3112 5872 ‘29;
3146 5819 3195 5861 et
3213 5807 3448 5866 Cirtensis

1860 5870 2002 5920 istius
2031 5869 2433 5931 conciliitempus
2455 5876 2592 5918 notat
2618 5872 2664 5918 in
2691 5873 2876 5920 Brevia.
2899 5873 3085 5931 Collat.,
3100 5869 3159 5922 'n.
3183 5876 3260 5923 32.

1926 5931 2000 5996 (ὸ)
2023 5931 2141 5984 Vide
2168 5928 2307 5994 inira,
2329 5928 2474 5982 Gesta
2489 5931 2619 5995 apud
2641 5933 2952 5998 ZenOpbilum
2973 5928 3293 5992 cumularem;

3455 6029 3472 6062 ι
